2528 3918
190 113 332 157 xus

1266 104 1344 151 170

2029 119 2092 150 DE
2121 118 2431 155 CONDIC'HONE

189 241 251 271 tus
285 233 346 280 qui
376 243 421 268 ex
452 231 583 267 ancilla
613 233 720 266 natus
752 232 800 267 sit
821 231 877 267 vel
900 230 997 283 quod
1021 229 1195 265 alluvione
1218 238 1277 263 ac·
1309 231 1314 255 Ι
1347 231 1495 273 propter
1517 238 1624 274 quam
1647 228 1769 264 datum
1790 233 1863 265 est:
1888 229 1951 265 sed
1970 232 2007 265 et
2024 229 2056 265 si
2075 230 2298 278 resoluta-sit
2314 236 2432 270 trans-

192 279 318 317 cessit:
342 278 447 314 immo
468 281 505 312 et
522 275 674 318 fructus,
699 285 789 328 quos
806 275 838 312 is
858 286 917 312 cui
935 275 1089 311 solutum
1109 277 1166 309 est
1183 273 1280 308 bona

194 328 210 360 1
260 323 332 359 fide
354 321 534 368 percepit,
557 321 595 356 in
619 320 877 357 condictionem
899 321 1049 356 venient.
1097 317 1168 353 Sed
1191 321 1228 353 et
1249 317 1280 352 si

192 368 327 405 nummi
357 366 464 402 alieni
487 365 564 401 dati
595 365 685 407 sint,
716 365 895 402 condictio
927 375 1005 400 coni
1033 367 1122 405 etet,
1154 365 1196 397 ut
1224 362 1280 397 vel

191 413 372 459 possessio
407 421 529 447 eorum
563 410 755 446 reddatur:
791 410 1001 456 quemadmo
1027 419 1087 443 um
1123 407 1153 443 si
1185 406 1278 442 falso

192 458 399 493 existimans
422 455 685 502 possessionem
706 465 764 491 me
793 456 860 491 tibi
890 455 1019 490 debere
1048 452 1198 488 alicuius
1227 452 1280 487 rei

191 501 427 543 tradidissem,
447 500 682 536 condicerem.
714 500 778 536 sed
797 504 832 535 et
850 500 881 535 si
899 498 1160 544 possessionem
1178 500 1278 549 tuam

190 547 380 582 fecissem*
403 546 475 588 ita,
505 548 548 581 ut
576 545 643 580 tibi
673 555 738 590 per
767 545 863 589 longi
886 543 1054 588 temporis
1078 551 1277 587 praescrip-

191 592 324 627 tionem
346 590 491 626 avocari
513 600 586 626 non
609 590 735 635 possit,
760 590 866 625 etiam
891 589 942 624 sic
960 591 1058 623 recte
1075 591 1196 639 tecum
1214 596 1279 631 per

191 640 212 672 2
258 635 478 671 indebitam²
501 634 761 671 condictionem
785 644 935 679 agerem.
984 632 1055 667 Sed
1078 635 1115 667 et
1137 641 1168 667 si
1190 641 1278 666 usus

189 681 330 717 fructus
352 680 391 716 in
413 690 453 716 re
475 680 595 716 soluta
616 680 753 715 alienus
777 679 841 721 sit,
874 677 1026 713 deducto
1057 686 1126 712 usu
1156 676 1278 711 tructu

192 737 215 761 a
239 729 276 761 te
299 725 495 761 condicam.

239 767 291 808 16
322 769 553 806 Poupomvs
579 769 670 805 libro
702 769 827 815 quinto
858 767 994 802 decimo
1025 766 1076 802 ad
1104 765 1277 802 Sabinum

191 815 266 851 Sub
298 814 508 851 condicione
539 814 697 849 debitum
727 823 791 858 per
823 822 978 847 errorem
1010 812 1167 847 solutum
1190 821 1277 856 pen-

192 860 299 896 dente
322 859 463 912 quidem
486 859 694 895 condicione
716 857 900 902 repetitur,
926 856 1135 892 condicione
1159 859 1278 890 autem

193 908 209 940 1
260 908 453 940 exsistente
483 903 598 949 repeti
628 913 700 938 non
734 905 862 947 potest.
919 901 1022 945 Quod
1057 904 1177 936 autem
1210 900 1276 936 sub

190 950 332 986 incerta
354 949 411 985 die
434 949 595 990 debetur,
620 948 675 983 die
699 948 890 983 exsistente
913 956 986 982 non
1008 946 1194 991 repetitur.

240 992 290 1032 17
318 995 334 1017 ⁸
349 993 544 1030 mmmm
564 994 655 1029 libro
678 992 835 1027 secundo
859 990 910 1026 ad
930 991 1085 1027 edictum
1129 990 1224 1026 Nam
1248 989 1278 1025 si

191 1050 274 1076 cum
296 1039 429 1074 moriar
452 1039 537 1074 dare
559 1037 753 1083 promisero
786 1040 822 1072 et
853 1039 961 1071 antea
992 1036 1146 1078 solvam,
1175 1045 1277 1080 repe·

190 1088 267 1120 tere
279 1094 337 1119 me
356 1094 428 1119 non
474 1093 554 1119 osse
568 1083 691 1118 Celsus
710 1082 777 1117 ait:
799 1090 892 1126 quae
911 1081 1088 1116 sententia
1105 1090 1192 1116 vera
1211 1083 1276 1115 est.

240 1126 292 1167 18
316 1128 426 1164 low
454 1129 531 1164 ibro
551 1127 854 1173 quadraqensimo
872 1126 1024 1172 septimo
1044 1125 1278 1162 adSabinum

190 1173 296 1219 Quod
319 1174 350 1209 si
374 1183 416 1209 ea
440 1173 647 1208 condicione
670 1172 837 1214 debetur,
869 1181 961 1216 quae
990 1170 1192 1206 omnimodo
1217 1179 1278 1205 ex-

191 1222 331 1255 statura
354 1222 419 1261 est,
444 1218 599 1253 solutum
622 1216 734 1261 repeti
758 1227 830 1251 non
852 1219 982 1261 potest,
1008 1216 1092 1251 licet
1115 1215 1183 1251 sub
1208 1215 1279 1252 alia

191 1263 420 1305 condicione,
444 1272 535 1307 quae
558 1273 605 1297 an
628 1261 817 1306 impleatur
838 1261 1012 1296 incertum
1037 1264 1107 1302 est,
1141 1260 1172 1296 si
1195 1264 1280 1295 ante

191 1308 360 1350 solvatur,
383 1307 495 1352 repeti
518 1306 642 1352 possit.

239 1351 291 1391 19
314 1352 543 1388 Pomomos
570 1351 662 1387 libro
692 1351 883 1387 vicensimo
913 1350 1072 1387 secundo
1102 1349 1153 1385 ad
1175 1348 1278 1386 Sabi-

190 1409 276 1434 num
322 1397 361 1433 Si
383 1407 520 1443 poenae
544 1406 654 1431 causa
677 1396 754 1431 eius
779 1396 838 1431 cui
860 1394 1011 1431 debetur
1031 1395 1171 1431 debitor
1189 1394 1278 1430 libe-

190 1447 292 1479 ratus
323 1445 396 1485 est,
427 1441 599 1477 naturalis
624 1440 793 1486 obligatio
817 1443 938 1476 manet
960 1444 998 1476 et
1018 1441 1098 1476 ideo
1122 1440 1279 1475 solutum

193 1492 208 1523 1
257 1487 371 1533 repeti
393 1497 466 1522 non
487 1490 616 1531 potest.
664 1486 831 1530 Quamvis
852 1486 1011 1521 debitum
1031 1485 1098 1521 sibi
1119 1485 1198 1530 quis
1221 1495 1277 1520 re-

192 1533 321 1578 cipiat,
351 1535 471 1567 tamen
501 1531 533 1567 si
562 1531 593 1566 is
617 1531 678 1576 qui
701 1530 764 1566 dat
786 1542 859 1566 non
883 1530 1041 1566 debitum
1064 1530 1144 1573 dat,
1175 1540 1214 1565 re
1241 1540 1277 1565 e-

190 1578 270 1613 titio
303 1576 491 1621 competit:
522 1576 630 1611 veluti
661 1576 692 1611 si
721 1576 752 1611 is
777 1576 861 1628 qui⁴
883 1575 1050 1611 heredem
1073 1585 1112 1610 se
1134 1575 1191 1611 vel
1238 1585 1277 1610 o-

192 1633 320 1658 ncrum
350 1631 594 1667 possessorem
623 1620 715 1656 falso
748 1621 953 1656 existimans
985 1620 1154 1656 creditori
1174 1619 1277 1655 here-

191 1666 320 1702 ditario
345 1666 505 1702 solverit:
538 1666 600 1701 hic
631 1666 725 1701 enim
754 1676 871 1711 neque
893 1675 998 1701 verus
1021 1666 1125 1701 heres
1147 1664 1276 1700 libera-

189 1715 248 1747 tus
273 1711 340 1747 erit
363 1714 399 1746 et
427 1710 459 1746 is
493 1710 590 1763 quod
621 1710 718 1746 dedit
746 1715 906 1763 repetere
935 1711 1085 1756 poterit:
1118 1710 1278 1755 quamvis

190 1756 283 1792 enim
306 1756 463 1791 debitum
486 1755 556 1791 sibi
579 1755 658 1800 quis
682 1756 850 1801 recipiat,
880 1759 1001 1791 tamen
1024 1755 1055 1791 si
1077 1755 1108 1790 is
1131 1755 1193 1808 qui
1216 1755 1280 1790 dat

189 1804 209 1837 2
255 1811 328 1836 non
363 1800 521 1836 debitum
554 1799 636 1843 dat,
676 1800 841 1846 repetitio
877 1801 1057 1846 competit.
1112 1799 1152 1835 Si
1183 1799 1277 1836 falso

190 1845 394 1881 existimans
430 1845 560 1880 debere
592 1855 757 1881 nummos
788 1846 945 1889 solvero,
980 1846 1041 1890 qui
1074 1855 1141 1890 pro
1174 1849 1278 1890 parte

190 1890 314 1933 alieni,
370 1901 411 1926 ro
435 1894 539 1935 parte
561 1890 631 1926 mei
653 1890 817 1931 fuerunt,
850 1890 925 1926 eius
957 1900 1117 1926 summae
1138 1893 1278 1935 partem

190 1939 210 1971 3
257 1935 340 1970 dimi
368 1935 448 1978 ’am,
472 1946 546 1971 non
569 1945 611 1970 co
657 1945 758 1971 orum
778 1935 974 1971 condicam.
1022 1935 1061 1971 Si
1081 1939 1204 1980 putem
1221 1945 1279 1970 me

190 1980 351 2016 Stichum
382 1983 446 2015 aut
474 1980 625 2025 Pamph*
640 1991 699 2015 um
731 1980 878 2022 debere,
912 1991 994 2016 cum
1024 1980 1186 2016 Stichum
1216 1979 1277 2015 de-

189 2025 312 2067 beam,
346 2029 380 2060 et
402 2025 627 2070 Pamphilum
650 2026 801 2068 solvam,
832 2029 994 2070 repetam
1017 2025 1119 2070 quasi
1139 2024 1277 2060 indebi-

188 2074 267 2106 tum
290 2069 464 2105 solutum:
488 2079 556 2105 nec
581 2069 673 2105 enim
695 2081 762 2116 pro
787 2081 829 2106 eo
854 2070 950 2115 quod
967 2070 1080 2106 debeo
1099 2069 1222 2106 videor
1239 2070 1278 2105 id

189 2118 212 2150 4
257 2114 415 2150 solvisse.
462 2114 500 2150 Si
523 2114 594 2150 duo
618 2115 682 2157 rei,
707 2116 769 2160 qui
791 2115 913 2151 decem
936 2115 1133 2158 debebant,
1155 2114 1278 2160 viginti

189 2160 324 2205 pariter
354 2159 540 2202 solverint,
573 2159 698 2195 Celsus
729 2160 780 2195 ait
810 2160 968 2205 singulos
1003 2160 1113 2205 quina
1144 2160 1277 2205 repeti-

189 2209 311 2247 turos,
343 2204 445 2250 quia,
478 2215 559 2240 cum
582 2204 707 2240 decem
729 2205 911 2248 deberent,
933 2204 1057 2250 viginti
1079 2204 1276 2247 solvissent,

191 2253 227 2285 et
250 2249 346 2329 quod
369 2249 520 2295 amplius
543 2250 649 2286 ambo
673 2250 854 2293 solverint,
879 2250 984 2286 ambo
1008 2253 1170 2296 repetere
1192 2260 1276 2296 pos-

190 2305 257 2331 sun
276 2321 285 2330 .

236 2337 290 2377 20
313 2338 506 2375 lemnus
532 2339 624 2376 libro
647 2339 784 2376 decimo
808 2340 850 2375 de·
872 2342 1029 2376 estorum
1075 2339 1113 2375 Si
1134 2349 1218 2375 reus
1242 2342 1278 2375 et

190 2384 378 2420 fideiussor
401 2385 570 2420 solverint
592 2385 747 2430 pariter,
778 2384 816 2420 in
871 2395 916 2421 ac
947 2394 1058 2420 causa
1079 2395 1153 2420 non
1176 2384 1275 2419 diffe-

190 2433 276 2464 runt
299 2440 322 2464 a
344 2429 483 2465 duobus
506 2430 577 2465 reis
602 2429 848 2475 promittendi:
904 2439 992 2465 aare
1024 2429 1160 2472 omnia,
1185 2439 1278 2474 quae

191 2474 235 2510 de
259 2474 313 2509 his
337 2474 432 2509 dicta
454 2478 550 2518 sunt,
575 2478 611 2510 et
633 2475 680 2510 ad
701 2475 768 2510 hos
791 2478 893 2511 trans
910 2485 987 2510 erre
1008 2474 1140 2510 licebit.

237 2516 286 2556 21
314 2518 474 2555 Pan-ms
489 2519 582 2556 libro
602 2521 707 2556 tertio
726 2521 977 2566 quaestionum
1020 2519 1133 2555 Plane
1145 2519 1176 2554 si
1187 2518 1276 2555 duos

190 2574 271 2599 reos
294 2574 367 2599 non
391 2564 547 2600 eiusdem
569 2564 762 2610 pecuniae,
793 2565 858 2600 sed
881 2564 1027 2600 alterius
1051 2564 1276 2609 obligationis

192 2609 427 2652 constitueris,
452 2614 493 2645 ut
515 2613 604 2655 puta
627 2609 741 2645 Stichi
763 2611 851 2645 aut⁵
873 2609 1061 2654 Pamphili,
1085 2613 1122 2644 et
1143 2609 1278 2654 pariter

191 2653 281 2689 duos
306 2653 429 2696 datos,
461 2658 525 2690 aut
553 2658 674 2699 togam
695 2654 752 2691 vel
775 2654 921 2690 denaria
943 2654 1056 2697 mille,
1087 2665 1161 2690 non
1182 2654 1277 2690 idem

192 2698 262 2733 dici
284 2698 415 2743 poterit
444 2699 482 2734 in
512 2699 724 2752 repetitione
754 2703 796 2735 ut
825 2703 948 2744 partes
978 2702 1161 2744 repetant,
1194 2700 1277 2744 quia

191 2753 257 2778 nec
280 2743 414 2778 solvere
438 2744 483 2779 ab
506 2744 606 2780 initio
631 2745 684 2780 sic
705 2746 932 2790 potuerunt⁶.
968 2744 1074 2789 igitur
1095 2744 1165 2780 hoc
1190 2754 1277 2779 casu

192 2788 318 2823 electio
351 2792 406 2823 est
437 2789 639 2832 creditoris,
672 2790 731 2825 cui
760 2790 844 2825 velit
873 2789 1028 2832 solvere,
1059 2792 1101 2825 ut
1129 2789 1276 2824 alterius

191 2842 230 2867 re
257 2833 355 2868 etitio
378 2833 602 2877 impediatur.

267 2875 292 2914 2
315 2876 545 2914 Poupomvs
561 2879 651 2915 libro
669 2879 862 2916 vicensimo
872 2878 1030 2915 secundo
1042 2878 1093 2914 ad
1101 2877 1275 2915 Sabinum

192 2921 263 2957 Sed
287 2925 324 2957 et
346 2922 377 2957 si
399 2932 455 2958 me
503 2927 598 2958 utem
629 2924 696 2959 tibi
726 2927 791 2959 aut
813 2923 908 2959 Titio
938 2923 1163 2969 promisisse,
1195 2934 1275 2959 cum

192 2971 257 3002 aut
285 2970 450 3002 neutrum
498 2972 617 3003 actum
647 2969 695 3004 sit
724 2972 788 3004 aut
810 2968 896 3004 Titii
925 2978 1080 3021 persona
1100 2968 1140 3003 in
1162 2968 1275 3013 stipu-

191 3011 324 3047 latione
349 3021 428 3047 com
453 3013 604 3047 rehensa
626 3024 698 3049 non
722 3014 786 3056 sit,
812 3017 848 3049 et
871 3013 966 3049 Titio
990 3014 1147 3056 solvero,
1170 3023 1274 3058 repe-

194 3060 210 3091 1
258 3059 336 3092 tere
364 3065 387 3091 a
442 3056 504 3092 itio
527 3061 664 3102 potero.
712 3058 801 3094 Cum
822 3058 891 3094 iter
914 3059 1077 3110 excipere
1100 3057 1276 3101 deberem,

190 3100 343 3137 fundum
365 3100 515 3153 liberum
534 3113 601 3154 per
632 3113 785 3139 errorem
815 3103 963 3139 tradidi:
994 3102 1122 3139 incerti
1153 3103 1275 3139 condi-

192 3156 212 3182 c
307 3149 350 3182 ut
370 3149 437 3181 iter
459 3146 544 3181 mihi
568 3148 794 3183 concedatur.

238 3188 264 3228 2
324 3190 518 3226 mmm
538 3191 629 3227 libro
653 3193 956 3239 quadragensimo
979 3193 1084 3228 tertio
1108 3192 1158 3228 ad
1172 3192 1275 3229 Sabi-

191 3246 278 3271 num
323 3235 517 3287 Eleganter
538 3235 755 3281 Pomponius
780 3238 936 3282 quaerit,
961 3237 992 3273 si
1038 3237 1093 3274 uis
1117 3237 1275 3283 suspice-

192 3284 253 3316 tur
274 3283 551 3317 transactionem
574 3280 706 3316 factam
729 3282 785 3317 vel
808 3282 853 3317 ab
878 3292 920 3318 eo
945 3282 1004 3318 cui
1052 3292 1128 3318 eres
1147 3286 1204 3317 est
1220 3282 1277 3317 vel

192 3326 239 3361 ab
264 3335 306 3361 eo
330 3324 412 3361 cui⁷
435 3328 647 3369 procurator
679 3329 733 3361 est
763 3330 799 3361 et
829 3327 931 3371 quasi
961 3338 1006 3363 ex
1035 3327 1278 3363 transactione

193 3369 347 3413 dederit,
371 3379 464 3415 quae
486 3369 585 3405 facta
607 3381 680 3405 non
704 3374 776 3413 est,
800 3381 847 3406 an
869 3371 970 3408 locus
993 3372 1041 3409 sit
1062 3371 1275 3417 repetitioni.

193 3418 230 3450 et
252 3415 304 3450 ait
325 3414 439 3460 repeti
461 3424 585 3459 posse:
618 3424 662 3450 ex
692 3415 785 3450 falsa
815 3416 907 3451 enim
931 3426 1042 3453 causa
1065 3417 1187 3453 datum
1211 3419 1275 3452 est.

192 3459 286 3496 idem
297 3463 386 3505 puto
400 3458 588 3495 dicendum
607 3462 644 3495 et
662 3459 691 3494 si
711 3460 905 3495 transactio
926 3465 1050 3497 secuta
1067 3471 1140 3497 non
1158 3461 1276 3503 fuerit,

194 3575 234 3614 (1)
259 3573 395 3606 fecisses
406 3585 471 3606 van
481 3573 521 3606 de
537 3572 648 3606 Water
659 3584 720 3606 sec.
735 3573 772 3606 B
970 3575 1013 3614 (2)
1038 3573 1183 3607 indebiti
1198 3574 1272 3607 deu.

194 3619 237 3658 (3)
252 3618 273 3651 l.
283 3626 315 3652 17
328 3618 438 3652 debuit
449 3618 606 3651 collocari
610 3623 689 3661 poet
700 3618 721 3651 l.
731 3625 765 3652 18
836 3620 878 3659 (4)
894 3619 923 3650 is
936 3619 994 3661 qui
1006 3619 1068 3652 del.
1140 3619 1184 3660 (5)
1196 3622 1235 3651 ut
1245 3618 1281 3651 F

193 3663 240 3704 (Β)
264 3665 424 3705 poterunt
432 3662 477 3696 Γ*
599 3663 643 3704 (7)
667 3661 727 3703 qui
734 3661 790 3705 ΡΙ,
800 3663 896 3695 cuius
905 3663 934 3697 S
1047 3664 1092 3705 (s)
1117 3667 1151 3696 et
1158 3664 1219 3697 ins.
1228 3662 1273 3696 ΓΙ

193 3709 240 3745 (9)
263 3706 351 3740 libro
360 3707 377 3739 1
386 3706 428 3740 ad
437 3706 583 3740 edictum
594 3706 634 3739 de
643 3707 742 3740 rebus
751 3706 890 3740 creditis
898 3707 973 3740 Vat.
985 3712 1002 3747 5
1014 3714 1082 3748 2⁶6,
1092 3709 1149 3741 ubi
1157 3708 1274 3752 leyi'mr

1353 276 1364 307 l
1416 273 1530 325 actio,
1562 269 1656 309 idem
1686 274 1755 309 erit
1785 274 1985 310 dicendum.
2033 274 2071 310 Si
2092 279 2177 321 post
2197 274 2432 314 r'em‘iudica-

1348 321 1421 370 tam
1445 327 1526 363 quis
1547 318 1761 370 transegerit
1784 322 1820 354 et
1842 319 2004 362 solverit,
2034 323 2196 366 repetere
2224 322 2357 367 poterit
2378 323 2431 359 id-

1349 372 1464 404 circo,
1520 372 1581 398 uia
1609 363 1745 408 placuit
1774 364 2052 400 transactionem
2085 365 2217 401 nullius
2248 376 2327 402 esse
2356 378 2432 403 mo·

1347 406 1473 442 menti:
1523 417 1568 443 oc
1586 407 1680 443 enim
1697 407 1892 454 imperator
1909 409 2112 444 Antoninus
2132 420 2212 445 cum
2232 410 2311 447 divo
2329 416 2434 459 patre

1348 462 1413 487 suo
1445 452 1638 497 rescripsit.
1679 453 1825 488 retineri
1854 456 1974 489 tamen
2004 458 2112 499 atque
2143 457 2366 501 compensari
2394 458 2433 493 in

1348 506 1493 532 causam
1524 496 1689 540 iudicati,
1720 498 1815 543 quod
1838 498 1884 534 ob
1907 498 2015 534 talem
2037 499 2314 537 transactionem
2336 501 2431 537 solu-

1346 544 1422 593 tum
1447 545 1512 594 est,
1534 545 1663 587 potest.
1707 542 1794 587 quid
1817 553 1898 588 ergo
1923 543 1953 578 si
1977 543 2194 588 appellatum
2216 545 2264 580 sit
2285 546 2341 581 vel
2362 546 2432 582 hoc

1346 596 1462 631 ipsum
1485 590 1660 622 incertum
1682 586 1739 630 sit,
1763 597 1811 623 an
1832 587 2029 623 iudicatum
2052 588 2099 623 sit
2115 589 2172 624 vel
2190 599 2238 625 an
2257 591 2435 627 sententia

1346 630 1488 666 valeat?
1522 632 1633 677 magIs
1665 635 1737 675 est,
1768 636 1810 667 ut
1831 633 2027 668 transactio
2050 633 2142 669 vires
2163 634 2313 670 habeatt
2345 639 2432 671 tunc

1347 676 1439 710 enim
1462 676 1647 722 rescriptis
1669 676 1788 712 locum
1819 687 1897 712 esse
1927 677 2141 713 credendum
2172 682 2245 721 est,
2278 690 2358 715 cum
2389 680 2434 716 de

1347 720 1524 756 sententia
1553 720 1772 765 indubitata,
1802 732 1896 767 quae
1917 722 2017 757 nullo
2040 722 2195 759 remedio
2219 724 2433 771 adtemptari

1348 767 1368 800 2
1414 768 1544 811 potest,
1567 766 1783 811 transigitur.
1832 767 1921 802 Item
1944 767 1974 802 si
1997 767 2043 802 ob
2066 769 2344 805 transactionem
2368 770 2433 805 ali·

1346 814 1546 846 mentorum
1567 814 1781 847 testamento
1805 811 2011 847 relictorum
2034 811 2156 848 datum
2187 813 2253 855 sit,
2284 819 2433 860 apparet

1346 865 1453 900 posse
1474 855 1588 900 repeti
1610 856 1705 901 quod
1729 856 1851 891 datum
1876 860 1940 899 est,
1965 856 2050 909 quia
2072 858 2267 894 transactio
2287 863 2433 895 senatus

1347 903 1367 935 3
1417 901 1580 936 consulto
1602 900 1813 936 infirmatur.
1861 900 1900 936 Si
1933 911 2011 946 quis
2041 906 2126 947 post
2155 904 2432 940 transactionem

1346 944 1457 981 nihilo
1480 945 1597 981 minus
1621 946 1878 981 condemnatus
1900 945 2026 988 fuerit,
2051 946 2133 982 dolo
2157 948 2298 992 quidem
2320 949 2358 984 id
2379 949 2434 993 fit,

1347 989 1411 1025 sed
1432 993 1554 1026 tamen
1576 991 1754 1026 sententia
1775 991 1880 1026 valet.
1915 991 2033 1036 potuit
2051 995 2170 1027 autem
2190 993 2280 1038 quis,
2305 994 2335 1029 si
2355 994 2432 1039 qui-

1347 1034 1428 1070 dem
1450 1038 1534 1071 ante
1556 1035 1654 1071 litem
1678 1038 1916 1071 contestatam
1938 1037 2160 1082 transegerit,
2183 1038 2315 1073 volenti
2338 1038 2433 1075 litem

1348 1080 1543 1115 contestari
1577 1090 1758 1126 opponere
1793 1080 1866 1116 doli
1897 1081 2158 1126 exceptionem:
2195 1082 2258 1118 sed
2289 1083 2320 1119 si
2349 1088 2434 1129 post

1346 1123 1442 1160 litem
1454 1129 1691 1161 contestatam
1710 1127 1933 1161 transactum
1953 1129 2019 1168 est,
2039 1126 2150 1162 nihilo
2169 1127 2285 1163 minus
2301 1129 2433 1181 poterit

1348 1170 1556 1215 exceptione
1578 1170 1651 1206 doli
1673 1169 1727 1205 uti
1749 1173 1833 1216 post
1856 1171 1987 1206 secuti:
2021 1170 2103 1207 dolo
2127 1172 2220 1207 enim
2242 1172 2347 1215 facit,
2372 1174 2434 1219 qui

1347 1218 1474 1250 contra
1503 1215 1784 1251 transactionem
1814 1219 1982 1260 expertus
2013 1216 2165 1261 amplius
2188 1218 2288 1262 petit.
2326 1218 2428 1254 ⁸ideo

1347 1259 1603 1295 condemnatus
1625 1263 1786 1306 repetere
1809 1264 1946 1305 potest,
2001 1261 2074 1296 uod
2104 1272 2149 1297 ex
2179 1272 2290 1298 causa
2314 1266 2432 1299 trans-

1347 1304 1498 1340 actionis
1530 1304 1637 1340 dedit.
1675 1315 1762 1340 sane
1793 1304 1934 1350 quidem
1958 1315 1979 1340 o
2029 1316 2174 1342 causam
2197 1307 2296 1343 dedit
2317 1318 2436 1354 neque

1345 1359 1385 1385 re
1412 1350 1460 1384 eti
1483 1349 1575 1386 solet
1597 1350 1693 1395 quod
1712 1350 1758 1386 ob
1779 1360 1925 1386 causam
1945 1350 2068 1386 datum
2087 1355 2143 1387 est
2160 1362 2271 1388 causa
2289 1357 2431 1389 secuta:

1346 1405 1384 1430 se
1432 1394 1492 1430 hic
1514 1405 1589 1431 non
1611 1395 1753 1430 videtur
1775 1405 1887 1431 causa
1910 1400 2053 1438 secuta,
2087 1407 2168 1432 cum
2198 1398 2433 1434 transactioni

1345 1450 1419 1475 non
1442 1443 1567 1475 stetur.
1605 1451 1686 1476 cum
1708 1440 1817 1485 igitur
1838 1441 2000 1485 repetitio
2025 1441 2155 1485 oritur,
2179 1443 2433 1479 transactionis

1346 1494 1432 1520 exce
1457 1484 1507 1521 tio
1542 1485 1662 1521 locum
1695 1495 1768 1521 nou
1801 1485 1929 1521 habet:
1969 1496 2084 1539 neque
2117 1486 2210 1522 enim
2243 1491 2435 1534 utrumque

1346 1532 1368 1564 4
1438 1529 1520 1565 ebet
1548 1530 1668 1566 locum
1697 1530 1832 1566 habere
1862 1533 1899 1565 et
1927 1532 2091 1576 repetitio
2116 1535 2152 1567 et
2175 1533 2348 1585 exceptio.
2395 1533 2434 1568 Si

1346 1584 1418 1620 qua
1447 1574 1507 1610 lex
1537 1575 1584 1610 ab
1615 1575 1716 1611 initio
1751 1575 1850 1629 dupli
1878 1575 1933 1610 vel
1957 1575 2148 1621 quadrupli
2169 1580 2298 1612 statuit
2320 1577 2432 1614 actio-

1345 1629 1445 1662 nem,
1476 1619 1665 1655 dicendum
1696 1623 1751 1656 est
1779 1621 1936 1656 solutum
1960 1631 2004 1656 ex
2026 1620 2121 1656 falsa
2143 1621 2219 1657 eius
2243 1632 2354 1658 causa
2374 1633 2432 1658 re-

1372 1664 1420 1700 eti
1469 1675 1561 1701 osse.

1345 1676 1369 1710 p
1392 1675 1579 1746 24PIDEM
1603 1709 1695 1745 libro
1725 1709 2029 1755 quadraqcnsimo
2059 1714 2164 1746 sexto
2187 1709 2238 1745 ad
2258 1709 2433 1747 Sabinum

1346 1753 1384 1789 Si
1406 1755 1448 1797 is,
1474 1755 1535 1800 qui
1557 1757 1731 1800 perpetua
1754 1754 1961 1799 exceptione
1982 1754 2075 1790 tueri
2098 1765 2137 1791 se
2159 1758 2319 1801 poterat,
2351 1766 2433 1791 cum

1345 1800 1455 1835 sciret
1485 1799 1553 1835 sibi
1587 1799 1831 1844 exceptionem
1860 1799 2104 1851 profuturam,
2134 1800 2337 1845 promiserit
2367 1800 2431 1836 ali-

1346 1844 1431 1890 quid
1453 1848 1495 1880 ut
1517 1844 1739 1887 liberaretur,
1765 1844 1952 1879 condicere
1973 1855 2047 1880 non
2068 1848 2199 1890 potest.

1392 1887 1445 1926 25
1469 1889 1580 1925 IDEM
1592 1889 1685 1926 libro
1704 1889 2009 1936 quadraqensimo
2027 1891 2179 1936 septimo
2198 1889 2249 1925 ad
2257 1889 2433 1926 Sabinum

1346 1934 1436 1970 Cum
1459 1934 1529 1970 duo
1552 1944 1617 1980 pro
1640 1944 1703 1970 reo
1733 1933 1992 1970 fideiussissent
2021 1934 2161 1978 decem,
2193 1934 2320 1971 deinde
2349 1944 2434 1971 reus

1344 1979 1415 2014 tria
1448 1979 1613 2016 solvisset
1647 1982 1683 2014 et
1715 1983 1842 2024 postea
1874 1978 2101 2015 fideiussores
2136 1980 2262 2025 quina,
2297 1979 2433 2025 placuit

1345 2035 1427 2060 eum
1450 2025 1510 2070 qui
1531 2024 1708 2070 posterior
1730 2024 1834 2060 solvit
1855 2028 2018 2069 repetere
2034 2025 2104 2059 tria
2121 2035 2245 2070 posse:
2269 2025 2339 2060 hoc
2357 2034 2432 2060 me·

1345 2070 1436 2112 rito,
1471 2069 1556 2115 quia
1584 2069 1700 2104 tribus
1731 2079 1755 2104 a
1787 2079 1849 2105 reo
1882 2069 2007 2105 solutis
2038 2079 2076 2104 se
2101 2072 2174 2105 tem
2203 2070 2282 2105 sola
2311 2069 2432 2105 debita

1345 2125 1388 2150 su
1415 2117 1566 2157 ererant,
1587 2113 1716 2159 quibus
1735 2113 1926 2159 persolutis
1947 2114 2018 2149 tria
2034 2114 2071 2149 iii
2097 2114 2194 2150 ebita
2204 2115 2323 2150 soluta
2334 2118 2428 2150 sunt.

1421 2157 1446 2197 6
1477 2159 1584 2195 loru
1611 2159 1702 2195 libro
1733 2159 1923 2195 vicensimo
1953 2162 2060 2195 sexto
2090 2159 2141 2195 ad
2170 2159 2349 2196 edictum⁹
2393 2159 2432 2195 Si

1345 2215 1418 2240 non
1441 2208 1574 2240 sortem
1597 2203 1696 2249 quis,
1727 2203 1792 2239 sed
1821 2213 1951 2239 usuras
1973 2203 2150 2240 indebitas
2173 2204 2297 2247 solvit,
2328 2214 2430 2250 repe-

1344 2254 1421 2285 tere
1442 2260 1516 2285 non
1538 2249 1683 2294 poterit,
1698 2249 1738 2284 ,si
1757 2249 1863 2284 sortis
1883 2248 2024 2285 debitae
2042 2249 2163 2284 solvit:
2188 2249 2251 2284 sed
2271 2249 2302 2285 si
2321 2260 2430 2295 supra

1343 2294 1537 2340 legitimum
1554 2293 1698 2330 modum
1718 2293 1835 2335 solvit,
1855 2293 1955 2328 divus
1975 2293 2124 2329 Severus
2143 2294 2326 2340 rescripsit
2345 2297 2429 2347 (quo

1343 2340 1422 2375 iure
1443 2339 1587 2381 utimur)
1611 2338 1726 2384 repeti
1749 2338 1890 2383 quidem
1913 2348 1986 2374 non
2007 2348 2133 2384 posse,
2163 2338 2228 2374 sed
2251 2339 2340 2375 sorti
2361 2349 2427 2374 im-

1344 2384 1544 2465 ἷέῗιῗιέἒῗὲἒ
1560 2383 1845 2473 ιίἱᾈέζὲἓὲἓω
1857 2386 2007 2473 ἒὲἓὲῒε
2021 2383 2431 2465 {213’233‘332‘133

1344 2474 1392 2510 rit
1422 2474 1560 2527 soluta,
1591 2483 1725 2526 usurae
1755 2483 1866 2518 supra
1895 2473 2094 2525 legitimum·
2117 2473 2261 2526 modum
2291 2473 2433 2509 solutae

1343 2529 1459 2599 3332&
1478 2518 1763 2609 ⁸355,AEssssss
1769 2517 2131 2607 ‘tel'ffiffiffiffiss
2149 2518 2427 2598 ῗὲοιῗῗὲὲυὲἓὲῖ

1347 2612 1362 2644 1
1413 2609 1529 2654 Supra
1559 2607 1707 2652 duplum
1730 2611 1849 2643 autem
1872 2617 2003 2643 usurae
2027 2611 2062 2643 et
2084 2618 2274 2643 usurarum
2297 2618 2431 2643 usurae

1343 2664 1410 2689 nec
1432 2654 1470 2689 in
1495 2653 1704 2698 stipulatum
1727 2652 1856 2688 deduci
1877 2662 1944 2688 nec
1968 2652 2061 2697 exigi
2081 2656 2234 2697 possunt
2264 2656 2300 2688 et
2331 2652 2426 2688 solu-

1343 2702 1402 2735 tae
1423 2701 1652 2744 repetuntur,
1683 2697 1976 2743 quemadmodum
2005 2696 2207 2732 futurarum
2237 2707 2427 2733 usurarum

1344 2746 1365 2779 2
1411 2753 1554 2779 usurae.
1602 2742 1640 2778 Si
1670 2742 1749 2788 quis
1779 2741 1871 2778 falso
1904 2752 1944 2777 se
1973 2745 2104 2777 sortem
2126 2742 2256 2777 debere
2280 2742 2427 2777 credens

1343 2798 1473 2824 usuras
1504 2788 1666 2830 solverit,
1696 2790 1816 2840 potest
1847 2786 2033 2822 condicere
2062 2797 2128 2822 nec
2150 2786 2289 2822 videtur
2310 2787 2429 2823 sciens

1344 2836 1364 2869 3
1411 2833 1608 2868 indebitum
1631 2832 1787 2868 solvisse.
1833 2831 2034 2867 Indebitum
2051 2836 2170 2867 autem
2190 2831 2345 2867 solutum
2363 2842 2425 2867 ac-

1344 2878 1493 2923 cipimus
1515 2888 1588 2914 non
1611 2877 1726 2913 solum
1748 2877 1779 2912 si
1802 2876 1944 2912 omnino
1968 2886 2041 2912 non
2060 2876 2232 2912 debeatur
2245 2878 2284 2919 ¹⁰,
2307 2876 2372 2912 sed
2391 2879 2428 2912 et

1344 2924 1375 2959 si
1416 2933 1481 2968 per
1522 2922 1677 2968 aliquam
1719 2921 1962 2966 exceptionem
2003 2924 2211 2967 perpetuam
2245 2921 2319 2973 peti
2353 2931 2426 2956 non

1343 2968 1545 3014 poterat¹¹:
1571 2977 1681 3013 quare
1698 2966 1769 3002 hoc
1781 2975 1972 3011 quoquere
1999 2966 2047 3001 eti
2085 2966 2202 3008 oter-it,
2222 2966 2292 3001 msi
2310 2966 2427 3001 sciens

1343 3016 1365 3048 4
1411 3022 1450 3048 se
1472 3015 1589 3047 tutum
1612 3021 1677 3047 exc
1723 3011 1820 3046 tione
1843 3010 1968 3046 solvit¹
1989 3037 1997 3046 .
2071 3011 2084 3046 i
2115 3014 2257 3047 centum
2280 3010 2428 3053 debens,

1344 3057 1447 3104 quasi
1477 3056 1632 3092 ducenta
1665 3055 1710 3091 de
1735 3065 1849 3098 erem,
1878 3055 2029 3091 fundum
2059 3055 2293 3091 ducentorum
2323 3055 2426 3097 solvi,

1344 3105 1545 3148 competere
1566 3100 1811 3153 repetitionem
1829 3100 2022 3136 Marcellus
2046 3101 2135 3136 libro
2158 3100 2348 3136 vicensimo
2372 3099 2425 3135 di-

1367 3150 1520 3183 estorum
1554 3146 1679 3182 scribit
1712 3149 1749 3181 et
1782 3148 1924 3180 centum
1957 3155 2102 3181 manere
2143 3145 2424 3190 stipulationem:

1356 3193 1428 3228 icet
1457 3192 1551 3227 enim
1579 3190 1716 3236 placuit
1745 3200 1820 3225 rein
1850 3200 1916 3234 pro
1975 3190 2102 3225 ecunia
2124 3189 2277 3225 solutam
2299 3199 2427 3235 parere

1343 3237 1608 3277 liberationem,
1651 3239 1771 3270 tamen
1811 3234 1842 3270 si
1877 3245 1922 3270 ex
1971 3235 2048 3270 alsa
2082 3234 2191 3269 debiti
2225 3234 2428 3280 quantitate

1344 3282 1487 3317 maioris
1510 3281 1616 3327 pretii
1636 3290 1695 3316 res
1718 3279 1839 3316 soluta
1860 3284 1933 3321 est,
1966 3290 2039 3315 non
2062 3278 2104 3314 fit
2126 3278 2288 3315 confusio
2311 3278 2426 3324 partis

1343 3326 1395 3362 rei
1419 3336 1499 3362 cum
1522 3325 1677 3371 pecunia
1707 3327 1823 3367 (nemo
1855 3323 1946 3359 enim
1976 3324 2109 3360 invitus
2132 3324 2355 3370 compellitur
2376 3323 2425 3358 ad

1345 3371 1659 3413 communionem),
1692 3369 1755 3406 sed
1785 3372 1822 3405 et
1851 3368 2028 3405 condictio
2051 3369 2088 3404 iii
2230 3368 2282 3404 rei
2303 3371 2425 3403 manet

1346 3419 1382 3451 et
1399 3415 1566 3468 obligatio
1586 3415 1809 3460 incorrupta:
1831 3423 1914 3458 ager
1933 3418 2051 3449 autem
2069 3413 2290 3455 retinebitur,
2309 3412 2424 3465 donec

1346 3463 1366 3495 5
1413 3460 1534 3496 debita
1555 3459 1710 3505 pecunia
1731 3459 1900 3495 solvatur.
1946 3458 2044 3494 Idem
2066 3458 2259 3494 Marcellus
2290 3461 2360 3499 ait,
2391 3467 2424 3492 si

1344 3577 1389 3612 §3
1481 3576 1541 3612 (ιο)
1566 3571 1750 3605 debebatur
1764 3572 1838 3606 Vae.
1959 3572 2014 3612 (ιι)
2038 3571 2265 3612 exceptionem
2274 3570 2344 3612 peti
2353 3579 2423 3602 non

1340 3619 1473 3660 poterat
1481 3617 1517 3650 id
1525 3620 1576 3650 est
1583 3620 1779 3661 perpetuam
1788 3615 2019 3657 exceptionem
2035 3615 2108 3648 Vae.
2211 3617 2270 3657 (12)
2294 3614 2363 3647 nisi
2373 3638 2381 3646 .
2392 3640 2399 3647 .
2411 3636 2423 3648 .

1339 3661 1453 3703 solvit]
1462 3662 1491 3694 si
1501 3662 1577 3703 quis
1585 3664 1749 3705 perpetua
1757 3660 1953 3703 exceptione
1963 3662 2055 3692 tutus
2064 3659 2199 3693 solverit
2216 3660 2300 3699 Vua,
2309 3660 2423 3692 ubico-

1339 3714 1480 3750 qimntur
1487 3707 1559 3740 alia
