2528 3918
97 651 426 695 IMPERATOR
457 651 674 694 CAESAR
702 650 946 693 FLAVIUS
972 648 1347 693 IUSTINIANUS
1373 647 1789 690 ALAMANNICUS
1817 647 2142 692 GOTTHIOUS
2166 650 2338 692 FRAN-

95 709 257 751 OIOUS
289 708 658 752 GERMANICUS
683 707 932 749 ANTICUS
957 706 1245 749 ALANIGUS
1271 704 1635 747 VANDALICUS
1658 705 1985 747 AFRICANUS
2008 706 2137 748 PIUS
2162 706 2338 749 FELIX

94 765 381 809 INCLUTUS
407 764 618 807 VICTOR
648 764 720 806 AO
750 763 1166 806 TRIUMPHATOR
1196 763 1421 804 SEMPER
1452 761 1758 804 AUGUSTUS
1790 760 2132 814 THEOPHILO,
2168 762 2339 806 DOR0-

93 821 258 874 ΤΗΕΟ,
291 819 615 874 THEODORO,
649 819 881 863 ISIDORO
914 822 987 862 ΕΤ
1018 817 1310 862 ANATOLIO
1343 819 1418 860 ET
1441 817 1788 861 THALELAEO
1815 819 1887 859 ΕΤ
1912 817 2162 861 CRATINO
2187 820 2338 862 VIRIS

218 878 597 921 ILLUSTRIBUS
628 876 1133 919 ANTECESSORIBUS
1155 877 1239 975 531*
1272 874 1586 917 SALAMINIO
1619 874 1753 917 VIRO
1787 874 2209 918 DISERTISSIMO¹

858 933 1151 976 ANTEGESS
1192 933 1248 974 RI
1279 932 1562 974 SALUTEM.

138 1043 312 1105 Omnem
337 1069 388 1104 rei
413 1069 579 1114 publicae
603 1071 746 1102 nostrae
771 1068 990 1103 sanctionem
1010 1068 1082 1101 iam
1101 1076 1179 1101 esse

91 1120 277 1159 purgatam
309 1119 344 1150 et
376 1114 607 1158 compositam
639 1117 712 1147 tam
745 1113 781 1147 in
807 1117 976 1157 quattuor
1000 1112 1100 1147 libris
1124 1112 1178 1146 in-

92 1161 315 1195 stitutionum
345 1171 407 1195 seu
440 1160 693 1195 elementorum
724 1169 829 1202 quam
859 1159 895 1193 in
920 1157 1180 1202 quinquaginta

92 1205 307 1250 digestorum
338 1216 401 1240 seu
431 1205 688 1250 pandectarum
722 1214 788 1239 nec
820 1215 891 1238 non
922 1204 959 1237 in
993 1203 1178 1238 duodecim

92 1251 325 1295 imperialium
359 1250 651 1286 constitutionum
684 1250 762 1294 quis
795 1250 946 1294 amplius
979 1260 1083 1293 quam
1115 1259 1178 1283 vos

92 1297 298 1341 cognoscit?
335 1300 369 1331 et
393 1296 511 1331 omnia
535 1295 695 1340 quidem,
721 1305 813 1339 quae
839 1298 1048 1340 oportuerat
1073 1297 1108 1328 et
1132 1294 1177 1327 ab

92 1343 189 1377 initio
230 1342 399 1376 mandare
437 1345 472 1376 et
511 1345 593 1385 post
632 1340 786 1375 omnium
828 1340 1177 1381 consummationem,

91 1387 226 1422 factum
244 1388 395 1422 libenter
415 1387 652 1428 admittentes,
679 1385 836 1426 definire,
862 1387 931 1420 iam
950 1395 1015 1430 per
1036 1389 1178 1419 nostras

91 1433 271 1468 orationes
287 1436 360 1467 tam
379 1433 518 1468 Graeca
537 1432 659 1476 lingua
681 1442 787 1475 quam
810 1431 1063 1473 Romanorum,
1090 1440 1178 1473 quas

91 1482 254 1513 aeternas
279 1478 356 1513 fieri
381 1480 555 1522 optamus,
581 1477 747 1521 explicita
767 1481 861 1511 sunt.
907 1476 968 1511 sed
991 1486 1071 1510 cum
1092 1476 1179 1510 vos²

91 1523 310 1568 professores
343 1523 517 1567 legitimae
546 1522 715 1557 scientiae
741 1523 954 1557 constitutos
979 1522 1085 1556 etiam
1110 1521 1179 1555 hoc

91 1573 298 1613 oportuerat
322 1569 430 1610 scire,
457 1568 541 1612 quid
567 1572 602 1602 et
625 1569 662 1602 in
687 1567 816 1612 quibus
842 1568 1061 1612 temporibus
1086 1566 1179 1600 tradi

91 1615 331 1650 necessarium
362 1614 530 1649 studiosis
564 1614 774 1655 credimus³‚
808 1617 848 1647 ut
879 1624 921 1647 ex
953 1613 1021 1647 hoc
1055 1612 1179 1656 optimi

90 1663 197 1704 atque
222 1659 473 1695 eruditissimi*
497 1658 718 1694 efficiantur:
743 1658 823 1694 ideo
844 1663 1068 1703 praesentem
1091 1657 1177 1691 divi-

91 1716 172 1740 nam
205 1706 400 1740 orationem
436 1704 481 1740 ad
513 1715 574 1739 vos
604 1705 795 1749 praecipue
825 1703 1026 1738 faciendam
1057 1703 1179 1737 existi-

91 1761 248 1793 mamus,
281 1754 456 1795 quatenus
486 1753 559 1784 tam
583 1750 774 1794 prudentia
798 1754 916 1784 vestra
940 1759 1045 1794 quam
1072 1748 1179 1783 ceteri

92 1799 346 1838 antecessores,
372 1796 433 1840 qui
454 1795 601 1830 eandem
623 1799 736 1829 artem
755 1795 791 1829 in
811 1805 913 1829 omne
932 1805 1058 1829 aevum
1078 1804 1178 1829 exer-

93 1851 172 1875 cere
204 1842 408 1883 maluerint,
451 1840 582 1876 nostrIS
614 1841 745 1884 regulis
778 1840 974 1875 observatis
1006 1839 1179 1874 inclutam

91 1887 182 1921 viam
212 1886 419 1921 eruditionis
449 1885 625 1930 legitimae
653 1885 793 1930 possint
815 1885 1012 1920 ambulare.
1059 1885 1179 1928 itaque

92 1932 199 1967 dubio
224 1932 349 1976 procul
375 1931 515 1975 quidem
541 1934 595 1965 est
624 1941 769 1966 necesse
801 1932 903 1966 esse-'⁵
935 1930 1178 1965 institutiones

91 1977 128 2011 in
152 1977 315 2012 omnibus
341 1977 467 2011 studiis
493 1977 646 2021 primum
670 1977 737 2011 sibi
760 1976 942 2011 vindicare
966 1975 1095 2018 locum,
1121 1979 1177 2009 ut-

91 2026 174 2067 pote
205 2023 319 2067 prima
351 2022 497 2065 vestigia
533 2022 704 2065 cuiusque
744 2021 915 2056 scientiae
953 2020 1180 2055 mediocriter

91 2068 284 2102 tradentes.
333 2078 377 2103 ex
409 2067 510 2102 libris
543 2071 662 2102 autem
694 2067 951 2112 quinquaointa
976 2070 1179 2101 nostrorum

93 2113 309 2157 digestorum
333 2123 395 2148 sex
421 2116 456 2147 et
478 2112 624 2156 triginta
649 2094 893 2147 tautummodo
919 2111 1085 2146 sufficere
1105 2115 1178 2146 tam

93 2159 137 2192 ad
167 2161 318 2193 vestram
352 2157 607 2202 expositionem
639 2168 745 2201 quam
774 2157 819 2192 ad
843 2158 1035 2192 iuventutis
1062 2157 1178 2192 erudi-

91 2204 222 2238 tionem
253 2203 461 2238 iudicamus.
512 2202 575 2237 sed
609 2203 767 2238 ordinem
799 2213 922 2238 eorum
953 2206 988 2237 et
1018 2202 1178 2237 tramites

91 2259 155 2294 per
186 2260 275 2293 quos
309 2248 562 2283 ambulandum
594 2252 648 2283 est
678 2248 907 2283 manifestare
931 2248 1179 2293 tempestivum

92 2294 193 2328 nobis
220 2304 297 2329 esse
320 2294 478 2335 videtur,
511 2297 547 2328 et
576 2304 638 2328 vos
662 2294 699 2328 in
722 2294 928 2328 memoriam
954 2293 1093 2338 quidem
1119 2303 1178 2327 eo-

90 2350 179 2382 rum,
198 2349 287 2384 quae
305 2343 410 2374 antea
426 2338 635 2380 tradebatis,
657 2339 828 2384 redigere,
850 2339 1037 2374 ostendere
1060 2342 1178 2372 autem

91 2385 252 2420 novellae
283 2388 426 2420 nostrae
459 2384 724 2428 compositionis
756 2388 831 2419 tam
860 2384 1050 2419 utilitatem
1074 2394 1179 2428 quam

90 2434 262 2475 tempora,
284 2434 324 2464 ut
342 2430 430 2464 nihil
448 2429 651 2464 huiusmodi
671 2430 758 2465 artis
776 2430 1000 2474 relinquatur
1018 2429 1178 2474 incogni-

96 2478 107 2509 l
159 2480 246 2510 tum.
294 2475 342 2510 Et
374 2480 479 2510 antea
505 2475 657 2519 quidem,
683 2475 977 2519 quemadmodum
1003 2478 1037 2510 et
1061 2479 1179 2509 vestra

91 2520 158 2555 scit
182 2520 389 2565 prudentia,
423 2531 465 2555 ex
489 2525 591 2555 tanta
614 2521 731 2565 legum
754 2521 999 2563 multitudine,
1025 2531 1117 2565 quae
1141 2520 1178 2554 in

90 2565 262 2600 librorum
296 2565 436 2610 quidem
469 2565 539 2600 duo
572 2565 687 2608 milia,
720 2577 885 2601 versuum
915 2570 1035 2600 autem
1059 2566 1178 2601 tricies

91 2615 240 2646 centena
272 2611 548 2653 extendebatur,
581 2611 667 2645 nihil
698 2611 795 2646 aliud
825 2612 894 2646 nisi
925 2621 988 2646 sex
1020 2615 1176 2645 tantum-

90 2656 221 2691 modo⁶
251 2657 361 2691 libros
391 2659 427 2691 et
456 2657 552 2701 ipsos
585 2656 754 2692 confusos
785 2661 821 2691 et
849 2657 929 2692 iura
953 2657 1054 2691 utilia
1078 2657 1115 2691 in
1140 2666 1178 2691 se

91 2712 238 2745 perraro
269 2702 442 2737 habentes
473 2712 495 2736 a
526 2712 612 2736 voce
640 2703 813 2747 magistra
845 2702 995 2738 studiosi
1024 2702 1178 2747 accipie-

92 2747 196 2789 bant,
228 2747 355 2782 ceteris
385 2747 455 2781 iam
488 2746 664 2789 desuetis,
697 2748 767 2782 iam
793 2747 956 2782 omnibus
980 2747 1094 2782 inviis.
1142 2748 1179 2781 in

91 2791 147 2826 his
171 2795 290 2827 autem
314 2802 377 2827 sex
399 2792 500 2827 libris
526 2792 606 2827 Gaii
631 2793 744 2827 nostri
768 2793 1010 2828 institutiones
1038 2795 1074 2827 et
1096 2792 1179 2827 libri

92 2837 287 2881 singulares
311 2840 492 2882 quattuor,
521 2837 657 2883 primus
683 2838 725 2873 de
749 2838 811 2872 illa
834 2842 953 2873 vetere
977 2848 1016 2872 re
1040 2838 1178 2879 uxoria,

91 2882 270 2918 secundus
304 2882 347 2918 de
377 2883 498 2918 tutelis
530 2886 565 2917 et
595 2883 721 2918 tertius
755 2894 819 2918 nec
851 2894 923 2918 non
956 2886 1106 2928 quartus
1136 2883 1179 2917 de

91 2929 311 2963 testamentis
346 2933 379 2963 et
409 2928 534 2972 legatis
568 2929 939 2964 connumerabantur:
983 2938 1072 2973 quos
1112 2938 1178 2963 nec

91 2977 184 3007 totos
209 2984 273 3018 per
298 2973 569 3017 consequentias
590 2974 826 3018 accipiebant,
853 2974 915 3008 sed
939 2974 1069 3008 multas
1095 2984 1177 3018 par-

91 3022 145 3052 tes
171 3028 292 3052 eorum
318 3019 419 3062 quasi
444 3029 681 3063 supervacuas
706 3019 962 3064 praeteribant.
1011 3022 1046 3053 et
1074 3018 1178 3063 primi

92 3063 176 3097 anni
205 3064 273 3098 hoc
302 3075 392 3108 opus
423 3064 620 3108 legentibus
650 3065 860 3099 tradebatur
884 3075 956 3098 non
981 3063 1177 3099 secundum

92 3108 197 3143 edicti
228 3109 390 3153 perpetui
425 3109 700 3152 ordinationem,
739 3110 801 3145 sed
837 3110 969 3154 passim
1005 3113 1040 3144 et
1076 3109 1177 3153 quasi

90 3164 155 3198 per
186 3158 346 3189 saturam
379 3154 566 3189 collectum
598 3161 633 3189 et
664 3154 749 3190 utile
774 3166 855 3190 cum
879 3154 1064 3190 inutilibus
1088 3155 1176 3188 mix-

91 3203 186 3241 tum,
218 3199 373 3234 maxima
395 3203 496 3244 parte
519 3200 704 3234 inutilibus
730 3200 910 3245 deputata.
959 3200 996 3234 in
1022 3199 1177 3235 secundo

92 3247 211 3278 autem
241 3255 333 3280 anno
369 3249 602 3290 praepostera
641 3245 864 3280 ordinatione
903 3245 1027 3280 habita
1064 3246 1178 3289 prima

91 3299 174 3333 pars
205 3290 320 3334 legum
345 3290 395 3325 eis
419 3289 647 3332 tradebatur,
682 3291 894 3335 quibusdam
927 3291 1032 3325 certis
1064 3290 1176 3324 titulis

92 3335 136 3369 ab
162 3344 205 3369 ea
228 3335 405 3380 exceptis:
439 3346 519 3370 cum
552 3340 629 3370 erat
659 3346 803 3371 enorme
826 3340 908 3380 post
934 3336 1175 3370 institutiones

92 3379 257 3423 aliquod⁷
288 3380 421 3425 legere,
461 3391 567 3425 quam
599 3381 694 3424 quod
723 3381 759 3415 in
790 3381 925 3425 legibus
958 3385 993 3415 et
1024 3381 1176 3425 primum

92 3425 247 3468 positum
277 3430 331 3460 est
354 3430 388 3460 et
411 3425 517 3460 istam
541 3427 841 3470 nuncupationem
866 3426 1046 3461 meruerit.
1094 3429 1177 3470 post

92 3479 214 3504 eorum
245 3480 328 3506 vero
359 3470 546 3505 lectionem
578 3474 706 3515 (neque
737 3472 834 3506 illam
860 3471 1081 3512 continuam,
1114 3470 1175 3505 sed

91 3514 343 3558 particularem
362 3519 398 3551 et
417 3526 461 3551 ex
478 3526 607 3560 magna
626 3520 729 3561 parte
747 3516 908 3551 inutilem
932 3516 1175 3558 constitutam)

91 3558 185 3594 tituli
208 3559 269 3594 alii
296 3560 347 3596 eis
378 3561 613 3596 tradebantur
641 3565 713 3596 tam
745 3572 789 3596 ex
819 3561 882 3596 illa
912 3565 1016 3606 parte
1046 3561 1174 3605 legum,

93 3675 134 3713 (i)
161 3673 378 3715 ‹liseptissimo
392 3675 423 3706 F
477 3676 519 3715 (2)
546 3675 578 3707 et
590 3685 702 3707 omnes
713 3677 827 3716 postea
840 3675 916 3707 add.
931 3674 965 3706 F
968 3673 983 3694 ²
1041 3676 1083 3714 (3)
1109 3684 1178 3705 crc-

96 3717 239 3750 didimus
251 3717 303 3750 F²
397 3721 438 3758 (4)
464 3720 567 3761 optim
586 3723 685 3761 atque
703 3719 904 3751 eruditissim
925 3719 959 3751 F
1044 3720 1086 3760 (5)
1114 3728 1179 3751 esse

1250 1077 1340 1111 quae
1365 1066 1408 1101 de
1432 1066 1572 1101 iudiciis
1598 1069 1830 1109 nuncupatur
1854 1068 1903 1108 (et
1922 1066 2008 1110 ipsis
2030 1077 2102 1101 non
2123 1066 2339 1109 continuam,

1250 1112 1312 1146 sed
1342 1122 1461 1146 raram
1494 1112 1632 1145 utilium
1664 1112 1908 1146 recitationem
1932 1112 2205 1155 praebentibus,
2239 1113 2341 1156 quasi

1251 1161 1369 1192 cetero
1394 1161 1470 1192 toto
1496 1158 1673 1191 volumine
1698 1157 1813 1190 inutili
1839 1158 2047 1200 constituto)
2081 1167 2187 1202 quam
2212 1168 2255 1191 ex
2279 1157 2341 1191 illa

1250 1214 1341 1247 quae
1366 1203 1410 1238 de
1433 1203 1542 1237 rebus
1568 1202 1784 1246 appellatur,
1819 1206 1955 1246 septem
1987 1202 2087 1237 libris
2117 1203 2274 1244 (semotis
2307 1206 2342 1237 et

1249 1249 1285 1283 in
1316 1249 1371 1283 his
1401 1248 1521 1283 multis
1552 1248 1715 1293 partibus
1739 1247 1937 1291 legentibus
1962 1248 2083 1291 inviis,
2115 1251 2239 1293 utpote
2268 1259 2341 1282 non

1249 1294 1386 1329 idoneis
1417 1304 1531 1338 neque
1562 1293 1753 1338 aptissimis
1779 1294 1825 1327 ad
1850 1293 2083 1328 eruditionem
2109 1293 2338 1336 constitutis).

1250 1341 1285 1374 in
1310 1340 1414 1374 tertio
1441 1344 1559 1374 autem
1586 1349 1678 1373 anno
1705 1339 1799 1383 quod
1832 1349 1875 1374 ex
1900 1342 2052 1383 utroque
2077 1338 2271 1383 volumine,
2304 1338 2341 1373 id

1249 1389 1303 1420 est
1328 1385 1370 1420 de
1395 1386 1502 1420 rebus
1528 1385 1583 1419 vel
1615 1384 1658 1419 de
1688 1384 1847 1428 iudiciis,
1881 1385 1917 1418 in
1950 1385 2108 1419 secundo
2140 1395 2233 1419 anno
2270 1395 2342 1419 non

1250 1434 1326 1465 erat
1352 1431 1542 1473 traditum,
1577 1430 1803 1474 accipiebant
1834 1430 2032 1464 secundum
2063 1429 2338 1469 vicissitudinem

1250 1477 1434 1520 utriusque
1451 1476 1656 1511 voluminis:
1684 1479 1719 1509 et
1734 1475 1779 1509 ad
1797 1475 2089 1510 sublimissimum
2104 1475 2341 1520 Papinianum

1250 1522 1396 1565 eiusque
1417 1532 1590 1566 responsa
1610 1521 1676 1555 iter
1696 1521 1745 1556 eis
1766 1521 2011 1566 aperiebatur:
2039 1525 2073 1555 et
2093 1532 2135 1555 ex
2156 1521 2342 1565 praedicta

1249 1578 1502 1611 responsorum
1536 1567 1858 1608 consummatione,
1895 1577 1986 1611 quae
2019 1566 2154 1601 decimo
2186 1571 2222 1602 et
2246 1577 2341 1601 nono

1249 1614 1339 1647 libro
1373 1613 1673 1654 concludebatur,
1710 1617 1789 1646 octo
1822 1612 2067 1646 tantummodo
2101 1613 2211 1647 libros
2245 1612 2339 1646 acci-

1250 1658 1406 1703 piebant,
1433 1669 1498 1692 nec
1523 1669 1646 1692 eorum
1670 1661 1785 1692 totum
1807 1668 1938 1702 corpus
1959 1658 2010 1692 eis
2033 1657 2252 1699 tradebatur,
2279 1655 2341 1692 sed

1250 1714 1366 1748 pauca
1391 1714 1434 1738 ex
1459 1703 1578 1737 multis
1601 1706 1637 1737 et
1657 1703 1867 1737 brevissima
1888 1713 1931 1737 ex
1952 1703 2191 1747 amplissimis,
2217 1706 2257 1737 ut
2277 1702 2340 1736 ad-

1250 1749 1319 1783 huc
1351 1749 1510 1784 sitientes
1544 1749 1589 1783 ab
1623 1748 1673 1782 eis
1705 1748 1925 1783 recederent.
1974 1749 2029 1783 his
2061 1749 2169 1792 igitur
2201 1748 2286 1783 solis
2320 1758 2342 1782 a

1249 1794 1512 1839 professoribus
1546 1794 1686 1828 traditis
1716 1793 1892 1828 Pauliana
1926 1804 2102 1838 responsa
2134 1804 2199 1838 per
2230 1797 2342 1828 semet

1249 1841 1345 1884 ipsos
1378 1840 1598 1881 recitabant,
1638 1849 1752 1883 neque
1790 1839 1879 1874 haec
1908 1839 1946 1873 in
1978 1839 2149 1883 solidum,
2183 1838 2246 1874 sed
2278 1848 2343 1883 per

1249 1885 1485 1930 inperfectum
1523 1889 1558 1920 et
1596 1885 1666 1918 iam
1704 1884 1965 1928 quodammodo
2005 1885 2095 1920 male
2131 1888 2342 1919 consuetum

1249 1930 1565 1974 inconsequentiae
1590 1940 1745 1964 cursum.
1795 1935 1830 1964 et
1861 1930 1890 1964 is
1925 1933 2002 1965 erat
2026 1931 2062 1964 in
2087 1934 2253 1974 quartum
2278 1940 2341 1963 an-

1250 1987 1333 2010 num
1359 1977 1472 2011 omnis
1498 1976 1667 2020 antiquae
1691 1975 1904 2019 prudentiae
1928 1975 2027 2010 finis:
2057 1975 2157 2020 53quis
2183 1986 2225 2010 ea
2249 1985 2342 2019 quae

1249 2022 1452 2056 recitabant
1477 2031 1685 2056 enumerare
1709 2021 1829 2063 malet,
1857 2021 2123 2066 computatione
2143 2021 2266 2055 habita
2286 2020 2341 2055 in-

1250 2067 1366 2102 veniet
1397 2077 1441 2102 ex
1472 2071 1546 2101 tam
1577 2066 1750 2101 immensa
1782 2066 1899 2111 legum
1931 2066 2156 2102 multitudine
2180 2066 2238 2101 vix
2263 2076 2340 2101 ver-

1249 2124 1352 2147 suum
1392 2113 1577 2157 sexaginta
1615 2112 1710 2146 milia
1749 2122 1809 2147 eos
1842 2122 1929 2147 suae
1962 2112 2117 2147 notionis
2147 2113 2341 2156 perlegere,

1250 2159 1414 2193 omnibus
1445 2157 1524 2192 aliis
1556 2157 1665 2192 deviis
1691 2160 1726 2191 et
1750 2157 1938 2202 incognitis
1965 2157 2170 2193 constitutis
2196 2161 2232 2192 et
2254 2161 2342 2191 tunc

1249 2203 1495 2238 tantummodo
1521 2213 1565 2238 ex
1589 2202 1710 2247 aliqua
1734 2203 1878 2237 minima
1902 2206 2005 2248 parte
2024 2202 2226 2244 recitandis,
2253 2213 2340 2247 quo-

1248 2249 1339 2283 tiens
1371 2249 1427 2283 vel
1458 2248 1671 2284 iudiciorum
1703 2259 1788 2283 usus
1819 2248 1889 2283 hoc
1914 2248 1991 2283 fieri
2017 2249 2170 2293 coegerit
2193 2248 2249 2283 vel
2272 2247 2343 2292 ipsi

1250 2295 1407 2338 magistri
1440 2295 1557 2338 legum
1587 2293 1720 2338 aliquid
1749 2304 1794 2328 ex
1816 2293 1872 2329 his
1897 2295 2078 2338 perlegere
2102 2293 2340 2335 festinabatis,

1250 2345 1289 2374 ut
1313 2340 1358 2375 sit
1381 2340 1481 2374 vobis
1507 2339 1640 2383 aliquid
1665 2339 1817 2383 amplius
1844 2339 2101 2418 discipulorum
2125 2339 2262 2384 peritia.
2306 2342 2342 2373 et

1248 2386 1338 2420 haec
1359 2385 1499 2430 quidem
1517 2385 1663 2419 fuerant
1682 2384 1849 2429 antiquae
1870 2395 1948 2419 eru(
1961 2385 2080 2419 itionis
2099 2386 2340 2426 monumenta,

1249 2431 1444 2465 secundum
1487 2430 1582 2474 quod
1624 2434 1660 2465 et
1694 2434 1811 2465 vestro
1852 2430 2053 2465 testimonio
2094 2429 2338 2464 confirmatur.

1251 2478 1269 2510 2
1316 2476 1392 2511 Nos
1425 2486 1507 2511 vero
1539 2479 1676 2510 tantam
1707 2475 1892 2519 penuriam
1921 2475 2037 2519 legum
2061 2475 2279 2509 invenientes
2304 2477 2341 2509 et

1249 2522 1317 2556 hoc
1342 2522 1576 2556 miserrimum
1601 2520 1801 2555 iudicantes
1831 2520 2003 2564 legitimos
2033 2520 2247 2555 thensauros
2278 2531 2339 2555 vo-

1249 2567 1403 2602 lentibus
1433 2567 1631 2611 aperimus,
1672 2566 1800 2609 quibus
1831 2576 1896 2610 per
1929 2570 2081 2600 vestram
2112 2565 2340 2610 prudentiam

1249 2612 1508 2657 quodammodo
1542 2611 1718 2655 erogatis⁹
1748 2610 1911 2645 ditissimi
1934 2611 2050 2655 legum
2075 2614 2236 2646 oratores
2261 2610 2338 2646 effi-

1250 2657 1390 2692 ciantur
1429 2656 1605 2701 discipuli.
1655 2660 1690 2690 et
1725 2656 1839 2701 primo
1880 2655 2022 2700 quidem
2061 2666 2155 2691 anno
2197 2660 2339 2692 nostras

1248 2702 1418 2737 hauriant
1449 2702 1687 2737 institutiones
1720 2712 1764 2736 ex
1798 2702 1894 2736 omni
1917 2712 2031 2746 paene
2056 2706 2214 2736 veterum
2238 2702 2339 2736 insti-

1249 2748 1426 2782 tutionum
1460 2758 1610 2791 corpore
1645 2747 1806 2781 elimatas
1839 2751 1874 2781 et
1906 2748 1951 2782 ab
1985 2747 2150 2782 omnibus
2186 2747 2339 2783 turbidis

1248 2793 1407 2827 fontibus
1441 2793 1476 2826 in
1508 2804 1617 2826 unum
1646 2792 1820 2837 liquidum
1850 2796 2015 2837 stagnum
2040 2793 2241 2828 conrivatas
2266 2796 2339 2827 tam

1248 2849 1312 2882 per
1337 2838 1592 2873 'sribonianum
1616 2838 1729 2871 virum
1753 2837 1978 2882 magnificum
2004 2838 2211 2882 magistrum
2235 2841 2271 2873 et
2295 2848 2338 2872 ex

1248 2887 1438 2927 quaestore
1475 2883 1568 2918 sacri
1605 2883 1730 2927 palatii
1760 2883 1872 2917 nostri
1905 2887 1941 2918 et
1973 2893 2017 2918 ex
2051 2884 2198 2919 consule
2232 2893 2339 2928 quam

1249 2929 1338 2963 duos
1361 2939 1379 2963 e
1397 2928 1509 2970 vobis,
1531 2928 1568 2962 id
1587 2932 1643 2963 est
1661 2928 1898 2973 Theophilum
1917 2932 1951 2963 et
1968 2929 2191 2964 Dorotheum
2210 2928 2337 2963 facun-

1249 2974 1411 3008 dissimos
1433 2978 1689 3009 antecessores.
1728 2973 1765 3008 in
1786 2974 1959 3019 reliquam
1984 2984 2065 3009 vero
2091 2974 2176 3009 anni
2200 2978 2338 3019 partem

1249 3019 1444 3053 secundum
1487 3018 1656 3063 optimam
1697 3019 1986 3063 consequentiam
2029 3019 2180 3064 primam
2221 3019 2338 3063 legum

1247 3068 1386 3108 partem
1419 3064 1469 3098 eis
1502 3064 1594 3098 tradi
1627 3064 1823 3106 sancimus,
1865 3075 1956 3109 quae
1990 3065 2128 3100 Graeco
2162 3065 2337 3099 vocabulo

1247 3111 1377 3153 πρῶτα
1403 3113 1644 3153 nuncupatur,
1670 3120 1740 3153 qua
1759 3110 1847 3144 nihil
1870 3115 1924 3145 est
1944 3110 2114 3151 anterius,
2140 3110 2223 3154 quia
2243 3109 2339 3154 quod

1247 3155 1399 3198 primum
1439 3158 1493 3189 est
1530 3154 1627 3189 aliud
1665 3159 1747 3189 ante
1782 3165 1820 3189 se
1853 3155 1986 3190 habere
2019 3166 2091 3190 non
2124 3158 2254 3200 potest.
2304 3159 2338 3189 et

1248 3200 1336 3234 haec
1372 3200 1422 3234 eis
1454 3199 1638 3234 exordium
1671 3204 1707 3235 et
1736 3200 1841 3235 finem
1874 3200 2084 3235 eruditionis
2118 3199 2223 3245 primi
2254 3200 2337 3234 anni

1247 3255 1325 3279 esse
1351 3244 1585 3280 decernimus.
1635 3245 1736 3280 cuius
1770 3246 1951 3280 auditores
1983 3257 2055 3281 non
2085 3246 2247 3280 volumus
2278 3255 2336 3279 ve-

1247 3296 1321 3324 tere
1346 3293 1419 3324 tam
1443 3290 1570 3326 frivolo
1595 3301 1701 3334 quam
1725 3291 1875 3326 ridiculo
1902 3290 2110 3335 cognomine
2135 3290 2335 3335 dupondios

1247 3335 1438 3379 appellari,
1471 3335 1535 3370 sed
1558 3335 1776 3371 Iustinianos
1808 3347 1919 3371 novos
1951 3335 2169 3380 nuncupari,
2202 3340 2238 3370 et
2266 3335 2335 3369 hoc

1246 3381 1281 3414 in
1307 3390 1409 3414 omne
1423 3381 1450 3401 ¹⁰
1473 3380 1634 3415 futurum
1660 3392 1784 3416 aevum
1810 3381 1968 3426 optinere
1994 3391 2189 3423 censemus,
2223 3383 2263 3414 ut
2286 3379 2333 3420 hi,

1247 3425 1306 3469 qui
1330 3424 1436 3460 rudes
1461 3426 1579 3461 adhuc
1599 3426 1776 3471 legitimae
1797 3427 1967 3462 scientiae
1986 3426 2168 3470 adspirent
2188 3428 2225 3460 et
2245 3425 2335 3459 scita

1245 3469 1374 3515 prioris
1397 3470 1482 3506 anni
1506 3471 1669 3516 accipere
1691 3472 1891 3515 maluerint,
1920 3475 2083 3506 nostrum
2106 3480 2237 3505 nomen
2259 3479 2334 3504 me-

1245 3518 1357 3558 reant,
1382 3516 1465 3560 quia
1486 3516 1570 3552 ilico
1594 3517 1805 3552 tradendum
1829 3517 1879 3552 eis
1904 3520 1959 3551 est
1981 3516 2132 3560 primum
2158 3515 2333 3555 volumen,

1245 3561 1342 3605 quod
1365 3561 1469 3597 nobis
1492 3562 1669 3598 emanavit
1688 3561 1909 3597 auctoribus.
1948 3565 2053 3595 antea
2074 3560 2167 3594 enim
2188 3559 2333 3603 dignum

1875 3676 1918 3717 (7)
1943 3674 2036 3706 aliud
2048 3674 2130 3706 Hal.
2202 3675 2245 3714 (8)
2270 3673 2333 3705 ita-

1250 3673 1310 3706 del.
1325 3673 1379 3706 F²
1452 3676 1497 3718 (6)
1521 3675 1758 3708 tandummodo
1771 3678 1804 3709 F

2032 3721 2090 3761 (10)
2115 3718 2224 3752 omine
2240 3718 2272 3751 Ρ

1249 3729 1311 3759 que
1324 3719 1351 3751 si
1363 3721 1522 3755 similiave
1534 3723 1592 3754 ins.
1688 3723 1733 3763 (9)
1758 3720 1900 3762 eragatis
1913 3720 1947 3752 F
