2528 3918
165 120 471 164 XXXVIIII2

1144 243 1253 279 artigi

167 247 321 299 cognita·
343 250 488 298 praetor
520 247 680 281 statuere
710 244 859 288 debeat,
899 244 936 279 in
977 243 1079 280 cuius
1159 288 1182 324 b
1226 291 1244 323 t

1138 298 1158 324 e
1185 298 1228 324 ea
1246 314 1254 324 .

165 301 428 338 possessionem
466 300 519 333 is,
559 289 619 326 cui
655 299 730 326 non
760 293 947 331 caveatur,
984 288 1076 324 mitti

167 340 186 372 2
232 336 399 372 Deducto
430 335 558 372 veteris
582 334 730 380 parietis
753 335 889 381 pretio,
922 335 952 369 si
983 333 1070 379 quid
1102 333 1255 378 amplius

165 381 231 424 sit,
265 381 447 417 aestimari
476 380 599 423 debet,
633 383 670 417 et
693 381 724 417 si
755 380 840 434 quid
863 379 1042 416 ‹ax-veteri
1063 379 1102 414 in
1125 389 1255 415 novum

166 426 368 462 coniectum
391 426 450 468 sit,
475 425 604 462 deduci
627 436 672 462 ex
694 425 940 462 aestimatione
964 428 1115 469 oportet.

211 469 266 510 39
291 471 521 507 ΡοιΡοιησε
548 470 640 508 libro
671 472 861 507 vicensimo
886 469 1034 516 primo2
1071 468 1121 504 ad
1153 467 1255 505 Sabi-

165 528 251 552 num
297 517 396 553 Inter
427 526 518 562 quos
540 516 660 562 paries
686 516 881 552 communis
905 518 980 557 est,
1012 513 1257 550 aedificiorum

165 562 318 606 nomine,
366 571 435 598 uae
455 561 605 607 quisque
633 561 780 607 propria
799 560 927 602 habet,
953 559 1117 604 stipulari
1137 558 1258 594 damni

164 607 289 644 infecti
319 617 360 643 so
376 607 477 642 ent³2
516 607 580 643 sed
617 611 704 642 tunc
735 616 778 642 ea
810 605 930 641 cautio
955 604 1158 641 necessaria
1188 607 1255 646 est,

166 664 248 688 cum
271 656 336 687 aut
358 652 449 687 alter
473 652 572 688 solus
601 651 768 688 aedificat
791 654 828 686 et
849 650 973 686 vitium
999 661 1043 686 ex
1066 659 1175 695 opere
1197 648 1254 684 fu-

165 703 287 734 turum
317 701 392 740 est,
422 701 487 733 aut
518 697 611 733 alter
640 696 854 750 pretiosiora
882 694 1047 731 aedificia
1082 695 1193 730 habet
1221 697 1258 730 et

167 744 247 789 plus
279 742 400 779 damni
428 753 599 778 sensurus
629 746 677 778 sit
701 739 887 777 decidente
910 740 1064 786 pariete:
1098 740 1257 784 alioquin

166 789 197 824 si
219 788 370 834 aequale
392 787 592 834 periculum
617 791 682 830 est,
707 790 879 831 quantum
906 786 986 831 quis
1010 785 1126 822 vicino
1151 794 1256 830 prae-

170 838 183 869 1
233 837 323 876 stat,
362 836 504 869 tantum
541 833 587 868 ab
618 842 661 869 eo
697 830 939 877 consequitur.
992 830 1031 866 Si
1061 830 1188 866 domus
1219 829 1257 865 in

168 878 412 915 controversia
442 879 508 923 sit,
550 877 740 913 dicendum
773 880 829 913 est
860 875 979 911 damni
1008 874 1134 911 infecti
1166 885 1256 911 onus

192 923 384 960 ossoesoris
408 934 507 967 esse,
540 934 621 958 cuin
650 922 687 958 id
710 921 808 968 quod
837 921 1058 967 praestiterit
1079 921 1258 966 imputare

165 936 308 1006 gemino
332 968 472 1015 praedii
492 969 626 1021 possit:
662 967 760 1013 quod
782 967 813 1003 si
836 978 909 1003 non
933 970 1077 1009 caveat,
1113 975 1256 1011 posses-

165 1015 302 1051 sionem
344 1013 392 1050 ad
429 1017 617 1060 petitorem
626 1013 651 1055 ⁴,
698 1012 759 1059 qui
803 1013 941 1048 caveri⁵
977 1012 1097 1047 damni
1133 1010 1258 1046 infecti

165 1060 235 1097 sibi
262 1059 365 1102 velit,
396 1058 659 1095 transferant⁶z
683 1068 767 1094 nam
797 1058 958 1103 iniquum
989 1061 1046 1093 est
1068 1056 1256 1102 stipulato-

164 1116 241 1142 rem
259 1115 338 1141 coin
366 1104 424 1140 elli
446 1104 571 1140 relicto
594 1103 753 1149 praedio,
779 1114 822 1139 ex
849 1114 918 1148 quo
941 1102 1110 1138 damnum
1133 1111 1255 1137 verea-

166 1154 186 1186 2
233 1155 311 1194 tur,
361 1150 518 1185 ominum
540 1159 721 1195 quaerere.
771 1148 902 1183 Damni
925 1147 1050 1183 infecti
1073 1147 1257 1192 stipulatio

165 1196 274 1232 latius
297 1199 410 1241 patet.
457 1198 495 1230 et
516 1194 598 1231 ideo
622 1198 659 1230 et
681 1194 730 1236 ei,
784 1194 822 1228 ui
851 1192 1135 1238 superficiariam
1158 1192 1256 1228 insu—

165 1241 238 1277 lam
259 1241 379 1284 habet,
405 1240 503 1275 utilis
526 1244 583 1276 est
607 1249 649 1274 ea
672 1239 743 1284 stip
806 1238 874 1282 tio,
908 1239 938 1274 si
963 1238 1048 1283 quid
1070 1238 1109 1273 in
1132 1247 1256 1283 super-

165 1286 246 1322 ficie
269 1285 437 1321 damnum
462 1285 585 1320 datum
607 1284 734 1328 fuerit,
771 1287 807 1319 et
835 1283 945 1319 nihilo
974 1283 1093 1319 minus
1125 1286 1162 1318 et
1190 1282 1258 1318 soli

166 1331 307 1367 domino
333 1331 429 1366 utilis
452 1334 524 1374 est,
559 1330 591 1365 si
619 1329 696 1366 solo
722 1329 890 1365 damnum
912 1329 1036 1364 datum
1058 1327 1183 1369 fuerit,
1217 1331 1259 1363 ut

165 1377 267 1413 tota⁷
298 1375 504 1421 superficies
536 1374 740 1411 tolleretur:
775 1374 1005 1410 fraudabitur
1028 1374 1121 1409 enini
1145 1373 1257 1409 domi-

167 1426 186 1457 3
234 1432 303 1457 nus
327 1421 395 1457 soli
416 1421 455 1456 in
477 1420 649 1466 pensione
671 1420 771 1465 perci
796 1419 915 1456 ienda.
962 1419 1091 1455 Alieno
1115 1419 1258 1454 nomine

166 1466 331 1513 stipulari
353 1467 404 1501 ita
427 1466 530 1508 licet,
560 1469 602 1501 ut
631 1465 728 1511 quod
785 1475 930 1501 amnum
962 1464 1104 1500 domino
1135 1464 1257 1500 datum

166 1513 231 1555 sit,
264 1511 632 1556 comprehendantui-⁸2
665 1521 790 1547 cavere
822 1514 943 1546 autem
973 1509 1119 1545 debebit
1140 1509 1173 1545 is
1198 1509 1257 1554 qui

166 1557 396 1603 stipulabitur
427 1556 610 1592 dominum
641 1559 759 1592 ratam
787 1566 863 1591 rem
894 1555 1102 1591 habiturum
1125 1564 1256 1599 excep-

166 1603 287 1648 tioque
299 1601 567 1682 uprocuratoria
591 1601 815 1647 stipulationi
838 1599 1029 1637 inserenda
1053 1600 1139 1642 erit,
1165 1599 1259 1635 sicut

166 1648 204 1684 in
226 1648 297 1693 stip
338 1647 458 1683 atione
481 1647 700 1691 legatorum:
733 1646 831 1691 quod
854 1646 886 1683 si
910 1647 942 1682 ei
965 1656 1039 1681 non
1063 1645 1258 1687 cavebitur,

166 1693 360 1729 mittendus
382 1696 437 1728 est
459 1692 498 1727 in
521 1692 785 1738 possessionem
808 1695 1024 1738 procurator
1043 1690 1257 1733 omnimodo,

166 1742 188 1774 4
234 1742 276 1774 ut
299 1738 332 1774 ei
355 1738 518 1783 exceptio
542 1737 793 1782 procuratoria
817 1747 890 1772 non
912 1739 1052 1772 noceat.
1087 1735 1131 1771 In
1152 1735 1258 1771 aesti-

166 1783 298 1820 mando
309 1794 402 1819 novo
417 1783 554 1828 pariete
576 1783 670 1818 ratio
687 1783 813 1818 haberi
836 1782 943 1818 debet
963 1782 1040 1817 eius
1064 1781 1258 1827 impensae,

166 1839 260 1875 quae
278 1828 423 1864 modum
441 1828 663 1874 probabilem
686 1838 760 1863 non
784 1827 956 1863 excedet⁹
978 1827 1017 1862 in
1039 1829 1158 1862 vetere
1181 1826 1259 1862 eius

168 1875 297 1917 cultus,
322 1885 397 1910 non
420 1873 482 1919 qui
505 1884 579 1909 non
601 1873 772 1918 adgravet
786 1875 825 1908 ¹⁰.

212 1918 266 1958 40
298 1919 495 1956 Urmms
508 1919 598 1954 libro
624 1918 928 1965 quadraqensimo
954 1918 1059 1953 tertio
1083 1916 1133 1952 ad
1154 1915 1257 1953 Sabi-

167 1977 254 2001 num
299 1964 359 2000 Ex
382 1963 502 1999 damni
525 1964 650 2000 infecti
681 1963 911 2009 stipulatione
943 1973 1016 1999 non
1040 1964 1182 2015 oportet
1204 1962 1258 1997 in-

167 2011 304 2046 finitam
321 2010 378 2045 vel
400 2008 659 2045 inmoderatam
683 2009 970 2045 aestimationem
992 2007 1081 2049 fieri,
1106 2011 1148 2042 ut
1169 2010 1260 2052 puta

168 2057 214 2092 ob
238 2055 392 2092 tectoria
408 2058 444 2091 et
467 2055 514 2090 ob
538 2055 718 2100 picturas:
742 2054 828 2090 licet
844 2053 938 2089 enim
959 2053 999 2088 in
1016 2053 1107 2088 haec
1126 2062 1260 2097 magna

168 2101 328 2147 erogatio
351 2100 451 2136 facta
474 2103 548 2143 est,
580 2103 739 2136 attamen
771 2110 816 2135 ex
839 2098 960 2135 damni
989 2097 1115 2134 infecti
1144 2098 1259 2143 stipu-

167 2147 302 2182 latione
340 2145 562 2182 moderatam
593 2144 879 2181 aestimationem
915 2143 1137 2186 faciendam,
1176 2142 1261 2188 quia

169 2193 340 2228 honestus
363 2191 490 2226 modus
515 2190 711 2226 serva'ndus
736 2193 808 2234 est,
841 2200 915 2225 non
935 2188 1172 2225 immoderata
1196 2199 1258 2223 cu-

173 2242 184 2272 ι
234 2237 362 2282 iusque
386 2235 528 2271 luxuria
551 2235 810 2281 subsequenda.
859 2234 1032 2279 Quotiens
1064 2234 1259 2269 communis

168 2282 315 2328 parietis
331 2282 417 2317 vitio
441 2280 527 2326 quid
543 2280 690 2325 accidit,
715 2280 835 2316 socius
851 2279 949 2316 socio
967 2279 1055 2314 nihil
1073 2282 1261 2323 praestare

149 2328 293 2371 debet,
324 2338 406 2363 cum
437 2326 635 2363 communis
664 2326 717 2362 rei
739 2325 824 2362 vitio
849 2324 1048 2370 contigerit.
1097 2324 1194 2370 quod
1217 2324 1258 2367 si,

169 2373 254 2419 quia
269 2373 361 2409 alter
378 2382 459 2407 eum
482 2375 666 2417 presserat
687 2371 743 2407 vel
762 2374 985 2412 oneraverat,
1006 2369 1141 2405 idcireo
1159 2368 1259 2405 dam-

169 2429 253 2454 num
270 2418 428 2463 contigit,
454 2427 677 2463 consequens
695 2419 749 2452 est
772 2415 890 2452 dicere
914 2415 1163 2451 detrimentum
1177 2414 1259 2457 hoc,

169 2464 264 2509 quod
294 2462 467 2500 beneficio
493 2463 569 2498 eius
595 2462 789 2507 contingit,
820 2462 938 2506 ipsum
960 2460 1096 2496 sarcire
1120 2459 1259 2496 debere.

169 2508 266 2554 quod
288 2509 319 2544 si
335 2507 533 2555 aequaliter
555 2507 743 2553 utriusque
763 2507 934 2542 oneribus
946 2515 1094 2551 pressus
1119 2505 1260 2548 decidit,

168 2554 362 2591 rectissime
378 2553 531 2589 Sabinus
547 2553 703 2598 scripsit,
727 2553 889 2598 parem¹¹
909 2551 1096 2596 utriusque
1114 2560 1261 2586 causam

168 2610 258 2637 esse.
305 2599 369 2636 sed
383 2600 410 2620 ¹²
440 2598 473 2635 si
501 2598 593 2634 alter
615 2598 737 2644 plures
759 2597 816 2634 vel
838 2596 1067 2643 pretiosiores
1091 2606 1148 2632 res
1172 2595 1260 2631 ami-

168 2644 272 2688 serit,
303 2645 429 2680 melius
453 2647 508 2679 est
532 2644 670 2686 dicere,
703 2643 788 2688 quia
811 2643 916 2678 ambo
941 2652 1052 2678 onera
1081 2641 1260 2693 imposue-

169 2695 271 2732 runt,
302 2690 423 2725 neutri
452 2689 626 2725 adversus
657 2689 807 2724 alterum
837 2690 1040 2733 competere
1070 2691 1257 2723 actionem.

170 2738 190 2771 2
237 2735 412 2780 Quotiens
444 2745 488 2770 ex
519 2733 640 2770 damni
662 2733 787 2770 infecti
808 2733 931 2787 plures
955 2736 1084 2778 agunt,
1116 2731 1203 2777 quia
1223 2733 1261 2767 in

170 2780 294 2816 eadem
315 2791 356 2816 re
372 2779 542 2816 damnum
563 2780 664 2826 passi
687 2782 783 2822 sunt,
806 2778 845 2814 id
868 2781 924 2814 est
944 2777 983 2814 in
1005 2777 1162 2821 aedibus,
1186 2788 1260 2813 non

170 2826 277 2862 debet
306 2827 551 2871 unusquisque
581 2835 706 2861 eorum
735 2824 774 2860 in
804 2823 958 2860 solidum
981 2833 1104 2869 agere,
1135 2822 1200 2858 sed
1221 2822 1260 2858 in

170 2874 309 2952 &artem
328 2870 497 2916 experiri:
522 2880 639 2916 neque
663 2870 756 2906 enim
780 2868 960 2911 damnum,
985 2867 1083 2914 quod
1094 2867 1259 2914 pluribus

217 2920 295 2952 tum
318 2919 390 2960 est,
422 2916 616 2961 unicuique
644 2915 684 2951 in
707 2914 861 2951 solidum
885 2913 1010 2949 datum
1034 2917 1105 2956 est,
1136 2912 1200 2949 sed
1222 2913 1260 2948 in

170 2965 310 3007 partem
339 2960 462 2996 datum
502 2971 581 2997 esse
618 2960 770 2997 videtur.
817 2963 854 2996 et
882 2959 963 2995 ideo
993 2958 1189 3004 unicuique
1220 2958 1258 2993 in

172 3011 191 3042 3
264 3011 378 3042 artem
395 3010 596 3051 competere
611 3006 789 3042 actionem
805 3004 968 3041 Iulianus
981 3004 1137 3050 scripsit.
1168 3003 1259 3039 Item

171 3053 202 3088 si
217 3063 241 3098 p
256 3052 372 3087 urium
389 3051 461 3087 sint
473 3051 589 3095 aedes,
606 3061 699 3097 quae
715 3050 910 3087 damnosae
924 3049 1119 3091 imminent,
1138 3051 1260 3084 utrum

173 3098 346 3134 adversus
369 3106 656 3142 unumquemque
680 3096 903 3132 dominorum
925 3095 964 3132 in
985 3093 1138 3131 solidum
1162 3104 1259 3130 com-

198 3143 262 3178 etit
291 3152 340 3179 an
369 3142 407 3178 iii
436 3142 600 3187 partem?
645 3145 683 3178 et
714 3140 860 3187 scripsit
887 3140 1068 3185 Iulianus,
1104 3138 1200 3185 quod
1222 3142 1260 3175 et

172 3154 326 3224 gabinus
360 3187 510 3233 probat,
576 3197 617 3222 ro
658 3186 841 3222 dominicis
879 3185 1044 3239 partibus
1080 3183 1261 3221 conveniri

172 3237 193 3268 4
240 3243 301 3269 eos
325 3243 347 3268 o
373 3235 502 3268 ottere.
576 3231 589 3267 i
610 3231 733 3277 plures
758 3231 892 3267 domini
915 3231 987 3267 sint
1009 3230 1168 3271 aedium,
1199 3229 1260 3274 qui

172 3278 293 3314 damni
312 3278 320 3285 “
365 3277 435 3313 ecti
453 3276 523 3313 sibi
539 3277 744 3322 prospicere
759 3277 893 3319 volunt,
917 3286 985 3312 nec
1002 3275 1190 3321 quisquam
1209 3275 1261 3311 eis

172 3323 293 3359 damni
314 3322 438 3358 infecti
456 3325 592 3364 caveat,
614 3321 779 3357 mittendi
800 3331 923 3357 omnes
941 3321 981 3356 in
998 3320 1261 3366 possessionem

171 3372 279 3405 erunt
301 3372 338 3405 et
360 3367 502 3414 quidem
525 3366 735 3413 aequalibus
758 3367 939 3411 partibus,
962 3365 1121 3411 quamvis
1145 3364 1260 3401 diver-

172 3413 444 3496 ffipgffionoe
474 3413 619 3449 dominu·
594 3411 616 3421 '⁸
649 3411 860 3448 habuerint:
892 3417 930 3448 et
958 3411 1011 3447 ita
1039 3409 1261 3456 Pomponius

268 3470 281 3495 i

1242 118 1325 166 600
1555 108 1608 161 Ἃ»

1495 6 1566 105 (ἢ

1937 133 1998 163 ΒΕ
2027 131 2187 166 Dauno
2216 131 2410 165 lumem

1371 242 1421 279 41
1450 242 1679 280 Poupomvs
1699 243 1790 280 libro
1815 243 2009 280 vicensimo
2025 243 2150 292 primo
2173 243 2224 280 ad
2238 243 2410 282 Sabinum

1324 287 1368 323 In
1386 286 1578 324 reficiendo
1598 288 1776 324 communi
1794 288 1932 334 pariete
1950 287 1984 324 ei
2002 287 2124 333 potius
2141 288 2298 325 facultas
2314 289 2412 326 aedi·

1324 332 1458 369 ficandi
1470 335 1686 386 praestatur,
1713 333 1774 379 qui
1791 333 1903 378 magis
1923 333 2052 369 idonee
2070 333 2217 370 reficere
2239 334 2412 379 parietem

1326 377 1421 414 velit.
1468 377 1633 424 idemque
1657 378 1847 414 dicendum
1878 382 1933 414 est
1957 382 1994 414 et
2016 378 2048 414 si
2071 377 2116 414 de
2137 378 2263 415 eodem
2284 379 2413 417 itinere

1325 422 1449 459 rivove
1471 423 1663 459 reficiendo
1687 423 1782 460 inter
1805 423 1894 460 duos
1919 424 1972 460 vel
1995 423 2116 469 plures
2140 428 2345 469 quaeratur.

1370 465 1426 505 42
1450 467 1644 504 lvmzws
1671 467 1761 505 libro
1795 469 2120 515 quinquaqensimo
2144 474 2270 505 octavo
2295 469 2411 516 diqes-

1325 517 1443 549 torum
1491 512 1531 549 Si
1553 523 1676 549 servus
1701 513 1896 550 communis
1927 513 2048 549 damni
2070 512 2197 549 infecti
2219 514 2412 560 stipulatus

1324 557 1464 601 fuisset,
1489 558 1638 603 perinde
1661 558 1834 600 habetur,
1864 569 1908 594 ac
1931 559 1963 595 si
1985 558 2057 605 ipsi
2080 558 2214 594 domini
2237 569 2304 596 sua
2326 570 2412 596 voce

1324 613 1392 649 pro
1441 603 1580 639 artibus
1604 602 1652 639 sti
1677 603 1873 640 ularentur.

1326 693 1334 702 ,
1369 615 1623 701 43pAL1⁷p1ws
1653 658 1755 701 asos
1764 649 1855 685 libro
1867 649 2024 685 secundo
2037 648 2257 696 diqestorum
2280 648 2413 685 Damni

1323 693 1450 730 infecti
1473 693 1617 739 quidam
1634 693 1751 729 vicino
1766 694 2054 739 repromisserat:
2080 704 2125 731 ex
2149 694 2224 730 eius
2248 694 2412 730 aedificio

1325 739 1467 784 tegulae
1504 742 1609 775 vento
1642 738 1802 776 deiectae
1835 739 2040 775 ceciderant
2069 738 2107 775 in
2135 738 2245 775 vicini
2274 739 2412 784 tegulas

1325 783 2411 874 ffiussssssssss‘ssge‘ss‘fio3AE2⁶⁸23uffiass⁸‘ad⁸i¹icffffl¹2iinffi'

1582 856 1590 864 ο
1831 856 1840 871 ‚
2397 849 2411 857 “

1325 878 1401 910 tate
1424 874 1561 910 factum
1584 878 1689 917 esset,
1714 874 1844 910 debere
1867 873 2059 919 praestari:
2093 874 2158 910 sed
2180 873 2212 910 si
2235 878 2338 910 tanta
2360 875 2412 911 vis

1325 919 1422 955 venti
1451 919 1594 962 fuisset,
1630 923 1670 956 ut
1693 918 1852 965 quamvis
1876 918 1979 954 firma
2001 918 2166 955 aedificia
2189 919 2412 961 convelleret,

1325 975 1398 1001 non
1422 965 1562 1000 debere.
1611 968 1648 1001 et
1704 964 1776 1000 uod
1806 964 1844 999 in
1877 963 2109 1009 stipulatione
2133 968 2187 1000 est
2218 964 2304 1000 ‘sive
2327 964 2413 1010 quid

1326 1010 1378 1046 ibi
1401 1010 1504 1052 ruet’,
1535 1020 1609 1046 non
1639 1010 1673 1045 vi
1700 1009 1753 1046 eri
1776 1008 1846 1045 sibi
1869 1019 1991 1051 ruere,
2015 1008 2113 1054 quod
2135 1013 2199 1045 aut
2221 1012 2326 1045 vento
2350 1015 2414 1045 aut

1326 1055 1471 1091 omnino
1502 1054 1624 1100 aliqua
1653 1055 1689 1090 vi
1718 1055 1940 1091 extrinsecus
1970 1053 2115 1091 admota
2148 1053 2312 1098 caderet,
2350 1055 2413 1091 sed

1329 1104 1343 1135 1
1394 1100 1491 1145 quod
1523 1100 1643 1145 ipsum
1679 1110 1744 1145 per
1781 1110 1820 1135 se
1860 1099 2073 1135 concideret.
2122 1099 2211 1136 Cum
2241 1100 2413 1145 parietem

1326 1155 1548 1181 communem
1579 1144 1768 1181 aedificare
1792 1145 1870 1190 quis
1896 1155 1976 1180 cum
1998 1144 2116 1180 vicino
2140 1145 2264 1187 vellet,
2294 1144 2412 1190 prius-

1326 1201 1432 1235 quam
1446 1194 1605 1226 veterem
1621 1190 1806 1226 demoliret
1819 1190 1856 1233 ¹⁴,
1881 1189 2002 1225 damni
2018 1189 2144 1226 infecti
2159 1189 2274 1225 vicino
2289 1200 2413 1235 repro·

1325 1236 1422 1271 misit
1445 1235 1605 1281 adeoque
1619 1238 1647 1258 ²⁵
1677 1235 1911 1280 restipulatus
1934 1239 2007 1271 est:
2037 1238 2270 1288 posteaquam
2294 1234 2414 1280 paries

1327 1281 1489 1317 sublatus
1518 1284 1614 1317 esset
1642 1285 1678 1316 et
1691 1282 1719 1302 ’Β
1748 1281 1971 1316 habitatores
2003 1290 2049 1315 ex
2076 1279 2203 1315 vicinis
2234 1280 2413 1316 cenaculis

1326 1327 1578 1372 emigrassent,
1610 1326 1747 1361 vicinus
1770 1326 1818 1362 ab
1841 1336 1884 1362 eo
1908 1325 2118 1369 mercedem,
2142 1335 2249 1378 quam
2271 1324 2415 1361 habita-

1326 1377 1422 1408 tores
1446 1382 1518 1407 non
1540 1370 1746 1413 redderent,
1772 1374 1894 1416 petere
1918 1370 2008 1406 vult:
2045 1374 2246 1416 quaesitum
2270 1375 2335 1414 est,
2367 1380 2415 1406 an

1327 1421 1426 1453 recte
1448 1421 1557 1462 petet.
1592 1416 1779 1462 respondit
1796 1427 1869 1452 non
1893 1415 2096 1461 oportuisse
2114 1425 2187 1459 eos,
2213 1426 2294 1451 cum
2318 1426 2414 1452 com·

1326 1472 1468 1498 munem
1496 1462 1671 1542 parietem
1701 1461 1948 1503 aedificarent,
1980 1461 2075 1497 inter
2106 1471 2145 1497 se
2167 1461 2415 1507 repromittere

1325 1518 1371 1544 ne
1396 1518 1441 1543 ue
1471 1508 1545 1543 ulo
1577 1507 1683 1543 modo
1715 1508 1865 1542 alterum
1898 1507 1944 1542 ab
1976 1506 2089 1542 altero
2121 1505 2201 1551 cogi
2234 1506 2413 1551 potuisse:

1327 1563 1365 1589 se
1406 1553 1439 1589 si
1452 1553 1606 1588 maxime
1624 1552 1912 1598 repromitterent
1925 1553 1964 1593 ¹⁷,
1988 1556 2108 1587 tamen
2122 1562 2196 1587 non
2211 1552 2415 1597 oportuisse

1327 1598 1479 1643 amplius
1512 1608 1619 1651 quam
1649 1597 1763 1643 partis
1796 1596 1979 1639 dimidiae,
2013 1607 2083 1641 quo
2107 1596 2261 1642 amplius
2283 1607 2330 1633 ne
2353 1606 2414 1633 ex·

1329 1643 1442 1678 trario
1475 1643 1616 1688 quidem
1646 1642 1853 1688 quisquam,
1885 1652 1967 1677 cum
1996 1641 2171 1687 parietem
2193 1652 2415 1677 communem

1327 1688 1554 1731 aedificaret,
1586 1687 1834 1733 repromittere
1858 1687 2016 1723 deberet.
2063 1686 2128 1723 sed
2175 1687 2320 1723 uoniam
2343 1686 2414 1723 iam

1327 1733 1365 1768 in
1387 1737 1504 1769 totum
1528 1733 1832 1778 repromisissent‚
1863 1742 1985 1775 omne,
2018 1731 2116 1777 quod
2169 1731 2348 1768 etrimenti
2371 1743 2415 1768 ex

1329 1783 1349 1813 2
1395 1778 1560 1814 mercede
1578 1778 1717 1814 vicinus
1733 1777 1889 1820 fecisset,
1914 1780 2190 1822 praestaturum.
2215 1777 2316 1814 Idem
2329 1788 2414 1814 con-

1327 1823 1480 1867 sulebat,
1504 1829 1685 1869 possetne,
1711 1823 1808 1868 quod
1831 1823 1877 1858 ob
1898 1833 1977 1858 eam
1999 1833 2075 1858 rem
2098 1822 2265 1866 dedisset,
2289 1833 2415 1859 rursus

1326 1873 1498 1914 repetere,
1524 1869 1692 1914 quoniam
1711 1868 1944 1914 restipulatus
1964 1871 2058 1910 esset
2081 1877 2104 1903 a
2126 1867 2255 1910 vicino,
2280 1868 2312 1904 si
2330 1868 2415 1914 quid

1328 1915 1375 1950 ob
1399 1925 1478 1950 eain
1500 1925 1586 1957 rem,
1612 1914 1709 1960 quod
1731 1913 1783 1950 ibi
1802 1913 2070 1949 aedificatum¹⁸
2093 1918 2198 1957 esset,
2223 1912 2293 1949 sibi
2315 1913 2414 1949 dam·

1327 1971 1412 1995 num
1436 1960 1560 1995 datum
1584 1964 1696 2002 esset,
1721 1959 1757 1995 id
1780 1959 1897 2000 reddi,
1933 1969 2015 1994 cum
2037 1962 2075 1994 et
2096 1958 2214 2004 ipsam
2235 1958 2330 1994 hanc
2352 1969 2414 2004 pe·

1329 2004 1489 2048 cuniam,
1525 2015 1632 2050 quam
1664 2004 1784 2046 daret,
1820 2007 1969 2049 propter
2002 2003 2093 2039 illud
2122 2014 2214 2049 opus
2237 2003 2413 2049 perderet.

1327 2050 1515 2096 respondit
1534 2061 1607 2086 non
1630 2060 1737 2103 posse
1752 2053 1952 2130 (propterea
1975 2048 2060 2094 quia
2082 2059 2155 2084 non
2175 2048 2293 2094 operis
2317 2049 2414 2092 vitio,

1328 2095 1392 2132 sed
1414 2105 1461 2131 ex
1483 2096 1714 2141 stipulatione
1737 2094 1749 2129 i
1797 2095 1987 2130 amitteret.

1373 2139 1429 2178 44
1446 2141 1673 2176 AFRICANUS
1686 2141 1776 2176 libro
1793 2150 1888 2175 nono
1904 2140 2154 2185 quaestionum
2186 2139 2276 2175 Cum
2290 2143 2415 2184 postu-

1327 2186 1478 2229 lassem,
1513 2190 1556 2221 ut
1576 2186 1666 2222 mihi
1689 2184 1811 2221 damni
1840 2183 1966 2220 infecti
1989 2184 2236 2230 promitteres,
2267 2183 2415 2219 noluisti

1329 2235 1365 2266 et
1388 2231 1489 2278 prius
1515 2241 1600 2267 uam
1629 2235 1776 2276 praetor
1799 2230 1976 2273 adiretur,
2016 2229 2124 2265 aedes
2153 2235 2238 2266 tuae
2270 2240 2414 2265 corrue-

1328 2280 1414 2312 runt
1437 2280 1474 2312 et
1521 2286 1665 2312 amnum
1687 2275 1775 2311 mihi
1799 2275 1991 2311 dederunt:
2049 2274 2144 2310 otius
2177 2284 2255 2311 esse
2278 2274 2345 2317 ait,
2376 2279 2415 2310 ut

1328 2322 1418 2357 nihil
1448 2321 1532 2357 novi
1559 2325 1707 2367 praetor
1738 2320 1957 2356 constituere
1981 2320 2024 2356 de
2050 2324 2110 2356 eat
2139 2323 2177 2356 et
2198 2330 2277 2356 mea
2307 2319 2416 2365 culpa

1329 2367 1497 2402 damnum
1514 2365 1582 2403 sim
1604 2376 1746 2412 passus,
1771 2366 1833 2411 qui
1846 2367 1873 2387 ¹⁹
1895 2365 2034 2402 tardius
2053 2364 2209 2411 experiri
2226 2365 2413 2411 coeperim.

1329 2415 1367 2448 at
1397 2412 1430 2448 si
1462 2423 1544 2448 cum
1573 2416 1719 2457 praetor
1750 2415 1791 2446 ut
1813 2410 2041 2456 promitteres
2075 2409 2290 2446 decrevisset
2319 2414 2357 2446 et
2378 2413 2415 2445 te

1328 2468 1401 2493 non
1423 2457 1654 2502 promittente
1685 2457 1739 2492 ire
1761 2467 1818 2492 me
1840 2455 1879 2491 iu
1901 2454 2165 2501 possessionem
2188 2454 2354 2492 iussisset
2377 2460 2413 2491 et

1327 2503 1440 2548 prius,
1465 2513 1572 2547 quam
1596 2512 1638 2538 eo
1662 2501 1849 2545 venissem,
1873 2503 2103 2543 corruerunt,
2126 2499 2273 2546 perinde
2296 2500 2415 2537 omnia

1329 2548 1505 2584 servanda
1516 2557 1595 2584 esse
1612 2547 1837 2588 existimavit,
1862 2550 1970 2591 atque
1986 2545 2019 2582 si
2030 2549 2266 2591 posteaquam
2279 2545 2319 2581 iii
2329 2556 2413 2591 pos·

1332 2596 1346 2628 1
1397 2594 1592 2629 sessionem
1614 2592 1788 2636 venissem
1810 2591 1979 2628 damnum
1999 2591 2121 2626 datum
2143 2594 2251 2627 esset.
2283 2590 2416 2626 Damni

1328 2638 1452 2674 infecti
1487 2637 1631 2674 nomine
1667 2637 1708 2673 in
1743 2636 2006 2691 possessionem
2036 2636 2167 2673 missus
2223 2635 2414 2672 ossidendo

1329 2683 1525 2719 dominium
1556 2683 1670 2730 cepit,
1703 2682 1831 2719 deinde
1862 2681 2018 2718 creditor
2048 2691 2122 2718 eas·
2142 2691 2185 2717 ae
2210 2691 2249 2718 es
2272 2680 2309 2727 p’
2359 2681 2414 2717 ori

1328 2729 1399 2764 sibi
1418 2729 1594 2774 obligatas
1612 2727 1782 2775 persequi
1799 2727 1924 2764 vult20.
1959 2737 2033 2763 non
2055 2726 2132 2763 sine
2153 2726 2293 2762 ratione
2343 2725 2413 2763 ‘ce-

1326 2779 1397 2817 tur,
1422 2774 1494 2810 nisi
1511 2774 1703 2827 impensas,
1728 2783 1819 2819 quas
1841 2772 1880 2808 in
1896 2771 2126 2808 refectionem
2149 2771 2306 2815 fecerim,
2326 2771 2413 2807 mihi

1326 2824 1511 2865 praestare
1534 2824 1582 2855 sit
1603 2823 1772 2865 paratus,
1803 2816 2033 2854 inhibendam
2058 2817 2229 2853 adversus
2252 2827 2309 2853 me
2330 2827 2413 2862 per-

1327 2866 1557 2901 secutionem.
1613 2875 1678 2900 cur
1707 2874 1792 2908 ergo
1823 2874 1897 2898 non
1928 2862 2080 2908 emptori
2111 2872 2251 2908 quoque
2281 2861 2319 2897 id
2348 2862 2412 2897 tri—

1326 2910 1507 2946 buendum
1522 2913 1587 2953 est,
1609 2909 1640 2945 si
1654 2909 1748 2946 forte
1765 2908 1844 2954 quis
1860 2908 2014 2944 insulam
2028 2908 2249 2953 pigneratam
2265 2907 2413 2943 emerit?

1327 2966 1399 2991 non
1421 2958 1518 2991 recte
1540 2955 1631 2990 haec
1658 2954 1754 2990 inter
1781 2964 1820 2990 se
1852 2953 2175 3006 comparabuntur,
2207 2952 2349 2997 quando
2380 2952 2412 2987 is

1327 3000 1388 3047 qui
1411 3000 1497 3036 emit
1519 3010 1586 3036 sua
1609 2999 1793 3035 voluntate
1815 3003 1997 3044 negotium
2019 3001 2121 3043 gerat
2150 2996 2302 3042 ideoque
2333 2996 2412 3033 dili-

1324 3045 1466 3092 gentius
1496 3055 1520 3081 a
1549 3044 1731 3081 venditore
1759 3044 1829 3080 sibi
1857 3053 1982 3080 cavere
2005 3048 2043 3079 et
2062 3043 2178 3088 possit
2202 3047 2242 3078 et
2264 3042 2412 3079 debeat:

1326 3090 1422 3137 quod
1449 3101 1523 3126 non
1551 3100 1594 3126 ae
1619 3100 1664 3126 ue
1696 3095 1733 3126 et
1762 3090 1807 3126 de
1839 3100 1899 3132 eo,
1931 3089 1990 3124 cui
2012 3087 2132 3123 damni
2153 3086 2276 3124 infecti
2287 3089 2315 3110 2¹
2340 3098 2412 3123 non

1326 3136 1567 3182 promittatur,
1619 3135 1664 3171 'ci
1713 3137 1817 3172 otest.

1373 3180 1427 3218 45
1444 3179 1647 3217 semrom
1665 3180 1690 3216 le
1734 3191 1757 3216 ο
1771 3179 1981 3217 duodecimo
2045 3178 2244 3214 aestionum
2254 3178 2287 3199 ²²
2300 3189 2324 3213 a
2338 3188 2411 3223 quo

1325 3226 1469 3273 fundus
1484 3229 1632 3273 petetur
1652 3227 1687 3261 si
1702 3236 1780 3261 rem
1798 3223 1890 3261 nolit
1932 3224 1967 3259 A
2014 3223 2021 3231 '
2051 3226 2170 3259 catum
2187 3222 2319 3258 habes:
2343 3232 2410 3267 ago

1326 3271 1393 3307 tibi
1414 3270 1472 3307 ius
1495 3280 1569 3306 non
1591 3280 1670 3307 esse
1692 3270 1842 3306 habere:
1866 3278 1940 3306 non
1961 3267 2133 3304 defendis.
2177 3266 2226 3303 ad
2246 3277 2304 3302 me
2325 3277 2409 3313 pos·

1327 3315 1440 3353 sessio
1462 3314 1711 3352 transferenda
1734 3319 1806 3358 est,
1834 3324 1909 3351 non
1936 3313 2078 3359 quidem
2100 3316 2142 3348 ut
2161 3312 2326 3366 protinus
2349 3311 2410 3347 de·

1327 3364 1489 3398 struatur
1518 3371 1610 3407 opus
1640 3361 1813 3407 (iniquum
1842 3358 1936 3396 enim
1963 3362 2020 3395 est
2043 3358 2304 3394 demohtionem
2325 3367 2410 3404 pro-

1326 3406 1423 3443 tinus
1445 3405 1556 3449 fieri),
1589 3405 1652 3442 sed
1675 3409 1717 3442 ut
1737 3405 1775 3441 id
1796 3404 1879 3447 flat,
1901 3403 1971 3440 nisi
1992 3403 2089 3440 intra
2111 3406 2246 3440 certum
2269 3406 2411 3449 tempus

1326 3451 1441 3498 egeris
1463 3451 1520 3487 ius
1542 3451 1609 3487 tibi
1630 3461 1709 3488 esse
1732 3449 1957 3487 aedificatum
1978 3449 2126 3486 habere.

173 3576 213 3616 (ι)
238 3573 395 3616 pai-tesF
803 3571 847 3611 (a)
871 3567 1005 3602 soletF
1106 3572 1147 3609 (4)
1172 3567 1258 3611 peti—

173 3619 298 3652 tionem
319 3616 372 3651 F²
471 3619 512 3657 (5)
539 3626 653 3650 cavere
672 3615 707 3650 F
826 3615 872 3655 (6)
896 3612 1157 3647 transferendam
1175 3612 1257 3647 Hal.

174 3667 216 3705 (τ)
241 3665 310 3696 teta
329 3663 362 3695 F
475 3662 520 3700 (s)
545 3659 844 3703 comprehendetur
861 3659 897 3692 F
990 3661 1034 3699 (ο)
1058 3657 1188 3692 excedit
1207 3656 1259 3692 11'²

175 3712 234 3750 (ιο)
259 3708 412 3741 invetere
425 3707 496 3739 eius
504 3705 599 3739 cultu
609 3707 668 3745 (εἰσ
676 3705 754 3746 Ρ),
763 3714 832 3738 ιιοιι
843 3703 903 3747 qui
916 3713 978 3737 noe
987 3703 1146 3746 adgravet
1155 3702 1259 3736 lauch

174 3754 231 3797 (ιι)
253 3754 413 3797 parietem
432 3754 465 3786 F
567 3753 627 3794 (ιι)
653 3753 686 3784 et
705 3751 767 3784 im.
782 3749 866 3783 Bm
979 3750 1038 3792 (is)
1062 3757 1215 3790 measque
1231 3746 1268 3782 F

496 3574 540 3613 (2)
563 3570 651 3614 prim
663 3570 697 3603 F

1326 3567 1384 3606 (w
1409 3564 1608 3598 demolirent
1618 3577 1680 3598 scr.
1763 3565 1822 3604 ((5)
1847 3563 1888 3596 ab
1901 3573 2005 3605 eoque
2019 3563 2103 3597 Bm
2180 3563 2240 3603 (ιο)
2264 3563 2298 3594 et
2309 3573 2367 3594 oni.
2383 3561 2417 3594 Γ

1328 3612 1386 3653 (ιτ)
1410 3610 1679 3653 repromitterent
1690 3610 1754 3644 del.
1802 3611 1863 3650 (ιε)
1881 3609 2007 3642 factum
2018 3604 2141 3643 iuml*
2187 3607 2249 3650 (ιο)
2267 3606 2347 3649 quin
2356 3605 2409 3639 F²

1328 3659 1391 3697 (²⁰)
1416 3653 1581 3696 vufflF',
1601 3653 1746 3688 velitF’
1841 3656 1900 3694 (21)
1925 3652 2141 3687 damninreoti
2155 3652 2190 3686 F
2276 3653 2338 3692 (22)
2364 3651 2406 3684 ti-

1326 3698 1399 3733 tulo
1411 3701 1471 3734 im.
1483 3711 1491 3733 ε
1515 3710 1536 3733 a
1547 3709 1614 3742 quo
1626 3699 1751 3733 fundus
1761 3701 1894 3742 petetur
1903 3699 1932 3731 si
1945 3709 2014 3732 rem
2026 3697 2114 3731 nolit
2125 3698 2186 3731 del.
2201 3695 2252 3731 F·
2339 3696 2343 3702 ’
