2528 3918
122 166 211 205 'PRo
235 167 431 204 HEREDE.
469 170 558 202 Pao
582 168 691 201 non.
728 166 817 199 PRO
841 163 1003 198 nnana.

125 284 253 321 dedero
278 287 315 320 et
338 284 457 320 soluta
479 281 633 329 pecunia
651 290 732 316 eum
750 279 846 315 Titio
868 277 1069 319 vendidero,
1095 275 1211 311 Titius

124 335 143 366 8
192 340 392 375 usucapere
423 340 494 364 non
525 327 669 373 poterit.
717 325 826 360 Liber
856 324 982 365 homo,
1021 322 1082 368 qui
1118 321 1214 373 bona

125 375 192 410 tide
215 376 319 410 nobis
344 374 467 416 servit,
502 373 613 408 isdem
642 370 756 406 modis
781 380 825 405 ex
847 380 886 404 re
910 373 1035 404 nostra
1059 367 1215 411 adquirit

123 421 242 462 nobis,
275 420 404 465 quibus
436 429 501 464 per
531 428 671 453 servum
703 419 866 451 nostrum
897 414 1087 457 adquirere
1119 411 1211 447 sole-

123 476 218 500 mus:
262 476 373 511 quare
411 465 505 500 sicut
541 461 748 505 traditione,
792 461 843 494 ita
880 459 1099 503 usucapione
1140 467 1212 492 rem

125 515 286 545 nostram
310 510 483 545 faciemus
507 507 760 542 interveniente
785 505 896 540 libera
919 514 1094 550 persona,
1124 506 1161 537 et
1185 502 1214 535 si

124 556 254 601 peculii
278 555 438 596 nomine,
470 553 567 598 quod
590 563 657 587 nos
681 551 781 595 sequi
806 550 929 593 debet,
963 549 1094 594 emptio
1128 558 1212 582 con-

123 605 241 635 tracta
264 600 383 641 fuerit,
408 599 516 634 etiam
539 599 746 642 ignorantes
770 596 1032 640 usucapiemus.

171 643 194 682 8
220 646 325 680 IDEM
354 645 445 680 libro
477 643 635 678 secundo
667 652 718 677 ex
746 640 892 676 Minicio
941 640 979 674 Si
1004 639 1101 684 quis,
1134 648 1214 673 cuni

124 692 233 726 sciret
248 690 465 725 venditorem
478 688 667 734 pecuniam
683 687 803 721 statim
820 689 1126 730 consumpturum,
1141 693 1214 717 ser-

124 748 185 771 vos
210 736 256 770 ab
282 746 323 770 eo
348 735 501 777 emisset,
531 733 689 778 plerique
714 731 977 777 responderunt
1000 740 1082 764 eum
1105 728 1214 763 nihilo

124 782 239 816 minus
270 781 367 815 bona
397 780 467 814 fide
498 782 692 823 emptorem
725 787 820 818 esse,
853 776 960 821 idque
991 775 1109 810 verius
1141 777 1213 808 est:

124 826 301 870 quomodo
319 825 411 860 enim
429 824 522 859 mala
536 823 607 858 fide
620 822 749 858 emisse
766 822 916 863 videtur,
942 820 1002 865 qui
1026 830 1048 855 a
1073 819 1215 854 domino

123 872 233 907 emit?
272 871 341 905 nisi
372 870 466 905 forte
498 873 533 903 et
564 869 613 910 is,
647 868 707 912 qui
738 878 760 902 a
783 867 968 902 luxurioso
993 869 1029 901 et
1051 864 1215 911 protinus

124 921 244 952 scorto
270 916 398 950 daturo
423 914 614 960 pecuniam
638 923 760 948 servos
785 913 888 954 emit,
920 922 992 947 non
1016 909 1215 955 usucapiet.

171 962 196 998 9
221 960 329 996 IDEM
349 961 439 996 libro
465 960 569 994 tertio
595 959 645 993 ad
674 958 834 993 Urseium
858 958 1029 993 Ferocem
1075 955 1144 1000 Qui
1171 955 1216 990 ob

123 1007 327 1053 pactionem
351 1005 527 1040 libertatis
552 1004 719 1039 ancillam
743 1003 911 1038 furtivam
943 1012 966 1037 a
987 1011 1089 1037 servo
1114 1010 1215 1035 acce-

124 1052 189 1098 pit,
213 1055 334 1097 potest
355 1054 500 1097 partum
525 1050 600 1085 eius
626 1049 729 1094 quasi
753 1052 892 1092 emptor
915 1056 1126 1092 usucapere.

175 1096 224 1134 10
248 1096 356 1132 IDEM
382 1096 473 1131 libro
497 1095 654 1130 secundo
679 1094 728 1129 ad
751 1093 939 1129 Minicium
988 1093 1120 1127 Servus
1153 1090 1215 1125 do-

124 1143 221 1177 mino
253 1141 435 1182 ancillam,
477 1151 583 1184 quam
616 1139 866 1185 subripuerat,
902 1149 969 1184 pro
1002 1137 1121 1183 capite
1152 1146 1217 1171 suo

126 1188 240 1223 dedit:
275 1197 317 1222 ea
341 1186 524 1231 concepit:
557 1185 757 1230 quaesitum
782 1188 853 1227 est,
878 1194 926 1219 an
950 1183 1114 1219 dominus
1139 1191 1219 1216 eum

125 1237 271 1279 partum
306 1241 506 1277 usucapere
537 1230 662 1276 possit.
718 1228 922 1275 respondit:
962 1228 1022 1263 hic
1054 1227 1218 1262 dominus

127 1278 229 1323 quasi
253 1282 394 1323 emptor
442 1280 561 1311 artum
584 1285 783 1321 usucapere
807 1278 943 1321 potest,
975 1282 1216 1317 namque>res

125 1325 159 1359 ei
189 1324 292 1360 abest
322 1333 388 1368 pro
445 1332 488 1356 ac
520 1321 667 1356 muliere
702 1324 738 1356 et
768 1322 920 1365 genere¹
959 1317 1218 1364 quodammodo

126 1368 281 1404 venditio
304 1367 398 1402 inter
421 1377 563 1402 servum
588 1370 623 1401 et
647 1366 827 1401 dominum
852 1368 1037 1401 contracta
1061 1367 1126 1399 est.

176 1412 222 1450 11
250 1413 476 1448 AFRICANUS
506 1412 597 1447 libro
630 1413 782 1458 septimo
815 1411 1066 1463 quaestionum
1117 1407 1221 1453 Quod

126 1459 229 1503 volgo
253 1458 426 1493 traditum
451 1461 506 1492 est
529 1467 621 1499 eum,
647 1457 707 1501 qui
731 1457 912 1491 existimat
931 1465 970 1491 se
989 1454 1075 1500 quid
1093 1454 1220 1489 emisse

126 1514 192 1539 nec
217 1503 356 1546 emerit,
381 1513 454 1538 non
478 1512 585 1548 posse
609 1512 674 1546 pro
700 1505 860 1547 emptore
884 1510 1102 1546 usucapere,
1132 1500 1220 1534 hac-

126 1554 231 1585 tenus
255 1559 378 1584 verum
402 1558 480 1583 esse
505 1548 571 1589 ait,
605 1547 635 1582 si
659 1547 793 1582 nullam
814 1547 948 1582 iustam
972 1555 1119 1581 causam
1144 1545 1220 1579 eius

128 1595 258 1630 erroris
282 1598 421 1639 emptor
443 1593 592 1628 habeat:
626 1603 710 1628 nam
734 1593 764 1628 si
787 1592 880 1628 forte
904 1601 1028 1627 servus
1053 1590 1109 1626 vel
1133 1600 1219 1636 pro—

128 1644 285 1682 curator,
312 1639 370 1674 cui
393 1638 577 1674 emendam
601 1648 677 1673 rem
699 1637 917 1679 mandasset,
941 1637 1165 1682 persuaserit
1189 1634 1221 1669 ei

128 1697 166 1722 sc
198 1685 326 1720 emisse
350 1688 458 1728 atque
488 1684 540 1718 ita
563 1682 770 1726 tradiderit,
806 1683 917 1728 magis
943 1692 1039 1724 esse,
1069 1685 1110 1716 ut
1134 1691 1220 1716 usu-

129 1742 172 1767 ca
198 1731 232 1765 io
257 1733 439 1775 sequatur.

173 1742 229 1813 {2
254 1775 500 1811 Pammmos
526 1774 616 1810 libro
640 1774 778 1809 decimo
803 1783 1060 1820 responsorum
1106 1771 1220 1806 Misso

128 1820 300 1866 legatario
323 1820 362 1855 in
378 1819 641 1866 possessionem
661 1829 718 1854 res
735 1829 802 1864 pro
821 1822 980 1864 emptore
1000 1817 1219 1862 usucapiun-

129 1872 189 1902 tur
212 1867 311 1902 salva
333 1865 505 1911 praetorii
530 1864 687 1910 pignoris
713 1874 833 1899 causa.

179 1909 228 1949 13
254 1911 458 1947 SOAEVOLA
489 1911 579 1946 libro
604 1911 730 1955 quinto
754 1917 1011 1955 responsorum
1057 1907 1221 1943 Alienam

129 1968 249 1993 aream
286 1957 383 1991 bona
418 1955 489 1990 fide
527 1954 611 1990 emit
646 1958 684 1990 et
718 1958 801 1989 ante
831 1954 1015 1999 impletam
1047 1953 1222 1988 diutinam

128 2001 392 2049 possessionem
416 2000 606 2036 aedificare
631 2000 766 2045 coepit:
801 1999 860 2035 ei²
892 1998 1124 2035 denuntiante
1155 1998 1217 2033 do-

129 2049 224 2083 mino
257 2047 325 2082 soli
354 2046 448 2081 intra
479 2050 642 2091 tempora
673 2045 831 2080 diutinae
854 2044 1110 2091 possessionis,
1139 2054 1221 2089 per-

129 2093 320 2130 severavit:
346 2102 498 2137 quaero,
529 2096 650 2126 utrum
679 2090 909 2136 interpellata
940 2089 987 2125 sit
1015 2100 1063 2124 an
1094 2093 1222 2134 coepta

130 2138 320 2174 duraverit.
369 2136 555 2182 respondit
578 2136 775 2172 secundum
799 2146 841 2171 ea
865 2146 956 2181 quae
976 2145 1219 2181 proponeren-

129 2189 188 2220 tur
211 2194 284 2219 non
308 2192 387 2219 esse
411 2182 683 2227 interpellatam.

180 2228 231 2266 14
255 2228 486 2264 Soamoiss
519 2227 610 2262 libro
634 2227 825 2262 vicensimo
850 2226 977 2272 quinto
1002 2225 1223 2270 diqestorum

130 2275 327 2310 Intestatae
350 2272 483 2308 sororis
507 2271 688 2307 hereditas
713 2272 855 2307 obvenit
875 2270 1016 2306 duobus
1037 2270 1221 2311 fratribus,

131 2330 283 2366 quorum
307 2319 399 2354 alter
422 2318 552 2353 absens
578 2321 671 2360 erat,
705 2317 797 2352 alter
827 2326 1017 2363 praesens:
1048 2325 1222 2368 praesens

131 2365 239 2400 etiam
263 2364 421 2400 absentis
446 2373 592 2398 causam
616 2363 755 2407 agebat,
781 2373 825 2397 ex
845 2372 915 2407 qua
935 2360 1134 2396 hereditate
1155 2371 1220 2396 suo

131 2415 168 2446 et
198 2410 322 2445 fratris
355 2409 411 2445 sui
442 2409 585 2444 nomine
621 2407 771 2443 fundum
805 2409 843 2442 in
877 2407 1029 2442 solidum
1064 2405 1223 2441 vendidit

131 2456 245 2491 Lucio
271 2455 366 2490 Titio
397 2455 493 2489 bona
522 2453 592 2489 fide
623 2454 772 2489 ementi:
804 2453 1004 2499 quaesitum
1036 2454 1107 2495 est,
1140 2461 1222 2486 cum

131 2501 254 2537 scierit
276 2504 414 2546 partem
437 2499 539 2534 fundi
563 2499 721 2535 absentis
745 2509 835 2541 esse,
861 2509 908 2532 an
932 2501 1047 2533 totum
1069 2496 1221 2531 fundum

126 2547 238 2591 longa
267 2545 494 2592 possessione
525 2545 669 2590 ceperit.
718 2543 921 2590 respondit,
954 2542 985 2578 si
1015 2542 1223 2578 credidisset

128 2591 304 2627 mandatu
327 2590 449 2626 fratris
472 2590 622 2632 venisse,
651 2600 716 2635 per
739 2590 883 2634 longum
906 2593 1046 2633 tempus
1072 2588 1221 2633 cepisse.

645 2725 718 2766 V⁴.

246 2795 332 2828 PRO
355 2793 550 2827 EEREDE
573 2792 690 2826 VEL-¹·
714 2792 800 2824 PRO
825 2789 1111 2824 POSSESSORE.

184 2860 202 2898 1
237 2860 466 2896 Poupomvs
493 2859 583 2895 libro
615 2859 824 2905 triqensimo
853 2857 1009 2893 seeundo
1041 2856 1092 2892 ad
1118 2855 1223 2892 Sabi-

134 2918 218 2942 num
265 2906 336 2941 Pro
361 2904 493 2940 herede
516 2914 559 2939 ex
582 2904 650 2939 vivi
674 2903 777 2939 bonis
805 2903 893 2938 nihil
916 2902 1068 2948 usucapi
1092 2905 1221 2947 potest,

133 2951 272 2988 etiamsi
295 2960 483 2997 possessor
505 2949 637 2984 mortui
660 2960 735 2985 rem
759 2948 871 2984 fuisse
895 2948 1160 2983 existimaverit.

180 2995 206 3034 2
229 2996 423 3032 IULIANUS
452 2995 542 3031 libro
572 2995 875 3040 quadraqensimo
905 2997 1037 3039 quarto
1067 2993 1221 3038 diqesto—

133 3054 214 3077 rum
261 3041 329 3085 Qui
359 3041 556 3086 legatorum
586 3040 838 3075 servandorum
871 3048 983 3074 causa
1011 3037 1050 3073 in
1078 3047 1221 3083 posses-

134 3088 269 3123 sionem
300 3086 470 3127 mittitur,
503 3096 575 3120 non
606 3085 810 3130 interpellat
838 3083 1101 3129 possessionem
1132 3082 1221 3123 eius,

135 3133 196 3177 qui
219 3143 285 3178 pro
308 3131 440 3167 herede
463 3130 649 3175 usucapit:
683 3129 868 3165 custodiae
894 3129 988 3164 enim
1013 3138 1123 3164 causa
1146 3138 1222 3162 rem

133 3182 242 3213 tenet.
291 3176 377 3222 quid
399 3186 483 3220 ergo
507 3178 588 3211 est?
623 3174 730 3210 etiam
753 3174 898 3220 impleta
921 3173 1142 3219 usucapione
1165 3173 1222 3208 ius

134 3223 171 3269 pi
220 3222 291 3258 oris
320 3222 504 3263 retinebit,
541 3224 582 3255 ut
612 3230 684 3255 non
715 3219 814 3265 prius
845 3219 1023 3261 discedat,
1054 3228 1161 3262 quam
1192 3218 1222 3253 si

134 3233 292 3303 soffitum
317 3267 349 3302 ei
371 3267 528 3311 legatum
551 3265 659 3300 fuerit
683 3269 746 3299 aut
769 3274 811 3299 eo
834 3264 977 3299 nomine
998 3263 1219 3299 satisdatum.

138 3316 153 3348 1
203 3312 307 3356 Quod
330 3312 431 3356 volgo
455 3311 691 3357 respondetur
715 3319 860 3344 causam
891 3309 1128 3355 possessionis
1159 3319 1220 3343 ne-

135 3358 264 3393 minem
296 3357 364 3392 sibi
394 3361 532 3391 mutare
564 3365 689 3400 posse,
721 3355 772 3389 sic
804 3354 1051 3399 accipiendum
1075 3357 1148 3396 est,
1181 3356 1222 3387 ut

135 3402 315 3448 possessio
345 3412 418 3437 non
449 3402 563 3437 solum
593 3400 722 3442 civilis,
753 3400 815 3434 sed
838 3400 945 3434 etiam
968 3399 1143 3434 naturalis
1167 3399 1220 3433 in-

134 3448 333 3492 tellegatur.
381 3450 417 3482 et
445 3450 636 3491 propterea
667 3454 878 3489 responsum
908 3447 962 3479 est
985 3454 1100 3489 neque
1124 3444 1220 3479 colo-

134 3503 220 3527 num
251 3502 366 3537 neque
395 3502 493 3534 eum,
525 3490 622 3544 apud
653 3500 758 3535 quem
787 3499 845 3524 res
877 3488 1040 3534 deposita
1071 3493 1135 3524 aut
1164 3488 1222 3523 cui

136 3537 361 3574 commodata
385 3540 449 3580 est,
473 3536 565 3572 lucri
587 3535 742 3571 faciendi
766 3544 876 3570 causa
899 3545 965 3580 pro
984 3534 1115 3570 herede
1135 3544 1220 3569 usu-

1203 148 1290 197 663

1938 153 2130 199 XXXXI
2162 159 2200 199 4.
2224 159 2262 198 5.
2289 158 2326 198 6.
2352 160 2371 198 7

1283 279 1304 311 2
1355 285 1484 321 capere
1515 285 1634 321 posse.
1690 275 1821 313 Filium
1857 290 1999 325 quoque
2036 280 2205 315 donatam
2242 290 2317 316 rem
2355 291 2376 316 a

1282 325 1387 373 patre
1411 332 1477 374 pro
1492 321 1633 374 ’herede
1657 323 1798 366 negavit
1827 335 2025 370 usucapere
2049 325 2209 368 Servius,
2240 326 2377 361 scilicet

1284 368 1371 419 quw
1395 367 1625 402 eXlStimabat
1647 368 1847 403 naturalem
1870 371 2134 414 possessionem
2161 381 2270 416 penes
2295 382 2375 407 eum

1283 412 1397 447 tuisse
1428 412 1506 447 vivo
1539 415 1654 464 patre.
1703 413 1762 447 cui
1793 424 2015 459 consequens
2045 421 2117 458 est,
2157 421 2197 451 ut
2227 416 2322 452 filius
2355 428 2376 452 a

1283 460 1388 502 patre
1420 457 1525 493 heres
1556 457 1741 492 institutus
1771 468 1828 493 res
1860 460 2092 496 hereditarias
2124 472 2146 496 a
2174 466 2278 506 patre
2309 463 2376 498 sibi

1285 503 1439 537 donatas
1463 513 1528 547 pro
1553 507 1657 547 parte
1681 503 1896 538 coheredum
1920 516 2118 551 usucapere
2148 518 2220 542 non
2249 509 2373 553 possit.

1331 546 1356 586 3
1389 548 1619 583 Pomozvms
1647 548 1739 584 libro
1768 549 1957 584 vicensimo
1991 553 2094 586 tercio
2127 553 2176 587 ad
2208 552 2373 596 Quintum

1284 593 1447 629 Mucium
1494 593 1662 638 Plerique
1686 597 1911 638 putaverunt,
1938 595 1968 630 si
1991 595 2094 632 heres
2119 598 2185 632 sim
2203 602 2240 633 et
2255 602 2376 643 putem

1284 650 1360 674 rem
1385 639 1541 683 aliquam
1567 649 1610 673 ex
1633 639 1833 674 hereditate
1856 649 1935 674 esse
1959 651 2051 685 quae
2080 652 2153 677 non
2176 644 2238 686 sit,
2270 654 2378 689 posse

1286 695 1342 720 me
1365 694 1576 729 usucapere.

1332 729 1358 766 4
1391 729 1551 765 Panos
1578 730 1669 766 libro
1702 730 1828 776 quinto
1861 730 1911 765 acl
1941 730 2053 777 lcqem
2083 731 2215 768 Iuliam
2248 737 2283 768 et
2308 733 2377 768 Ρα-

1279 777 1385 822 piam
1434 775 1588 810 Constat
1611 786 1703 819 eum,
1731 775 1791 820 qui
1814 777 2018 811 testamenti
2042 777 2234 814 factionem
2257 779 2377 819 habet,

1287 832 1353 866 pro
1377 821 1508 856 herede
1533 831 1732 867 usucapere
1755 831 1874 867 posse.

1786 958 1876 1000 V1⁷.

1681 1027 1768 1060 PRo
1793 1027 1988 1060 noNATO.

1339 1093 1356 1131 1
1386 1093 1441 1129 ΡΑ
1451 1104 1546 1130 ULUS
1572 1093 1664 1129 libro
1697 1094 2024 1140 quinquaqensimo
2082 1098 2186 1130 uario
2215 1096 2265 1130 ad
2288 1096 2379 1132 edic-

1290 1143 1363 1174 tum
1410 1139 1483 1174 Pro
1514 1139 1647 1175 donato
1678 1139 1709 1174 is
1742 1139 1928 1184 usucapit,
1964 1139 2022 1174 cui
2071 1140 2247 1175 onationis
2273 1151 2381 1177 causa

1288 1195 1346 1221 res
1370 1185 1504 1220 tradita
1527 1188 1601 1220 est:
1630 1195 1697 1220 nec
1721 1184 1856 1220 sufficit
1882 1185 2039 1229 opinari,
2064 1185 2126 1220 sed
2151 1189 2187 1220 et
2211 1185 2381 1222 donatum

1293 1234 1307 1265 1
1358 1241 1436 1266 esse
1469 1233 1623 1276 oportet.
1677 1230 1715 1266 Si
1750 1234 1855 1275 pater
1887 1230 1961 1265 filio
2000 1240 2105 1275 quem
2138 1231 2173 1265 in
2205 1235 2382 1276 potestate

1289 1277 1399 1312 habet
1429 1276 1553 1320 donet,
1586 1275 1711 1311 deinde
1744 1275 1911 1318 decedat,
1944 1275 2038 1311 filius
2062 1287 2128 1321 pro
2153 1276 2285 1311 donato
2312 1288 2381 1312 non

1291 1324 1311 1356 2
1359 1322 1478 1367 capiet
1502 1333 1589 1364 usu,
1615 1321 1783 1366 quoniam
1807 1321 1906 1356 nulla
1931 1320 2077 1356 donatio
2101 1321 2181 1356 fuit.
2230 1321 2269 1357 Si
2290 1322 2384 1357 inter

1290 1368 1404 1403 virum
1427 1371 1464 1402 et
1487 1377 1635 1402 uxorem
1659 1367 1806 1402 donatio
1830 1366 1931 1401 facta
1955 1367 2017 1409 sit,
2052 1370 2171 1402 cessat
2195 1367 2381 1412 usucapio.

1290 1413 1374 1448 item
1406 1413 1437 1448 si
1469 1413 1521 1448 vir
1550 1412 1654 1448 uxori
1684 1422 1759 1447 rem
1790 1411 1976 1447 donaverit
1999 1416 2036 1447 et
2059 1412 2249 1447 divortium
2272 1413 2381 1448 inter-

1292 1458 1451 1500 cesserit,
1477 1468 1619 1493 cessare
1635 1457 1894 1502 usucapionem
1911 1457 2056 1493 Cassius
2076 1457 2270 1502 respondit,
2296 1469 2382 1503 quo-

1291 1504 1386 1538 niam
1418 1515 1491 1539 non
1522 1503 1638 1548 possit
1669 1513 1816 1538 causam
1845 1503 2083 1548 possessionis
2112 1503 2283 1548 sibiipsa
2305 1514 2382 1538 mu-

1290 1555 1387 1584 tare:
1421 1550 1511 1584 alias
1543 1549 1595 1584 ait
1625 1553 1710 1594 post
1739 1548 1929 1583 divortium
1960 1548 2012 1583 ita
2043 1551 2321 1593 usucapturam,
2354 1550 2383 1584 si

1290 1596 1394 1631 eam²³
1417 1595 1568 1630 maritus
1587 1594 1814 1638 concesserit,
1840 1594 1944 1638 quasi
1962 1604 2058 1629 nunc
2077 1594 2230 1630 donasse
2247 1594 2382 1629 intelle-

1289 1643 1406 1686 gatur.
1443 1640 1628 1686 possidere
1652 1642 1773 1675 autem
1797 1649 1946 1675 uxorem
1970 1650 2045 1675 rem
2069 1650 2092 1675 a
2114 1639 2189 1675 viro
2215 1639 2383 1675 donatam

1290 1686 1449 1722 Iulianus
1473 1689 1589 1731 putat.

1337 1729 1363 1768 2
1387 1731 1629 1767 MAnomws
1650 1730 1741 1766 libro
1765 1730 1958 1766 vicensimo
1981 1730 2140 1766 seeundo
2165 1730 2383 1777 diqestorum

1291 1777 1329 1813 Si
1352 1777 1402 1819 is,
1436 1776 1497 1822 qui
1525 1776 1703 1812 alienam⁹
1731 1786 1807 1811 rem
1831 1775 2032 1818 donaverit,
2057 1786 2226 1811 revocare
2251 1776 2383 1811 consti-

1291 1823 1401 1859 tuerit
1425 1822 1672 1864 donationem,
1706 1821 1845 1856 etiamsi
1871 1821 2042 1856 iudicium
2066 1820 2217 1857 ediderit
2240 1831 2385 1866 remque

1292 1868 1451 1913 coeperit
1473 1868 1665 1909 vindicare,
1692 1871 1812 1902 curret
1835 1866 2021 1912 usucapio.

1338 1912 1362 1952 3
1389 1913 1619 1949 POMPONIUS
1639 1913 1730 1948 libro
1755 1913 1952 1959 viqensimo
1978 1916 2109 1958 quarto
2142 1911 2191 1947 ad
2216 1911 2383 1955 Quintum

1292 1959 1454 1996 Mucium
1507 1959 1547 1994 Si
1577 1958 1630 1993 vir
1659 1958 1765 1993 uxori
1795 1957 1850 1993 vel
1881 1967 1974 1992 uxor
2003 1957 2080 1993 viro
2113 1957 2313 1999 donaverit,
2354 1958 2384 1992 si

1292 2006 1409 2041 aliena
1432 2015 1489 2040 res
1516 2004 1649 2039 donata
1671 2003 1796 2046 fuerit,
1828 2013 1952 2038 verum
1976 2007 2046 2045 est,
2072 2002 2168 2048 quod
2193 2002 2382 2038 Trebatius

1291 2051 1455 2097 putabat,
1480 2050 1511 2085 si
1534 2060 1606 2095 pau
1633 2049 1727 2084 erior
1750 2049 1781 2084 is
1801 2049 1861 2093 qui
1881 2048 2050 2084 donasset
2071 2059 2143 2083 non
2160 2047 2271 2092 fieret,
2297 2058 2381 2083 usu-

1292 2097 1479 2142 capionem
1502 2095 1602 2140 possi
1628 2095 1702 2130 enti
1725 2093 1932 2140 procedere.

1337 2141 1363 2179 4
1387 2141 1493 2177 IDEM
1514 2141 1606 2176 libro
1631 2140 1840 2186 triqensimo
1864 2139 2022 2175 seeundo
2053 2139 2103 2174 ad
2125 2138 2299 2175 Sabinum
2347 2138 2384 2174 Si

1292 2192 1395 2233 pater
1418 2186 1514 2221 filiae
1534 2185 1729 2228 donaverit,
1756 2195 1847 2230 quae
1870 2185 1908 2219 in
1931 2188 2111 2230 potestate
2135 2184 2210 2219 eius
2236 2188 2323 2234 erat,
2348 2188 2385 2219 et

1292 2244 1370 2269 eam
1403 2231 1691 2268 exheredaverit:
1725 2231 1756 2266 si
1789 2230 1826 2265 id
1856 2230 1962 2266 heres
1992 2230 2068 2265 eius
2098 2233 2217 2265 ratum
2240 2229 2382 2272 habeat,

1291 2278 1418 2314 exinde
1443 2288 1486 2313 ea
1498 2278 1526 2298 ¹⁰
1549 2276 1739 2321 usucapiet
1764 2276 2004 2318 donationem,
2029 2285 2100 2320 qua
2123 2285 2168 2310 ex
2193 2275 2248 2311 die
2268 2279 2383 2310 ratam

1292 2325 1395 2360 heres
1420 2323 1650 2359 donationem
1673 2322 1849 2357 habuerit.

1339 2369 1362 2406 5
1396 2368 1600 2405 SCAEVOLA
1633 2368 1724 2403 libro
1756 2368 1882 2413 quinto
1912 2377 2168 2413 responsorum
2218 2365 2287 2410 Qui
2316 2376 2382 2411 pro

1292 2415 1424 2450 donato
1450 2416 1618 2460 coeperat
1641 2422 1858 2457 usucapere,
1882 2411 2163 2447 manumittendo
2189 2410 2277 2445 nihil
2301 2410 2382 2455 egit,

1293 2461 1377 2505 quia¹
1400 2470 1467 2495 nec
1491 2458 1686 2494 dominium
1706 2461 1859 2493 nanctus
1877 2457 2002 2492 fuerit:
2029 2457 2230 2502 quaesitum
2248 2459 2311 2498 est,
2336 2466 2383 2490 an

1293 2515 1493 2551 usucapere
1518 2504 1674 2539 desierit.
1722 2503 1892 2548 respondi
1923 2513 2004 2539 eum
2036 2502 2080 2537 de
2106 2513 2175 2547 quo
2200 2501 2384 2547 quaeritur

1293 2551 1473 2587 omississe
1503 2549 1614 2584 videri
1644 2549 1908 2596 possessionem
1946 2551 1981 2583 et
2016 2547 2097 2583 ideo
2129 2547 2382 2592 usucapionem

1291 2597 1538 2642 interruptam.

1339 2640 1363 2680 6
1384 2641 1731 2676 HERMOGENIANUS
1748 2638 1839 2674 libro
1859 2638 2017 2675 secundo
2038 2638 2130 2673 iuris
2145 2637 2382 2684 epitoniorum

1292 2686 1506 2723 Donationis
1539 2695 1650 2721 causa
1679 2684 1779 2720 facta
1801 2684 2004 2720 venditione
2027 2694 2099 2718 non
2122 2693 2188 2729 pro
2213 2685 2381 2728 emptore,

1292 2733 1355 2769 sed
1377 2743 1444 2779 pro
1469 2731 1602 2767 donato
1626 2741 1684 2767 res
1709 2729 1843 2765 tradita
1866 2729 2088 2775 usucapitur.

1778 2867 1855 2907 VII
1866 2867 1905 2906 ¹¹.

1646 2924 1732 2957 PRO
1756 2922 2029 2956 DERELICTO.

1342 2992 1359 3029 1
1395 2991 1590 3028 mmm
1619 2991 1709 3026 libro
1741 2989 1952 3025 duodecimo
1985 2989 2035 3024 ad
2064 2988 2216 3024 edictum
2263 2986 2301 3022 Si
2324 2996 2380 3022 res

1291 3049 1358 3083 pro
1376 3037 1546 3073 derelicto
1567 3035 1692 3070 habita
1717 3036 1773 3078 sit,
1799 3034 1920 3070 statim
1945 3038 2069 3069 nostra
2093 3043 2170 3069 esse
2194 3031 2322 3067 desinit
2344 3035 2381 3066 et

1292 3082 1502 3128 occupantis
1527 3081 1650 3117 statim
1673 3080 1725 3123 fit,
1751 3080 1836 3124 quia
1857 3079 1970 3115 isdem
1994 3078 2108 3114 modis
2132 3088 2188 3113 res
2213 3077 2380 3112 desinunt

1292 3138 1370 3164 esse
1394 3131 1550 3169 nostrae,
1576 3126 1706 3171 quibus
1731 3125 1979 3170 adquiruntur.

1338 3171 1363 3210 2
1389 3172 1445 3207 ΡΑ
1454 3182 1497 3207 σι
1505 3181 1548 3206 vs
1568 3171 1657 3207 libro
1677 3171 1765 3217 quin
1794 3171 2003 3216 uaqensimo
2019 3172 2148 3213 quarto
2167 3166 2216 3201 ad
2226 3166 2376 3201 edictum

1291 3219 1362 3254 Pro
1394 3217 1565 3253 derelicto
1601 3226 1677 3251 rem
1715 3226 1738 3250 a
1800 3215 1915 3251 omino
1953 3214 2110 3249 habitam
2146 3211 2176 3246 si
2211 3211 2377 3252 sciamus,

1296 3267 1307 3297 1
1359 3272 1549 3308 possumus
1574 3261 1774 3305 adquirere.
1825 3260 1894 3295 Sed
1917 3258 2092 3294 Proculus
2122 3267 2194 3291 non
2218 3255 2377 3290 desinere

1292 3319 1370 3343 eam
1398 3318 1473 3342 rem
1506 3306 1639 3342 domini
1667 3316 1764 3347 esse,
1796 3305 1865 3340 nisi
1894 3304 1939 3339 ab
1964 3303 2033 3338 alio
2065 3311 2231 3347 possessa
2254 3299 2376 3334 fuerit:

1291 3353 1450 3388 Iulianus
1485 3351 1646 3387 desinere
1678 3351 1819 3396 quidem
1849 3348 2041 3384 omittentis
2073 3356 2170 3387 esse,
2200 3355 2272 3380 non
2300 3344 2377 3379 fieri

1292 3402 1411 3433 autem
1435 3396 1593 3439 alterius,
1619 3396 1689 3431 nisi
1711 3405 1879 3441 possessa
1902 3393 2019 3435 fuerit,
2046 3395 2080 3426 et
2103 3394 2210 3426 recte.

1338 3441 1361 3480 3
1389 3442 1431 3477 M
1434 3451 1643 3477 ODESTINUS
1658 3441 1749 3476 libro
1768 3443 1873 3475 sexto
1895 3437 2180 3483 differentiarum
2216 3436 2274 3469 An
2291 3444 2376 3478 pars

1291 3499 1356 3533 pro
1382 3486 1551 3522 derelicto
1577 3486 1702 3521 haberi
1725 3485 1856 3531 possit,
1882 3482 2005 3527 quaeri
2028 3481 2128 3516 solet.
2177 3483 2212 3531 et
2236 3479 2374 3531 quidem

1292 3534 1322 3568 si
1353 3533 1391 3568 in
1420 3542 1459 3567 re
1490 3531 1667 3568 communi
1695 3530 1815 3566 socius
1846 3531 1985 3573 partem
2017 3536 2117 3561 suam
2140 3524 2324 3569 rehquent
2338 3525 2375 3563 ¹²,

136 3655 175 3692 (ι)
201 3662 322 3694 genere
335 3652 398 3685 del.
493 3654 534 3691 (2)
561 3652 594 3682 et
605 3650 688 3683 Hal.
783 3651 824 3690 (3)
850 3647 937 3681 idem
949 3647 1004 3680 F2

181 3698 224 3739 (4)
249 3698 332 3730 Sab.
353 3704 377 3730 1.
397 3703 430 3735 23
454 3696 520 3728 Ed.
534 3702 562 3729 3.
583 3702 611 3728 4.
624 3713 669 3718 -
689 3694 773 3727 Bas.
788 3695 843 3735 50,
862 3701 889 3727 5.
902 3710 947 3717 —
971 3693 1022 3736 Cf.
1040 3694 1118 3727 God.
1133 3694 1165 3733 7,
1185 3699 1220 3726 2⁹

137 3744 181 3784 (5)
206 3743 241 3775 et
252 3743 318 3775 ind.
333 3742 368 3774 F
452 3742 495 3781 (6)
521 3739 602 3782 quia
615 3739 644 3772 S

182 3789 226 3828 (¹1)
249 3787 315 3819 Ed.
329 3793 413 3824 1...8;
431 3785 512 3818 Sub.
528 3792 558 3823 4;
582 3784 666 3827 Pap.
681 3792 708 3817 5.
722 3791 802 3818 6.-
819 3783 900 3816 Bas.
911 3785 966 3825 50,
980 3790 1062 3817 8.·-
1076 3782 1126 3826 Cf
1143 3783 1221 3816 cod.

1291 3649 1324 3688 Ἴ,
1337 3653 1373 3680 27
1466 3646 1510 3687 (8)
1536 3645 1565 3678 si
1575 3645 1642 3678 iam
1654 3657 1715 3678 scr.
1810 3643 1853 3682 (9)
1879 3639 2021 3672 alienam
2040 3651 2101 3671 non
2120 3644 2167 3670 est
2181 3651 2201 3669 α
2215 3637 2377 3670 Marcello

1293 3694 1352 3733 (10)
1378 3701 1418 3723 ex
1430 3690 1484 3724 die
1497 3701 1535 3723 ea
1547 3703 1607 3724 scr.

1337 3739 1392 3776 (11)
1418 3737 1583 3774 Ed.1...3;
1599 3736 1780 3770 Sab.4...·1;
1800 3731 1885 3773 Pap.
1901 3738 1929 3764 8.
1942 3747 1987 3753 —
2001 3729 2083 3761 Bas.
2100 3730 2153 3768 50,
2169 3734 2183 3758 7

1293 3780 1469 3823 reliquerit
1481 3782 1554 3814 edd.

2245 3729 2303 3767 (12)
2323 3726 2376 3758 de-
