2528 3918
90 140 92 142 ’
120 151 177 182 m
206 148 566 181 FIDEICOMMJSSIS

120 264 164 298 28
211 259 388 297 commissi
410 259 535 339 petitio
551 269 624 294 non
641 258 828 303 supererit.
877 257 964 293 Cum
981 258 1074 295 inter
1096 259 1203 295 liber-

120 311 176 344 tos
200 305 246 341 ad
260 304 398 351 praedii
427 308 568 349 egatum
585 304 715 339 liberta
735 313 876 349 quoquo
893 302 1020 339 fuisset
1037 303 1205 347 admissa,

120 350 236 398 quod¹
261 353 436 396 patronus
485 349 559 392 etit,
584 353 625 384 ut
647 348 691 384 de
715 348 858 384 nomine
873 347 1029 385 familiae
1052 360 1125 386 non
1144 359 1205 385 ex-

118 397 204 439 iret,
235 394 402 430 heredem
424 394 451 430 li
477 397 574 430 ertae
603 393 713 430 filium
736 397 876 446 partem
906 395 1063 439 praedii,
1100 405 1207 441 quam

120 444 162 477 29
208 444 323 476 mater
346 439 504 486 accepit,
538 440 692 476 retinere
723 449 836 474 v1sum
860 443 924 474 est.
973 439 1062 475 Cum
1086 440 1206 477 existi-

118 489 231 522 maret
255 485 301 521 ad
325 485 437 521 solam
462 485 712 521 consobrinam
738 494 839 519 suam
863 485 959 520 bona
981 489 1207 531 perventura,

119 530 289 567 codicillis
320 530 367 566 ab
399 531 466 566 ea²
489 529 596 565 factis
627 529 792 574 pluribus
827 528 1103 567 fideicommissa
1126 531 1208 566 reli-

119 579 254 623 querat.
310 576 388 611 iure
420 575 658 628 successionis
676 574 736 628 ‘ad
768 574 858 610 duos
874 575 1047 629 :eiusdem
1077 575 1209 629 gradus

116 621 348 702 Pisssffiffi
366 620 531 701 ῗὲγοὶὲἒᾶ
554 620 1030 701 ξῗῖΐᾚὲῗᾱᾷᾛιὲἑῗθέ
1044 624 1211 702 ξὲἷὲὲῗέἓ

117 677 198 747 gam
222 677 408 756 responldi:
434 677 497 746 sled
519 677 702 747 libertates
718 710 764 746 ab
788 719 832 746 ea
847 711 1096 757 praestandas,
1121 721 1211 757 quas

118 759 160 792 30
195 756 407 808 intercidere
419 756 565 791 damni³
577 766 689 792 causa
705 756 835 791 durum
843 756 1057 810 ‚videbatui-3
1090 757 1209 799 Pater,

117 800 481 882 Q‘tiusffi‘imsffiffi?
507 801 1211 883 ‘'Siffisstfsssstssssffiffsssseffiuieffiiuiss

115 858 419 928 {lueratqlocutusz
457 858 536 934 ‘’filil,
564 894 752 927 contentus
786 891 854 927 eris
885 903 951 937 pro
976 897 1039 928 tuo
1064 874 1210 929 semisse

118 937 249 973 ‘aureis
266 936 430 973 ducentis
442 941 478 972 et
490 948 564 980 vos,
589 936 695 979 filiae,
720 947 787 982 pro
804 937 931 973 vestris
950 938 1218 983 quadrantibus-

117 982 288 1019 ‘centenis
314 982 456 1018 aureis’.
503 983 579 1018 vice
602 985 727 1017 mutua
750 982 873 1018 liberis
896 982 1210 1020 fideicommissum

115 1027 324 1064 hereditatis
340 1027 527 1072 reliquisse
543 1038 615 1063 non
632 1027 831 1070 videbatur,
844 1028 908 1064 sed
927 1028 1210 1065 aestimationem

117 1075 170 1115 (ut
194 1083 216 1108 a
240 1073 451 1118 parentibus
476 1072 571 1118 frugi
594 1072 673 1108 fieri
703 1073 815 1116 solet)
846 1074 1054 1119 patrimonii
1077 1073 1133 1110 sui
1156 1073 1208 1110 fe-

118 1118 221 1161 cisse,
245 1129 312 1154 nec
335 1117 470 1154 idcirco
495 1117 643 1154 fratrem
666 1118 799 1153 iudicio
824 1119 959 1155 tutelae
983 1120 1100 1155 bonae
1123 1118 1210 1155 fidei

116 1164 274 1199 rationes
291 1163 504 1208 quandoque
517 1163 800 1209 praescriptione
818 1163 1083 1201 demonstratae
1095 1175 1208 1210 quan-

117 1211 155 1244 31
207 1208 321 1245 titatis
339 1208 580 1244 exclusurum.
629 1208 725 1244 Titio
750 1208 855 1244 fratri
878 1220 945 1245 suo
958 1210 1120 1247 Maevius
1144 1210 1207 1246 he-

116 1254 303 1290 reditatem
327 1253 408 1296 Seii,
434 1264 456 1289 a
480 1264 550 1299 quo
565 1254 672 1290 heres
687 1254 872 1290 institutus
897 1259 985 1298 erat,
1010 1259 1093 1300 post
1112 1266 1207 1291 mor-

115 1303 188 1335 tem
204 1309 307 1335 suam
317 1299 505 1335 restituere
518 1302 664 1344 rogatus
677 1299 801 1335 eodem
818 1300 913 1335 Titio
930 1300 1060 1336 herede
1072 1300 1207 1345 scripto

115 1344 216 1424 Stetit,
253 1348 294 1379 ut
316 1344 471 1379 moriens
496 1344 611 1380 Titius
636 1348 710 1379 tam
734 1355 836 1380 suam
868 1356 975 1390 quam
1008 1345 1082 1381 Seii
1104 1346 1207 1381 here-

142 1389 263 1425 'tatem
303 1389 512 1434 Sempronio
555 1389 772 1425 restitueret.
833 1401 914 1425 cum
949 1401 994 1426 ex
1028 1390 1207 1427 fructibus

114 1434 231 1470 medio
254 1438 416 1479 tempore
438 1435 619 1480 perceptis
635 1434 901 1471 fideicommissi
920 1435 1077 1472 debitam
1094 1447 1207 1481 quan-

114 1479 254 1515 titatem
278 1479 394 1515 Titius
445 1480 650 1525 ercepisset,
676 1480 770 1516 aeris
795 1480 903 1516 alieni
926 1481 1007 1517 loco
1031 1492 1105 1517 non
1128 1491 1208 1518 esse

114 1524 361 1561 deducendum
383 1524 409 1559 fi
434 1525 696 1561 eicommissum
726 1525 914 1571 respondi,
948 1527 1118 1572 quoniam
1148 1537 1207 1562 ra-

113 1569 211 1606 tione
246 1570 535 1615 conpensationis
569 1581 676 1615 perce
702 1570 774 1607 isse
815 1570 975 1607 debitum
1006 1572 1205 1608 videbatur.

112 1615 219 1660 plane
243 1615 274 1651 si
306 1625 349 1650 ea
371 1615 448 1659 lege
479 1615 641 1651 Maevius

112 1671 157 1696 ne
180 1660 493 1696 fideicommissum
519 1670 562 1696 ex
579 1665 794 1697 testamento
812 1661 884 1697 Seii
908 1662 1061 1698 retineat
1071 1664 1097 1706 ⁴,
1123 1663 1207 1698 Fal-

113 1705 243 1742 cidiam
269 1706 553 1751 compensationi
577 1706 754 1750 sufficere,
781 1707 844 1743 sed
867 1707 1056 1753 iniquitate
1081 1719 1208 1745 occur-

112 1762 192 1788 rere
202 1752 227 1787 ⁵.
281 1751 493 1797 prudentius
524 1755 645 1787 autem
676 1751 821 1795 fecerit,
853 1753 885 1789 si
916 1764 961 1790 ex
992 1757 1207 1790 testamento

113 1796 235 1832 fratris
259 1796 495 1833 hereditatem
518 1797 760 1842 repudiaverit
790 1801 826 1834 et
849 1798 1009 1834 intestati
1031 1799 1208 1844 possessi-

114 1853 217 1878 onem
241 1841 439 1888 acceperit:
465 1853 532 1878 nec
549 1842 727 1878 videbitur
743 1842 826 1879 dolo
844 1843 984 1887 fecisse,
1011 1855 1092 1880 cum
1108 1844 1208 1879 frau-

113 1891 154 1923 32
204 1887 284 1923 dem
308 1887 512 1923 excluserit.
562 1888 606 1923 ‘A
628 1891 664 1923 te
688 1891 783 1933 peto,
818 1888 967 1932 marite,
1000 1889 1032 1926 si
1055 1889 1142 1935 quid
1164 1890 1207 1925 li-

115 1933 296 1969 ‘berorum
311 1933 493 1975 habueris,
518 1933 588 1969 illis
613 1933 761 1978 praedia
784 1934 966 1980 relinquas
988 1935 1056 1978 vel,
1081 1934 1112 1971 si
1135 1946 1208 1971 non

113 1978 305 2021 ‘habueris‚
331 1978 402 2014 tuis
427 1978 501 2014 sive
525 1978 611 2014 meis
629 1978 840 2024 propinquis
865 1983 929 2015 aut
945 1979 1054 2016 etiam
1068 1980 1208 2016 libertis

114 2024 282 2060 ‘nostris'.
330 2034 402 2059 non
425 2034 504 2059 esse
535 2023 657 2059 datam
689 2024 920 2068 electionem,
952 2025 1016 2061 sed
1048 2025 1208 2062 ordinem

114 2072 156 2104 33
203 2068 404 2114 scripturae
428 2069 563 2104 factam
579 2069 851 2106 substitutioni⁶
875 2070 1057 2116 respondi.
1098 2071 1208 2107 Vicos

113 2114 248 2150 civitati
263 2114 420 2156 relictos,
447 2114 507 2159 qui
523 2114 690 2160 proprios
705 2114 795 2151 fines
814 2115 1009 2159 habebant,
1034 2126 1079 2152 ex
1096 2126 1209 2153 causa

111 2159 378 2196 fideicommissi
408 2170 481 2195 non
504 2160 585 2195 ideo
615 2160 734 2196 minus
765 2159 889 2196 deberi
919 2161 1075 2207 placuit,
1111 2161 1208 2207 quod

112 2209 265 2241 testator
287 2204 377 2240 fines
401 2215 525 2240 eorum
549 2205 833 2258 significaturum
849 2210 886 2242 et
910 2206 1114 2243 certaminis
1133 2206 1207 2243 for-

112 2260 218 2293 mam,
243 2261 351 2295 quam
375 2250 550 2286 celebrari
566 2251 714 2295 smgulis
731 2251 835 2287 annis
851 2251 976 2295 voluit,
1002 2252 1075 2288 alia
1093 2252 1207 2298 scrip-

110 2300 196 2332 tura
220 2306 258 2331 se
283 2295 550 2331 declaraturum
574 2295 738 2341 promisit
753 2306 797 2332 ac
821 2300 948 2342 postea
970 2300 1085 2334 morte
1102 2308 1208 2343 prae-

112 2345 238 2377 ventus
262 2351 335 2377 non
358 2340 456 2376 fecit.

160 2383 213 2425 78
238 2385 347 2422 lom
378 2386 469 2422 libro
506 2398 601 2423 nono
637 2398 892 2434 responsorum
951 2387 1020 2432 Qui
1054 2388 1208 2424 solidum

112 2431 427 2468 fideicommissum
467 2431 605 2469 frustra
647 2433 794 2486 petebat
835 2433 967 2469 herede
1008 2433 1208 2469 Falcidiam

114 2477 301 2518 obiciente,
339 2476 368 2513 si
391 2481 531 2522 partem
553 2477 697 2513 interun
727 2478 817 2514 solvi
848 2478 918 2514 sibi
953 2478 1209 2515 desideraverit

112 2533 229 2568 neque
252 2522 452 2567 acceperit,
484 2523 522 2558 in
553 2533 632 2559 eam
662 2534 800 2559 moram
822 2534 952 2569 passus
977 2524 1208 2578 intellegitur.

116 2572 130 2602 1
183 2568 273 2604 Cum
296 2571 379 2613 post
402 2571 553 2604 mortem
585 2568 756 2613 emptoris
787 2568 1027 2605 venditionem
1057 2580 1111 2606 rel
1140 2581 1209 2615 pu-

113 2613 230 2649 blicae
244 2612 476 2658 praediorum
494 2613 649 2658 optimus
674 2613 850 2649 maximus
874 2624 920 2649 ue
939 2614 1107 2660 princeps
1124 2625 1209 2652 nos-

113 2662 168 2694 ter
192 2659 344 2694 Severus
367 2658 553 2703 Augustus
576 2658 734 2694 rescindi
767 2659 852 2695 here
881 2659 960 2695 'bus
989 2660 1107 2713 pretio
1132 2671 1210 2697 res-

113 2704 221 2739 tituto
245 2703 427 2746 iussisset,
465 2703 509 2739 de
531 2704 687 2749 pecunia
716 2703 909 2749 legatario,
942 2715 1000 2740 cui
1022 2705 1210 2750 praedium

116 2752 256 2794 emptor
278 2759 323 2784 ex
346 2758 390 2784 ea
420 2748 648 2793 possessione
678 2749 878 2794 legaverat,
916 2750 1125 2786 coniectura
1146 2761 1210 2787 vo-

113 2793 263 2829 luntatis
296 2804 362 2839 pro
394 2793 501 2829 modo
534 2793 792 2830 aestimationis
859 2797 973 2831 artem
1004 2795 1211 2831 solvendam

116 2841 136 2874 2
183 2849 263 2875 esse
286 2839 469 2883 respondi.
516 2839 638 2874 Etiam
669 2850 728 2875 res
763 2840 839 2885 pub
857 2839 912 2875 ‘ca
945 2839 1212 2877 fideicommissi

115 2887 198 2929 post
220 2894 357 2920 moram
381 2894 512 2920 usuras
535 2887 723 2929 praestare
755 2885 911 2930 cogitur,
944 2884 1008 2921 sed
1031 2885 1210 2930 damnum,

117 2929 148 2965 si
170 2928 267 2975 quod
291 2939 336 2965 ex
359 2939 403 2964 ea
425 2939 465 2965 re
489 2928 598 2965 fuerit
621 2933 796 2974 secutum,
833 2930 880 2966 ab
903 2929 960 2966 his
984 2930 1211 2966 sarciendum

117 2974 201 3018 erit,
236 2974 298 3019 qui
331 2977 416 3019 post
449 2973 582 3010 dictam
611 2975 826 3011 sententiam
850 2974 1049 3011 iudicatum
1075 2976 1212 3012 solvere

118 3019 409 3064 supersederunt.
455 3030 523 3055 nec
547 3019 646 3055 aliud
670 3020 872 3056 servabitur
901 3020 940 3056 in
963 3020 1036 3057 litis
1060 3021 1212 3066 sumpti-

116 3064 196 3107 bus,
220 3064 252 3100 si
275 3064 367 3100 ratio
384 3064 547 3118 litigandi
562 3075 636 3100 non
652 3064 740 3101 fuit:
764 3065 942 3111 ignaviam
958 3065 1087 3102 etenim
1105 3076 1211 3111 prae-

116 3109 302 3145 tendentes
335 3109 453 3145 audiri
481 3120 555 3145 non
590 3114 769 3155 oportere.
827 3110 924 3156 quod
958 3110 996 3146 in
1030 3111 1213 3148 tutoribus

119 3157 138 3189 3
186 3165 328 3200 quoque
348 3155 538 3208 probatur.
585 3155 779 3191 Praedium
801 3159 907 3201 pater
941 3156 985 3192 de
1009 3155 1146 3192 familia
1167 3156 1211 3192 li-

117 3199 286 3235 berorum
310 3199 461 3235 ahenari
482 3199 602 3236 verbis
625 3199 890 3237 fideicommissi
906 3201 1102 3247 prohibuit.
1150 3213 1211 3238 su-

117 3255 262 3290 premus
288 3255 332 3279 ex
355 3245 491 3288 liberis,
515 3245 577 3290 qui
599 3244 915 3282 fideicommissum
936 3250 1060 3292 petere
1079 3247 1212 3300 potuit,

118 3297 191 3324 non
220 3289 356 3325 idcirco
379 3290 496 3326 minus
521 3290 699 3326 actionem
721 3290 760 3326 in
783 3291 888 3327 bonis
924 3291 1000 3328 suis
1023 3292 1213 3338 reliquisse

119 3334 215 3370 visus
240 3338 306 3378 est,
354 3334 427 3371 uod
449 3335 617 3371 heredem
631 3336 850 3371 extrarium⁷
874 3336 951 3372 sine
967 3337 1090 3374 liberis
1107 3337 1212 3374 dece-

120 3381 141 3412 4
188 3378 273 3417 dens
297 3380 345 3414 ha
371 3379 436 3415 uit.
491 3380 530 3415 Si
554 3380 710 3416 creditor
738 3381 784 3416 ab
809 3391 851 3417 eo
875 3381 937 3427 qui
958 3384 1213 3418 testamentum

120 3422 206 3458 fecit
230 3424 373 3459 domum
396 3429 582 3470 acceptam
605 3425 684 3461 iure
706 3426 866 3471 pignoris
889 3426 1058 3471 vendidit,
1087 3431 1215 3464 contra

121 3472 316 3512 emptorem
347 3469 612 3506 fideicommissi
643 3481 773 3514 causa,
816 3471 960 3508 tametsi
993 3471 1215 3509 voluntatem

123 3513 283 3549 defuncti
305 3525 379 3550 non
401 3515 588 3560 ignoravit,
612 3516 703 3551 nihil
727 3516 947 3554 decernetur.

169 3556 221 3595 79
246 3558 352 3593 IDEM
365 3559 455 3595 libro
471 3560 659 3595 undecimo
675 3572 932 3607 responsorum
971 3561 1072 3607 Quae
1082 3563 1096 3583 ⁸
1110 3562 1211 3599 fidei-

125 3671 164 3711 (1)
190 3670 292 3712 quod]
306 3682 504 3714 quamquam
517 3685 581 3707 scr.
663 3676 707 3714 (2)
732 3675 774 3707 ad
787 3685 858 3708 eam
872 3674 924 3708 Γ*
1013 3677 1056 3718 (3)
1080 3675 1209 3716 damni]

125 3715 260 3748 dimidii
271 3728 334 3749 scr.
424 3718 467 3758 (4)
491 3717 636 3751 retineat
648 3718 709 3760 178,
723 3720 892 3752 rationeat
903 3720 938 3753 F
945 3719 954 3739 ¹
1047 3722 1092 3762 (5)
1117 3720 1210 3754 suffl-

126 3770 200 3792 cere
213 3763 247 3793 et
260 3760 435 3803 iniquitati
450 3772 623 3796 occurrere
635 3776 698 3797 scr.
749 3766 792 3806 (6)
818 3765 875 3797 sed
889 3764 1006 3798 ordine
1020 3766 1209 3808 scripturae

1202 130 1286 180 439

698 1616 802 1651 itium
832 1616 1001 1653 heredem
1030 1617 1207 1660 instituat,
1228 1614 1229 1617 ’

2223 136 2369 179 XXXI

1273 259 1464 295 commissa
1487 258 1643 294 moriens
1660 257 1797 294 libertis
1814 260 1880 294 viri
1897 259 2031 302 debuit,
2056 259 2249 296 eorundem
2265 270 2370 305 prae-

1274 304 1413 340 diorum
1436 303 1511 341 suis
1529 313 1670 356 quoque
1685 303 1823 338 libertis
1847 303 2003 340 fructum
2024 305 2185 359 reliquit:
2209 305 2297 341 iuris
2318 305 2370 350 ig-

1273 350 1462 386 noratione
1484 348 1578 395 lapsi
1590 359 1652 394 qm
1663 352 1786 393 petere
1801 349 1949 393 praedia
1963 360 2006 386 ex
2020 350 2140 386 mariti
2154 354 2370 387 testamento

1275 395 1493 439 debuerunt,
1527 393 1724 430 secundum
1757 393 2070 431 fideicommissum
2104 396 2198 432 inter
2230 399 2369 432 ceteros

1275 440 1382 485 longo
1417 443 1579 485 tempore
1613 443 1864 484 perceperunt.
1923 451 1995 476 non
2027 441 2107 476 ideo
2147 445 2368 486 peremptam

1276 485 1388 521 videri
1437 484 1620 521 etitionem
1642 483 1772 529 prioris
1797 483 2061 521 fideicommissi
2086 486 2257 522 constitit.

1324 527 1376 568 80
1426 540 1512 565 DEM
1537 530 1628 566 libro
1658 530 1780 575 primo
1811 529 2058 575 definitionum
2113 532 2290 577 Legatum
2319 532 2371 567 ἰῶ.

1277 575 1473 611 dominium
1495 575 1549 611 rei
1571 574 1736 620 legatarii
1756 574 1854 618 facit,
1879 578 1919 609 ut
1942 575 2122 611 hereditas
2146 577 2287 613 heredis
2312 587 2370 613 res

1277 620 1448 666 singulas.
1497 619 1593 666 quod
1617 630 1659 656 eo
1683 619 1858 665 pertinet,
1892 624 1949 662 ut,
1987 620 2018 656 si
2048 632 2138 665 pure
2162 633 2219 657 res
2244 622 2371 658 relicta

1278 666 1325 702 sit
1349 669 1385 701 et
1408 665 1602 710 legatarius
1626 676 1700 700 non
1723 665 1924 710 repudiavit
1955 665 2115 701 defuncti
2139 667 2371 710 voluntatem,

1277 714 1379 747 recta
1403 711 1460 746 via
1484 710 1689 754 dominium,
1716 710 1812 756 quod
1834 710 2044 746 hereditatis
2069 710 2148 755 fuit,
2173 712 2220 747 ad
2236 713 2370 757 legata-

1278 756 1371 792 rium
1394 759 1556 792 transeat
1580 766 1774 801 numquam
1798 755 1934 791 factum
1957 755 2110 792 heredis.

1325 799 1376 839 81
1403 801 1565 837 Panos
1585 801 1676 836 libro
1709 812 1804 836 nono
1829 802 2078 847 quaestionum
2126 801 2165 837 Si
2195 802 2274 847 quis
2298 807 2371 839 tes-

1277 849 1437 882 tamento
1462 846 1559 882 facto
1584 856 1605 881 a
1628 845 1711 882 filiis
1736 846 1822 890 suis,
1860 857 1949 892 quos
1974 846 2122 883 heredes
2146 847 2370 891 instituisset,

1276 891 1552 928 fideicommissa
1574 891 1777 936 reliquisset
1800 902 1872 927 non
1891 895 1932 927 ut
1948 902 1970 927 a
1985 892 2152 936 legitimis
2168 893 2370 937 heredibus,

1277 937 1342 973 sed
1364 940 1405 972 ut
1429 947 1451 972 a
1475 937 1630 981 scriptis,
1657 941 1692 972 et
1716 940 1969 972 testamentum
1986 937 2106 982 aliquo
2129 948 2216 973 casu
2231 938 2372 973 irritum

1276 982 1414 1019 factum
1437 982 1494 1024 sit,
1519 982 1585 1017 filii
1608 982 1654 1018 ab
1678 981 1849 1018 intestato
1886 982 2066 1018 venientes
2097 982 2373 1019 fideicommissa

1278 1038 1322 1064 ex
1345 1028 1585 1063 testamento⁹
1607 1030 1793 1072 praestare
1819 1027 1984 1072 compelli
2008 1039 2080 1063 non
2104 1032 2268 1073 possunt.

1325 1070 1377 1111 82
1402 1073 1511 1108 IDEM
1531 1073 1621 1108 libro
1639 1073 1775 1108 decimo
1793 1074 2043 1118 quaestionum
2083 1073 2236 1109 Debitor
2251 1073 2374 1109 decem

1276 1118 1409 1164 legavit
1421 1118 1601 1162 creditori,
1628 1128 1719 1163 quae
1744 1118 1777 1153 ei
1787 1122 1872 1163 post
1894 1129 2029 1154 annum
2052 1119 2119 1154 sub
2143 1119 2291 1164 pignore
2313 1119 2372 1154 de-

1275 1164 1397 1200 bebat.
1446 1175 1529 1206 non,
1555 1167 1596 1199 ut
1619 1163 1764 1209 quidam
1787 1166 1938 1208 putant,
1969 1164 2077 1199 medii
2098 1168 2170 1200 tem
2198 1164 2269 1200 oris
2293 1168 2372 1199 tan-

1276 1213 1353 1245 tum
1378 1208 1604 1246 commodum
1628 1219 1672 1244 ex
1695 1212 1910 1245 testamento
1935 1208 2097 1252 debetur,
2123 1220 2161 1245 se
2209 1213 2287 1245 tota
2312 1209 2373 1245 de-

1278 1265 1356 1291 cem
1386 1254 1461 1300 peti
1492 1257 1664 1300 possunt:
1706 1264 1773 1290 nec
1805 1254 1946 1289 tollitur
1982 1255 2127 1299 petitio,
2170 1254 2200 1290 si
2230 1254 2374 1290 interim

1277 1311 1394 1336 annus
1419 1300 1683 1345 supervenerit:
1719 1309 1803 1334 nam
1827 1299 1981 1344 sufficit,
2016 1299 2113 1345 quod
2136 1300 2274 1336 utiliter
2298 1300 2373 1336 dies

1278 1345 1398 1382 cessit.
1446 1344 1542 1391 quod
1566 1345 1597 1381 si
1616 1344 1693 1381 vivo
1716 1347 1890 1381 testatore
1917 1355 2033 1381 annus
2053 1345 2294 1390 superveniat,
2321 1345 2373 1380 di-

1278 1390 1429 1427 cendum
1454 1390 1522 1426 erit
1545 1390 1671 1426 inutile
1695 1389 1792 1426 effici
1815 1390 1982 1435 legatum,
2007 1401 2222 1436 quamquam
2240 1391 2374 1426 consti-

1276 1436 1361 1472 terit
1384 1436 1431 1471 ab
1454 1435 1568 1471 initio.
1609 1435 1661 1471 sic
1679 1439 1715 1471 et
1730 1434 1768 1470 in
1796 1435 1879 1471 dote
1894 1435 2103 1481 praelegata
2116 1438 2144 1458 ¹⁰
2161 1446 2374 1481 responsum

1278 1485 1333 1518 est
1356 1485 1470 1517 totam
1494 1491 1572 1516 eam
1606 1491 1651 1516 ex
1684 1484 1899 1517 testamento
1934 1481 2009 1534 peti
2041 1492 2159 1526 posse.
2214 1481 2374 1526 alioquin

1277 1526 1476 1563 secundum
1505 1526 1604 1561 illam
1636 1525 1852 1562 sententiam
1882 1526 1914 1562 si
1943 1527 2202 1562 mterusurium
2232 1530 2373 1562 tantum

1278 1576 1333 1609 est
1354 1572 1394 1608 in
1416 1571 1546 1617 legato,
1574 1571 1659 1617 quid
1683 1571 1854 1613 dicemus,
1879 1572 1910 1607 si
1935 1571 2067 1608 fundus
2092 1572 2233 1616 legatus
2258 1572 2304 1608 sit
2329 1582 2374 1608 ex

1277 1617 1333 1654 die
1357 1617 1529 1655 debitus?
1553 1627 1637 1652 nam
1662 1627 1729 1653 nec
1752 1617 1908 1662 pecunia
1956 1617 2006 1652 eti
2028 1620 2158 1662 potest,
2184 1627 2276 1663 quae
2300 1628 2373 1653 non

1277 1667 1332 1700 est
1354 1663 1491 1708 legata,
1523 1673 1590 1698 nec
1619 1672 1706 1708 pars
1730 1661 1834 1697 fundi
1866 1662 1925 1698 fac
1954 1672 1974 1697 e
2006 1662 2245 1706 inveniretur,
2281 1673 2373 1708 quae

1279 1711 1294 1743 1
1372 1708 1460 1744 ossit
1483 1718 1551 1753 pro
1577 1706 1762 1743 commodo
1797 1707 1883 1752 peti.
1932 1707 1971 1742 Si
1993 1707 2114 1744 Primo
2147 1711 2182 1744 et
2206 1707 2372 1744 Secundo

1276 1757 1313 1790 et
1336 1719 1460 1789 'fertio
1484 1753 1677 1789 heredibus
1707 1752 1882 1789 institutis
1914 1752 1966 1789 sic
1997 1752 2117 1798 legata
2148 1753 2297 1789 dentur:
2331 1753 2374 1793 ‘si

1277 1799 1375 1834 ‘mihi
1397 1798 1540 1834 Primus
1563 1798 1669 1834 heres
1700 1808 1773 1833 non
1796 1797 1883 1842 erit,
1916 1797 2103 1834 Secundus
2129 1798 2224 1835 Titio
2249 1798 2374 1838 decem

1277 1844 1392 1880 ‘datoz
1418 1844 1450 1880 si
1474 1843 1661 1880 Secundus
1686 1843 1774 1878 mihi
1796 1843 1900 1880 heres
1924 1854 1997 1879 non
2021 1843 2099 1888 erit,
2124 1844 2266 1879 Primus
2291 1844 2378 1882 Seio

1278 1889 1441 1925 ‘fundum
1457 1889 1705 1925 Tusculanum
1728 1888 1833 1931 dato',
1859 1889 2020 1934 utrisque
2044 1889 2290 1925 omittentibus
2310 1890 2373 1925 he—

1276 1934 1465 1971 reditatem
1487 1934 1609 1971 Primo
1634 1937 1670 1970 et
1693 1933 1858 1970 Secundo
1884 1935 2143 1979 quaerebatur,
2176 1934 2377 1977 substituti,

1277 1991 1366 2026 quos
1391 1980 1441 2016 eis
1467 1979 1625 2022 dederat,
1650 1990 1697 2014 an
1721 1982 1757 2015 et
1781 1979 1840 2014 cui
1863 1979 1981 2025 legata
2003 1983 2192 2024 praestare
2216 1979 2374 2015 debent?

1277 2029 1296 2060 2
1353 2026 1399 2061 ab
1434 2029 1589 2070 utroque
1624 2024 1820 2061 substituto
1862 2024 1982 2070 legata
2016 2025 2203 2061 debentur.
2262 2024 2378 2061 Servo.

1277 2071 1396 2107 alieno
1448 2081 1529 2107 osse
1552 2081 1628 2106 rem
1652 2070 1787 2106 domini
1809 2070 1843 2105 le
1868 2070 1923 2105 ari
1945 2070 2079 2106 Valens
2112 2070 2256 2106 scribit:
2288 2070 2374 2106 item

1275 2116 1314 2152 id
1338 2082 1445 2162 quod)
1460 2116 1602 2152 domino
1629 2115 1705 2151 eius
1729 2126 1820 2161 pure
1870 2116 2007 2151 ebetur.
2055 2126 2137 2151 cum
2153 2115 2248 2151 enim
2271 2126 2374 2152 servo

1276 2162 1392 2198 alieno
1418 2161 1554 2207 aliquid
1577 2161 1841 2197 intestamento
1855 2160 1995 2204 damus,
2015 2160 2149 2197 domini
2160 2171 2315 2206 persona
2328 2160 2375 2196 ad

1275 2207 1346 2243 hoc
1370 2210 1512 2242 tantum
1524 2206 1726 2252 inspicitur,
1751 2209 1791 2241 ut
1803 2206 1851 2241 sit
1873 2217 1955 2242 cum
1966 2216 2010 2242 eo
2022 2206 2228 2242 testamenti
2251 2205 2373 2250 factio,

1277 2256 1435 2288 ceterum
1448 2263 1492 2288 ex
1505 2262 1661 2297 persona
1674 2251 1767 2287 servi
1784 2251 1945 2287 constitit
1960 2251 2128 2296 legatum.
2154 2255 2191 2287 et
2201 2251 2282 2287 ideo
2295 2262 2373 2287 rec-

1275 2297 1410 2334 tissime
1432 2297 1593 2333 Iulianus
1621 2296 1744 2332 definit
1767 2296 1805 2332 id
1828 2296 1969 2332 demum
1993 2307 2096 2332 servo
2121 2296 2239 2332 alieno
2262 2295 2374 2341 legari

1275 2353 1394 2389 posse,
1409 2343 1505 2389 quod
1516 2343 1593 2387 ipse
1606 2341 1698 2378 liber
1709 2341 1828 2377 factus
1842 2352 1971 2387 capere
1987 2345 2121 2387 posset.
2152 2341 2375 2377 calumniosa

1277 2392 1332 2425 est
1344 2388 1440 2424 enim
1450 2388 1514 2423 illa
1538 2387 1723 2423 adnotatio
1748 2398 1856 2432 posse
1879 2387 1992 2432 legari
2015 2397 2118 2423 servo
2143 2390 2179 2421 et
2202 2386 2373 2432 quamdiu

1277 2433 1428 2470 serviat:
1441 2443 1525 2468 nam
1537 2437 1573 2469 et
1583 2433 1653 2468 hoc
1666 2432 1699 2468 le
1724 2436 1823 2467 atum
1837 2443 1882 2468 ex
1895 2442 2052 2477 persona
2065 2431 2158 2467 servi
2171 2431 2263 2468 vires
2276 2431 2374 2467 acci-

1276 2479 1348 2524 pit:
1362 2478 1522 2524 alioquin
1533 2482 1570 2514 et
1580 2477 1671 2513 illud
1683 2488 1705 2513 a
1757 2481 1937 2513 otaremus
1956 2487 2034 2513 esse
2051 2476 2225 2522 quosdam
2240 2487 2374 2520 servos,

1278 2524 1350 2570 qui,
1375 2524 1460 2560 licet
1483 2524 1686 2559 libertatem
1718 2523 1890 2568 consequi
1912 2533 1985 2558 non
2009 2525 2180 2567 possunt,
2214 2526 2375 2558 attamen

1276 2570 1433 2615 legatum
1463 2572 1500 2605 et
1535 2568 1771 2604 hereditatem
1805 2570 1958 2613 possunt
1992 2567 2181 2612 adquirere
2216 2566 2372 2603 domino.

1278 2625 1323 2651 ex
1344 2614 1408 2651 illo
1431 2614 1542 2660 igitur
1564 2616 1779 2659 praecepto,
1816 2612 1913 2657 quod
1945 2612 2095 2648 dicimus
2127 2612 2220 2648 servi
2242 2611 2375 2657 inspici

1304 2670 1470 2696 ersonam
1492 2659 1530 2695 in
1545 2658 1781 2700 testamentis,
1807 2658 1943 2693 dictum
1958 2661 2014 2693 est
2037 2668 2140 2693 servo
2156 2656 2373 2693 hereditario

1292 2705 1391 2750 egari
1412 2715 1533 2750 posse.
1579 2703 1632 2740 ita
1654 2714 1728 2739 non
1750 2703 1890 2745 mirum,
1924 2702 1955 2737 si
1977 2713 2035 2738 res
2060 2702 2194 2738 domini
2217 2705 2254 2739 et
2277 2701 2375 2748 quod

1279 2751 1313 2786 ei
1336 2750 1488 2786 debetur
1512 2760 1616 2786 servo
1640 2748 1717 2785 eius
1741 2758 1832 2793 pure
1846 2750 1870 2769 ¹¹
1902 2747 2016 2793 legari
2045 2747 2179 2793 possit,
2212 2747 2373 2793 quamvis

1279 2795 1422 2832 domino
1447 2795 1525 2831 eius
1548 2805 1622 2830 non
1644 2797 1794 2839 possent
1816 2794 1907 2829 haec
1930 2792 2067 2829 utiliter
2089 2793 2213 2838 legari.

1326 2838 1379 2878 83
1406 2842 1509 2875 IDEM
1549 2840 1641 2875 libro
1685 2839 1874 2874 undecimo
1917 2839 2168 2892 quaestionum
2220 2838 2373 2874 Latinus

1278 2885 1432 2938 Largus.
1479 2884 1647 2920 Proxime
1671 2894 1716 2920 ex
1740 2883 1837 2919 facto
1867 2882 1994 2919 incldit
2017 2894 2034 2920 s
2061 2883 2155 2920 ecies
2186 2883 2282 2919 talis.
2330 2883 2373 2918 li-

1279 2931 1441 2967 bertinus
1465 2933 1659 2975 patronum
1694 2939 1746 2970 ex,
1769 2928 1918 2965 semisse
1947 2928 2034 2965 here
2060 2939 2117 2965 em
2150 2928 2307 2965 instituit
2338 2931 2374 2964 et

1278 2975 1391 3011 filiam
1422 2985 1526 3011 suam
1557 2985 1601 3010 ex
1625 2973 1696 3009 alio
1728 2973 1894 3010 semisse:
1934 2973 2022 3010 fidei
2059 2973 2236 3010 commisit
2265 2973 2372 3017 filiae,

1280 3024 1321 3056 ut
1344 3019 1559 3066 quibusdam
1589 3018 1730 3055 ancillis
1760 3019 1906 3064 patroni
1936 3019 2161 3063 restitueret,
2194 3029 2275 3055 cum
2304 3019 2373 3054 hae

1279 3065 1521 3101 manumissae
1544 3067 1675 3108 essent,
1700 3066 1747 3106 et,
1772 3063 1805 3100 si
1820 3064 1944 3100 eadem
1962 3063 2039 3100 filia
2053 3064 2157 3100 heres
2173 3075 2247 3100 non
2266 3066 2371 3106 esset,

1280 3110 1467 3148 substituit
1490 3109 1524 3146 ei
1547 3108 1692 3146 easdem
1714 3109 1878 3146 ancillas.
1925 3109 2093 3155 quoniam
2115 3109 2191 3144 filia
2214 3119 2287 3144 non
2309 3119 2371 3143 vo-

1279 3156 1348 3192 luit
1369 3156 1474 3192 heres
1498 3154 1682 3198 exsistere,
1706 3154 1859 3190 ancillae
1881 3154 1985 3191 iussu
2009 3154 2152 3198 domini,
2176 3153 2214 3189 id
2229 3157 2284 3189 est
2306 3163 2372 3197 pa-

1280 3200 1376 3237 troni
1398 3200 1566 3237 adierunt
1582 3199 1742 3236 defuncti
1757 3199 2003 3236 hereditatem.
2050 3203 2134 3245 post
2149 3199 2373 3243 aliquantum

1279 3246 1450 3292 temporis
1475 3245 1520 3281 ab
1545 3255 1587 3281 eo
1611 3244 1852 3281 manumissae
1869 3246 2101 3291 quaerebant,
2127 3254 2174 3279 an
2189 3242 2371 3279 fideicom-

1279 3291 1427 3327 missum
1477 3294 1574 3326 etcre
1590 3290 1637 3326 ab
1661 3290 1786 3326 eodem
1801 3294 1954 3335 patrono
1973 3289 2124 3336 possint.
2152 3298 2258 3341 ‘rogo
2274 3297 2370 3331 ergo,

1279 3336 1528 3417 &sides
1542 3333 2371 3421 summast...

1279 3430 1458 3462 terutrum
1481 3425 1605 3461 datum
1626 3425 1683 3462 vel
1705 3424 2017 3461 fideicommissum
2050 3423 2107 3459 vel
2130 3423 2244 3467 ipsam
2268 3422 2371 3456 here-

1282 3472 1440 3508 ditatem.
1488 3470 1615 3507 melius
1648 3474 1769 3507 autem
1799 3470 1871 3506 dici
1893 3471 1932 3505 in
1962 3468 2114 3505 eundem
2138 3477 2261 3502 casum
2284 3466 2369 3501 sub.-

1282 3517 1426 3554 stitutas
1449 3515 1574 3558 videri,
1596 3515 1635 3551 in
1687 3526 1770 3552 uem
1800 3525 1925 3551 casum
1953 3512 2266 3565 fideicommissum
2296 3521 2370 3546 me-

1281 3564 1451 3604 ruerunt,
1475 3564 1512 3597 et
1533 3560 1615 3597 ideo
1639 3571 1662 3596 a
1691 3560 2000 3608 ,substitutionem
2024 3569 2085 3593 eas
2108 3567 2241 3592 vocan.
2289 3565 2372 3592 cum

1279 3675 1401 3707 factam
1413 3674 1689 3708 substitutionem
1702 3675 1732 3709 S
1801 3674 1843 3714 (τ)
1867 3675 2063 3705 extraneum
2074 3670 2126 3704 F³

1279 3720 1335 3752 dia
1347 3730 1434 3752 uxor
1445 3721 1507 3754 ins.
1611 3721 1657 3762 (9)
1681 3719 1854 3752 venientes
1866 3717 1888 3749 f.
1903 3728 1932 3751 c.
1946 3727 1986 3749 ex
1997 3719 2021 3748 t.
2037 3717 2086 3749 bis
2098 3716 2133 3748 F'

1279 3764 1392 3807 legata
1403 3777 1464 3799 scr.
1558 3769 1613 3806 (11)
1635 3764 1775 3798 debetur
1787 3774 1870 3807 pure
1884 3773 1978 3796 servo
1991 3761 2063 3794 eius
2075 3760 2213 3795 Zoesius

2204 3671 2247 3712 (8)
2273 3679 2369 3712 9¹²0·

2230 3716 2291 3758 (10)
2317 3725 2370 3750 re-
