2528 3918
98 139 222 172 mv.
253 137 395 171 CAUSA
423 136 662 169 GAVEATUR

98 259 220 287 carere
235 258 308 285 non
321 247 452 284 debere
467 247 571 284 bonis
587 245 766 283 defuncti:
790 244 854 282 sed
871 247 935 280 aut
952 244 1187 281 satisdabitur

96 296 148 332 eis
171 297 244 336 aut,
269 293 300 330 si
323 293 411 329 satis
435 304 507 329 non
530 293 647 336 datur,
671 292 710 327 in
729 290 993 337 possessionem
1010 292 1186 326 bonorum

99 345 117 376 3
163 339 282 375 venire
305 342 451 384 praetor
473 338 597 374 voluit.
630 336 715 373 Non
738 336 855 373 solum
877 339 997 372 autem
1022 336 1187 371 omnibus

97 385 274 431 legatariis
299 383 487 420 satisdari¹
513 386 670 428 oportet,
695 382 760 418 sed
783 384 820 418 et
842 382 1113 418 successoribus
1136 382 1186 417 le-

96 430 313 477 gatariorum
329 428 499 466 satisdari
516 428 646 464 debere
669 428 740 463 iam
765 430 917 470 constat,
943 427 1104 472 quamvis
1127 426 1188 462 isti

98 487 168 512 non
192 486 236 511 ex
259 475 391 510 iudicio
416 473 592 517 defuncti,
624 472 688 509 sed
710 472 949 509 successionis
973 472 1187 508 necessitate

98 526 117 556 4
163 520 268 567 quasi
290 520 338 556 ad
360 530 422 556 aes
447 518 604 554 alienum
627 518 876 554 admittantur.
912 517 983 554 Sed
1007 521 1043 554 et
1055 527 1186 563 procu-

97 566 277 603 ratoribus
314 566 348 601 le
372 565 569 600 atariorum
603 563 850 600 satisdandum
885 567 940 599 est
973 573 1087 608 eoque
1109 563 1187 598 iure

98 616 115 647 5
162 611 308 647 utimur.
348 576 468 646 {’lane
491 610 522 662 si
546 609 579 645 ei
603 609 663 662 qui
686 609 724 644 in
747 611 926 662 potestate
951 608 1105 661 alicuius
1120 608 1188 643 erit

99 658 251 703 legatum
292 655 358 699 sit,
397 655 582 691 cavebltur
613 665 646 690 ei
670 665 771 690 cuius
801 665 872 689 1ur1
904 654 1089 690 sub1ectus
1120 656 1185 689 est.

98 707 116 738 6
162 702 246 738 Non
281 701 398 737 solum
431 704 552 736 autem
590 700 815 745 legatorum2
851 699 994 735 nomine
1037 698 1186 734 heredes

98 752 113 783 7
164 751 307 790 cavent,
339 746 401 783 sed
432 749 468 782 et
491 755 719 782 successores
742 755 876 781 eorum.
923 745 958 780 Is
984 745 1102 788 etiam,
1128 744 1188 780 cui

96 804 140 830 ex
170 796 317 829 senatus
352 792 516 828 consulto
551 791 720 827 restituta
749 793 805 826 est
834 789 1034 833 hereditas,
1075 789 1186 825 nihilo

96 842 115 874 8
161 838 278 874 minus
303 837 350 873 ad
373 837 576 873 cautionem
601 836 837 882 compellitur.
872 835 907 871 N
910 846 950 871 ec
973 846 1047 871 non
1071 840 1108 871 et
1127 835 1188 880 qui

95 895 159 932 per
182 884 273 920 alios
295 883 446 919 heredes
469 883 630 919 existunt
651 882 726 918 sive
749 881 934 917 honorarii
958 891 1187 917 successores

95 933 116 966 9
163 930 211 965 ad
246 928 517 966 satisdationem
554 927 829 973 compelluntur.
887 926 1000 963 Plane
1039 926 1071 962 si
1108 926 1187 972 quis

95 975 228 1012 omissa
257 974 490 1020 stipulatione
516 973 617 1009 litem
647 973 690 1009 de
720 973 837 1018 legato
868 975 1092 1008 contestatus
1121 975 1186 1014 est,

98 1024 139 1056 10
173 1019 398 1066 probandum
410 1023 466 1056 est
478 1029 620 1055 cessare
632 1018 762 1055 debere
774 1018 1050 1063 stipulationem.
1071 1016 1187 1053 Idem-

100 1069 132 1102 11
177 1076 247 1111 que
267 1066 306 1101 in
327 1065 611 1101 fideicommissis
636 1074 777 1118 quoque
796 1063 1024 1109 probandum
1046 1066 1112 1099 est.
1150 1062 1189 1098 Si

96 1112 155 1148 cui
176 1112 229 1147 ita
252 1111 300 1148 sit
322 1111 479 1156 legatum
491 1110 549 1146 vel
571 1109 886 1146 fidelcommissum
909 1109 1075 1145 relictum
1097 1111 1134 1144 et
1158 1107 1189 1144 si

94 1158 131 1193 id
154 1157 384 1203 perdidisset,
411 1167 539 1192 rursus
563 1156 726 1191 relictum
737 1156 762 1198 ³,
786 1154 988 1197 videamus,
1021 1165 1069 1189 an
1100 1153 1187 1190 satis

94 1203 276 1249 sequentis
292 1202 400 1248 legati
415 1202 490 1238 sive
503 1201 769 1237 fideicommissi
779 1204 903 1246 petere
913 1200 1041 1246 possit.
1071 1202 1190 1235 movet

119 1249 359 1291 uaestionem,
392 1258 440 1283 an
470 1247 784 1283 fideicommissum
818 1247 889 1282 hoc
925 1246 998 1281 sive
1031 1245 1189 1291 legatum

95 1261 270 1330 debeatur
300 1297 337 1328 et
367 1293 530 1338 quotiens
555 1292 729 1328 debeatur
759 1295 796 1328 et
825 1302 873 1327 an
895 1291 972 1337 ipse
995 1291 1188 1336 legatarius

96 1349 220 1375 cavere
253 1339 382 1375 debeat
411 1349 450 1374 se
480 1349 555 1374 non
603 1337 812 1374 erditurum.
869 1337 914 1373 de
943 1337 999 1372 his
1023 1336 1188 1372 omnibus

95 1389 194 1420 extat
217 1384 453 1430 rescriptum⁴
478 1384 548 1419 divi
592 1383 617 1418 ii
640 1383 687 1418 ad
709 1383 851 1418 Iunium
870 1382 1074 1418 Mauricum
1096 1381 1188 1417 tale:

96 1430 232 1466 ‘Clodio
256 1429 431 1465 Fructulo
463 1428 660 1465 secundum
684 1439 746 1471 ea,
780 1439 872 1474 quae
895 1428 1050 1474 epistula
1074 1427 1188 1463 conti-

95 1480 248 1518 ‘nentur,
271 1475 391 1520 legata
407 1475 480 1511 sive
491 1474 767 1510 fideicommissa
782 1484 827 1510 ex
842 1477 1056 1510 testamento
1074 1473 1190 1509 Clodii

95 1521 237 1557 ‘Felicis
266 1521 443 1567 praestari
473 1520 607 1556 debent
641 1520 733 1555 citra
761 1519 1015 1555 necessitatem
1039 1518 1190 1554 cavendi

95 1567 193 1602 ‘nihil
217 1578 264 1602 ex
285 1567 316 1602 is
341 1566 607 1602 deminuturum
632 1576 682 1601 se.
718 1575 803 1600 nam
826 1565 924 1611 quod
947 1564 1032 1601 fidei
1046 1564 1189 1600 heredis

95 1614 152 1648 ‘ab
177 1612 301 1649 eodem
323 1615 498 1648 testatore
522 1611 750 1647 commissum
774 1614 837 1651 est,
862 1614 914 1653 ut,
938 1610 969 1646 si
991 1610 1188 1646 Fructulus

95 1658 322 1739 :Berdidissgt
338 1657 435 1711 quod
450 1657 484 1693 ei
500 1657 538 1692 in
549 1660 766 1724 ⁴¹testamento
783 1656 949 1737 lr‘g'licmm
974 1661 1038 1698 est,
1045 1666 1190 1736 trFursus

95 1706 573 1795 ειῶΥὲἱὲἰέωὲθῗέέέιῐᾞῃᾶ
591 1705 1192 1800 ’ὲῖἶιῗὲθΡξπέἓὲἑὶιὲἓὲιῖ,1ςέἓῶ

96 1799 170 1830 ‘aut
194 1794 399 1830 onerandus
424 1795 472 1830 sit
493 1794 597 1830 heres
620 1793 659 1828 in
681 1792 820 1828 mfimto
832 1795 857 1836 ⁶,
882 1796 940 1835 ut,
971 1797 1136 1838 quotiens
1159 1792 1191 1828 is

96 1840 320 1886 ‘perdiderit‚
353 1840 543 1875 restituere
575 1839 607 1875 ei
637 1838 860 1874 tantumdem
885 1838 1032 1881 debeat,
1065 1838 1129 1874 sed
1152 1841 1193 1873 ut

96 1891 172 1931 ‘per
200 1885 514 1921 fideicommissum
544 1885 725 1930 posterius
754 1883 937 1930 duplicata
965 1884 1084 1929 legata
1113 1883 1189 1919 eius

96 1932 294 1967 ‘videantur
309 1942 377 1967 nec
390 1931 543 1977 amplius
558 1930 604 1965 ad
617 1929 817 1975 periculum
830 1929 975 1965 heredis
998 1929 1188 1975 pertineat,

96 1977 398 2058 tatami?
418 1975 1190 2067 15ΥὲἓέἒξὶἶΡΒέξςὲΧίἒῖἓὶἒηῗῖιὲἕέἒὲῗὲῗὲἕ

96 2069 216 2104 heredi
238 2079 312 2104 non
335 2067 465 2103 debere
489 2077 615 2103 cavere
638 2077 677 2102 se
700 2077 774 2102 non
802 2066 1039 2111 perditurum.
1086 2076 1190 2102 versa

97 2115 172 2150 vice
202 2124 249 2149 an
279 2114 383 2149 heres
408 2113 452 2148 de
483 2112 647 2159 sequenti
677 2112 795 2157 legato
819 2112 894 2148 sive
916 2111 1190 2147 fideicommisso

97 2170 221 2196 cavere
245 2159 384 2203 debeat,
409 2159 606 2204 quaeritur.
654 2162 690 2193 et
712 2161 836 2203 putem
859 2168 933 2193 non
957 2161 1123 2203 oportere
1157 2157 1190 2192 ei

97 2205 233 2248 caveri,
272 2215 355 2240 cum
384 2205 422 2240 in
453 2215 519 2240 suo
551 2203 700 2239 arbitrio
733 2203 885 2247 habeat,
921 2213 967 2238 ne
996 2203 1125 2248 perdat
1153 2202 1191 2238 id

96 2251 192 2297 quod
224 2251 293 2287 sibi
323 2250 488 2286 relictum
518 2253 591 2293 est,
625 2249 784 2294 quamvis
817 2249 847 2284 si
878 2249 958 2294 quis
982 2248 1189 2294 inspexerit,

97 2296 193 2341 quod
216 2297 284 2332 sub
309 2295 519 2331 condicione
542 2294 708 2330 relictum
732 2297 797 2337 est,
824 2294 941 2330 dicere
970 2294 1100 2330 debeat
1131 2304 1189 2330 sa-

101 2346 139 2377 12
185 2341 414 2377 tisdationem
443 2340 661 2387 exigendam.
712 2339 818 2376 Certe
845 2340 920 2376 sive
945 2350 988 2374 ex
1013 2349 1094 2375 asse
1117 2340 1191 2375 sive

97 2398 141 2423 ex
169 2392 273 2433 parte
297 2387 376 2432 quis
400 2387 558 2432 legatum
583 2386 721 2430 debeat,
747 2395 873 2421 cavere
897 2385 1013 2428 debet,
1039 2385 1112 2421 sive
1135 2385 1189 2420 in-

101 2437 140 2469 13
173 2433 321 2469 stitutus
337 2433 384 2468 sit
396 2433 501 2468 heres
517 2432 591 2467 sive
605 2431 835 2468 substitutus.
867 2431 1067 2467 Bellissime
1080 2441 1190 2477 quae-

97 2479 199 2521 ritur,
224 2488 271 2513 an
286 2478 375 2514 haec
392 2477 576 2523 stipulatio
590 2478 848 2512 incrementum
872 2487 916 2512 ex
939 2476 1118 2512 fructibus
1135 2476 1191 2512 vel

98 2525 218 2560 usuris
236 2524 377 2559 sentiat.
414 2527 451 2559 et
461 2527 561 2559 recte
583 2522 717 2568 placuit
740 2532 785 2558 ex
807 2533 909 2558 mora
931 2522 1190 2558 incrementum

98 2570 303 2605 habituram
327 2569 606 2614 stipulationem,
630 2569 697 2603 ut⁸
719 2567 757 2603 id
802 2567 876 2604 uod
899 2567 1080 2613 oportebit
1103 2578 1190 2604 con-

102 2619 142 2650 14
188 2614 398 2661 prehendat.
446 2614 485 2649 Si
507 2614 587 2659 quis
612 2614 679 2648 sub
705 2623 774 2649 con
801 2613 915 2649 'cione
938 2613 1096 2659 legatum
1126 2613 1189 2649 sti-

98 2660 244 2706 pulatus
281 2660 459 2705 pendente
498 2658 709 2695 condicione
748 2658 960 2701 decesserit,
1004 2658 1188 2703 stipulatio

99 2706 289 2749 evanescit,
314 2705 398 2751 quia
412 2715 479 2740 nec
495 2705 652 2749 legatum
667 2704 931 2739 transmittitur.
968 2704 1052 2739 huic
1076 2705 1189 2758 stipu-

98 2751 247 2787 lationi⁰
269 2751 413 2787 easdem
438 2760 568 2785 causas
591 2754 627 2786 et
647 2749 876 2785 condiciones
891 2749 1009 2785 inesse
1022 2751 1050 2770 ¹⁰
1074 2759 1190 2785 scien-

100 2797 185 2833 dum
207 2800 280 2833 est:
304 2796 454 2842 proinde
478 2795 509 2831 si
533 2805 604 2840 qua
627 2795 675 2832 sit
698 2795 872 2840 exceptio,
897 2805 990 2840 quae
1012 2795 1189 2840 petenti¹¹

99 2844 254 2888 legatum
285 2841 420 2888 opponi
450 2841 559 2883 solet,
595 2840 745 2876 eandem
777 2851 820 2875 ex
853 2839 1027 2885 stipulatu
1050 2850 1192 2885 quoque

103 2892 143 2923 15
184 2888 302 2932 agenti
321 2886 571 2932 opponendam
595 2896 673 2922 esse
689 2886 820 2931 placet.
852 2885 1085 2921 Procuratori
1101 2885 1189 2928 eius,

101 2933 162 2978 qui
191 2933 322 2968 absens
354 2942 432 2968 esse
461 2932 609 2975 dicitur,
640 2932 671 2967 si
702 2931 889 2977 stipulanti
919 2931 1027 2976 legati
1049 2931 1192 2966 nomine

101 2978 278 3024 spondeat
306 2978 430 3021 heres,
461 2976 586 3013 Ofilius
616 2977 667 3012 ait
695 2977 748 3012 ita
778 2987 904 3012 cavere
929 2976 1069 3019 debere,
1093 2976 1126 3012 si
1147 2977 1190 3018 is,

102 3025 204 3059 cuius
227 3023 370 3059 nomine
393 3026 530 3065 caveat,
554 3023 659 3066 vivat,
683 3022 848 3058 videlicet
871 3032 916 3057 ne
939 3025 1106 3057 teneatur
1127 3021 1189 3057 illo

105 3073 145 3104 16
192 3072 275 3105 ante
285 3070 314 3091 ¹²
337 3067 521 3104 defuncto.
561 3068 652 3103 Item
676 3068 873 3113 quaeritur,
897 3067 935 3102 in
957 3067 1051 3102 hanc
1076 3067 1190 3112 stipu-

102 3114 270 3150 lationem
300 3117 420 3149 utrum
450 3114 551 3159 ipsae
581 3123 639 3149 res
661 3113 807 3149 veniant
829 3123 922 3158 quae
944 3113 1083 3158 legatae
1107 3116 1192 3147 sunt

104 3169 151 3194 an
165 3169 248 3195 vero
270 3159 388 3204 pretia
410 3169 544 3195 earum.
581 3162 618 3193 et
641 3162 696 3193 est
718 3158 836 3194 verius
860 3158 899 3193 in
920 3158 1016 3193 hanc
1040 3157 1189 3203 stipula-

108 3207 146 3238 17
189 3204 322 3239 tionem
345 3215 402 3240 res
426 3205 481 3239 vel
504 3204 622 3249 pretia
645 3203 782 3240 deduci.
831 3203 869 3239 Si
893 3204 1015 3239 decem
1062 3213 1132 3239 uae
1154 3204 1190 3238 in

104 3259 189 3284 arca
220 3253 322 3284 erant
343 3250 429 3284 mihi
451 3250 571 3295 legata
594 3249 675 3292 sint,
699 3248 767 3284 tibi
790 3259 914 3284 eorum
936 3259 1024 3285 usus
1084 3253 1191 3284 uetus

103 3295 242 3338 legatus
266 3294 329 3338 sit,
355 3295 385 3330 si
432 3305 497 3330 ure
520 3295 662 3340 utrique
685 3294 841 3340 legatum
871 3294 918 3329 sit
947 3294 1128 3338 relictum,
1159 3295 1190 3330 is

106 3339 165 3375 cui
195 3339 395 3384 proprietas
408 3307 534 3386 llegata
557 3344 612 3375 est
634 3340 713 3385 ipso
737 3339 814 3375 iure
838 3339 962 3375 decem
984 3339 1190 3383 vindicabit,

105 3384 340 3420 fructuarium
371 3389 490 3421 autem
520 3396 565 3421 ex
588 3389 733 3420 senatus
759 3384 922 3420 consulto
956 3388 1122 3420 acturum
1155 3389 1192 3421 et

107 3430 260 3475 quinque
288 3440 393 3465 usum
418 3429 575 3466 fructum
598 3429 795 3476 petiturum
820 3434 971 3465 constat.
1021 3430 1085 3465 sed
1109 3441 1191 3465 cum

107 3547 147 3586 (1)
171 3543 329 3576 satisdare
343 3542 375 3574 F
478 3544 521 3584 (2)
546 3542 777 3585 legatarumF
873 3544 916 3586 (8)
939 3544 994 3585 ut,
1012 3543 1041 3575 si
1060 3543 1097 3576 id
1114 3554 1190 3586 per-

107 3589 252 3630 didisset,
264 3597 377 3621 rursus
387 3587 432 3619 sit
443 3586 597 3620 relictum
607 3601 669 3622 scr.
733 3589 777 3631 (4)
800 3587 955 3631 rescripti
966 3588 1003 3621 F
1055 3590 1099 3631 (5)
1122 3598 1191 3621 res-

107 3636 216 3667 tueret
228 3635 260 3667 F
347 3635 391 3675 (6)
415 3632 587 3665 infinitum
597 3645 660 3667 scr.
754 3635 797 3676 (7)
822 3634 889 3667 etl.
900 3645 980 3677 qem.
1082 3635 1128 3676 (8)
1151 3636 1191 3666 ut

108 3692 166 3713 om.
181 3679 213 3711 F
330 3678 375 3719 (9)
400 3679 433 3711 et
443 3677 630 3720 legatorum
640 3678 766 3713 actioni
777 3681 836 3713 ins.

109 3726 166 3766 (ιι)
190 3726 223 3757 et
233 3723 372 3767 pentiF
457 3724 516 3764 (12)
541 3724 645 3756 antF
721 3725 779 3766 (13)
805 3725 887 3757 talia
895 3724 973 3767 sere
984 3725 1190 3757 exciderunt.-

108 3769 136 3801 si
152 3772 287 3811 paratus
303 3769 349 3801 sit
364 3769 459 3801 heres
475 3767 624 3810 quinque
644 3767 672 3801 ei
692 3767 818 3802 solvere
838 3771 871 3801 et
889 3767 1139 3811 stipulationem
1158 3769 1190 3802 ei

1182 118 1268 166 539

961 3679 1021 3721 (10)
1043 3679 1151 3712 inesto
1163 3680 1199 3712 F
1259 3678 1347 3711 toria
1362 3678 1514 3712 Cuiacius

2103 121 2349 165 XXXVI3

1258 243 1381 279 decem
1412 242 1570 279 vindicat
1624 243 1879 288 roprietarius‚
1909 255 1974 290 per
2004 245 2252 291 exceptionem
2277 243 2351 281 doli

1255 289 1401 334 repelli,
1445 289 1474 311 ¹³
1483 298 1554 334 qua
1651 289 1811 324 ctuarius
1849 289 1892 325 de
1927 290 2157 327 restituendis
2195 290 2351 336 quinque

1255 334 1381 372 heredi
1418 334 1523 371 cavit.
1587 333 1696 380 plane
1736 334 1767 370 si
1810 333 1933 370 decem
1975 346 2165 372 aureorum
2232 346 2350 372 esses-

1255 380 1395 416 sionem
1430 379 1625 424 legatarius
1665 379 1818 423 habeat,
1864 380 2059 418 Marcellus
2103 382 2154 417 ait
2242 381 2351 417 ndam

1255 425 1313 461 vel
1344 424 1468 461 heredi
1496 424 1552 460 vel
1585 424 1787 460 fructuario
1818 424 1940 460 utilem
1969 427 2146 462 actionem
2179 427 2218 462 in
2253 427 2351 473 lega-

1256 471 1406 513 tarium,
1437 470 1469 506 si
1492 469 1597 506 modo
1623 470 1656 506 ei
1680 473 1859 506 caveatur.
1908 471 1972 506 sed
1994 472 2026 507 si
2048 473 2115 508 sub
2141 472 2352 509 condicione

1256 516 1290 551 ei
1314 515 1436 551 decem
1458 516 1577 561 legata
1600 515 1682 560 sint,
1705 514 1945 551 fructuarium
1967 517 2109 553 interim
2134 518 2256 554 decem
2284 518 2350 554 ob-

1255 562 1331 596 lata
1349 561 1516 597 cautione
1528 560 1746 604 habiturum,
1770 561 1942 606 legatario
1959 572 2055 605 vero,
2075 564 2134 599 cui
2148 563 2351 610 proprietas

1255 606 1385 642 relicta
1416 610 1489 649 est,
1520 606 1664 642 interim
1694 606 1895 652 legatorum
1926 607 2109 652 stipulatio
2132 609 2353 654 praestanda

1256 655 1322 687 est.
1370 651 1435 687 sed
1464 652 1496 687 si
1526 652 1685 688 omiserit
1716 651 2000 697 stipulationem,
2032 653 2205 691 existente
2229 654 2353 691 condi-

1256 696 1360 733 cione
1383 696 1431 732 ad
1454 696 1696 733 exhibendum
1719 708 1802 734 eum
1824 707 1932 743 posse
1956 708 2061 743 agere
2076 699 2271 736 Marcellus
2289 700 2351 735 ait.

1256 742 1320 778 sed
1336 741 1395 778 sii
1418 752 1553 778 norans
1569 742 1675 779 heres
1690 743 1848 788 legatum
1873 743 1996 779 decem
2019 743 2217 781 fructuario
2243 745 2352 788 dedit,

1256 787 1304 822 ad
1318 753 1558 824 exhiziendum
1575 799 1656 823 eum
1669 799 1744 824 non
1762 789 1878 824 teneri
1927 788 2021 824 alam
2044 793 2113 825 est:
2140 801 2353 827 succurren-

1257 833 1342 868 dum
1365 836 1487 869 tamen
1509 833 1683 879 legatario
1709 834 1881 870 adversus
1966 834 2143 870 c‘tuarium
2159 836 2353 873 Marcellus

1261 881 1300 913 18
1349 878 1411 914 ait.
1460 878 1498 914 Si
1529 879 1576 914 ad
1605 878 1735 915 fiscum
1765 880 1884 925 portio
1909 880 2119 916 hereditatis
2142 882 2354 927 pervenerit,

1258 924 1414 960 cessabit
1440 923 1513 960 ista
1544 925 1746 970 stipulatio,
1779 925 1864 971 quia
1894 936 1962 961 nec
1992 926 2086 962 solet
2115 926 2225 962 fiscus
2249 928 2354 964 satis-

1260 971 1300 1004 19
1348 969 1447 1005 dare.
1494 969 1564 1014 Qui
1587 971 1761 1007 minorem
1783 974 1925 1016 partem
1946 971 2158 1008 hereditatis
2177 973 2352 1025 possidet,

1258 1026 1339 1067 cum
1371 1025 1415 1050 ex
1445 1015 1582 1051 maiore
1631 1019 1710 1051 arte
1733 1017 1837 1052 heres
1863 1016 1927 1061 sit,
1953 1016 1986 1053 si
2009 1017 2152 1062 quidem
2174 1028 2254 1063 1pso
2278 1019 2356 1053 iure

1256 1063 1439 1096 mmuatur
1469 1061 1588 1106 portio
1640 1061 1839 1105 ereditatis,
1865 1062 2025 1099 securior
2048 1063 2116 1099 erit
2139 1064 2262 1099 heres:
2292 1074 2355 1099 ne-

1258 1106 1437 1159 que-enim
1450 1107 1477 1127 ¹⁴
1494 1117 1540 1142 ex
1559 1107 1694 1142 maiore
1707 1111 1813 1153 parte
1829 1118 1874 1143 ex
1897 1108 2071 1154 stipulatu
2093 1112 2237 1144 tenetur
2259 1109 2356 1154 lega-

1255 1152 1370 1194 tariis,
1396 1162 1504 1197 quam
1518 1162 1562 1188 ex
1581 1163 1652 1197 qua
1669 1153 1774 1189 heres
1799 1157 1872 1189 est:
1898 1154 1930 1189 si
1952 1164 2037 1190 vero
2059 1165 2190 1190 nomen
2214 1154 2356 1200 quidem

1257 1197 1399 1233 heredis
1432 1197 1530 1243 apud
1558 1208 1620 1234 eos
1652 1198 1828 1244 integrum
1852 1203 2006 1243 maneat,
2035 1204 2281 1235 verumtamen
2305 1199 2357 1235 ef-

1256 1243 1356 1295 fectu
1369 1244 1397 1266 ¹⁵
1410 1244 1528 1279 minus
1543 1243 1703 1279 habeant
1718 1244 1926 1281 hereditatis
1940 1249 1976 1281 et
1988 1246 2148 1281 caverint
2158 1246 2357 1291 legatorum

1257 1299 1412 1332 nomme,
1427 1289 1594 1325 videntur
1610 1290 1762 1333 onerari,
1789 1291 1873 1335 quia
1886 1291 1965 1336 ipso
1990 1290 2069 1327 iure
2093 1302 2159 1337 pro
2184 1301 2229 1327 ea
2251 1295 2358 1337 parte

1257 1334 1374 1386 legata
1398 1334 1540 1377 debent,
1565 1346 1630 1380 pro
1651 1346 1722 1381 qua
1739 1336 1891 1372 heredes
1909 1337 1992 1372 sint.
2030 1337 2094 1373 sed
2108 1337 2202 1373 enim
2215 1337 2357 1383 aequis-

1258 1391 1386 1415 slmum
1419 1384 1475 1416 est
1505 1391 1578 1417 non
1607 1381 1778 1417 maiorem
1809 1385 1950 1427 partem
1981 1383 2163 1428 legatariis
2203 1383 2353 1425 solvere,

1259 1435 1366 1470 quam
1391 1425 1494 1462 cuius
1517 1426 1654 1462 habent
1672 1427 1962 1463 emolumentum.
1998 1428 2068 1464 hoc
2093 1432 2213 1464 autem
2229 1428 2357 1471 evenit,

1260 1482 1341 1506 cum
1363 1471 1546 1508 hereditas
1569 1483 1635 1517 pro
1660 1472 1782 1518 aliqua
1804 1477 1910 1519 parte
1933 1483 1980 1509 ex
1999 1474 2228 1510 Trebelliano
2251 1474 2357 1510 resti-

1258 1517 1391 1552 tuitur:
1424 1527 1508 1552 nam
1537 1528 1604 1563 pro
1637 1522 1718 1553 rata
1750 1518 1968 1554 exonerandi
1997 1523 2083 1555 sunt
2105 1519 2256 1556 heredes
2281 1520 2357 1556 eius

1258 1562 1373 1608 partis
1397 1563 1559 1605 nomine,
1584 1563 1687 1599 cuius
1711 1564 1989 1600 emolumentum
2012 1564 2082 1600 sibi
2105 1565 2266 1600 ablatum
2291 1569 2356 1601 est.

1260 1612 1302 1643 20
1352 1607 1390 1644 Si
1414 1608 1465 1651 ei,
1498 1609 1559 1661 qui
1589 1608 1627 1644 in
1656 1609 1804 1645 alterius
1827 1613 2008 1656 potestate
2031 1611 2114 1655 erit,
2137 1611 2277 1646 incerta
2301 1610 2358 1646 die

1258 1654 1416 1699 legatum
1430 1653 1550 1697 fuerit,
1577 1655 1763 1690 cavebitur
1780 1655 1824 1698 ei,
1850 1655 1911 1701 qui
1934 1655 2046 1692 habet
2071 1666 2151 1692 eum
2173 1656 2212 1692 in
2234 1660 2356 1702 potes-

1258 1703 1352 1741 tate,
1383 1710 1457 1735 non
1479 1700 1653 1745 praecise,
1679 1701 1743 1736 sed
1766 1701 1834 1737 sub
1859 1701 2068 1738 condicione
2093 1702 2147 1745 ‘si,
2173 1713 2256 1738 cum
2279 1702 2356 1738 eius

1259 1745 1379 1797 {legati
1408 1745 1484 1780 dies
1515 1745 1627 1788 cedit,
1660 1746 1698 1780 in
1726 1750 1907 1791 potestate
1935 1747 2004 1783 sit’.
2054 1751 2212 1783 ceterum
2242 1747 2273 1783 si
2302 1747 2356 1783 sui

1258 1801 1345 1826 iuris
1361 1791 1575 1833 inveniatur,
1598 1791 1760 1837 iniquum
1776 1802 1856 1828 esse
1873 1792 1988 1828 visum
2013 1797 2067 1828 est
2089 1793 2186 1839 patri
2211 1796 2355 1829 cautum

1259 1846 1350 1878 esse,
1376 1847 1458 1872 cum
1481 1836 1543 1871 alii
1566 1837 1723 1882 legatum
1747 1837 1932 1880 debeatur,
1958 1849 2174 1884 quamquam
2196 1838 2264 1875 etsi
2281 1838 2356 1874 sine

1258 1882 1327 1917 hac
1347 1881 1547 1918 adiectione
1562 1886 1759 1926 caveretur,
1783 1894 1907 1919 verum
1917 1885 1945 1905 ¹⁶
1968 1888 2090 1919 tamen
2105 1884 2317 1929 exceptione
2330 1884 2356 1905 ¹⁷

1259 1931 1399 1972 patrem
1438 1927 1495 1963 vel
1536 1927 1719 1963 dominum
1756 1929 2064 1972 submoveremus,
2106 1930 2138 1965 si
2172 1930 2357 1966 existentis

1260 1973 1480 2008 condicionis
1511 1976 1674 2018 tempore
1705 1985 1778 2010 non
1810 1975 1987 2011 haberent
2018 1985 2078 2011 eos
2102 1975 2141 2010 in
2164 1978 2356 2021 potestate.

1259 2018 1377 2054 evenit
1395 2022 1518 2054 tamen
1540 2019 1740 2055 secundum
1762 2020 1846 2063 hoc,
1870 2024 1912 2056 ut
1933 2020 1972 2056 in
1997 2030 2119 2056 casum
2142 2031 2216 2056 non
2239 2021 2289 2057 sit
2313 2020 2357 2056 de

1258 2064 1376 2116 legato
1389 2064 1419 2086 ¹⁸
1433 2067 1598 2100 cautum:
1618 2075 1702 2100 nam
1715 2066 1746 2101 si
1759 2066 1945 2102 existentis
1960 2066 2181 2102 condicionis
2196 2069 2359 2112 tempore

1259 2121 1316 2146 sm
1338 2109 1427 2145 iuris
1452 2113 1547 2153 sunt,
1572 2121 1646 2146 non
1671 2111 1739 2146 erit
1763 2115 1921 2147 cautum.

1305 2153 1331 2192 2
1355 2155 1605 2207 ΡᾼΡῙΜΑΝΠΒ
1625 2156 1716 2192 libro
1740 2157 1934 2193 vicensimo
1959 2160 2085 2193 octavo
2106 2158 2357 2204 quaestionum

1259 2200 1337 2237 Nec
1376 2211 1407 2236 ει
1443 2200 1539 2237 forte
1573 2201 1659 2237 velit
1691 2206 1796 2247 pater
1831 2213 1958 2239 cavere
1991 2203 2169 2239 neminem
2203 2213 2261 2238 am
2287 2203 2357 2239 lius

1258 2246 1466 2327 getiturum,
1493 2247 1761 2292 compellendus
1776 2248 1845 2284 erit
1860 2249 1965 2284 heres
1979 2248 2148 2294 legatum,
2174 2259 2244 2294 quo
2286 2248 2358 2284 iam

1285 2293 1354 2327 lius
1377 2296 1501 2337 petere
1523 2296 1661 2338 potest,
1686 2293 1749 2328 alii
1772 2304 1880 2339 quam
1904 2294 1963 2330 cui
1986 2293 2138 2330 debetur
2161 2294 2356 2330 exsolvere.

1306 2336 1330 2375 3
1364 2338 1561 2374 ULPJANUS
1578 2338 1669 2374 libro
1693 2340 1986 2386 septuaqensimo
2009 2350 2106 2375 nono
2131 2340 2182 2375 ad
2202 2339 2356 2375 edictum

1260 2383 1331 2419 Sed
1353 2387 1390 2419 et
1412 2383 1517 2429 ipsis,
1550 2384 1612 2429 qui
1643 2388 1728 2420 sunt
1749 2385 1788 2420 in
1810 2387 2002 2430 potestate„
2027 2384 2225 2420 cavendum
2237 2385 2267 2406 ¹⁹
2289 2388 2355 2427 est,

1284 2429 1560 2465 uemadmodum
1575 2429 1667 2465 solet
1690 2430 1819 2473 caveri,
1845 2431 1875 2466 si
1899 2430 2024 2466 eadem
2047 2440 2106 2466 res
2131 2430 2272 2466 duobus
2287 2431 2356 2466 sub

1286 2475 1407 2510 'versis
1422 2475 1478 2510 vel
1493 2475 1683 2511 contrariis
1699 2476 1972 2512 condicionibus
1985 2475 2113 2511 relicta
2128 2477 2193 2512 sit:
2213 2475 2356 2512 duobus

1260 2520 1351 2556 enim
1382 2520 1591 2564 satisdatur,
1616 2520 1680 2556 sed
1702 2521 1741 2556 in
1764 2525 1918 2566 utroque
1942 2531 2031 2557 casu
2053 2521 2168 2557 isdem
2191 2521 2356 2567 personis

1259 2565 1531 2602 satisdationem
1554 2566 1738 2602 subituris.

1305 2610 1331 2648 4
1361 2611 1471 2647 IDEM
1497 2612 1590 2648 libro
1621 2613 1748 2658 quinto
1784 2612 1920 2648 decimo
1953 2612 2003 2647 ad
2032 2611 2188 2648 edictum
2241 2612 2280 2648 Si
2311 2622 2356 2648 ex

1260 2667 1371 2693 causa
1399 2656 1668 2693 fideicommissi
1699 2657 1746 2693 sit
1775 2657 1873 2703 apud
1905 2657 2059 2702 aliquem
2082 2657 2264 2693 hereditas
2288 2668 2355 2693 nec

1258 2703 1457 2748 legatorum
1488 2703 1641 2739 satisdat
1650 2703 1691 2747 ²⁰,
1723 2704 1761 2738 in
1788 2703 2051 2748 possessionem
2076 2703 2248 2740 adversus
2273 2713 2353 2739 eum

1257 2748 1453 2793 legatarius
1476 2748 1639 2784 mittitur.

1305 2793 1330 2831 5
1355 2793 1604 2829 PAPJNJANUS
1625 2794 1715 2830 libro
1740 2794 1932 2829 vicensimo
1956 2796 2082 2830 octavo
2101 2794 2355 2840 quaestionum

1258 2839 1454 2884 Postquam
1493 2839 1599 2875 heres
1635 2839 1681 2874 ab
1712 2839 1876 2875 hostibus
1909 2843 2037 2884 captus
2073 2843 2146 2882 est,
2190 2839 2353 2876 condicio

1258 2885 1384 2930 legati,
1411 2884 1512 2920 cuius
1535 2884 1678 2920 nomine
1700 2884 1928 2929 proposita2¹
1952 2884 2184 2931 stipulatione
2207 2888 2353 2921 cautum

1259 2930 1389 2972 fuerat,
1415 2930 1548 2965 extitit:
1574 2928 1804 2965 fideiussores
1817 2929 1960 2965 interim
1976 2930 2092 2966 teneri
2106 2931 2244 2976 negavi,
2269 2930 2355 2976 quia

1259 2985 1376 3020 neque
1406 2974 1463 3010 ius
1495 2985 1612 3020 neque
1635 2985 1791 3020 persona
1815 2979 1929 3018 esset,
1954 2976 2001 3011 ad
2025 2986 2133 3021 quam
2156 2976 2266 3012 verba
2289 2976 2353 3011 sti-

1262 3024 1277 3055 1
1326 3019 1522 3073 pulationis
1548 3020 1661 3065 derigi
1683 3020 1835 3066 possint.
1882 3021 2083 3067 Imperator
2105 3022 2252 3057 Marcus
2276 3022 2352 3055 An-

1258 3070 1404 3101 tonlnus
1427 3065 1519 3101 Iulio
1544 3066 1659 3101 Balbo
1688 3066 1874 3111 rescripsit
1897 3077 1995 3110 eum,
2028 3078 2051 3102 a
2074 3077 2146 3112 quo
2169 3077 2227 3102 res
2251 3065 2352 3101 fidei-

1261 3111 1470 3146 commissae
1500 3111 1732 3155 petebantur,
1770 3122 1852 3147 cum
1875 3112 2112 3164 appellasset,
2137 3121 2261 3147 cavere
2284 3110 2349 3153 vel,

1259 3157 1290 3192 si
1305 3159 1429 3192 caveat
1444 3156 1681 3199 adversarius,
1697 3156 1745 3192 ad
1760 3156 2003 3193 adversanum
2012 3158 2043 3179 ²²
2059 3156 2247 3193 transferri
2265 3166 2350 3201 pos-

1260 3202 1455 3237 sessionem
1475 3201 1616 3237 debere.
1657 3206 1756 3238 recte
1777 3202 1915 3248 placuit
1937 3203 2090 3248 principi
2114 3206 2197 3247 post
2220 3211 2348 3246 provo-

1260 3247 1437 3283 cationem
1469 3257 1611 3292 quoque
1639 3247 1903 3284 fideicommissi
1927 3248 2128 3284 cautionem
2151 3246 2348 3292 interponi:

1260 3292 1357 3337 quod
1371 3292 1464 3327 enim
1480 3295 1564 3328 ante
1582 3293 1805 3337 sententiam,
1831 3294 1862 3329 si
1885 3293 2068 3339 petitionis
2092 3292 2166 3327 dies
2191 3301 2349 3327 morare·-

1259 3343 1330 3381 tur,
1353 3337 1432 3372 fieri
1446 3337 1578 3382 debuit,
1603 3338 1717 3374 amitti
1736 3342 1820 3384 post
1833 3339 2017 3374 victoriam
2042 3337 2153 3373 dilata
2202 3336 2349 3372 etitione

1259 3394 1332 3419 non
1357 3383 1526 3428 oportuit.
1574 3383 1638 3419 sed
1662 3394 1772 3436 quare
1780 3385 1811 3405 ²³
1834 3395 1907 3420 non
1932 3387 2075 3419 caverat
2099 3382 2142 3418 de
2192 3381 2346 3417 deicom-

1259 3429 1368 3464 misso
1383 3427 1445 3472 qui
1456 3432 1713 3474 provocaverit,
1739 3429 1771 3465 si
1786 3433 1926 3465 caveret
1941 3428 2177 3471 adversarius,
2202 3427 2249 3462 ad
2266 3436 2348 3462 eum

1260 3542 1375 3575 cedere
1452 3542 1512 3587 (14)
1536 3543 1618 3576 erit:
1643 3553 1751 3585 neque
1763 3543 1852 3576 enim
1864 3543 1959 3575 heres
1970 3554 2033 3575 scr.
2104 3542 2162 3582 (15)
2186 3541 2306 3573 effactu
2319 3541 2354 3572 F

1261 3589 1319 3629 (16)
1344 3597 1460 3621 verum
1473 3589 1535 3622 del.
1653 3591 1711 3631 (17)
1736 3588 1960 3630 exceptionem
1972 3586 2007 3618 F
2116 3587 2175 3627 (18)
2199 3584 2308 3618 locato
2322 3586 2357 3618 F

1261 3634 1320 3673 (19)
1346 3633 1553 3667 convendum
1567 3634 1603 3667 F
1698 3638 1759 3672 (20)
1784 3631 2021 3665 satisdatisdati
2032 3631 2067 3663 F
2168 3631 2226 3670 (21)
2251 3640 2346 3674 prae-

1588 3682 1598 3716 (
1601 3681 1651 3720 22)
1675 3678 1881 3711 adversarius
1893 3676 1935 3709 ad
1946 3674 2182 3718 adversarium]
2195 3675 2346 3708 adversa-

1259 3722 1348 3756 rium
1361 3723 1425 3766 F⁰,
1443 3724 1486 3757 ad
1497 3734 1572 3757 eum
1584 3725 1618 3756 F
1622 3722 1637 3744 ¹²
1729 3725 1790 3764 (23)
1814 3733 1890 3755 cum
1902 3723 1961 3755 ins.
1976 3722 2135 3764 (similiter
2150 3722 2313 3765 Cuiacius)

2008 3823 2072 3855 68*
