2528 3918
105 156 165 187 DE
203 154 384 186 TUTELIS

105 264 305 300 coniunctio
321 289 329 303 ‚
367 265 401 296 et
434 260 512 295 ideo
537 259 739 294 huiusmodi
762 259 902 295 facinus
927 259 1185 305 prohibendum

104 314 124 344 4
170 313 232 344 est.
303 306 563 349 Cuiuscumque
605 305 732 339 aetatis
777 305 1012 340 concubinam
1054 305 1186 340 habere

103 364 208 399 posse
230 352 348 397 palam
373 354 437 392 est,
462 349 530 384 nisi
553 349 667 384 minor
691 349 792 384 annis
817 349 1002 385 duodecim
1026 350 1083 385 sit.

149 397 173 435 2
198 397 355 432 PAULUs
386 395 476 430 libro
512 394 720 429 duodecimo
755 394 805 429 ad
839 394 951 440 leqem
985 394 1119 430 Iuliam
1151 398 1185 429 et

103 443 256 489 Papiam
314 440 351 475 Si
379 442 552 491 patronus
591 439 753 473 libertam
783 439 1018 474 concubinam
1048 440 1184 474 habens

102 488 218 568 gurere
249 488 422 530 coepent,
453 484 490 518 in
515 484 755 519 concubinam
787 494 864 518 eam
897 494 974 519 esse
996 484 1184 519 humanius

126 532 241 567 icitur.

149 575 171 614 3
197 575 431 612 MARCIANUS
459 574 550 609 libro
582 573 791 608 duodecimo
824 574 1086 608 institutionum
1142 573 1183 607 In

103 621 362 658 concubinatu¹
388 622 507 664 potest
529 628 607 653 esse
627 622 661 653 et
685 618 799 652 aliena
822 618 949 653 liberta
973 622 1009 654 et
1031 618 1184 662 ingenua

102 668 160 703 et²
183 665 333 701 maxime
357 674 399 699 ea
422 674 512 709 quae
537 664 689 698 obscuro
713 663 793 698 loco
819 668 904 697 nata
924 666 978 698 est
988 663 1044 698 vel
1057 673 1182 708 quaes-

101 716 175 747 tum
207 719 356 755 corpore
386 709 483 744 fecit.
520 708 676 753 alioquin
707 708 738 742 si
761 708 931 743 honestae
955 708 1047 743 vitae
1071 712 1106 743 et
1129 708 1182 742 in-

99 766 248 802 genuam
271 755 452 790 mulierem
481 754 516 788 in
542 753 817 789 concubinatum
848 753 978 788 habere
1009 753 1182 795 maluerit,

1181 134 1269 182 333

2138 137 2283 178 XXVI
2317 142 2330 178 l

1255 258 1331 294 sine
1353 259 1544 294 testatione
1575 258 1643 293 hoc
1675 259 1900 294 manifestum
1931 260 2085 296 faciente
2116 270 2186 294 non
2213 269 2339 294 conce-

1255 303 1360 338 ditur.
1394 303 1457 339 sed
1481 313 1625 338 necesse
1649 308 1703 338 est
1727 305 1758 339 ei
1781 305 1835 338 vel
1859 315 2005 340 uxorem
2029 316 2106 340 eam
2129 304 2262 339 habere
2286 304 2340 339 vel

1259 352 1271 382 1
1321 348 1391 383 hoc
1415 351 1639 384 recusantem
1664 352 1826 393 stuprum
1848 360 1928 383 cum
1949 361 1990 385 ea
2003 350 2239 385 committere:
2264 348 2340 384 Nec

1254 393 1467 428 adulterium
1502 403 1566 437 per
1602 394 1877 428 concubinatum
1913 396 1958 429 ab
1994 396 2071 439 ipso
2098 394 2338 430 committitur.

1253 449 1335 472 nam
1368 439 1452 517 quia
1483 438 1742 473 concubinatus
1774 449 1837 483 per
1867 439 1961 484 leges
1987 451 2113 475 nomen
2137 439 2340 484 assumpsit,

1255 487 1355 534 entra
1392 483 1464 528 egis
1487 493 1639 528 poenam
1663 487 1727 524 est,
1752 487 1793 517 ut
1816 487 1850 517 et
1869 484 2061 519 Marcellus
2079 485 2168 520 libro
2189 484 2339 529 septimo

1254 527 1468 572 digestorum
1493 528 1645 572 scripsit.

1299 571 1324 608 4
1349 572 1508 608 PAULUS
1536 573 1626 608 libro
1659 584 1755 607 nono
1787 572 1923 608 decimo
1947 585 2198 619 responsorum
2248 574 2338 609 Con-

1253 617 1418 652 cubinam
1434 628 1476 652 ex
1497 618 1574 653 sola
1596 618 1703 652 animi
1723 617 1982 653 destinatione³
1995 620 2174 654 aestimari
2187 623 2338 664 oportet.

1299 661 1323 699 5
1348 662 1457 697 IDEM
1482 663 1572 698 libro
1605 663 1762 699 secundo
1794 664 2050 697 sententiarum
2098 664 2340 699 Concubinam

1253 718 1296 742 ex
1332 717 1374 743 ea
1407 708 1591 752 provincia
1605 734 1613 750 ,
1648 708 1684 743 in
1720 718 1790 753 qua
1825 707 1902 752 quis
1938 708 2071 753 aliquid
2106 709 2339 752 administrat,

1251 752 1385 787 habere
1407 756 1536 797 potest.

829 1254 1007 1305 LIBER
1036 1253 1322 1306 VIGESIMU
1323 1254 1353 1303 S
1384 1253 1620 1303 SEXTUS.

612 1384 666 1423 1⁴.

495 1451 556 1483 DE
582 1450 785 1483 Turnus.

146 1519 193 1558 1⁵
217 1519 376 1556 PAULUS
397 1518 486 1554 libro
508 1517 558 1551 tri
582 1517 691 1551 esimo
711 1519 836 1552 octavo
857 1515 907 1550 ad
923 1514 1076 1550 edictum
1110 1514 1182 1549 Tu-

96 1566 168 1602 tela
190 1569 256 1608 est,
281 1568 321 1600 ut
333 1563 474 1599 Servius
498 1561 542 1597 de
569 1561 632 1604 nit,
657 1561 733 1596 vis⁶
757 1571 800 1596 ac
816 1563 977 1606 potestas
999 1560 1037 1595 in
1068 1559 1185 1605 capite

96 1612 205 1648 libero
238 1609 285 1645 ad
313 1608 486 1644 tuendum
517 1617 616 1649 eum,
657 1606 717 1651 qui
747 1610 895 1651 propter
918 1608 1072 1640 aetatem
1095 1606 1184 1640 sua⁷

97 1660 222 1703 sponte
253 1665 292 1691 se
324 1653 513 1689 defendere
544 1651 677 1697 nequit,
711 1651 789 1686 iure
813 1651 905 1686 civili
929 1650 1013 1685 data
1037 1660 1080 1685 ac
1103 1660 1184 1696 per-

99 1706 114 1737 1
163 1701 281 1736 missa.
330 1698 483 1734 Tutores
507 1701 627 1732 autem
658 1701 743 1732 sunt
775 1696 835 1742 qui
859 1706 936 1731 eam
959 1696 1029 1731 vim
1054 1706 1097 1730 ac
1120 1706 1184 1740 po-

95 1750 260 1783 testatem
293 1744 438 1786 habent,
475 1744 613 1788 exque⁸
646 1752 685 1777 re
718 1741 798 1786 ipsa
833 1752 962 1776 nomen
994 1744 1184 1786 ceperunt:

95 1792 214 1837 itaque
238 1790 464 1836 appellantur
486 1792 624 1823 tutores
650 1787 753 1832 quasi
775 1786 951 1822 tuitores⁹
984 1790 1091 1831 atque
1124 1786 1184 1821 de-

95 1837 265 1879 fensores,
302 1835 396 1870 sicut
430 1833 563 1869 aeditui
599 1833 765 1868 dicuntur
799 1832 861 1877 qui
892 1831 999 1867 aedes
1027 1834 1183 1866 tuentur.

41 1882 43 1884 ’
96 1885 115 1918 2
161 1881 286 1916 Mutus
309 1884 409 1915 tutor
433 1879 510 1914 dari
533 1889 606 1914 non
628 1881 764 1923 potest,
791 1877 958 1922 quoniam
991 1876 1184 1912 auctorita-

96 1930 115 1962 3
162 1930 234 1962 tem
267 1925 439 1971 praebere
477 1935 549 1959 non
583 1927 712 1968 potest.
783 1922 937 1957 Surdum
973 1932 1046 1957 non
1079 1932 1186 1967 posse

96 1972 173 2007 dari
210 1974 365 2006 tutorem
398 1970 559 2015 plerique
591 1972 627 2004 et
657 1968 875 2012 Pomponius
910 1968 1000 2002 libro
1038 1977 1183 2011 sexage-

96 2018 183 2053 simo
210 2027 304 2052 nono
329 2015 376 2050 ad
399 2015 553 2050 edictum
577 2014 742 2059 probant,
769 2013 852 2058 quia
875 2023 946 2048 non
970 2016 1108 2047 tantum
1132 2013 1184 2048 lo-

96 2063 167 2108 qui,
193 2061 256 2097 sed
281 2064 316 2096 et
339 2060 465 2096 audire
487 2063 586 2094 tutor
610 2058 727 2094 debet.

141 2105 165 2144 2
191 2106 421 2142 Pomomvs
453 2105 545 2141 libro
582 2105 686 2139 tertio
721 2103 771 2138 ad
801 2102 976 2138 Sabinum
1024 2103 1107 2138 Non
1132 2106 1186 2138 est

96 2151 304 2198 exigendum
328 2162 350 2186 a
372 2150 519 2196 pupillo,
544 2153 586 2184 ut
609 2149 677 2184 sibi
700 2151 854 2183 tutorem
877 2151 978 2193 petat
995 2152 1059 2183 aut
1075 2151 1116 2183 ut
1139 2147 1186 2183 ad

95 2202 246 2233 tutorem
271 2207 374 2232 suum
389 2197 415 2217 ¹⁰
438 2194 698 2240 proficiscatur.

140 2241 163 2280 3
196 2241 391 2278 Uzmzws
419 2241 510 2276 libro
543 2240 593 2275 tri
617 2240 725 2275 esimo
757 2239 908 2285 septimo
938 2238 988 2273 ad
1010 2237 1184 2274 Sabinum

95 2287 162 2332 Qui
185 2287 295 2322 habet
317 2290 472 2321 tutorem
495 2251 651 2330 pupiffus
675 2284 730 2319 vel
752 2284 888 2329 pupilla
911 2283 942 2318 si
964 2283 1084 2318 furere
1103 2294 1183 2319 coe-

95 2333 220 2378 perint,
243 2332 282 2367 in
306 2342 349 2366 ea
374 2341 484 2366 causa
508 2334 611 2372 sunt,
644 2333 685 2364 ut
715 2329 751 2364 in
783 2329 897 2364 tutela
925 2328 1034 2364 nihilo
1067 2329 1183 2364 minus

95 2378 238 2414 durent:
273 2387 364 2422 quae
388 2376 565 2411 sententia
589 2374 711 2419 Quinti
743 2384 884 2419 quoque
906 2374 1020 2408 Mucii
1048 2373 1118 2408 fuit
1150 2377 1185 2409 et

95 2433 116 2458 a
138 2423 276 2458 Iuliano
300 2422 474 2467 probatur
495 2431 606 2465 eoque
628 2420 706 2455 iure
724 2419 867 2462 utimur,
889 2422 928 2454 ut
949 2422 1064 2454 cesset
1085 2429 1183 2462 cura,

95 2468 125 2504 si
146 2468 280 2503 tutelae
304 2470 403 2502 aetas
427 2466 593 2511 indigeat.
620 2475 729 2510 quare
749 2465 779 2500 si
795 2468 934 2500 tutores
953 2465 1098 2507 habent,
1120 2475 1184 2510 per

94 2512 252 2548 furorem
285 2512 323 2547 in
355 2522 477 2547 curam
508 2521 581 2546 non
612 2510 832 2554 rediguntur,
858 2510 930 2545 sive
953 2520 1026 2544 non
1049 2509 1185 2545 habent

97 2562 131 2593 et
153 2558 256 2593 furor
280 2558 329 2593 eis
354 2557 558 2598 accesserit,
584 2556 693 2590 nihilo
717 2555 833 2590 minus
857 2558 995 2590 tutores
1020 2555 1184 2600 accipere

94 2607 278 2648 poterunt:
305 2603 388 2647 quia
411 2603 469 2637 lex
500 2601 686 2636 duodecim
717 2600 921 2635 tabularum
952 2600 1003 2634 ita
1034 2604 1185 2645 accepta

97 2651 111 2682 1
161 2652 224 2691 est,
249 2651 289 2683 ut
309 2647 355 2682 ad
373 2647 527 2693 pupillos
539 2646 594 2681 vel
605 2645 760 2691 pupillas
783 2655 856 2680 non
878 2645 1066 2690 pertineat.
1094 2645 1185 2690 Quia

95 2697 213 2729 autem
236 2693 275 2728 in
297 2693 513 2738 pupillorum
534 2701 689 2736 persona
713 2690 887 2736 adgnatos
904 2694 1087 2725 curatores
1111 2701 1183 2726 non

95 2738 320 2781 admittimus,
344 2738 476 2773 idcirco
501 2736 624 2782 putavi
649 2739 684 2771 et
707 2736 738 2771 si
753 2736 869 2771 minor
887 2735 1010 2780 viginti
1029 2735 1184 2781 quinque

95 2784 194 2819 annis
217 2783 374 2819 furiosus
399 2783 455 2824 sit,
481 2786 683 2817 curatorem
717 2780 749 2816 ei
780 2791 852 2816 non
883 2784 924 2815 ut
946 2780 1095 2823 furioso,
1120 2781 1183 2816 sed

95 2832 134 2863 ut
164 2828 383 2864 adulescenti
415 2827 511 2870 dari,
545 2827 648 2872 quasi
682 2826 810 2861 aetatis
835 2829 929 2861 esset
952 2825 1181 2870 impedimen-

94 2877 178 2908 tum.
212 2877 248 2908 et
276 2874 328 2909 ita
360 2872 567 2908 definiemus
592 2872 634 2914 ei,
660 2882 764 2916 quem
788 2874 888 2906 aetas
914 2881 1022 2906 curae
1046 2871 1101 2906 vel
1125 2874 1181 2906 tu-

94 2919 184 2954 telae
207 2919 350 2961 subicit,
375 2929 447 2954 non
472 2928 550 2953 esse
573 2927 720 2952 necesse
745 2917 847 2962 quasi
872 2916 1026 2951 dementi
1058 2917 1182 2961 quaeri

96 2968 293 3000 curatorem
307 2991 316 3007 ,
353 2967 388 2999 et
427 2963 480 2998 ita
522 2963 717 3008 imperator
751 2962 953 2997 Antoninus
998 2962 1182 3006 Augustus

95 3010 283 3055 rescripsit,
310 3020 390 3044 cum
408 3008 519 3053 magis
540 3008 648 3043 aetati
672 3018 779 3052 quam
792 3007 989 3042 dementiae
1007 3007 1183 3052 tantisper

96 3056 115 3088 2
161 3055 206 3089 sit
230 3053 498 3090 consulendum.
540 3053 577 3088 Si
599 3053 756 3098 pupillus
780 3052 959 3097 pupillave
983 3063 1063 3087 cum
1086 3052 1180 3087 iusto

95 3101 211 3134 tutore
242 3103 383 3134 tutorve
416 3109 497 3133 cum
533 3108 655 3133 eorum
680 3109 749 3143 quo
787 3098 884 3132 litem
909 3108 1012 3142 agere
1047 3097 1123 3132 vult
1147 3101 1183 3132 et

96 3148 238 3179 curator
259 3145 297 3179 in
321 3154 398 3179 eam
421 3154 496 3178 rem
546 3143 664 3185 etitur,
689 3147 809 3178 utrum
840 3143 927 3187 ipsis
951 3142 1181 3187 poscentibus

96 3188 200 3224 datur
229 3200 276 3224 an
304 3200 387 3224 vero
420 3193 456 3224 et
487 3199 508 3223 a
534 3188 715 3223 versario?
747 3191 783 3223 et
813 3188 996 3223 sciendum
1021 3191 1084 3230 est,
1110 3187 1181 3222 sive

95 3237 201 3278 agant
223 3234 297 3270 sive
320 3233 585 3276 conveniantur,
611 3233 688 3268 dari
710 3233 807 3268 hunc
840 3236 1040 3268 curatorem
1062 3243 1179 3278 posse,

96 3278 158 3313 sed
181 3290 253 3314 non
287 3279 398 3321 alias,
435 3289 541 3324 quam
576 3279 606 3314 si
640 3278 717 3330 ipse
753 3281 872 3323 petat,
910 3278 968 3313 cui
1000 3278 1076 3313 dari
1100 3288 1180 3312 eum

95 3327 244 3368 oportet.
282 3324 432 3369 denique
469 3323 613 3358 Cassius
643 3324 734 3358 libro
767 3327 868 3358 sexto
901 3324 1044 3368 scripsit
1073 3323 1180 3357 talem

96 3374 295 3420 curatorem
317 3369 491 3404 neminem
515 3369 592 3403 dari
615 3378 721 3413 posse
738 3368 806 3403 nisi
821 3373 1046 3413 praesentem
1066 3378 1181 3413 neque

96 3422 220 3458 cu1que
242 3413 311 3449 nisi
333 3414 512 3459 praesenti
536 3417 571 3448 et
593 3413 801 3458 postulanti,
821 3414 942 3458 itaque
959 3413 1089 3448 infanti
1108 3423 1181 3448 non

94 3461 213 3501 potest
236 3458 323 3493 dari.
356 3458 449 3493 idem
474 3458 617 3493 Cassius
642 3458 710 3501 ait,
743 3458 773 3493 si
795 3458 952 3503 pupillus
979 3462 1180 3493 curatorem

95 3512 241 3546 poscere
275 3514 348 3538 non
381 3503 474 3546 vult,
509 3514 578 3548 quo
611 3503 727 3538 minus
762 3513 842 3538 cum
873 3513 914 3538 eo
940 3506 1077 3548 agatur,
1104 3503 1181 3547 cogi

1254 1382 1273 1415 3
1322 1390 1402 1415 eum
1426 1390 1448 1415 a
1471 1382 1636 1425 praetore
1660 1379 1834 1414 debuisse.
1884 1378 2051 1423 Quolibet
2083 1379 2162 1414 loco
2196 1382 2232 1414 et
2254 1381 2342 1414 tem-

1253 1435 1340 1470 pore
1374 1425 1471 1460 hunc
1508 1428 1708 1460 curatorem
1743 1424 1819 1459 dari
1855 1434 1961 1468 posse
1996 1424 2215 1469 Pomponius
2250 1424 2341 1459 libro

1254 1473 1275 1504 4
1322 1474 1422 1505 sexto
1459 1470 1594 1505 decimo
1630 1469 1677 1504 ad
1712 1469 1883 1504 Sabinum
1919 1469 2073 1514 scripsit.
2128 1469 2166 1504 Si
2188 1469 2343 1514 pupillus

1253 1518 1354 1561 petat
1376 1516 1483 1551 talem
1508 1518 1708 1550 curatorem
1725 1524 1791 1550 nec
1811 1514 1921 1549 addat
1944 1514 1981 1548 in
1997 1524 2102 1558 quam
2125 1525 2210 1556 rem,
2236 1525 2283 1549 an
2306 1514 2343 1549 in

1254 1570 1377 1596 omnes
1402 1560 1661 1596 controversias
1686 1560 1789 1594 datus
1814 1560 1885 1594 sit‘?
1918 1563 1953 1594 et
1976 1559 2026 1593 ait
2043 1559 2166 1594 Celsus
2185 1559 2343 1595 Servium

1256 1606 1483 1641 constituisse
1506 1606 1543 1640 in
1567 1615 1689 1641 omnes
1713 1615 1769 1640 res
1795 1604 1918 1640 datum
1942 1605 2062 1639 videri.

1300 1650 1326 1688 4
1351 1651 1511 1686 Panos
1531 1651 1621 1686 libro
1646 1653 1770 1686 octavo
1795 1650 1844 1685 ad
1866 1649 2039 1685 Sabinum

1254 1696 1285 1732 si
1308 1696 1513 1731 indistincte
1537 1696 1643 1731 datus
1668 1696 1714 1730 sit
1739 1699 1894 1737 curator,
1918 1695 1954 1729 in
1971 1698 2083 1729 totam
2106 1694 2203 1728 litem
2221 1693 2342 1729 datum

1253 1742 1373 1784 videri,
1399 1741 1554 1777 fortasse
1578 1751 1619 1776 eo
1645 1744 1793 1786 spectet,
1830 1740 1861 1775 si
1895 1739 2051 1774 familiae
2085 1739 2343 1774 herciscundae

1254 1791 1318 1822 aut
1342 1787 1521 1822 communi
1543 1785 1736 1821 dividundo
1761 1788 1824 1820 aut
1841 1784 1964 1819 finium
1984 1784 2223 1829 regundorum
2247 1784 2341 1819 actio

1255 1836 1348 1867 esset
1372 1843 1453 1867 cum
1476 1835 1607 1874 tutore,
1633 1833 1708 1866 et¹¹
1733 1831 1764 1865 si
1786 1830 1990 1865 indistincte
2015 1830 2118 1864 datus
2142 1834 2246 1871 esset,
2271 1839 2342 1863 non

1255 1878 1369 1912 solum
1394 1887 1434 1913 eo
1459 1877 1601 1912 nomine
1627 1879 1772 1912 curator
1796 1878 1899 1917 esset,
1925 1875 2020 1919 quod
2045 1878 2164 1918 ageret
2187 1874 2341 1918 pupillus

1255 1923 1443 1968 pupissave,
1469 1922 1531 1957 sed
1554 1922 1705 1957 invicem
1727 1931 1868 1966 quoque
1885 1920 1981 1965 quod
2001 1930 2081 1955 cum
2097 1919 2151 1954 his
2169 1923 2340 1964 ageretur.

1258 1973 1271 2002 1
1322 1968 1480 2003 Possunt
1514 1970 1633 2002 autem
1663 1967 1719 2002 vel
1749 1967 1870 2011 plures
1902 1965 1939 2000 in
1970 1965 2124 2010 plurium
2149 1965 2266 1999 locum
2289 1964 2341 1999 vel

1255 2023 1347 2048 unus
1370 2013 1407 2048 in
1430 2013 1586 2058 plurium
1599 2013 1626 2033 ¹2
1657 2012 1711 2047 vel
1743 2021 1835 2046 unus
1867 2011 1973 2045 unius
1998 2011 2076 2045 loco
2099 2010 2154 2044 vel
2177 2009 2214 2044 in
2237 2019 2341 2044 unam

1254 2058 1350 2093 litem
1373 2058 1429 2093 vel
1451 2058 1488 2093 in
1511 2058 1632 2103 plures
1658 2060 1802 2092 curator
1826 2056 1909 2101 peti.

1301 2102 1324 2140 5
1350 2103 1580 2138 Pomomvs
1612 2103 1703 2138 libro
1738 2103 1889 2148 septimo
1925 2101 2061 2136 decimo
2098 2099 2148 2135 ad
2169 2098 2343 2135 Sabinum

1256 2148 1344 2183 Cum
1368 2148 1476 2184 semel
1499 2148 1632 2193 petitus
1664 2147 1711 2183 sit
1740 2147 1822 2182 talis
1855 2150 2009 2188 curator,
2036 2145 2204 2190 quamdiu
2227 2145 2257 2179 is
2282 2156 2343 2180 cu-

1253 2198 1353 2229 rator
1373 2198 1526 2236 maneat,
1548 2193 1638 2228 alius
1662 2193 1700 2227 in
1724 2192 1872 2228 eandem
1895 2191 1992 2226 litem
2013 2194 2157 2226 curator
2175 2190 2251 2235 peti
2273 2200 2344 2225 non

1257 2242 1272 2274 1
1322 2243 1452 2284 potest.
1499 2239 1581 2273 Etsi
1605 2238 1720 2273 Titius
1752 2238 1850 2273 verbi
1880 2237 1996 2281 gratia
2031 2236 2199 2270 adversus
2225 2234 2344 2270 Seium

1255 2288 1400 2319 curator
1416 2284 1548 2329 petitus
1567 2284 1623 2325 sit,
1642 2283 1735 2318 idem
1747 2283 1861 2318 Titius
1879 2282 2047 2316 adversus
2066 2281 2174 2316 alium
2191 2284 2344 2315 tutorem

1254 2330 1331 2364 dari
1355 2329 1506 2374 poterit,
1538 2333 1579 2364 ut
1603 2339 1646 2364 ex
1671 2328 1818 2363 diversis
1844 2327 1961 2362 causis
1986 2336 2079 2361 unus
2105 2326 2255 2361 duorum
2280 2336 2342 2359 cu-

1253 2378 1414 2410 ratorum
1445 2375 1563 2410 locum
1595 2374 1763 2419 optineat.
1802 2372 1896 2418 quod
1929 2372 2069 2416 quidem
2104 2375 2140 2405 et
2173 2370 2343 2405 adversus

1254 2419 1405 2455 eundem
1429 2419 1578 2461 accidet,
1604 2420 1634 2454 si
1656 2419 1695 2453 in
1719 2419 1875 2453 diversas
1899 2417 1978 2452 lites
1997 2417 2034 2451 in
2049 2417 2075 2437 ¹³
2093 2415 2238 2451 diversis
2255 2419 2342 2450 tem-

1252 2465 1399 2510 poribus
1423 2465 1517 2500 idem
1540 2467 1695 2509 petatur.

1299 2508 1324 2547 6
1356 2509 1551 2546 ULPJANUS
1584 2510 1676 2545 libro
1712 2509 1894 2554 trzqesz‘mo
1930 2511 2054 2542 octavo
2090 2506 2140 2540 ad
2169 2504 2343 2541 Sabinum

1251 2556 1354 2591 Muto
1379 2555 1531 2600 itemque
1553 2557 1673 2589 mutae
1696 2553 1939 2598 impuberibus
1958 2555 2112 2586 tutorem
2137 2551 2214 2585 dari
2237 2561 2344 2596 posse

1251 2611 1374 2636 verum
1398 2604 1470 2635 est:
1496 2600 1560 2635 sed
1584 2610 1631 2634 an
1651 2599 1847 2634 auctoritas
1867 2598 1916 2632 eis
1939 2596 2200 2631 accommodari
2217 2596 2342 2640 possit,

1253 2646 1447 2681 dubitatur.
1485 2649 1521 2680 et
1553 2645 1583 2680 si
1615 2647 1734 2689 potest
1765 2643 1915 2684 tacenti,
1942 2646 1978 2676 et
2000 2645 2098 2677 muto
2123 2644 2252 2687 potest.
2289 2645 2344 2676 est

1251 2694 1372 2726 autem
1394 2691 1520 2733 verius,
1545 2692 1586 2725 ut
1609 2690 1768 2724 Iulianus
1792 2688 1881 2723 libro
1906 2687 2071 2722 vicesimo
2089 2687 2202 2731 primo
2228 2686 2342 2731 diges-

1251 2740 1370 2772 torum
1401 2735 1562 2780 scripsit,
1598 2735 1704 2769 etiam
1727 2732 1931 2768 tacentibus
1957 2732 2209 2767 auctoritatem
2234 2742 2340 2776 posse

1255 2785 1269 2816 1
1320 2780 1590 2816 accommodare
1604 2781 1641 2814 ¹⁴.
1701 2779 1775 2814 Sub
1813 2777 2020 2813 condicione
2055 2787 2077 2812 a
2117 2776 2343 2821 praesidibus

1251 2826 1514 2871 provinciarum
1549 2836 1621 2860 non
1657 2834 1762 2869 posse
1794 2823 1871 2858 dari
1902 2826 2057 2857 tutorem
2089 2822 2209 2866 placet
2241 2825 2287 2863 et,
2314 2822 2343 2856 si

1252 2872 1358 2906 datus
1394 2871 1458 2913 sit,
1495 2871 1627 2905 nullius
1663 2879 1741 2904 esse
1776 2868 1944 2903 momenti
1979 2867 2174 2902 dationem:
2224 2870 2258 2902 et
2292 2867 2343 2901 ita

1251 2916 1468 2961 Pomponius
1493 2915 1561 2950 ait:
1594 2915 1689 2949 hanc
1714 2917 1832 2948 autem
1853 2913 2097 2954 adiectionem,
2116 2922 2221 2956 quam
2238 2921 2341 2956 prae-

1252 2961 1344 2997 sides
1368 2960 1630 3006 provinciarum
1660 2959 1801 2994 faciunt
1833 2961 1998 2993 ‘tutorem
2030 2957 2095 2999 do,
2128 2958 2158 2991 si
2190 2957 2340 2992 satisde-

1252 3007 1352 3042 derit'
1389 3016 1461 3041 non
1497 3004 1740 3040 condicionem
1773 3004 1811 3039 in
1847 3014 1885 3038 se
1919 3003 2070 3045 habere,
2097 3002 2159 3037 sed
2182 3001 2340 3037 admoni-

1250 3052 1394 3093 tionem,
1420 3061 1493 3085 non
1517 3050 1619 3085 aliter
1644 3050 1676 3084 ei
1698 3049 1848 3084 tutelam
1865 3048 2047 3090 committi,
2066 3057 2171 3092 quam
2191 3047 2220 3082 si
2237 3047 2340 3081 satis-

1251 3096 1407 3138 dederit,
1439 3096 1509 3130 hoc
1541 3098 1596 3130 est
1619 3105 1691 3130 non
1723 3094 1825 3131 aliter
1857 3094 1889 3128 ei
1912 3103 2033 3138 gerere
2056 3092 2340 3138 permittendum,

1251 3145 1270 3176 2
1318 3151 1424 3186 quam
1449 3141 1479 3175 si
1502 3151 1577 3175 rem
1601 3140 1734 3174 salvam
1764 3139 1843 3174 fore
1868 3138 2012 3174 caverit.
2067 3137 2212 3172 Tutoris
2244 3136 2339 3186 datio

1250 3197 1365 3231 neque
1399 3185 1537 3230 imperii
1572 3188 1626 3219 est
1659 3195 1774 3229 neque
1807 3183 2081 3225 iurisdictionis,
2117 3182 2179 3217 sed
2212 3181 2243 3215 ei
2274 3180 2340 3214 soh

1251 3231 1438 3276 competit,
1472 3230 1528 3265 cui
1560 3230 1768 3264 nominatim
1790 3229 1860 3264 hoc
1885 3229 1980 3264 dedit
2002 3228 2056 3263 vel
2078 3228 2136 3262 lex
2158 3226 2213 3261 vel
2236 3234 2338 3260 sena-

1251 3280 1269 3312 3
1317 3280 1376 3311 tus
1400 3275 1602 3311 consultum
1625 3275 1679 3310 vel
1701 3275 1880 3327 princeps.
1930 3273 2045 3308 Surdo
2077 3270 2250 3315 impuberi
2273 3280 2338 3313 po-

1249 3325 1271 3356 4
1317 3322 1400 3356 terit
1422 3324 1521 3355 tutor
1544 3320 1631 3355 dari.
1664 3320 1711 3354 Ei
1735 3320 1835 3355 cuius
1859 3323 1961 3364 pater
1983 3318 2020 3352 in
2043 3318 2197 3351 hostium
2221 3318 2338 3365 potes3

1250 3370 1325 3401 tate
1358 3369 1412 3401 est
1450 3369 1604 3400 tutorem
1636 3365 1714 3400 dari
1744 3376 1817 3400 non
1842 3374 1948 3409 posse
1972 3363 2090 3408 palam
2114 3365 2186 3395 est:
2221 3359 2284 3394 sed
2309 3369 2339 3392 ει

1250 3412 1355 3446 datus
1380 3411 1436 3453 sit,
1462 3421 1509 3445 an
1531 3410 1569 3444 in
1592 3410 1761 3455 pendenti
1785 3410 1832 3444 sit
1857 3409 1964 3450 datio,
1991 3406 2113 3452 quaeri
2137 3408 2264 3449 potest.
2304 3407 2338 3437 et

1249 3467 1323 3491 non
1357 3459 1444 3500 puto
1482 3455 1662 3490 dationem
1696 3455 1812 3490 valere
1826 3456 1871 3488 ¹⁵:
1908 3454 1959 3488 sic
1995 3452 2086 3486 enim
2109 3453 2192 3501 post
2225 3448 2337 3493 patris

1249 3511 1447 3546 regressum
1470 3500 1618 3535 reccidit
1640 3500 1677 3535 in
1701 3502 1933 3545 potestatem,
1959 3501 2066 3540 atque
2090 3506 2120 3529 ει
2144 3503 2336 3537 numquam

2075 1648 2177 1692 Quod
2202 1648 2341 1691 dicitur,

97 3615 136 3652 (1)
161 3615 349 3648 concubatu
362 3616 395 3647 F
489 3618 530 3655 (2)
557 3619 591 3648 et
604 3618 665 3650 del.
769 3619 810 3657 (3)
836 3616 1097 3648 destinationem
1113 3615 1144 3647 F

142 3661 183 3699 (4)
210 3660 289 3693 Sab.
311 3667 390 3694 1...9.
411 3668 533 3700 14..1s;
567 3662 633 3694 Ed.
655 3669 767 3701 10.11;
803 3662 888 3704 Pap.
902 3668 1001 3695 1213.
1026 3679 1072 3684 —
1097 3660 1181 3692 Bas.

97 3703 150 3743 37,
164 3712 186 3736 1.
213 3723 256 3728 —
284 3706 332 3748 Cf
347 3705 426 3739 Inst.
442 3707 474 3746 2,
487 3713 519 3739 13
642 3708 684 3748 (5)
706 3719 760 3749 pr.
785 3707 806 3747 §
832 3708 847 3739 1
872 3722 915 3735 =
927 3706 1008 3738 Inst.
1024 3707 1054 3746 1,
1069 3712 1111 3744 13,
1125 3712 1149 3738 1.
1165 3712 1181 3737 2

98 3748 141 3786 (6)
167 3750 218 3779 ius
237 3750 312 3781 [nst.
385 3752 425 3788 (7)
453 3760 545 3782 suam
557 3749 618 3783 FS
707 3754 749 3789 (s)
765 3762 803 3782 ex
817 3761 882 3791 qua
896 3751 975 3783 Inst.
1055 3752 1099 3790 (9)
1115 3751 1181 3781 tui-

1253 3617 1380 3646 tutores
1394 3614 1427 3645 F
1537 3616 1597 3653 (10)
1622 3614 1731 3653 suum]
1755 3611 1951 3643 sumendum
1973 3621 2036 3640 scr.
2153 3610 2206 3644 (11)
2233 3608 2277 3646 et]
2300 3609 2338 3637 nt

1251 3671 1314 3692 scr.
1409 3660 1465 3700 (12)
1490 3658 1542 3691 vel
1554 3658 1669 3700 plures
1680 3658 1781 3689 unius
1794 3657 1867 3688 loco
1880 3667 1940 3687 sec.
1955 3654 1991 3686 Β
2005 3654 2064 3685 ins.
2137 3654 2192 3691 (13)
2218 3651 2254 3682 in
2275 3651 2337 3683 del.

1252 3704 1324 3736 edd.
1448 3704 1505 3744 (14)
1539 3702 1782 3735 accommodari
1804 3701 1875 3733 edd.
2002 3700 2059 3736 (15)
2093 3696 2259 3729 dationem
2281 3705 2337 3726 va-

1251 3748 1318 3780 lere
1333 3749 1391 3781 del.
