2528 3918
153 100 370 147 XXXVII
404 108 466 148 11.
496 107 559 148 12.
590 107 651 149 13.
680 108 730 148 14

159 227 245 264 mall
267 227 568 271 summovebitur,
621 227 682 263 uia
710 226 829 263 dando
857 236 898 263 80
919 225 978 262 in¹
1002 224 1247 271 adrogantium

157 276 314 310 testator
341 284 424 309 cum
453 273 571 318 capite
617 276 766 308 ortunas
795 282 937 318 quoque
966 281 1051 306 suas
1081 271 1119 306 in
1142 270 1245 306 fami-

157 318 241 354 liam
267 321 305 355 et
327 318 469 354 domum
493 317 646 353 alienam
668 317 874 354 transferat.
911 316 1017 362 plane
1033 316 1065 351 si
1084 315 1139 351 sui
1158 315 1246 351 iuris

157 362 310 400 effectus
333 362 508 399 codicillis
532 366 597 398 aut
619 362 700 399 aliis
722 362 850 398 litteris
880 361 1002 398 eodem
1031 363 1246 396 testamento

156 418 198 444 se
221 408 314 444 mori
336 408 426 444 velle
449 407 699 450 declaraverit,
723 408 905 451 voluntas,
938 416 1030 451 quae
1054 405 1246 448 defecerat,

157 452 292 490 iudicio
316 452 452 489 recenti
474 453 610 489 redisse
632 452 874 498 intellegetur,
905 462 977 487 non
1005 461 1110 487 secus
1142 461 1187 487 ac
1215 450 1246 486 si

158 498 243 544 quis
266 498 365 534 aliud
387 501 639 534 testamentum
662 497 806 534 fecisset
828 507 872 533 ac
895 506 1081 542 supremas
1104 495 1246 532 tabulas

158 543 356 586 incidisset,
381 547 422 578 ut
444 542 582 588 priores
605 553 791 589 supremas
815 542 1042 587 relinqueret.
1090 551 1156 577 nec
1179 552 1245 586 pu-

158 588 290 624 taverit
312 589 500 634 quisquam
523 587 621 624 nuda
643 588 826 624 voluntate
856 586 1026 622 constitui
1053 589 1245 623 testamen-

163 637 255 669 tum:
281 644 353 669 non
376 634 470 669 enim
493 632 538 670 de
559 632 639 669 iure
655 631 860 669 testamenti
879 631 1031 667 maxime
1051 631 1245 684 quaeritur,

161 678 226 715 sed
248 678 383 714 viribus
406 678 639 724 exceptionis.
686 687 778 723 quae
808 678 845 712 in
874 677 944 712 hoc
966 676 1098 712 iudicio
1122 687 1245 722 quam-

162 733 270 769 quam
286 723 651 777 ‘actori-opponatur,
682 733 727 759 ex
756 731 913 768 persona
941 725 1063 757 tamen
1084 721 1162 757 eius
1186 721 1247 767 qui

162 772 555 851 opfgmlt’saggffizrmo
573 813 724 866 septimo
739 812 990 858 quaestionum
1017 811 1074 864 ‚Ut
1090 811 1246 862 scriptus

162 859 266 896 heres
290 858 509 904 adgnoscere
531 862 647 904 possit
670 858 846 893 bonorum
868 866 1143 902 possessionem,
1171 866 1245 891 exi-

161 904 315 950 gendum
338 907 438 950 puto,
462 907 503 939 ut
525 907 562 939 et
584 903 848 939 demonstratus
868 903 916 938 sit
932 901 1082 955 propria
1101 901 1246 937 demon-

163 949 336 986 stratione
359 953 396 985 et
418 949 536 994 portio
561 948 745 993 adscripta
768 947 801 983 ei
823 947 974 983 invemri
998 946 1130 993 possit,
1163 947 1248 982 licet

162 994 239 1031 sine
260 998 364 1040 parte
386 993 572 1030 institutus
600 993 665 1029 sit:
697 1003 781 1028 nam
812 993 873 1038 qui
903 992 980 1028 sine
1009 996 1112 1037 parte
1143 991 1246 1027 heres

161 1039 349 1076 institutus
373 1042 446 1083 est,
477 1043 665 1074 vacantem
695 1038 895 1084 portionem
918 1037 975 1073 vel
998 1037 1107 1072 alium
1130 1047 1247 1073 assem

163 1088 329 1131 occupat.
364 1083 460 1130 quod
482 1083 512 1119 si
535 1084 588 1119 ita
606 1084 711 1119 heres
730 1083 884 1128 scriptus
904 1082 962 1125 sit,
987 1086 1028 1117 ut
1045 1081 1247 1117 interdum²

162 1129 376 1166 excludatur
398 1139 422 1165 a
443 1132 667 1172 testamento,
692 1138 735 1164 eo
760 1128 855 1173 quod
876 1138 947 1163 non
967 1127 1145 1163 invenitur
1162 1137 1246 1172 por-

162 1175 227 1217 tio,
251 1185 296 1210 ex
318 1184 390 1220 qua
411 1173 596 1210 institutus
617 1177 683 1216 est,
707 1183 774 1209 nec
793 1173 968 1209 bonorum
986 1172 1248 1217 possessionem

162 1223 285 1266 petere
333 1222 438 1255 otest.
485 1218 522 1254 id
551 1218 686 1262 evenit,
715 1218 747 1254 si
776 1218 855 1264 quis
884 1218 935 1253 ita
958 1217 1124 1253 heredem
1147 1217 1248 1252 insti-

162 1268 260 1300 tuat:
286 1268 295 1283 (
330 1264 416 1300 itius
440 1267 574 1309 quanta
598 1274 643 1299 ex
665 1267 768 1309 parte
791 1264 910 1309 priore
932 1266 1146 1298 testamento
1167 1272 1249 1298 eum

163 1309 341 1346 ‘heredem
365 1308 538 1362 scriptum
561 1309 688 1352 habeo,
711 1308 816 1344 heres
840 1308 930 1344 esto’
954 1308 1009 1344 vel
1034 1310 1181 1353 ‘quanta
1203 1318 1248 1343 ex

163 1358 278 1401 ‘parte
297 1354 469 1390 codicillis
491 1353 663 1399 scriptum
675 1364 757 1389 eum
776 1354 904 1396 habeo,
924 1354 1027 1389 heres
1048 1353 1149 1395 esto',
1173 1352 1249 1388 ’sic

162 1399 318 1446 scriptus
334 1410 407 1435 non
419 1398 630 1435 inveniatur.
663 1398 758 1444 quod
773 1399 804 1434 si
820 1399 871 1434 ita
887 1398 1085 1444 scripsero:
1111 1397 1249 1442 ‘Titius‚

163 1445 207 1482 ‘si
221 1455 302 1481 eum
315 1444 434 1491 priore
446 1447 658 1479 testamento
675 1454 720 1479 ex
734 1444 880 1480 semisse
896 1444 1070 1489 scriptum
1083 1443 1251 1479 heredem

163 1490 302 1526 ‘habeo’
322 1489 378 1525 vel
395 1489 438 1525 ‘si
454 1499 533 1524 eum
550 1488 725 1525 codicillis
742 1499 785 1524 ex
801 1489 948 1525 semisse
959 1488 1125 1524 heredem
1137 1488 1250 1534 scrip-

163 1538 267 1578 ‘sero,
296 1544 342 1571 ex
364 1533 510 1570 semisse
533 1534 637 1570 heres
659 1535 760 1576 esto’,
788 1538 876 1570 tunc
900 1533 1053 1579 accipiet
1075 1534 1251 1569 bonorum

162 1580 424 1626 possessionem
447 1579 551 1624 quasi
574 1579 643 1614 sub
666 1579 876 1615 condicione
899 1579 1002 1614 heres
1027 1578 1193 1622 scriptus.

654 1668 768 1710 xw.

266 1738 310 1771 81
333 1738 363 1770 A
384 1737 602 1770 PARENTE
626 1736 731 1774 Qms
755 1735 1047 1769 mumssus
1071 1735 1153 1768 srr.

214 1803 232 1842 1
267 1803 463 1841 Uzmmvs
483 1803 574 1839 libro
599 1802 905 1849 quadraqensimo
929 1802 1055 1848 quinto
1087 1802 1137 1837 ad
1159 1801 1253 1838 edic-

164 1852 239 1886 tum
285 1848 548 1894 Emancipatus
571 1859 594 1884 a
616 1851 767 1893 parente
790 1847 828 1883 in
851 1857 895 1883 ea
919 1857 1030 1882 causa
1053 1851 1126 1890 est,
1152 1850 1193 1882 ut
1214 1847 1253 1882 in

165 1897 293 1931 contra
320 1893 464 1929 tabulas
493 1894 670 1929 bonorum
701 1892 929 1938 possessione
952 1892 1070 1928 liberti
1093 1892 1253 1937 patiatur

164 1940 310 1975 exitum.
381 1938 454 1974 uod
477 1938 731 1984 aequissimum
779 1937 911 1973 raetori
934 1937 1048 1973 visum
1073 1941 1144 1980 est,
1169 1937 1253 1982 quia

164 1995 187 2020 a
209 1950 588 2037 parenteqbeneficium
607 1983 735 2019 habuit
777 1993 928 2019 onorum
947 1982 1251 2028 quaerendorum:

164 2039 297 2076 qmppe
319 2028 351 2065 si
374 2028 468 2065 filius
491 2028 645 2065 familias
669 2032 781 2071 esset,
813 2027 1061 2073 quodcumque
1091 2027 1160 2063 sibi
1188 2027 1252 2063 ad-

143 2117 145 2119 ·
164 2074 332 2120 quii-eret,
357 2074 434 2109 eius
457 2074 734 2110 emolumentum
756 2073 853 2119 patri
875 2076 1072 2118 quaereret.
1112 2076 1149 2108 et
1170 2072 1252 2108 ideo

163 2121 253 2155 itum
277 2122 332 2155 est
347 2119 385 2154 in
402 2119 484 2162 hoc,
507 2122 549 2154 ut
565 2129 696 2164 parens
715 2118 878 2163 exemplo
897 2118 1041 2163 patroni
1058 2118 1106 2153 ad
1125 2121 1253 2154 contra

167 2168 183 2200 1
231 2164 374 2200 tabulas
399 2164 576 2200 bonorum
597 2164 862 2209 possessionem
885 2163 1106 2199 admittatur.
1149 2163 1251 2198 Enu-

164 2212 349 2246 merantur
378 2209 489 2254 igitur
518 2208 636 2245 edicto
659 2218 836 2254 personae
858 2209 1157 2244 manumissorum
1179 2208 1250 2244 sic:

165 2255 214 2291 ‘in
237 2264 297 2298 eo,
327 2254 389 2300 qui
419 2264 442 2290 a
470 2258 574 2299 patre
602 2264 714 2290 avove
736 2258 887 2299 paterno
910 2263 1088 2298 proavove
1111 2253 1252 2299 paterni

166 2304 186 2335 2
233 2299 303 2335 ‘avi
350 2299 451 2335 atre'.
500 2298 623 2344 Nepos
654 2299 701 2335 ab
730 2309 797 2335 avo
828 2298 1068 2334 manumissus
1092 2298 1190 2334 dedit
1212 2309 1252 2334 se

164 2345 324 2390 adrogan
350 2354 410 2380 um
424 2343 520 2390 patri
534 2355 621 2380 suo:
642 2344 715 2380 sive
729 2354 877 2380 manens
890 2344 929 2379 in
944 2347 1124 2389 potestate
1137 2343 1252 2389 patris

164 2388 359 2426 decesserit
381 2389 456 2425 sive
478 2389 718 2426 manumissus
742 2389 834 2425 diem
863 2399 967 2425 suum
996 2389 1122 2432 obeat,
1152 2389 1251 2425 solus

164 2434 373 2471 admittetur
396 2444 483 2470 avus
506 2434 555 2470 ad
576 2435 653 2471 eius
677 2434 942 2471 successionem
970 2443 1015 2470 ex
1036 2434 1251 2480 interpreta-

164 2481 262 2517 tione
289 2479 413 2523 edicti,
450 2479 535 2525 quia
567 2479 717 2525 perinde
751 2479 869 2515 defert
901 2483 1047 2525 praetor
1076 2479 1252 2515 bonorum

163 2524 426 2571 possessionem
449 2528 557 2570 atque
574 2525 606 2561 si
625 2535 670 2561 ex
688 2524 860 2561 servitute
876 2524 1117 2561 manumissus
1137 2528 1250 2561 esset:

163 2580 271 2615 porro
301 2570 333 2605 si
360 2569 430 2605 hoc
458 2572 573 2612 esset,
602 2573 667 2605 aut
695 2580 769 2605 non
800 2573 894 2606 esset
922 2569 1136 2614 adrogatus,
1168 2569 1253 2614 quia

165 2613 350 2660 adrogatio
382 2613 501 2650 liberti
528 2613 749 2650 admittenda
777 2624 850 2650 uon
878 2618 949 2657 est,
981 2617 1046 2649 aut
1067 2613 1099 2650 si
1122 2613 1251 2659 obrep-

164 2659 268 2702 serit,
299 2658 444 2704 patroni
471 2662 593 2695 tamen
623 2659 733 2695 nihilo
757 2659 875 2695 minus
897 2659 953 2695 ius
975 2658 1152 2703 integrum
1174 2669 1250 2694 ma-

166 2707 186 2741 3
233 2707 345 2740 neret.
382 2703 421 2740 Si
443 2714 575 2750 parens
597 2704 654 2740 vel
677 2703 819 2749 accepit
840 2704 1042 2749 pecuniam,
1066 2707 1108 2739 ut
1130 2713 1250 2739 eman-

165 2749 311 2795 ciparet,
335 2749 392 2785 vel
414 2753 542 2794 postea
564 2749 664 2785 vivus
686 2748 725 2784 in
747 2759 829 2785 eum
851 2748 948 2785 filius
972 2751 1145 2794 quantum
1162 2748 1251 2784 satis

165 2798 221 2831 est
242 2794 404 2837 contulit,
428 2805 474 2830 ne
493 2794 626 2830 iudicia
644 2794 721 2830 eius
738 2794 922 2839 inquietet,
946 2793 1159 2839 exceptione
1179 2793 1252 2829 doli

165 2842 188 2875 4
233 2839 439 2884 repelletur.
473 2839 542 2875 Est
564 2843 601 2876 et
623 2839 715 2875 alius
739 2849 857 2883 casus,
883 2849 953 2884 quo
971 2839 1148 2875 bonorum
1193 2849 1250 2875 os-

165 2884 360 2922 sessionem
384 2888 511 2921 contra
533 2884 678 2921 tabulas
695 2894 828 2930 parens
848 2894 922 2920 non
942 2884 1085 2929 accipit,
1110 2884 1141 2919 si
1174 2887 1251 2920 orte

163 2928 260 2966 filius
293 2929 446 2965 militare
481 2930 657 2975 coeperit:
695 2939 780 2965 nam
813 2929 914 2965 divus
947 2928 1034 2965 Pius
1067 2928 1252 2975 rescripsit

165 2977 305 3020 patrem
328 2973 375 3009 ad
400 2977 525 3010 contra
547 2975 691 3011 tabulas
714 2975 891 3011 bonorum
909 2973 1173 3020 possessionem
1190 2983 1250 3010 ve-

165 3023 185 3055 5
233 3018 311 3055 111το
333 3029 406 3054 11011
427 3029 546 3064 posse.
582 3020 734 3056 Liberos
752 3023 872 3055 autem
887 3019 1158 3055 manumissoris
1177 3029 1251 3055 non

164 3063 286 3100 venire
314 3063 362 3099 ad
385 3067 513 3099 contra
535 3065 678 3101 tabulas
701 3065 879 3101 bonorum
901 3064 1164 3109 possessionem
1186 3064 1251 3100 filii

165 3112 187 3145 6
233 3111 387 3152 constat,
410 3108 571 3154 quamvis
569 3109 738 3190 ,ἐξείπω
760 3109 915 3145 veniant.
962 3109 1106 3145 Patrem
1129 3112 1250 3145 autem

165 3157 317 3199 accepta
347 3156 475 3189 contra
504 3154 566 3190 tab
676 3155 855 3190 bonorum
885 3153 1112 3199 possessione
1135 3158 1172 3190 et
1194 3153 1250 3191 ius

165 3198 242 3235 anti
266 3208 362 3241 uum,
386 3197 484 3244 quod
505 3201 543 3234 et
564 3199 640 3235 sine
655 3198 933 3235 manumissione
949 3199 1119 3242 habebat,
1143 3209 1250 3245 posse

164 3243 234 3280 sibi
272 3242 438 3280 efendere
449 3243 610 3279 Iulianus
626 3244 697 3279 scri
722 3244 785 3280 sit:
803 3254 870 3280 nec
884 3244 977 3279 enim
992 3243 1026 3280 ei
1043 3254 1173 3280 nocere
1187 3244 1249 3280 de-

165 3288 238 3371 “3
261 3288 904 3380 ffiffitxwttfflussssssffib
923 3289 1250 3381 22333202353

166 3378 258 3416 ciale
313 3377 397 3415 Non
430 3388 545 3424 usque
580 3376 669 3415 adeo
708 3378 962 3424 exaequandus
1002 3383 1057 3415 est
1095 3383 1249 3426 patrono

166 3492 416 3572 sm...

165 3583 264 3661 hefft
281 3583 410 3661 11913οᾶ
416 3582 538 3661 {fif}
553 3589 580 3617 s.
593 3589 626 3637 ⁴.³
653 3581 737 3626 Pap.
751 3589 837 3615 8.-
850 3582 938 3616 Bae.
954 3584 1009 3625 40,
1022 3590 1040 3617 ο

211 3626 362 3714 (alsat.
381 3690 427 3697 —
448 3628 708 3715 Βαισέἒκέἷᾼε

166 3718 211 3759 (ο)
235 3716 364 3751 hostico
383 3717 459 3751 deu.

454 3493 498 3534 (2)
522 3491 703 3535 interdum]
722 3491 759 3524 in
776 3493 884 3525 totum
903 3505 966 3527 scr.
1072 3495 1114 3535 (s)
1140 3493 1168 3527 ni
1186 3494 1248 3528 ine.

1121 3585 1165 3626 (0)
1190 3584 1249 3616 ha—

739 3627 783 3669 (6)
806 3627 980 3669 pote-tatis
995 3628 1130 3662 Grotius

585 3718 646 3759 (ιο)
670 3715 860 3759 militesque
877 3717 957 3751 ina-2
982 3727 1064 3759 quas
1080 3726 1156 3761 poet
1173 3728 1248 3761 per-

1243 98 1329 149 562

847 3675 891 3712 (8)
912 3684 966 3715 pr.
985 3688 1032 3702 —
1048 3673 1094 3706 D.
1108 3674 1162 3716 29,
1175 3680 1200 3715 ι,
1213 3682 1249 3708 ⁴4
1317 3675 1372 3716 49,
1391 3682 1416 3708 1.
1429 3691 1474 3699 -
1490 3675 1541 3718 Os:
1558 3675 1637 3710 God-
1650 3675 1682 3717 6,
1694 3680 1712 3709 ⁴

1485 0 1493 29 ἱ

1495 25 1556 79 7

1545 82 1564 122 (Ἄ
1684 117 1747 150 ΒΕ
1774 116 1880 150 Bou.
1910 115 2030 149 Poss.
2059 115 2121 147 EX
2148 114 2270 148 msoe.
2298 114 2391 146 1111...

1312 235 1456 271 parens,
1476 228 1518 262 ut
1533 225 1639 262 etiam
1651 226 1811 262 Faviana
1826 229 1890 261 aut
1901 224 2100 261 Calvisiana
2115 224 2209 261 actio
2227 223 2262 260 ei
2278 223 2394 267 detur,

1314 270 1399 316 quia
1426 269 1586 315 iniquum
1615 275 1671 307 est
1698 271 1736 306 in
1759 271 1860 307 enuis
1883 269 2085 306 hominibus
2108 280 2181 305 non
2203 278 2284 306 esse
2305 268 2393 305 libe·

1313 326 1392 351 ram
1415 325 1534 351 rerum
1556 325 1703 351 suarum
1765 316 1989 352 emtionem.

1358 358 1384 399 3
1408 359 1570 397 Panos
1589 360 1680 397 libro
1704 364 1829 397 octavo
1848 361 1898 396 ad
1910 359 2094 396 Plautium
2130 358 2309 395 Paconius
2326 358 2394 394 ait.

1314 404 1346 441 si
1357 408 1481 451 turpes
1495 415 1679 451 personas,
1697 405 1805 442 veluti
1821 405 2054 447 meretricem,
2073 414 2096 440 a
2112 407 2260 450 parente
2276 414 2394 439 eman-

1316 450 1455 496 cipatus
1478 454 1516 486 et
1536 450 1774 487 manumissus
1796 450 1945 487 heredes
1969 449 2124 492 fecisset,
2151 452 2309 485 totorum
2331 449 2394 484 bo-

1314 506 1442 531 norum
1470 499 1596 532 contra
1623 495 1767 532 tabulas
1794 495 1974 541 possessio
2004 494 2146 540 parenti
2175 494 2299 530 datur:
2333 497 2398 529 aut

1314 540 1531 577 constitutae
1547 540 1673 586 partis,
1697 540 1728 577 si
1744 551 1816 576 non
1834 540 1949 586 turpis
1969 540 2072 576 heres
2091 543 2185 576 esset
2199 539 2395 575 institutus.

1318 589 1331 620 1
1382 585 1421 621 Si
1438 585 1533 621 filius
1551 585 1796 631 emancipatus
1815 589 2027 622 testamento
2047 596 2112 621 suo
2134 588 2272 630 patrem
2293 595 2397 621 suum

1314 630 1538 676 praeterierit
1550 631 1623 667 sive
1636 630 1801 667 heredem
1816 631 2020 674 instituerit,
2039 629 2311 666 fideicommissa
2326 640 2398 665 non

1315 679 1463 721 cogetur
1479 679 1584 722 pater
1599 679 1785 721 praestare
1800 686 1844 711 ex
1859 686 1926 711 sua
1941 679 2055 721 parte,
2079 685 2171 720 quae
2187 675 2221 711 ei
2236 674 2398 716 debetur,

1313 720 1453 757 etiamsi
1476 720 1604 757 adierit
1626 720 1868 757 hereditatem.
1907 721 1969 756 sed
1994 725 2030 756 et
2052 721 2084 756 si
2108 720 2182 755 filia
2204 720 2260 756 vel
2283 720 2399 765 neptis

1315 766 1532 803 manumissa
1547 766 1594 802 sit
1606 770 1643 802 et
1654 769 1757 812 pater
1770 766 1825 801 vel
1839 776 1930 801 avus
1944 766 2158 811 praeteritus
2173 768 2272 811 petat
2285 765 2395 800 bono-

1314 822 1393 893 ωἱῗ
1416 810 2398 902 ἳῦἓῗέἓῗῖἒέιίιὲξθξῗοὲἒἬῖςῗέξῖιὲωέἓῗᾱωέὥ

1316 901 1427 937 filium
1450 900 1687 946 emancipavit
1710 900 1754 936 de
1777 901 1852 942 his,
1885 911 1978 946 quae
2000 900 2175 937 libertatis
2200 910 2312 935 causa
2334 899 2398 935 im-

1315 947 1435 992 posita
1457 946 1607 989 fuerint,
1640 951 1787 991 praetor
1815 946 1902 980 nihil
1933 945 2055 988 edicit,
2089 950 2126 981 et
2155 945 2234 981 ideo
2264 945 2401 981 frustra

1315 996 1419 1037 pater
1442 1002 1571 1037 operas
1595 991 1826 1036 stipulabitur
1849 990 1892 1026 de
1915 990 2000 1026 filio.

1362 1036 1387 1075 5
1412 1037 1657 1073 Pammenes
1678 1036 1770 1072 libro
1790 1036 1978 1071 undecimo
2000 1036 2249 1082 quaestionum
2288 1034 2400 1070 Divus

1316 1082 1495 1118 Traianus
1514 1081 1636 1124 filium,
1661 1091 1766 1126 quem
1781 1084 1884 1126 pater
1899 1081 1993 1117 male
2006 1084 2132 1117 contra
2175 1080 2319 1116 ietatem
2336 1079 2400 1115 ad-

1314 1127 1470 1170 ficiebat,
1487 1127 1603 1172 coegit
1616 1126 1853 1171 emancipare.
1878 1137 1948 1171 quo
1962 1130 2089 1179 postea
2104 1125 2147 1162 de
2189 1130 2284 1167 ncto,
2299 1128 2402 1170 pater

1315 1176 1357 1208 ut
1371 1172 1610 1208 manumissor
1628 1172 1804 1207 bonorum
1822 1181 2084 1216 possessionem
2107 1171 2177 1206 sibi
2200 1174 2401 1215 competere

1317 1218 1478 1254 dicebatz
1511 1217 1575 1253 sed
1605 1216 1755 1252 consilio
1784 1215 1924 1252 Neratii
1952 1216 2067 1252 Prisci
2097 1219 2134 1251 et
2160 1215 2337 1251 Aristonis
2368 1214 2401 1250 ei

1316 1267 1465 1309 propter
1480 1262 1730 1299 necessitatem
1745 1261 1935 1298 solvendae
1953 1261 2095 1307 pietatis
2105 1262 2120 1283 ⁶
2142 1260 2317 1305 denegata
2334 1264 2400 1296 est.

1794 1353 1927 1394 XIII'.

1319 1422 1381 1454 DE
1413 1420 1633 1455 BONORUM
1664 1420 1961 1498 POSSffiIIPPIiISE
1998 1419 2064 1453 EX
2099 1419 2402 1453 TESTAMENTO

1370 1530 1386 1567 1
1403 1532 1417 1553 ⁸
1447 1531 1641 1566 Uhmmws
1657 1530 1748 1566 libro
1771 1530 1913 1576 quadra
1941 1531 2075 1566 ensimo
2094 1531 2221 1576 quinto
2241 1531 2290 1566 ad
2309 1530 2402 1567 edic-

1321 1578 1395 1612 tum
1441 1575 1523 1611 Non
1544 1575 1691 1610 dubium
1710 1579 1776 1618 est,
1801 1576 1887 1621 quin
1931 1576 2061 1611 ebeant
2079 1579 2182 1611 ratae
2201 1575 2403 1611 voluntates

1320 1630 1398 1656 esse
1422 1631 1563 1663 eorum,
1595 1620 1656 1666 qui
1686 1620 1723 1655 in
1749 1621 1950 1658 hosticolo⁹
1979 1631 2147 1666 suprema
2176 1621 2308 1656 iudicia
2337 1631 2403 1656 sua

1321 1676 1463 1711 quoquo
1484 1665 1590 1701 modo
1610 1665 1836 1701 ordinassent
1854 1665 2054 1711 ibidemque
2073 1666 2166 1701 diem
2185 1677 2289 1702 suum
2307 1666 2402 1702 obis-

1320 1714 1410 1746 sent.
1459 1721 1675 1756 quamquam
1703 1711 1797 1746 enim
1826 1710 1933 1746 distet
1957 1710 2118 1746 condicio
2142 1711 2292 1746 militum
2306 1713 2333 1733 ¹⁰
2357 1712 2402 1746 ab

1320 1756 1375 1792 his
1391 1755 1554 1801 personis
1569 1756 1842 1792 constitutiones
1858 1755 2072 1801 principales
2086 1759 2264 1801 separent,
2284 1760 2403 1792 tamen

1320 1800 1382 1846 qui
1411 1801 1449 1836 in
1478 1801 1667 1846 procinctu
1695 1804 1884 1836 versantur
1907 1812 1988 1836 cum
2011 1801 2135 1837 eadem
2158 1801 2318 1846 pericula
2342 1811 2402 1837 ex·

1321 1846 1522 1891 periantur‚
1553 1847 1634 1881 iura
1657 1856 1798 1891 quoque
1821 1846 1945 1881 eadem
1968 1846 2094 1882 merito
2119 1846 2187 1882 sibi
2211 1846 2401 1882 vindicant.

1321 1901 1443 1928 omnes
1465 1891 1574 1936 igitur
1597 1891 1753 1934 omnino,
1779 1891 1840 1937 qui
1864 1891 1941 1927 eius
1963 1894 2049 1926 sunt
2068 1891 2286 1927 condicionis
2300 1892 2339 1934 ¹¹,
2363 1895 2405 1926 ut

1321 1937 1398 1973 iure
1428 1936 1574 1972 militari
1604 1936 1729 1972 testari
1761 1947 1833 1972 non
1862 1936 2020 1981 possint,
2054 1936 2086 1972 si
2118 1936 2156 1971 in
2186 1936 2362 1972 hosticolo
2376 1937 2403 1958 ¹²

1321 1981 1634 2027 deprehendantur
1656 1985 1693 2017 et
1715 1981 1787 2017 illic
1811 1981 2003 2024 decedant,
2032 1981 2209 2026 quomodo
2235 1982 2343 2018 velint
2365 1985 2402 2018 et

1321 2027 1498 2073 quomodo
1529 2027 1686 2072 possint,
1721 2027 1949 2062 testabuntur
1962 2027 2000 2070 ¹³,
2037 2027 2110 2063 sive
2144 2037 2289 2071 praeses
2324 2027 2403 2079 quis

1320 2072 1368 2108 sit
1397 2072 1603 2117 provinciae
1632 2072 1705 2107 sive
1733 2072 1872 2116 legatus
1897 2072 1970 2108 sive
2018 2071 2073 2107 uis
2096 2072 2204 2115 alius,
2237 2072 2298 2116 qui
2326 2082 2404 2108 iure

1325 2121 1339 2152 l
1389 2117 1532 2153 militari
1563 2117 1689 2152 testari
1719 2127 1793 2153 non
1823 2120 1953 2162 potest.
2025 2121 2096 2152 tem
2131 2118 2333 2153 nauarchos
2368 2120 2405 2153 et

1320 2162 1538 2199 trierarchos
1563 2162 1732 2198 classium
1754 2162 1832 2198 iure
1854 2162 1998 2197 militari
2028 2172 2135 2208 posse
2157 2162 2283 2198 testari
2305 2162 2404 2198 nulla

1320 2207 1497 2244 dubitatio
1522 2211 1588 2243 est.
1632 2207 1671 2243 in
1693 2207 1869 2243 classibus
1892 2217 2015 2243 omnes
2037 2207 2188 2252 remiges
2211 2211 2249 2243 et
2272 2212 2403 2243 nautae

1319 2253 1447 2289 milites
1471 2256 1566 2288 sunt.
1613 2252 1697 2288 item
1721 2252 1842 2298 vigiles
1871 2252 2001 2288 milites
2032 2256 2117 2289 sunt
2146 2255 2184 2288 et
2211 2252 2290 2289 iure
2312 2252 2402 2288 mili-

1320 2301 1340 2333 2
1368 2298 1457 2333 tari
1481 2308 1542 2333 eos
1566 2298 1692 2333 testari
1714 2307 1820 2342 posse
1843 2297 1942 2333 nulla
1965 2297 2136 2334 debitatio
2159 2301 2225 2333 est.
2262 2297 2301 2334 Si
2323 2298 2402 2343 quis

1320 2343 1470 2378 militum
1490 2353 1533 2378 ex
1551 2343 1622 2378 alio
1640 2353 1787 2379 numero
1805 2342 2002 2378 translatus
2022 2342 2069 2378 sit
2085 2342 2123 2378 in
2139 2342 2260 2386 alium,
2278 2353 2402 2388 quam-

1319 2389 1370 2424 vis
1402 2392 1438 2423 et
1467 2387 1551 2423 hinc
1581 2388 1628 2423 sit
1658 2391 1845 2432 exemptus
1869 2391 1906 2423 et
1927 2387 1988 2423 illo
2012 2387 2169 2423 nondum
2191 2388 2402 2433 pervenerit,

1319 2437 1440 2471 tamen
1469 2433 1602 2479 poterit
1629 2432 1709 2468 iure
1735 2432 1882 2468 militari
1903 2433 2049 2469 testari:
2080 2437 2137 2469 est
2166 2432 2260 2468 enim
2290 2433 2403 2475 miles,

1320 2478 1478 2524 quamvis
1501 2478 1540 2514 in
1562 2478 1719 2514 numeris
1742 2488 1815 2514 non
1837 2477 1894 2513 sit.

1684 2607 1686 2609 ,
1775 2570 1941 2610 X1111¹⁴.

1596 2637 1659 2669 DE
1683 2636 1795 2670 IURE
1818 2636 2124 2670 PATRONATUS.

1369 2701 1387 2740 1
1430 2701 1626 2739 ULPIANUS
1652 2702 1744 2739 libro
1775 2713 1871 2738 nono
1901 2702 1947 2739 de
1977 2702 2104 2749 officio
2132 2702 2364 2749 proconsulis
2375 2704 2403 2725 ²⁵

1319 2747 1559 2784 Patronorum
1600 2747 1776 2793 querellas
1819 2748 1990 2784 adversus
2031 2747 2179 2783 libertos
2220 2747 2403 2793 praesides

1320 2792 1446 2828 audire
1477 2796 1514 2828 et
1543 2803 1616 2828 non
1647 2792 1869 2829 translaticio
1893 2792 2039 2839 exsequi
2062 2792 2209 2836 debent,
2241 2803 2340 2836 cum,
2371 2793 2403 2829 si

1319 2838 1354 2873 in
1398 2841 1481 2874 atus
1500 2838 1650 2874 libertus
1674 2837 1732 2880 sit,
1757 2848 1830 2873 non
1849 2839 1994 2883 impune
2012 2837 2107 2874 ferre
2124 2848 2205 2873 eum
2225 2842 2401 2890 oporteat.

1319 2894 1357 2919 80
1407 2883 1439 2919 81
1461 2883 1603 2928 quidem
1624 2882 1847 2919 inofficiosus
1870 2887 2022 2929 patrono
2045 2887 2220 2929 patronae
2238 2882 2402 2919 hberisve

1319 2939 1443 2964 eorum
1466 2928 1529 2971 sit,
1553 2927 1798 2964 tantummodo
1823 2928 1991 2974 castigari
2014 2938 2094 2964 eum
2117 2929 2184 2964 sub
2209 2927 2401 2964 commina-

1318 2974 1417 3009 tione
1451 2973 1573 3018 aliqua
1605 2973 1804 3009 severitatis
1839 2984 1912 3009 non
1947 2972 2150 3016 defuturae,
2194 2972 2226 3008 si
2258 2983 2402 3010 rursum

1319 3019 1507 3055 causam¹⁸
1539 3017 1719 3070 querellae
1753 3018 1975 3064 praebuerit,
2016 3022 2053 3054 et
2086 3017 2215 3053 dimitti
2249 3022 2399 3063 oportet.

1319 3064 1499 3100 enimvero
1537 3073 1569 3099 81
1607 3063 1859 3099 contumeliam
1897 3063 1984 3100 fecit
2019 3067 2084 3099 aut
2118 3062 2317 3099 convicium
2348 3063 2401 3101 018

1319 3108 1419 3153 dixit,
1443 3107 1550 3144 etiam
1571 3107 1610 3143 in
1633 3108 1775 3143 exilium
1798 3113 1870 3144 tem
1895 3108 1995 3145 orale
2017 3107 2096 3144 dari
2119 3108 2280 3145 debebit:
2305 3108 2401 3154 quod

1318 3154 1351 3190 si
1372 3163 1499 3189 manus
1522 3153 1659 3196 intulit,
1690 3153 1727 3189 in
1758 3164 1814 3189 me
1880 3165 1939 3189 um
1963 3152 2102 3189 dandus
2125 3153 2211 3189 erit:
2241 3153 2335 3189 idem
2364 3157 2401 3190 et

1318 3199 1350 3236 si
1386 3197 1599 3234 calumniam
1634 3198 1792 3244 aliquam
1824 3198 1877 3235 eis
1911 3199 2081 3234 instruxit
2113 3199 2169 3235 vel
2207 3198 2401 3235 delatorem

1317 3242 1527 3280 subornavit
1549 3243 1605 3279 vel
1651 3254 1734 3280 uam
1757 3253 1904 3280 causam
1926 3243 2095 3280 adversus
2118 3254 2180 3280 eos
2202 3247 2275 3279 tem
2299 3244 2398 3280 tavit.

1364 3286 1390 3326 2
1426 3288 1640 3326 Uzmiww
1688 3289 1780 3326 libro
1803 3290 1926 3335 primo
1958 3290 2169 3342 opinionum
2221 3289 2266 3324 Li
2292 3288 2360 3325 erti
2372 3290 2401 3311 ¹⁸

1316 3333 1478 3414 ἓοξιίιιξε
1509 3333 1749 3379 negotiatione
1771 3333 1870 3370 licita
1892 3333 2075 3380 prohiberi
2097 3344 2119 3370 a
2142 3334 2303 3379 patronis
2325 3344 2399 3371 non

1343 3388 1362 3414 e
1388 3388 1433 3415 en
1451 3405 1460 3414 .

1318 3493 1407 3527 801118
1419 3494 1478 3528 im.
1493 3493 1546 3527 F’
1642 3494 1700 3535 (11)
1723 3493 1883 3537 rescripta
1893 3493 2085 3537 principum
2096 3493 2276 3528 ostendunt
2286 3503 2399 3528 omnes

1318 3538 1454 3572 0111111110
1474 3538 1534 3581 qui
1551 3539 1623 3573 eius
1638 3540 1719 3573 sunt
1735 3538 1859 3582 gradus
1875 3539 1921 3572 D.
1944 3540 1966 3572 l.
1984 3551 2066 3583 qam.
2186 3539 2247 3581 (12)
2271 3539 2399 3573 hostico

1317 3585 1364 3618 D.
1379 3585 1397 3617 Ι.
1411 3595 1491 3628 qem-
1585 3587 1644 3628 (ia)
1668 3583 1784 3618 testari
1794 3583 1840 3617 D.
1854 3584 1875 3619 l.
1888 3596 1969 3628 qem-

1363 3630 1421 3671 (u)
1447 3629 1628 3669 Sab.1...c;
1647 3629 1711 3663 Ed.
1726 3636 1829 3669 ¹1...1·1;
1848 3628 1933 3673 Pap.
1947 3635 2069 3668 ismae
2093 3631 2181 3673 App.
2194 3635 2241 3663 24.
2252 3645 2299 3654 —
2310 3628 2397 3663 Bas.

1803 3675 1861 3716 (15)
1884 3672 2033 3718 preculis
2048 3673 2084 3707 Γ
2170 3674 2230 3717 (ιο)
2253 3683 2351 3707 causa
2372 3672 2401 3707 F

1318 3721 1377 3762 (11)
1401 3718 1555 3752 idomF‘
1622 3720 1683 3762 (18)
1706 3717 1859 3753 libertini
1870 3719 1952 3754 Hae.
