2528 3918
116 158 173 188 ΟΕ
186 156 306 189 Atmo
321 155 424 188 ΑΒΘ.
439 155 599 188 ummo
617 155 720 187 OBN.
737 154 988 186 UNGUENTIS

157 265 210 305 22
243 265 387 302 miens
401 266 494 302 libro
507 266 632 313 primo
644 264 998 310 fideicommissorum
1030 264 1118 300 Cum
1132 263 1196 299 ali-

112 316 230 350 menta
251 321 316 357 per
344 310 656 347 fideicommissum
685 309 811 346 relicta
842 312 926 344 sunt
954 320 1027 345 non
1058 309 1199 345 adiecta

134 357 327 400 uantitate,
358 361 441 392 ante
471 356 599 392 omnia>
616 354 876 400 inspiciendum
907 358 978 396 est,
1017 365 1108 400 quae
1137 353 1198 390 de-

125 406 254 439 unctus
279 401 405 438 solitus
429 401 548 437 fuerat
577 401 610 436 ei
638 404 837 445 praestare,
868 399 994 435 deinde
1026 400 1111 445 quid
1141 409 1199 435 ce·

111 448 194 485 teris
214 447 372 483 eiusdem
386 446 519 483 ordinis
531 445 729 491 reliquerit:
756 446 786 481 si
803 448 969 481 neutrum
981 444 1199 491 apparuerit,

111 499 184 529 tum
204 502 248 528 ex
265 491 499 527 facultatibus
521 491 682 528 defuncti
699 494 734 526 et
746 490 896 526 caritate
920 490 1008 533 eius,
1025 490 1084 526 cui
1099 489 1199 542 fidei:

116 543 124 574 1
177 537 404 574 commissum
421 537 545 572 datum
563 536 642 579 erit,
666 535 794 572 modus
808 535 919 572 statui
943 535 1097 571 debebit,
1133 534 1202 579 Qu:

111 582 232 619 fratris
256 582 312 619 sui
335 581 472 619 libertis
503 581 672 617 alimenta
701 581 870 625 debebat,
901 581 956 616 his
988 584 1200 617 testamento

110 628 228 664 vineas
259 638 341 663 cum
369 628 437 663 hac
476 626 675 663 adiectione
716 626 910 672 reliquerat
945 630 997 660 ‘ut
1032 626 1199 667 habeant,

110 672 215 709 ‘unde
239 683 278 708 se
300 673 476 718 pascant'.
524 672 556 708 si
578 683 645 717 pro
662 671 838 708 alimentis
852 671 975 707 vineas
987 670 1199 723 reliquisset³

109 729 181 754 non
211 718 316 754 aliter
344 717 396 754 eis
426 728 470 753 ex
500 717 764 753 fideicommissi
794 727 904 752 causa
933 727 993 752 eas
1023 719 1201 762 praestari

109 764 249 805 debere,
280 773 387 808 quam
411 762 442 799 si
464 762 668 798 testamenti
698 761 913 807 obligatione
944 761 1093 798 heredes
1112 761 1200 796 libe-

109 811 267 844 rassent:
293 812 367 851 aut,
391 808 424 844 si
446 807 483 843 id
506 808 677 844 omissum
701 807 829 843 fuisset
852 811 888 843 et
911 811 1037 852 postea
1061 817 1106 843 ex
1129 810 1200 842 tes-

108 856 266 889 tamento
291 856 448 898 agerent,
473 852 546 889 doli
569 852 655 888 mali
677 852 887 898 exceptione
899 856 1017 888 tutum
1036 851 1201 888 heredem

109 899 284 941 futurum,
321 898 459 934 scilicet
488 898 519 934 si
547 909 620 934 non
648 898 766 934 minus
794 897 914 934 valent
943 898 1066 934 vineae
1096 907 1201 942 quam

109 943 357 979 alimentorum
391 943 604 979 aestimatio.
665 943 765 978 illam
806 947 926 979 autem
967 942 1202 979 adiectionem

109 992 159 1024 ‘ut
180 989 348 1031 habeant,
372 989 466 1024 unde
486 999 525 1025 se
543 989 706 1034 pascant'
730 988 842 1034 magis
861 988 908 1023 ad
932 998 1078 1024 causam
1097 997 1201 1034 prae-

109 1034 270 1079 legandi¹
296 1044 402 1079 quam
426 1033 473 1070 ad
496 1045 601 1070 usum
625 1034 783 1070 fructum
807 1033 1096 1070 constituendum
1119 1043 1200 1079 per-

110 1080 236 1115 tinere.

154 1123 206 1162 23
233 1124 392 1160 Panos
420 1125 511 1162 libro
548 1128 679 1171 quarto
716 1125 766 1160 ad
797 1124 986 1160 Neratium
1040 1124 1202 1169 Rogatus

108 1180 158 1213 es,
183 1174 224 1205 ut
247 1170 424 1216 quendam
447 1170 596 1207 educes:
623 1170 669 1205 ad
681 1170 813 1206 victum
836 1169 1040 1206 necessaria
1052 1169 1085 1205 ei
1096 1179 1200 1215 prae-

107 1219 203 1252 stare
221 1215 400 1260 cogendus
417 1225 467 1252 es.
504 1215 679 1252 Panos.-
705 1226 770 1251 cur
791 1215 931 1261 plenius
955 1216 1033 1251 ent2
1055 1215 1201 1250 alimen-

107 1265 226 1296 torum
264 1261 436 1306 legatum,
478 1261 542 1296 ubi
582 1260 717 1296 dictum
759 1265 814 1297 est
852 1264 889 1296 et
921 1260 1132 1296 vestiarium
1167 1262 1204 1295 et

107 1306 362 1342 habitationem
377 1306 576 1342 contineri?
599 1306 705 1342 immo
721 1306 825 1342 ambo
850 1305 1083 1352 exaequanda
1106 1308 1200 1341 sunt.

611 1444 684 1484 11³.

109 1512 168 1545 DE
198 1511 318 1544 AURO
348 1510 562 1543 ARGENTO
601 1511 762 1544 MUNDO
793 1511 1089 1544 ORNAMENTIS
1121 1511 1201 1544 UN-

107 1556 305 1590 GUENTIS
329 1555 475 1589 VESTE
493 1555 918 1634 ῩΕΙΪῘΕὲξῗἚὲΜΕΝΤῙΒ
942 1557 1002 1590 ET
1015 1556 1200 1590 STATUIS

157 1666 174 1705 1
204 1667 432 1704 POMPONIUS
452 1668 544 1703 libro
568 1671 672 1703 sexto
697 1668 748 1703 ad
759 1667 933 1703 Sabinum
979 1667 1018 1703 Si
1041 1667 1103 1702 alii
1122 1678 1199 1703 ves-

107 1713 264 1757 timenta,
290 1712 351 1748 alii
374 1712 482 1749 vestis
505 1713 690 1749 muliebris
709 1712 902 1758 separatim
916 1713 1033 1766 legata
1057 1712 1114 1755 sit,
1139 1713 1199 1748 de-

106 1758 231 1794 tractis
267 1758 499 1794 muliebribus
530 1762 566 1794 et
599 1758 633 1794 ei
664 1758 874 1803 adsignatis,
912 1769 971 1794 cm
999 1758 1202 1803 specialiter

106 1804 223 1849 legata
246 1807 341 1845 sunt,
366 1804 544 1849 reliquum
568 1803 673 1839 alteri
697 1803 858 1839 debetur.
906 1803 999 1839 idem
1023 1807 1088 1846 est,
1120 1814 1202 1839 cum

107 1848 212 1885 alteri
234 1848 388 1885 mundus
412 1848 606 1891 muliebris,
640 1849 744 1884 alteri
767 1852 952 1894 argentum
978 1859 1081 1884 omne
1104 1849 1200 1894 lega-

106 1898 183 1930 tum
206 1897 312 1937 esset,
338 1894 382 1929 de
408 1897 555 1940 argento
579 1894 675 1939 quod
698 1894 735 1929 in
756 1893 889 1929 mundo
908 1898 1014 1930 esset.
1061 1894 1146 1929 item
1169 1894 1202 1930 si

106 1939 198 1975 duae
223 1943 363 1975 statuae
385 1949 607 1975 marmoreae
619 1939 686 1974 tibi
711 1942 747 1975 et
770 1939 896 1975 deinde
921 1949 1023 1974 omne
1046 1949 1202 1975 marmor

105 1985 262 2030 legatum
290 1988 403 2027 esset,
433 1988 576 2030 praeter
605 1985 695 2020 duas
725 1984 825 2019 nulla
853 1988 974 2020 statua
1002 1994 1202 2020 marmorea

106 2030 224 2075 legata
254 2033 308 2066 est
330 2030 406 2065 tibi.
459 2029 553 2066 idem
582 2030 729 2066 urbanis
759 2030 870 2066 servis
900 2029 966 2065 tibi
995 2029 1138 2075 legatis,
1171 2029 1202 2066 si

113 2079 124 2110 l
173 2075 260 2110 mihi
284 2075 511 2119 dispensator
534 2075 672 2120 legatus
697 2075 754 2111 sit.
797 2075 885 2111 Οιιί4
910 2078 1046 2110 certum
1059 2075 1200 2120 pondus

106 2121 243 2165 argenti
267 2121 351 2156 dare
375 2120 478 2156 heres
502 2120 622 2156 iussus
647 2120 704 2163 sit,
729 2120 762 2156 ei
777 2120 966 2166 pecuniam
980 2124 1200 2156 numeratam

107 2166 224 2201 dando
254 2165 332 2201 iure
361 2165 440 2210 ipso
472 2165 662 2209 liberatur,
695 2165 726 2202 si
753 2165 792 2201 in
822 2175 866 2201 ea
895 2165 1049 2210 pecunia
1078 2165 1201 2201 eadem

107 2211 306 2247 aestimatio
331 2210 456 2246 fuerit:
482 2211 578 2255 quod
601 2211 652 2246 ita
675 2221 798 2247 verum
821 2215 886 2253 est,
913 2210 943 2246 si
967 2222 1039 2246 non
1064 2215 1200 2246 certum

107 2267 218 2301 genus
242 2256 382 2301 argenti
405 2256 561 2301 legatum
585 2257 642 2291 sit.

153 2299 178 2338 2
203 2302 430 2336 AFRICANUS
451 2302 541 2338 libro
565 2301 722 2338 seeundo
747 2302 997 2347 quaestionum
1044 2301 1112 2346 Qui
1133 2301 1200 2337 tibi

107 2346 346 2389 mandaverat,
371 2350 412 2381 ιιι
436 2351 645 2382 ornamenta
667 2346 704 2382 in
728 2357 834 2382 usum
856 2346 980 2382 uxoris
994 2357 1082 2382 suae
1105 2357 1198 2382 eme-

106 2402 176 2434 res,
201 2391 316 2427 eidem
338 2392 444 2427 uxori
467 2391 521 2426 uti
544 2392 684 2428 adsolet
706 2391 836 2437 legavit
859 2395 964 2437 ‘quae
988 2392 1064 2428 eius
1090 2403 1201 2428 causa

107 2440 234 2482 parata
252 2437 385 2473 erunt’:
411 2440 452 2472 tu
475 2436 602 2472 deinde
625 2441 709 2483 post
732 2440 882 2473 mortem
904 2437 1123 2474 mandatoris
1147 2438 1199 2483 ig-

108 2492 238 2518 norans
263 2492 344 2518 eum
369 2482 565 2518 decessisse
590 2483 716 2518 emisti.
764 2493 837 2518 non
861 2482 1088 2518 debebuntur
1121 2494 1198 2518 mu-

107 2527 195 2569 lieri,
221 2527 388 2572 quoniam
412 2537 455 2563 ea
477 2528 586 2563 verba
609 2528 657 2563 ad
678 2528 803 2564 mortis
826 2531 968 2573 tempus
980 2527 1198 2564 referuntur.

107 2577 144 2607 at
168 2572 198 2608 si
221 2572 359 2608 vivente
383 2576 566 2616 testatore,
591 2573 739 2608 muliere
763 2576 882 2608 autem
905 2577 1048 2608 mortua
1061 2574 1198 2616 emeris,

107 2628 179 2653 non
208 2618 428 2662 ineleganter
458 2618 597 2653 dicetur
625 2618 793 2654 inefficax
824 2618 893 2653 hoc
923 2619 1081 2664 legatum
1109 2629 1199 2662 esse,

107 2662 250 2742 quando
276 2674 348 2699 non
372 2664 487 2708 possit
516 2673 597 2699 vere
629 2663 699 2699 dici
723 2664 799 2699 eius
825 2673 937 2699 causa
985 2668 1126 2699 aratum
1148 2664 1199 2700 vi—

132 2708 199 2752 eri,
236 2719 327 2753 quae
351 2709 451 2753 prius
484 2708 648 2744 decessit.
695 2709 819 2744 eadem
848 2708 952 2744 dicen
978 2719 1001 2744 a
1031 2713 1137 2745 erunt
1165 2713 1202 2746 et

108 2753 138 2788 si
160 2753 255 2788 vivat
278 2753 421 2799 quidem
450 2754 594 2797 mulier,
624 2753 688 2790 sed
716 2753 900 2789 diverterit
927 2758 963 2790 et
994 2758 1198 2799 quaeratur,

108 2809 154 2833 an
188 2802 271 2843 post
299 2803 419 2844 empta
454 2799 487 2834 ei
522 2799 737 2841 debeantur,
774 2799 877 2844 quasi
912 2810 983 2835 non
1012 2799 1200 2835 videantur

109 2843 230 2880 uxoris
256 2854 366 2879 causa
389 2848 528 2890 parata.

153 2886 177 2926 3
207 2888 351 2925 Casus
372 2889 463 2925 libro
487 2900 559 2924 non
583 2890 719 2926 decimo
744 2890 965 2936 diqestorum
1014 2890 1126 2926 Uxori
1149 2890 1198 2926 le-

108 2933 204 3013 gavit
233 2944 324 2979 quae
355 2934 432 2970 eius
463 2945 573 2970 causa
603 2938 732 2980 parata
760 2938 845 2971 sunt
873 2938 909 2970 et
937 2939 1020 2971 ante
1048 2938 1199 2971 mortem

131 2979 262 3015 ivortit.
309 2990 382 3015 non
406 2979 545 3024 deberi,
577 2980 660 3025 quia
683 2980 849 3025 adempta
872 2980 1077 3023 videantur,
1109 2980 1198 3016 Pro-

109 3024 210 3060 culus
241 3024 302 3059 ait.
355 3025 521 3060 nimirum
550 3025 638 3061 facti
667 3026 828 3070 quaestio
860 3029 932 3061 est:
969 3036 1051 3060 nam
1080 3029 1201 3071 potest

109 3080 174 3104 nec
197 3069 407 3115 repudiatae
431 3070 586 3106 adimere
610 3071 776 3106 voluisse.

155 3113 180 3151 4
205 3114 363 3150 PAULUS
383 3115 473 3150 libro
499 3117 798 3162 quinquaqesimo
822 3120 953 3162 quarto
977 3117 1027 3151 ad
1046 3116 1199 3152 edictum

111 3158 198 3194 Cum
227 3160 370 3204 quidam
397 3160 565 3196 libertum
601 3172 705 3197 suum
742 3161 780 3196 in
808 3161 931 3198 Asiam
966 3161 1123 3197 misisset
1154 3161 1200 3196 ad

110 3214 287 3249 purpuras
323 3205 490 3241 emendas
520 3210 556 3242 et
584 3209 796 3242 testamento
828 3207 932 3242 uxori
962 3217 1049 3243 suae
1080 3207 1200 3241 lanam

110 3260 326 3294 purpuream
349 3250 513 3295 legasset,
543 3251 722 3296 pertinere
745 3251 792 3286 ad
815 3262 904 3295 eam,
930 3252 961 3287 si
985 3262 1090 3296 quam
1114 3262 1198 3297 pur-

110 3303 237 3339 puram
259 3294 337 3329 vivo
361 3305 403 3331 eo
427 3296 577 3332 libertus
600 3296 753 3339 emisset,
779 3296 921 3332 Servius
945 3297 1140 3343 respondit.

160 3339 184 3376 5
211 3340 435 3376 AFRICANUS
462 3341 554 3377 libro
588 3341 747 3377 secundo
783 3340 1034 3386 quaestionum
1092 3342 1200 3387 Apud

114 3382 290 3435 lsufidium
311 3385 558 3428 quaestionum
581 3386 672 3421 libro
686 3387 843 3422 secundo
867 3387 919 3422 ita
936 3387 1110 3433 scriptum
1127 3391 1198 3423 est:

111 3438 142 3462 si
164 3428 291 3463 mulier
311 3428 533 3465 mandaverit
562 3430 647 3473 tibi,
677 3434 718 3465 ut
749 3431 817 3467 sibi
848 3432 998 3468 uniones
1026 3443 1115 3468 usus
1144 3433 1201 3468 sui

113 3482 222 3508 eausa
244 3483 391 3516 emeres,
415 3474 447 3509 si
469 3478 510 3510 tu
532 3479 616 3520 post
637 3480 787 3512 mortem
810 3477 905 3520 eius,
942 3488 1022 3513 cum
1078 3481 1199 3514 utares

110 3527 190 3552 eam
223 3517 357 3561 vivere,
396 3519 539 3564 emeris,
581 3520 772 3558 Atilicinus
808 3526 914 3567 negat
949 3532 1028 3559 esse
1053 3489 1199 3568 legatos

111 3631 151 3673 (ι)
174 3631 400 3674 praelegandi]
412 3632 542 3675 praedii
551 3632 687 3676 legandi
698 3647 760 3668 scr.

922 3638 966 3678 (2)
979 3647 1058 3679 ergo
1072 3638 1131 3671 ins.
1145 3638 1176 3670 F
1182 3637 1198 3658 ²

158 3678 203 3719 (3)
227 3676 309 3710 Sab.
322 3685 347 3711 1.
362 3684 390 3711 2.
403 3685 430 3711 5.
445 3685 472 3711 6.
487 3685 529 3711 ιι.
543 3686 783 3718 17.19...3o.39:

806 3680 870 3714 Ed.
881 3688 909 3715 3.
923 3689 950 3715 4.
965 3689 1055 3715 7...11.
1070 3689 1195 3721 ³2...34:

115 3720 198 3765 Pap.
216 3728 260 3756 η.
280 3729 408 3761 35...3ε;
435 3723 523 3766 App.
543 3730 586 3757 13.
610 3731 653 3757 ¹5.
672 3732 715 3758 ιο.
736 3732 780 3759 is.
793 3732 836 3759 31.
850 3733 897 3760 40.
917 3744 963 3750 —
985 3727 1069 3760 Bas.
1090 3729 1144 3769 44,
1163 3735 1197 3762 15

114 3767 154 3807 (ι)
179 3766 316 3800 oumF'
407 3770 450 3809 (5)
475 3768 517 3800 do
529 3768 588 3802 ins.
605 3768 653 3801 F²
744 3771 787 3811 (6)
813 3771 945 3813 quiscr.
1041 3774 1082 3811 (7)
1108 3772 1197 3814 nam}

1187 136 1265 184 481

2029 136 2243 180 XXXIIII
2278 141 2312 179 1.
2339 140 2363 178 2

1267 261 1317 304 ei,
1349 260 1406 296 cui
1435 259 1566 296 mulier
1593 259 1645 294 ita
1675 259 1860 305 legaverit:
1892 263 2129 303 ‘ornamenta,
2163 269 2254 314 quae
2284 269 2365 295 mea

1268 309 1391 342 ‘causa
1421 309 1553 351 parata
1582 307 1667 340 snnt
1700 306 1877 340 eruntve’:
1918 316 1989 341 non
2021 305 2115 342 enim
2146 315 2223 341 eius
2255 315 2365 341 causa

1266 350 1379 431 :frideri
1412 354 1543 396 parata
1586 359 1680 391 esse,
1724 359 1815 395 quae
1856 350 1925 385 iam
1971 355 2114 387 mortua
2158 360 2202 387 ea
2245 353 2365 396 empta

1284 396 1411 432 uerint.

1314 439 1340 479 6
1363 441 1608 477 ΜΑιεσΕιισε
1633 440 1724 477 libro
1761 440 1945 494 sinyulari
1974 452 2229 489 responsorum
2281 440 2365 478 Seia

1268 487 1315 522 ab
1338 485 1472 522 herede
1496 486 1624 522 Publio
1647 485 1788 522 Maevio
1812 489 1864 521 ita
1886 485 2033 530 legavit:
2062 487 2251 523 ‘Antoniae
2275 487 2362 523 Ter-

1268 531 1379 567 tullae
1405 532 1505 577 ⁵lego
1529 531 1610 567 auri
1632 531 1752 577 pondo
1776 534 1832 567 tot
1856 534 1892 567 et
1914 532 2081 568 unionem
2112 543 2193 568 cum
2215 532 2362 579 hyacin-

1270 576 1380 613 ‘this':
1406 580 1536 622 postea
1558 577 1726 612 unionem
1750 576 1855 612 solvit
1873 587 1988 622 neque
2004 578 2116 613 ullum
2133 578 2257 614 mortis
2275 582 2362 613 tem-

1269 632 1356 667 pore
1379 621 1477 657 inter
1500 626 1711 658 ornamenta
1735 632 1802 658 sua
1825 621 1993 657 unionem
2015 623 2167 668 reliquit.
2218 633 2363 668 quaero,

1269 678 1316 702 an
1339 668 1444 702 heres
1477 677 1520 703 ex
1550 678 1660 703 causa
1690 667 1954 703 fideicommissi
1989 668 2270 704 aestimationem
2299 669 2362 711 rei,

1270 723 1361 758 quae
1384 712 1424 746 in
1442 712 1641 748 hereditate
1671 724 1743 748 non
1764 716 1838 755 est,
1860 716 2046 758 praestare
2072 713 2209 749 debeat.
2263 714 2362 749 Mar—

1277 766 1283 792 ι
1339 757 1452 793 cellus
1476 758 1663 803 respondit
1685 768 1758 793 non
1773 758 1913 794 debere.
1961 758 2051 793 Item
2068 769 2212 804 quaero,
2237 759 2269 795 si
2278 770 2362 804 pro-

1269 803 1350 838 bari
1376 802 1491 848 possit
1515 803 1632 838 Seiam
1654 803 1805 839 uniones
1831 808 1866 839 et
1888 804 1913 838 h
1937 804 2100 839 acinthos
2131 804 2303 849 quosdam
2326 804 2363 839 in

1270 848 1379 883 aliam
1403 848 1559 892 speciem
1583 848 1793 891 ornamenti,
1825 859 1894 894 quo
1944 853 2072 894 postea
2094 850 2286 894 pretiosius
2310 849 2361 885 fe—

1270 893 1319 929 cit
1341 892 1473 929 additis
1498 893 1577 930 aliis
1599 894 1746 939 gemmis
1771 897 1807 929 et
1826 893 2040 939 margaritis,
2065 895 2292 938 convertisse,
2317 905 2362 930 an

1269 939 1336 975 hos
1370 938 1522 974 uniones
1552 939 1608 974 vel
1638 939 1850 986 hyacinthos
1885 943 2008 984 petere
2040 940 2156 993 possit
2190 944 2226 976 et
2260 941 2361 976 heres

1270 984 1507 1029 compellatur
1537 988 1745 1020 ornamento
1782 984 1975 1030 posteriori
2005 995 2158 1021 eximere
2193 988 2230 1022 et
2259 996 2361 1031 prae-

1270 1033 1378 1065 stare.
1424 1029 1621 1066 Marcellus
1656 1029 1841 1075 respondit
1869 1034 1992 1076 petere
2027 1042 2099 1066 non
2128 1041 2250 1076 posse:
2281 1042 2363 1066 nam

1271 1074 1378 1120 quidss
1407 1074 1487 1111 fieri
1509 1078 1639 1119 potest,
1664 1079 1705 1110 ut
1718 1076 1875 1120 legatum
1898 1075 1954 1111 vel
1969 1075 2282 1112 fideicommissum
2298 1076 2362 1111 du-

1270 1130 1351 1156 rare
1374 1119 1612 1163 existimetur,
1644 1131 1726 1156 cum
1748 1121 1803 1163 id,
1836 1120 1932 1166 quod
1960 1124 2172 1157 testamento
2198 1122 2363 1164 dabatur,

1270 1165 1306 1200 in
1331 1175 1398 1201 sua
1422 1166 1542 1211 specie
1571 1176 1643 1201 non
1674 1166 1927 1212 permanserit,
1959 1168 2066 1202 nam⁷
2102 1167 2363 1212 quodammodo

1270 1211 1466 1247 extinctum
1491 1211 1561 1247 sit?
1586 1215 1626 1246 ut
1637 1211 1780 1247 interim
1804 1211 1975 1255 omittam,
2000 1212 2096 1258 quod
2119 1212 2227 1248 etiam
2249 1212 2363 1248 disso-

1270 1256 1405 1292 lutione
1429 1267 1473 1292 ac
1497 1256 1760 1302 permutatione
1778 1257 1843 1292 tali
1865 1257 2030 1293 voluntas
2044 1268 2186 1303 quoque
2201 1257 2364 1293 videatur

1271 1306 1290 1336 2
1336 1305 1485 1337 mutata.
1532 1303 1669 1340 Lucius
1696 1302 1813 1338 Titius
1837 1306 2075 1339 testamento⁸
2099 1303 2263 1348 scripsit:
2290 1304 2362 1338 ‘he-

1271 1347 1403 1383 ‘redem
1426 1358 1543 1383 meum
1566 1349 1646 1385 volo
1672 1349 1825 1403 fideique
1850 1348 1927 1385 eius
1951 1348 2145 1391 committo,
2175 1352 2217 1383 ut
2239 1349 2277 1384 in
2299 1359 2363 1395 pa-

1270 1392 1386 1428 ‘triam
1409 1403 1526 1429 meam
1549 1393 1660 1430 faciat
1681 1399 1862 1440 port1cum
1884 1394 2085 1440 publicam,
2115 1394 2153 1429 in
2185 1405 2256 1440 qua
2279 1394 2365 1440 poni

1268 1438 1348 1474 volo
1379 1438 1551 1484 imagines
1583 1443 1790 1485 argenteas,
1820 1440 1906 1476 item
1934 1440 2182 1476 marmoreas':
2216 1450 2363 1485 quaero,

1269 1494 1317 1519 an
1346 1483 1502 1529 legatum
1538 1485 1667 1520 valeat.
1725 1485 1922 1521 Marcellus
1956 1485 2142 1531 respondit
2175 1486 2294 1522 valere
2329 1489 2365 1522 et

1271 1529 1390 1575 operis
1415 1533 1696 1575 ceterorumque,
1723 1541 1814 1575 quae
1837 1530 1888 1566 ibi
1912 1534 2063 1567 testator
2085 1531 2172 1576 poni
2200 1531 2362 1574 voluerit,

1269 1575 1426 1628 legatum
1450 1575 1496 1610 ad
1520 1575 1675 1621 patriam
1723 1576 1877 1612 ertinere
1899 1576 2075 1622 intellegi:
2108 1576 2224 1612 ⁹enim
2246 1577 2365 1622 potuit

1270 1620 1318 1655 all
1343 1620 1415 1655 uod
1440 1620 1575 1656 civitati
1598 1631 1684 1657 acce
1710 1631 1770 1657 ere
1795 1625 2054 1657 ornamentum.

1366 1665 1424 1701 ΡΑ
1432 1675 1526 1701 ULUS
1547 1666 1637 1701 libro
1663 1670 1788 1703 octavo
1820 1667 1870 1702 ad
1892 1666 2078 1702 Plautium
2125 1666 2164 1702 Si
2194 1666 2245 1702 ita
2270 1670 2364 1703 esset

1269 1710 1443 1756 legatum:
1470 1713 1613 1747 ‘vestem
1635 1722 1761 1754 meam,
1787 1716 1974 1757 argentum
1987 1722 2104 1747 meum
2119 1712 2267 1749 damnas
2285 1716 2362 1748 esto

1271 1756 1392 1798 ‘dare',
1424 1756 1462 1791 id
1485 1756 1642 1801 legatum
1672 1757 1824 1799 videtur,
1850 1757 1947 1802 quod
1969 1758 2174 1793 testamenti
2203 1761 2363 1803 tempore

1271 1801 1407 1844 fuisset,
1434 1801 1518 1847 quia
1546 1812 1716 1847 praesens
1746 1806 1887 1848 tempus
1917 1812 2057 1848 semper
2086 1802 2362 1848 intellegeretur,

1270 1846 1301 1881 si
1324 1846 1423 1881 aliud
1452 1847 1749 1892 comprehensum
1784 1859 1858 1884 non
1889 1851 2002 1883 esset:
2039 1858 2123 1883 nam
2156 1859 2238 1884 cum
2277 1849 2363 1885 dicit

1270 1895 1414 1927 ‘vestem
1430 1893 1569 1935 meam’,
1595 1896 1794 1937 ‘argentum
1808 1893 1949 1936 meum',
1973 1893 2043 1929 hac
2062 1893 2363 1930 demonstratione

1270 1938 1409 1972 ‘meum'
1434 1947 1617 1982 praesens,
1635 1948 1714 1973 non
1737 1938 1898 1973 futurum
1909 1942 2050 1984 tempus
2064 1938 2231 1974 ostendit.
2269 1939 2362 1975 idem

1270 1986 1324 2018 est
1347 1986 1383 2017 et
1405 1982 1437 2018 si
1461 1982 1540 2028 quis
1564 1983 1616 2018 ita
1638 1983 1808 2028 legaverit
1832 1987 1965 2020 ‘servos
1988 1984 2111 2019 meos‘.

1315 2024 1340 2065 8
1365 2027 1473 2063 IDEM
1491 2028 1582 2064 libro
1607 2039 1702 2064 nono
1726 2029 1776 2064 ad
1797 2028 1983 2064 Plautium
2029 2028 2110 2064 PLA
2118 2039 2236 2065 arms.
2284 2040 2362 2065 mu-

1269 2072 1334 2107 lier
1357 2072 1408 2108 ita
1431 2072 1577 2118 legavit:
1603 2073 1776 2153 ‘quisquis
1800 2073 1887 2109 mihi
1910 2074 2012 2110 heres
2037 2074 2114 2117 erit,
2147 2074 2263 2110 Titiae
2286 2085 2361 2111 ves-

1270 2121 1352 2153 ‘tem
1367 2128 1482 2154 meam
1493 2120 1521 2140 ¹⁰
1533 2128 1619 2153 mun
1645 2129 1705 2153 um
1719 2122 1998 2164 ornamentaque
2013 2119 2201 2155 muliebria
2214 2119 2362 2156 damnas

1270 2167 1357 2198 ‘esto
1383 2163 1492 2198 dare’.
1543 2163 1689 2200 Cassius
1714 2164 1781 2208 ait,
1806 2164 1838 2201 si
1859 2175 1933 2200 non
1957 2168 2148 2210 appareret
2172 2165 2257 2211 quid
2281 2176 2361 2202 sen-

1268 2209 1385 2252 sisset,
1411 2218 1550 2244 omnem
1574 2213 1708 2245 vestem
1732 2209 1928 2245 secundum
1950 2211 2060 2246 verba
2082 2211 2289 2246 testamenti
2310 2211 2361 2247 le-

1267 2257 1387 2299 gatam
1409 2254 1531 2290 videri.
1580 2254 1636 2289 PA
1644 2265 1747 2291 Ubus.
1789 2255 1884 2291 idem
1907 2255 2096 2291 Iavolenus
2117 2255 2251 2299 scribit,
2278 2257 2362 2302 quia

1268 2299 1457 2335 verisimile
1481 2303 1546 2342 est,
1571 2299 1697 2346 inquit,
1726 2300 1946 2336 tentatricem
1969 2304 2111 2336 tantum
2135 2305 2361 2337 ornamento-

1267 2355 1348 2379 rum
1391 2344 1614 2380 universitati
1654 2345 1862 2391 derogasse,
1901 2346 2032 2391 quibus
2067 2345 2361 2391 significationem

1267 2389 1493 2425 muliebrium
1528 2391 1852 2427 accommodasset:
1883 2391 2055 2427 accedere
2079 2401 2139 2434 eo,
2174 2392 2270 2437 quod
2299 2392 2362 2427 illa

1268 2435 1524 2471 demonstratio
1566 2436 1777 2472 ‘muliebria'
1814 2447 1929 2482 neque
1958 2436 2048 2472 vesti
2077 2446 2193 2481 neque
2228 2437 2359 2473 mundo

1268 2491 1314 2526 ap
1340 2480 1444 2516 licari
1467 2481 1568 2517 salva
1589 2481 1728 2517 ratione
1751 2482 1841 2517 recti
1864 2482 2037 2518 sermonis
2061 2485 2189 2527 potest.

1315 2491 1340 2564 g
1367 2525 1620 2562 Moossmws
1640 2527 1732 2562 libro
1756 2538 1851 2562 nono
1875 2527 2084 2574 reqularum
2121 2526 2210 2562 Cum
2223 2531 2360 2563 certum

1269 2571 1349 2607 auri
1371 2571 1428 2607 vel
1450 2571 1589 2617 argenti
1611 2571 1752 2617 pondus
1776 2572 1931 2617 legatum
1956 2576 2027 2615 est,
2058 2572 2090 2607 si
2120 2583 2192 2607 non
2222 2573 2359 2618 species

1269 2616 1456 2662 designata
1485 2617 1548 2660 sit,
1578 2628 1650 2652 non
1677 2617 1843 2660 materia,
1880 2617 1944 2653 sed
1973 2617 2128 2662 pretium
2160 2619 2360 2663 praesentis

1269 2665 1339 2698 tem
1368 2662 1439 2698 oris
1463 2662 1640 2707 praestari
1664 2662 1780 2698 debet.

1319 2673 1368 2745 1ss
1395 2707 1623 2743 POMPONIUS
1649 2707 1740 2743 libro
1770 2708 1895 2753 quinto
1925 2706 1975 2742 ad

1270 2752 1423 2797 Quintus
1447 2752 1591 2789 Mucius
1615 2752 1680 2787 ait:
1713 2753 1745 2788 si
1772 2755 1876 2798 pater
1899 2751 2052 2787 familias
2083 2753 2188 2788 uxori
2210 2763 2273 2789 vas
2297 2758 2361 2789 aut

1269 2798 1517 2833 vestimentum
1539 2801 1604 2833 aut
1626 2797 1808 2843 quippiam
1821 2797 1922 2832 aliud
1943 2796 1995 2832 ita
2006 2797 2136 2842 legavit
2160 2798 2266 2843 ‘quod
2283 2799 2359 2835 eius

1270 2846 1393 2879 ‘causa
1417 2846 1574 2888 emptum
1597 2847 1805 2887 paratumve
1829 2842 1954 2885 esset',
1988 2841 2027 2878 id
2049 2842 2188 2878 videtur
2210 2844 2358 2888 legasse,

1268 2888 1364 2933 quod
1386 2888 1498 2933 magis
1522 2888 1617 2924 illius
1642 2898 1748 2934 quam
1783 2887 1980 2923 communis
2007 2898 2095 2923 usus
2119 2898 2230 2924 causa
2252 2899 2358 2934 para-

1267 2937 1344 2968 tum
1373 2937 1478 2969 esset.
1533 2933 1777 2973 Poupomns:
1808 2932 1872 2968 sed
1885 2934 1911 2954 ¹¹
1935 2933 2006 2969 hoc
2042 2943 2165 2968 verum
2200 2937 2255 2969 est
2286 2945 2359 2970 non

1268 2978 1394 3021 solum,
1425 2978 1456 3014 si
1478 2978 1592 3023 ipsius
1616 2978 1682 3013 viri
1713 2981 1749 3013 et
1778 2978 1900 3014 uxoris
1933 2978 2128 3014 communis
2158 2989 2262 3021 usus,
2295 2979 2359 3015 sed

1268 3023 1376 3059 etiam
1405 3022 1437 3059 si
1466 3023 1662 3059 liberorum
1690 3022 1766 3059 eius
1797 3025 1861 3058 aut
1894 3022 2041 3059 alterius
2077 3023 2229 3059 alicuius
2262 3034 2357 3059 com-

1267 3069 1383 3104 munis
1418 3079 1506 3104 usus
1542 3068 1666 3104 fuerit:
1709 3068 1747 3103 id
1781 3068 1875 3104 enim
1908 3068 2050 3105 videtur
2083 3068 2357 3110 demonstrasse,

1291 3113 1363 3149 uod
1385 3113 1533 3159 proprio
1557 3113 1639 3149 usui
1661 3113 1785 3149 uxoris
1809 3117 2054 3159 comparatum
2076 3113 2135 3149 sit.
2184 3113 2247 3150 sed
2263 3113 2358 3159 quod

1299 3158 1421 3194 uintus
1445 3158 1586 3194 Mucius
1610 3158 1831 3195 demonstrat
1855 3161 1928 3194 ‘vas
1946 3162 2010 3194 aut
2033 3159 2279 3194 vestimentum
2295 3163 2358 3192 aut

1268 3204 1366 3249 ‘quid
1395 3203 1522 3247 aliud',
1552 3203 1680 3247 efficit,
1711 3207 1753 3238 ut
1780 3203 1874 3240 falsa
1903 3204 1975 3240 sint
2003 3215 2095 3249 quae
2125 3203 2356 3239 subiecimus:

1267 3249 1418 3284 multum
1442 3249 1535 3284 enim
1565 3248 1730 3292 interest,
1761 3249 1975 3295 generaliter
2004 3259 2051 3284 an
2080 3248 2284 3293 specialiter
2306 3248 2356 3283 le-

1267 3298 1404 3375 ‹gfflis
1423 3295 1540 3375 {tta
1563 3294 2011 3375 cssffaisstffffissfflffgssa
2032 3293 2226 3374 {Zssuinissa
2233 3296 2275 3373 t1‘e
2289 3302 2358 3372 ¹¹²?

1267 3385 1333 3420 tio:
1371 3385 1402 3420 si
1430 3394 1513 3420 vero
1541 3384 1594 3420 ita
1621 3350 1796 3430 sgriptum
1823 3366 1933 3420 fuerit
1961 3387 2105 3419 ‘vestem
2138 3383 2236 3417 illam
2270 3393 2355 3427 pur-

1267 3430 1428 3475 ‘puram’,
1457 3433 1498 3464 ut
1522 3432 1621 3465 certa
1649 3430 1909 3466 demonstraret
1922 3430 1960 3471 ¹²,
1992 3428 2076 3463 licet
2104 3427 2282 3462 adiectum
2311 3427 2358 3462 sit

1267 3479 1370 3521 ‘quae
1394 3474 1470 3510 eius
1488 3484 1599 3511 causa
1611 3478 1730 3521 empta
1740 3479 1910 3521 paratave
1933 3474 2063 3509 essent'
2078 3473 2115 3516 ¹³,
2140 3472 2224 3507 licet
2243 3482 2357 3516 neque

1269 3524 1388 3565 empta
1417 3530 1532 3566 neque
1559 3524 1689 3567 parata
1717 3531 1832 3566 neque
1856 3520 1893 3554 in
1922 3529 2027 3554 usum
2058 3517 2090 3552 ei
2115 3517 2201 3573 data
2232 3517 2356 3559 sint¹⁴,

2002 2705 2173 2750 Quintum
2198 2707 2359 2744 Mucium

1265 3636 1366 3668 immo
1377 3647 1429 3668 scr
1521 3637 1564 3677 (8)
1589 3635 1638 3667 ita
1651 3636 1710 3669 ins.
1725 3635 1777 3667 F2
1857 3635 1901 3674 (9)
1926 3631 2005 3665 inde
2018 3633 2077 3665 ins.
2166 3631 2226 3672 (10)
2250 3640 2356 3663 meam

1266 3681 1328 3767 ἷίιζὶ).
1342 3680 1432 3758 Ξζέι
1443 3738 1504 3758 scr.
1570 3679 1802 3766 (18⁴)seglitdzlk
1917 3679 1975 3719 (12)
2001 3676 2282 3709 demonstraretur
2293 3687 2354 3710 scr.

2041 3823 2080 3858 61
