2528 3918
126 161 409 202 QUEMADMOD
414 163 478 194 ΠΜ
508 158 718 192 ΡΕΤΑΤΠΒ,

119 277 184 312 est,
208 268 330 313 utique
353 266 539 307 tenebitur,
565 269 605 299 ut
622 265 741 299 officio
767 265 893 299 iudicis
911 271 1034 299 caveat
1058 264 1200 298 restitu-

119 321 237 350 turum
267 322 306 347 se
336 311 491 352 mulieri,
527 309 697 354 quidquid
721 310 767 343 ad
791 319 868 343 eum
896 319 938 344 ex
963 310 1064 344 bonis
1088 308 1203 343 liberti

119 364 137 393 5
185 357 239 392 vel
263 367 307 391 ex
330 356 400 391 obli
425 355 543 389 atione
565 354 792 399 pervenisset.
842 353 879 388 Si
903 355 1051 388 maritus
1077 363 1202 388 saevus

117 405 153 439 in
178 411 296 437 servos
320 401 381 435 dot
418 410 455 435 es
479 399 564 440 fuit,
597 398 804 440 videndum,
837 409 883 432 an
915 399 958 433 de
989 399 1058 434 1100
1090 398 1204 443 possit

119 446 308 483 conveniri.
336 449 371 479 et
395 445 424 479 si
448 444 587 489 quidem
611 447 750 478 tantum
774 444 809 477 in
835 454 953 478 servos
978 444 1098 478 uxoris
1125 453 1201 477 sae-

117 502 181 527 vus
204 490 281 532 fuit,
307 493 449 525 constat
472 499 551 523 eum
575 489 686 523 teneri
710 489 778 523 hoc
803 488 962 523 nomine:
999 489 1028 523 si
1060 498 1141 522 vero
1169 491 1204 522 et

116 538 152 571 in
177 546 260 571 suos
285 539 340 570 est
362 538 491 569 natura
515 534 608 575 talis,
634 533 751 568 adhuc
777 533 963 567 dicendum
996 537 1050 568 est
1079 533 1202 567 immo-

118 582 274 616 deratam
287 580 361 614 eius
375 579 555 614 saevitiam
567 579 635 613 hoc
655 578 785 612 iudicio
801 578 1052 612 coercendam:
1078 588 1201 622 quam-

118 627 168 661 vis
193 625 285 660 enim
309 624 523 669 diligentiam
547 634 638 658 uxor
663 633 739 657 eam
765 623 904 657 demum
935 625 980 657 ab
1006 633 1047 658 eo
1073 622 1202 666 exigat,

117 680 221 716 quam
245 670 351 704 rebus
385 669 458 703 suis
491 669 646 713 exiget¹‚
672 678 737 702 nec
768 669 848 712 plus
880 668 1012 712 possit,
1046 671 1203 702 attamen

117 714 280 754 saevitia,
318 724 409 759 quae
442 715 479 748 in
514 714 666 757 propriis
700 713 877 756 culpanda
909 718 979 754 est,
1010 713 1047 746 in
1078 712 1201 747 alienis

118 764 137 795 6
185 759 382 795 coercenda
406 763 470 800 est,
495 759 564 793 hoc
589 763 643 792 est
666 759 702 791 in
728 758 914 792 dotalibus.
964 757 1001 792 Si
1026 768 1115 792 uxor
1138 756 1202 791 viri

115 815 188 840 rem
213 803 487 839 commodaverit
511 814 622 847 eaque
645 803 799 847 perierit,
819 802 1018 845 videndum,
1038 812 1084 836 an
1106 812 1200 837 com-

142 849 358 884 ensationem
381 849 451 884 hoc
470 849 610 882 nomine
635 848 710 892 pati
734 847 857 892 possit.
885 851 921 882 et
944 851 1042 892 puto,
1069 847 1099 881 si
1124 847 1200 891 qui-

114 861 193 929 sem
217 894 400 938 prohibuit
430 904 508 928 eam
539 893 687 927 maritus
721 892 964 934 commodare,
997 892 1117 927 statim
1141 891 1201 926 de-

116 939 317 974 ductionem
341 938 434 973 fieri:
468 938 498 973 si
529 948 611 973 vero
636 948 707 972 non
732 938 914 982 prohibuit
945 947 1022 972 eam
1047 947 1200 972 commo-

116 984 217 1025 dare,
251 983 397 1018 arbitrio
429 983 554 1018 iudicis
587 983 763 1018 modicum
795 987 934 1026 tempus
967 982 998 1017 ei
1029 980 1202 1026 indulgeri

118 1032 135 1063 7
185 1029 386 1064 cautionem
409 1028 603 1072 praebenti.
653 1027 690 1061 Si
714 1028 808 1062 bona
831 1027 986 1062 mulieris
1011 1038 1074 1071 pro
1099 1030 1202 1071 parte

116 1074 187 1109 sint
210 1074 404 1118 publicata,
429 1077 592 1117 superest
615 1072 752 1107 mulieri
775 1072 932 1115 reliquae
962 1072 1076 1116 partis
1109 1071 1201 1106 dotis

115 1119 273 1154 exactio:
315 1119 396 1163 plus
430 1123 537 1162 puto:
582 1122 617 1152 et
651 1118 681 1151 si
716 1121 798 1161 post
831 1117 929 1151 litem
965 1120 1202 1151 contestatam

114 1163 296 1209 publicata
319 1164 365 1198 sit
387 1174 452 1208 pro
473 1167 574 1208 parte
598 1163 674 1204 dos,
695 1162 850 1197 sufficiet
869 1161 1054 1196 arbitrium
1075 1161 1201 1195 iudicis

114 1209 160 1243 ad
191 1209 303 1252 partis
337 1208 665 1243 condemnationem
695 1207 907 1242 faciendam.
944 1206 1039 1251 quod
1071 1206 1101 1241 si
1124 1210 1202 1240 tota

115 1254 178 1288 dos
230 1253 385 1288 ublicata
409 1254 464 1293 sit,
490 1253 685 1297 exspirabit
707 1252 887 1286 iudicium.

160 1296 184 1335 2
238 1298 294 1332 ΡΑ
303 1308 397 1333 ULUS
425 1299 515 1333 libro
548 1299 730 1343 triqesi'nzo
762 1303 866 1332 seoeto
891 1296 941 1331 ad
963 1296 1116 1331 edictum
1165 1295 1202 1330 Si

113 1343 185 1378 filio
209 1343 362 1378 familias
388 1343 451 1378 dos
476 1343 560 1377 data
590 1343 637 1378 sit
667 1342 804 1377 iniussu
835 1341 966 1387 patris,
992 1341 1036 1376 de
1059 1341 1199 1385 peculio

138 1389 254 1423 uidem
288 1392 432 1433 agetur:
476 1388 539 1422 sed
575 1388 647 1423 sive
679 1391 825 1432 propter
856 1387 1035 1431 impensas
1071 1396 1093 1420 a
1127 1386 1200 1420 filio

129 1434 266 1468 amilias
300 1433 417 1468 factas
453 1433 526 1468 sive
556 1437 703 1477 propter
733 1442 790 1467 res
823 1431 972 1466 donatas
1005 1441 1027 1465 a
1050 1431 1121 1465 filio
1147 1431 1202 1465 vel

113 1482 251 1513 amotas
275 1478 320 1513 ab
346 1488 456 1513 uxore
480 1488 537 1513 res
561 1477 758 1522 peculiares
776 1478 845 1511 1100
869 1477 959 1521 ipso,
979 1476 1075 1520 quod
1093 1476 1202 1510 habet

114 1524 290 1558 actionem
313 1527 418 1568 pater
442 1533 485 1557 ex
508 1533 662 1567 persona
686 1522 766 1564 filii,
799 1521 912 1556 maius
946 1521 1124 1566 peculium
1148 1520 1200 1563 fit,

114 1573 148 1604 et
172 1568 223 1603 sic
247 1571 362 1602 totum
380 1571 435 1602 est
457 1568 711 1612 praestandum
730 1567 866 1601 mulieri
886 1567 982 1611 quod
1002 1571 1055 1601 est
1078 1566 1115 1600 in
1139 1576 1200 1610 pe-

118 1617 129 1646 l
182 1613 286 1655 culio,
312 1613 420 1657 quia2
443 1613 560 1648 adhuc
585 1613 631 1648 sit
655 1613 750 1658 quod
773 1612 876 1647 uxori
901 1612 1084 1646 debeatur.
1120 1611 1199 1645 Ma-

113 1658 219 1693 ritum
243 1658 280 1692 in
303 1658 483 1692 reddenda
508 1658 589 1692 dote
613 1658 657 1693 de
677 1658 758 1693 dolo
779 1658 872 1692 malo
893 1661 929 1691 et
949 1656 1055 1701 culpa
1076 1666 1201 1691 cavere

114 1707 263 1747 oportet.
296 1703 390 1747 quod
416 1703 445 1737 si
470 1703 550 1737 dolo
576 1703 669 1738 malo
693 1703 836 1744 fecerit,
863 1713 931 1746 quo
957 1701 1072 1736 minus
1097 1701 1199 1736 resti-

113 1753 213 1783 tuere
236 1748 359 1792 possit,
385 1747 623 1783 damnandum
648 1759 739 1789 eum,
764 1747 888 1792 quanti
907 1747 1032 1781 mulier
1049 1746 1085 1780 in
1103 1747 1200 1781 litem

112 1793 288 1834 iuraverit,
314 1793 397 1837 quia
419 1793 538 1827 invitis
562 1794 665 1828 nobis
690 1803 746 1828 res
772 1797 913 1827 nostras
934 1792 1024 1826 alius
1048 1792 1200 1826 retinere

113 1841 131 1872 2
180 1849 251 1872 non
276 1838 414 1872 debeat.
465 1837 501 1872 Si
533 1842 616 1882 post
648 1838 835 1872 divortium
858 1847 915 1872 res
941 1836 1076 1871 dotales
1102 1837 1199 1871 dete-

112 1883 222 1918 riores
257 1883 376 1918 factae
411 1883 482 1917 sint
517 1888 552 1917 et
586 1884 638 1918 vir
673 1884 709 1917 in
740 1882 920 1917 reddenda
952 1882 1034 1916 dote
1065 1892 1200 1916 moram

114 1932 133 1963 3
170 1928 305 1969 fecerit,
332 1928 531 1963 omnimodo
554 1928 802 1963 detrimentum
822 1928 898 1972 ipse
918 1927 1126 1971 praestabit.
1164 1926 1201 1960 Si

113 1973 173 2017 qui
197 1973 369 2008 dotalium
394 1984 575 2008 servorum
599 1974 635 2007 in
658 1973 744 2017 fuga
769 1977 882 2013 erunt,
909 1982 1034 2006 cavere
1058 1971 1202 2006 debebit

113 2018 260 2053 maritus
293 2028 331 2053 se
362 2028 422 2053 eos
455 2018 519 2052 viri
550 2019 634 2053 boni
666 2019 841 2052 arbitratu
873 2020 1142 2061 persecuturum
1166 2020 1201 2051 et

112 2066 132 2097 4
179 2063 435 2098 restituturum.
507 2062 544 2098 Si
578 2064 629 2098 vir
664 2064 700 2097 in
736 2062 998 2107 quinquennio³
1032 2061 1201 2096 locaverit

111 2107 259 2142 fundum
285 2112 320 2142 et
342 2112 425 2152 post
448 2108 599 2152 primum
623 2108 715 2142 forte
736 2118 869 2142 annum
889 2107 1077 2141 divortium
1091 2107 1199 2141 inter-

112 2153 257 2194 venerit,
284 2153 437 2187 Sabinus
469 2153 520 2186 ait
550 2164 622 2187 non
654 2154 742 2187 alias
766 2152 917 2187 fundum
940 2152 1078 2187 mulieri
1101 2151 1201 2186 reddi

112 2201 287 2242 oportere,
324 2208 429 2242 quam
467 2198 497 2232 si
533 2198 675 2239 caverit,
713 2198 742 2233 si
777 2197 863 2242 quid
897 2198 1062 2241 praeter⁴
1095 2197 1199 2231 unius

112 2242 196 2276 anni
219 2243 432 2277 locationem
457 2244 605 2277 maritus
630 2243 818 2277 damnatus
851 2242 914 2283 sit,
948 2241 1009 2275 id⁵
1033 2252 1071 2276 se
1095 2252 1199 2286 prae-

112 2291 243 2322 statum
267 2288 328 2322 iri:
354 2288 415 2322 sed
432 2291 467 2322 et
486 2288 622 2322 mulieri
643 2287 847 2328 cavendum,
869 2286 1039 2331 quidquid
1057 2290 1201 2331 praeter

111 2333 262 2377 primum
286 2343 418 2367 annum
443 2342 486 2367 ex
508 2333 687 2367 locatione
711 2333 763 2367 vir
783 2336 994 2367 consecutus
1018 2331 1136 2374 fuerit,
1161 2341 1200 2366 se

112 2378 143 2411 ei
166 2378 422 2412 restituturum.

158 2419 210 2459 26
234 2422 342 2456 IDEM
357 2423 447 2458 libro
469 2423 651 2467 triqesz'mo
672 2423 822 2468 septimo
836 2422 886 2457 ad
897 2422 1052 2457 edictum
1084 2421 1199 2456 Semel

111 2477 210 2502 mora
233 2466 331 2502 facta
355 2468 386 2502 si
402 2478 541 2502 servum
564 2467 718 2502 dotalem
736 2472 864 2512 postea
885 2466 1054 2502 offerente
1072 2467 1198 2500 marito

112 2513 235 2547 mulier
259 2513 419 2557 accipere
443 2513 596 2547 noluerit
620 2516 654 2547 et
677 2513 729 2547 ita
751 2513 782 2547 is
806 2512 1015 2554 decesserit,
1041 2522 1113 2546 non
1138 2511 1197 2545 de-

112 2557 209 2592 bebit
233 2558 383 2602 pretium
408 2558 482 2592 eius
502 2558 649 2592 maritus
669 2558 724 2592 vel
744 2558 846 2592 heres
859 2558 945 2598 eius,
966 2567 1010 2592 ne
1030 2557 1198 2590 damnum

112 2602 264 2680 sexlitiat‚
303 2602 397 2647 quod
431 2606 557 2647 postea
592 2602 763 2637 offerente
798 2613 839 2637 eo
875 2602 1000 2637 mulier
1035 2602 1199 2645 accipere

112 2658 156 2681 no
174 2648 235 2681 uit.

158 2689 208 2728 27
238 2691 361 2728 GAJUS
389 2692 478 2727 libro
511 2692 698 2727 undecimo
730 2692 779 2726 ad
802 2691 954 2727 edictum
972 2691 1199 2736 provinciale

113 2736 149 2771 Si
182 2741 265 2781 post
295 2737 482 2772 divortium
513 2742 652 2772 mortua
687 2737 834 2771 muliere
868 2737 970 2771 heres
1007 2736 1081 2771 eius
1118 2747 1198 2770 cum

115 2782 185 2816 viro
210 2786 401 2826 parenteve
426 2782 501 2817 eius
525 2786 618 2827 agat,
645 2782 768 2816 eadem
798 2781 963 2816 videntur
987 2781 1031 2815 de
1054 2781 1196 2815 restitu-

114 2826 204 2861 enda
229 2827 311 2862 dote
334 2827 556 2869 intervenire,
582 2837 672 2872 quae
702 2827 782 2871 ipsa
812 2827 959 2861 muliere
984 2829 1109 2870 agente
1133 2826 1196 2860 ob-

113 2872 244 2906 servari
268 2872 393 2906 solent.

158 2914 210 2953 28
250 2916 443 2952 ULPIANUS
471 2917 560 2952 libro
585 2917 708 2962 primo
741 2917 1000 2951 institutionum
1062 2915 1198 2949 Facere

114 2972 217 3006 posse
241 2962 388 2996 maritus
414 2962 519 2996 etiam
543 2962 578 2996 id
602 2961 754 3003 videtur,
780 2961 874 3005 quod
899 2972 920 2995 a
944 2960 1088 2994 muliere
1113 2970 1196 2994 con-

114 3007 211 3051 sequi
243 3010 377 3051 potest:
418 3007 553 3041 scilicet
584 3007 614 3041 si
643 3007 714 3041 iam
746 3007 777 3041 ei
810 3006 941 3050 aliquid
966 3006 1077 3046 absit,
1103 3005 1198 3049 quod

113 3062 177 3095 pro
202 3052 346 3086 muliere
370 3051 501 3096 aliquid
526 3051 693 3096 expendit
722 3051 777 3086 vel
801 3051 968 3085 mandato
994 3051 1069 3084 eius
1093 3060 1196 3094 prae-

115 3097 219 3130 stitit:
254 3100 409 3131 ceterum
433 3097 463 3130 si
487 3097 644 3131 nondum
664 3097 696 3131 ei
712 3097 825 3138 abest,
843 3100 885 3130 ut
907 3100 996 3140 puta
1020 3095 1086 3130 sub
1112 3105 1196 3129 con-

115 3140 251 3176 dicione
275 3145 328 3176 est
352 3141 539 3185 obligatus,
565 3141 721 3176 nondum
744 3141 883 3176 videtur
905 3141 1025 3175 facere
1049 3150 1166 3184 posse.

160 3183 212 3223 29
235 3186 342 3220 IDEM
358 3186 448 3221 libro
469 3187 573 3221 tertio
593 3187 876 3232 disputationum
914 3186 1083 3229 Quotiens
1095 3188 1198 3229 pater

115 3230 231 3265 dotem
255 3231 315 3265 dat
347 3235 382 3266 et
414 3231 622 3275 stipulatur,
658 3232 709 3265 ita
744 3231 885 3265 demum
916 3231 952 3265 in
984 3241 1085 3265 suam
1116 3240 1196 3273 per-

115 3284 236 3310 sonam
267 3276 312 3310 de
343 3276 425 3311 dote
456 3277 631 3311 actionem
663 3275 851 3317 transfert,
882 3276 912 3309 si
935 3286 978 3310 ex
1004 3274 1199 3310 continenti

114 3319 316 3364 stipuletur:
357 3324 512 3356 ceterum
544 3321 573 3356 si
603 3321 695 3355 inter
722 3321 812 3355 osito
845 3325 1003 3365 tempore
1033 3319 1199 3364 stipulari

114 3365 206 3405 velit,
230 3376 302 3400 non
325 3366 393 3400 nisi
424 3366 666 3401 consentiente
710 3365 770 3400 ‘lia
800 3366 949 3410 poterit,
980 3365 1137 3409 quamvis
1161 3365 1198 3398 in

115 3413 290 3487 ffitestate
320 3411 384 3452 sit,
417 3410 500 3455 quia
530 3411 739 3446 deteriorem
773 3410 1016 3445 condicionem
1047 3410 1083 3444 in
1116 3409 1198 3443 dote

129 3455 134 3461 “
155 3454 208 3488 ’30
230 3454 348 3490 facere
371 3466 442 3490 non
466 3459 583 3500 potest
606 3456 672 3490 nisi
698 3455 908 3490 consentiat.
935 3456 1038 3499 plane
1063 3455 1092 3489 si
1116 3458 1198 3488 ante

117 3499 257 3543 nuptias
293 3499 411 3534 dotem
447 3500 596 3541 dederit,
633 3500 764 3544 poterit
799 3510 841 3534 ex
876 3500 1080 3540 intervallo,
1117 3503 1198 3532 ante

117 3542 258 3587 nuptias
292 3547 431 3586 tamen,
469 3549 503 3579 et
538 3546 627 3579 citra
669 3545 886 3579 voluntatem
930 3555 1069 3588 quoque
1105 3544 1198 3577 filiae

122 3589 132 3620 l
183 3588 354 3633 stipulari.
391 3589 428 3623 Si
451 3590 529 3633 quis
552 3600 616 3634 pro
641 3589 787 3623 muliere
811 3589 928 3623 dotem
954 3589 1088 3623 dederit
1113 3599 1196 3622 con-

120 3703 159 3739 (1)
184 3700 320 3732 adhibet
331 3714 393 3734 scr.

119 3745 212 3776 nium
225 3746 299 3778 dett.
393 3749 434 3787 (4)
460 3752 595 3787 praetor
607 3747 640 3777 F

487 3704 528 3741 (2)
554 3703 646 3742 quia]
661 3703 690 3734 si
705 3702 784 3743 quid
798 3716 859 3735 scr.
943 3705 982 3736 (31
1010 3703 1194 3743 quinquen-

728 3752 769 3786 (ὃ)
795 3757 814 3778 a
829 3749 884 3779 ins⁴
904 3749 976 3782 edd.
1072 3752 1111 3788 (o)
1136 3758 1196 3789 pro

1205 125 1289 174 323

1230 3520 1233 3625 l

2130 148 2301 192 XXIIII
2334 154 2357 193 3

1274 263 1497 307 veneritque,
1536 269 1575 297 ut
1615 275 1754 307 quoquo
1787 266 1890 300 modo
1932 266 2106 310 dirempto
2139 266 2359 301 matrimonio

1273 308 1339 352 ipsi
1364 308 1569 350 solveretur,
1595 314 1720 352 postca
1745 311 1891 344 maritus
1924 311 2025 345 uxori
2057 311 2174 345 dotem
2206 311 2359 351 solverit,

1272 353 1470 388 rectissime
1505 353 1643 387 dicetur
1679 355 1900 388 exactionem
1937 356 2045 390 nihilo
2083 356 2197 390 minus
2234 356 2264 390 ei
2301 356 2359 400 qui

1274 397 1371 432 dedit
1395 402 1520 432 contra
1545 399 1710 432 maritum
1736 404 1945 442 competere.

1319 440 1377 493 30,
1397 442 1589 477 IULIANUS
1607 443 1696 477 libro
1717 448 1820 477 sexto
1843 444 1976 479 decimo
1996 445 2213 489 cle‘yestorum
2238 445 2361 490 Nupta

1273 498 1345 521 non
1368 487 1570 532 lmpeditur‚
1620 498 1664 522 uo
1691 488 1806 522 minus
1821 499 1899 522 cum
1924 490 2040 532 priore
2061 490 2186 524 marito
2212 490 2256 525 de
2280 490 2361 525 dote

1279 535 1289 565 l
1342 533 1555 577 experiatur.
1596 499 1774 575 [Quotiens
1800 534 1906 576 culpa
1929 534 1991 567 viri
2016 535 2156 576 accidit,
2182 546 2226 569 ne
2251 535 2314 570 dos
2339 545 2361 569 a

1273 587 1397 612 socero
1423 581 1486 611 aut
1510 587 1532 611 a
1556 577 1712 621 quolibet
1737 578 1824 618 alio,
1851 578 1911 621 qui
1935 579 2089 613 mulieris
2114 580 2254 614 nomine
2278 590 2359 624 pro-

1272 621 1433 664 miserat,
1472 623 1683 665 exigeretur:
1719 623 1748 656 si
1785 628 1848 656 aut
1878 623 1915 656 in
1948 624 2168 658 matrimonio
2202 625 2275 659 filia
2299 625 2358 659 de-

1273 668 1419 701 cesserit
1444 672 1505 701 aut
1530 672 1642 701 mater
1666 667 1818 701 familias
1842 667 1940 701 facta
1965 679 2044 701 eum
2069 669 2127 712 qui
2163 669 2281 704 dotem
2305 680 2359 703 re-

1271 712 1484 755 promiserat
1517 712 1680 746 heredem
1716 712 1932 753 instituerit,
1970 713 2056 747 satis
2093 718 2233 748 constat
2275 715 2360 748 nihil

1272 757 1422 800 amplius
1447 757 1558 791 virum
1589 761 1771 801 praestare
1805 757 1952 798 debere,
1986 768 2091 801 quam
2124 763 2162 792 ut
2187 769 2246 793 eos
2271 760 2358 793 obli-

1270 801 1413 854 gatione
1436 801 1574 849 liberet.

1318 844 1367 882 31
1396 846 1501 880 IDEM
1519 847 1608 882 libro
1629 851 1753 881 octavo
1768 847 1903 882 decimo
1922 847 2141 892 dz'yestorum
2178 847 2214 882 Si
2233 848 2359 883 marito

1271 891 1413 935 publico
1445 891 1576 926 iudicio
1611 891 1777 926 damnato
1810 902 1894 936 pars
1927 892 2046 936 aliqua
2079 892 2252 927 bonorum
2285 893 2360 927 eius

1270 936 1483 980 publicetur,
1498 936 1629 971 ⁶fiscus
1644 937 1876 971 creditoribus
1897 937 1971 971 eius
1992 936 2197 971 satisfacere
2217 948 2360 972 necesse

1275 984 1288 1015 1
1339 981 1466 1015 habet:
1507 982 1599 1016 inter
1631 992 1720 1026 quos
1753 992 1844 1016 uxor
1876 991 2015 1026 quoque
2052 986 2115 1016 est.
2177 982 2213 1016 Si
2246 988 2359 1026 pater,

1272 1036 1352 1060 cum
1378 1026 1532 1060 ducenta
1556 1026 1650 1061 filiae
1674 1037 1759 1061 suae
1784 1027 1925 1061 nomine
1960 1026 2050 1061 dotis
2082 1027 2196 1070 gratia
2228 1028 2357 1072 promi-

1271 1070 1385 1112 sisset,
1411 1076 1540 1115 pactus
1565 1071 1691 1113 fuerit,
1724 1082 1769 1105 ne
1793 1071 1945 1116 amplius
1981 1082 2086 1116 quam
2112 1076 2253 1106 centum
2276 1083 2298 1106 a
2323 1082 2360 1107 se

1270 1119 1488 1159 peterentur,
1513 1119 1549 1151 et
1571 1117 1689 1151 soluto
1714 1116 1937 1151 matrimonio
1971 1117 2096 1161 egerit,
2133 1120 2292 1159 centum,
2318 1117 2361 1151 de

1272 1159 1400 1204 quibus
1425 1161 1590 1195 convenit
1610 1172 1654 1195 ne
1673 1165 1889 1204 peterentur,
1910 1171 1976 1197 nec
1997 1161 2248 1206 intelleguntur
2269 1162 2360 1196 dotis

1272 1215 1360 1240 esse.
1387 1205 1482 1250 quod
1506 1205 1537 1240 si
1559 1209 1699 1240 mortuo
1724 1210 1827 1249 patre
1854 1216 1934 1240 cum
1958 1206 2088 1241 herede
2113 1206 2187 1241 eius
2212 1207 2360 1241 maritus

1271 1260 1377 1294 agere
1413 1250 1589 1295 coeperit,
1624 1249 1695 1284 ista
1731 1260 1872 1295 quoque
1906 1252 2059 1294 pecunia
2093 1251 2129 1284 in
2166 1251 2248 1285 dote
2284 1251 2359 1286 erit.

1272 1297 1291 1328 2
1340 1294 1377 1329 Si
1401 1295 1583 1330 voluntate
1608 1295 1702 1329 filiae
1725 1298 1938 1340 procurator
1962 1305 1984 1329 a
2007 1299 2110 1340 patre
2135 1295 2239 1330 datus
2264 1296 2360 1330 litem

1272 1339 1316 1374 de
1341 1340 1423 1374 dote
1447 1344 1667 1375 contestatus
1691 1340 1800 1375 fuerit
1825 1344 1859 1374 et
1882 1350 1921 1375 re
1946 1340 2141 1375 secundum
2165 1351 2245 1375 eum
2268 1341 2358 1375 iudi-

1272 1388 1354 1419 cata
1377 1388 1480 1429 pater
1504 1385 1715 1427 decesserit,
1740 1385 1885 1419 iudicati
1910 1386 2085 1420 actionem
2117 1385 2211 1420 filiae
2241 1386 2360 1430 potius

1272 1433 1290 1463 3
1340 1441 1446 1474 quam
1469 1430 1661 1465 heredibus
1684 1431 1798 1475 patris
1823 1430 1900 1465 dari
1925 1431 2114 1475 oportebit.
2153 1430 2241 1465 Cum
2264 1431 2360 1475 patri

1271 1474 1335 1509 dos
1360 1475 1445 1509 data
1469 1479 1563 1510 esset
1587 1479 1622 1510 et
1646 1476 1677 1511 ei
1701 1475 1796 1510 filius
1831 1486 1873 1510 ex
1897 1476 2015 1520 aliqua
2039 1479 2141 1520 parte
2164 1476 2267 1510 heres
2292 1476 2358 1510 sub

1271 1519 1479 1554 condicione
1512 1520 1696 1555 institutus
1728 1520 1837 1555 fuerit
1871 1526 1906 1555 et
1938 1521 2116 1565 pendente
2152 1520 2360 1556 condicione

1271 1565 1462 1600 coheredes
1488 1565 1561 1600 eius
1594 1565 1712 1600 dotem
1743 1577 1807 1610 pro
1838 1576 1904 1600 sua
1935 1566 2096 1610 portione
2128 1566 2265 1600 mulieri
2288 1566 2358 1601 sol-

1270 1610 1401 1644 verint:
1442 1611 1511 1645 hoc
1542 1610 1659 1645 minus
1692 1611 1784 1645 filius
1816 1620 1859 1645 ex
1893 1611 1975 1645 dote
1998 1614 2181 1655 praestare
2206 1611 2356 1653 debebit,

1271 1655 1437 1699 quoniam
1461 1656 1596 1690 nullam
1608 1655 1786 1691 actionem
1810 1656 1884 1691 eius
1908 1657 2081 1700 pecuniae
2105 1655 2359 1701 reciperandae

1270 1704 1291 1734 4
1337 1700 1451 1744 gratia
1475 1700 1646 1736 adversus
1671 1701 1864 1736 coheredes
1894 1700 2014 1735 habet.
2064 1701 2099 1735 Si
2122 1701 2271 1735 fundum
2296 1700 2357 1736 do-

1269 1745 1377 1779 talem
1401 1746 1595 1789 recepisset
1618 1746 1743 1780 mulier
1766 1756 1839 1781 non
1862 1746 1986 1780 habita
2009 1746 2147 1780 ratione
2178 1745 2358 1782 fructuum

1269 1800 1334 1834 pro
1370 1791 1535 1834 portione
1568 1791 1671 1833 anni,
1709 1792 1803 1836 qu0⁷
1838 1795 1951 1836 nupta
1985 1801 2058 1826 non
2081 1790 2225 1833 fuisset,
2249 1790 2357 1825 nihilo

1269 1835 1386 1870 minus
1411 1835 1453 1870 de
1478 1835 1560 1870 dote
1584 1846 1688 1881 agere
1711 1839 1840 1880 potest,
1865 1837 1948 1880 quia
1966 1836 2136 1870 minorem
2161 1836 2279 1870 dotem
2302 1846 2357 1870 re-

1271 1880 1440 1925 cepisset:
1485 1881 1554 1916 hoc
1591 1882 1683 1916 enim
1717 1881 1764 1916 ad
1799 1880 1891 1916 dotis
1934 1885 2160 1925 augmentum
2193 1881 2358 1925 pertinet,

1270 1925 1566 1970 quemadmodum
1591 1926 1620 1961 si
1652 1930 1794 1970 partum
1818 1926 2028 1960 ancillarum
2059 1936 2130 1960 non
2153 1926 2358 1970 recepisset,

1270 1974 1333 2005 aut
1363 1970 1480 2015 legata
1512 1972 1565 2006 vel
1594 1971 1829 2013 hereditates,
1864 1981 1956 2015 quae
1979 1974 2062 2014 post
2085 1970 2271 2005 divortium
2295 1981 2359 2015 per

1269 2025 1390 2051 servos
1415 2016 1551 2051 dotales
1577 2016 1776 2061 adquisitae
1799 2017 1925 2050 marito
1950 2015 2111 2050 fuissent.

1316 2058 1368 2097 32
1394 2060 1500 2095 IDEM
1527 2061 1617 2096 libro
1649 2061 1806 2096 secundo
1837 2061 1887 2096 ad
1922 2060 2079 2096 Urseium
2103 2061 2274 2096 Ferocem
2322 2060 2358 2095 Si

1269 2106 1367 2150 prior
1387 2107 1533 2141 maritus
1553 2106 1741 2151 posteriori
1762 2106 1854 2140 dotis
1867 2106 2007 2140 nomine
2027 2110 2206 2150 tamquam
2220 2105 2359 2140 debitor

1269 2151 1424 2185 mulieris
1449 2151 1566 2185 dotem
1590 2152 1809 2195 promiserit,
1843 2162 1914 2185 non
1946 2151 2025 2195 plus
2059 2161 2164 2195 quam
2195 2151 2232 2185 id
2263 2150 2358 2195 quod

1268 2195 1388 2230 facere
1412 2197 1526 2240 possit
1550 2196 1642 2231 dotis
1667 2196 1826 2231 futurum
1852 2207 1940 2230 esse.

1315 2238 1367 2278 33
1393 2243 1619 2276 AFRICANUS
1647 2241 1737 2276 libro
1773 2243 1924 2287 septimo
1957 2242 2205 2286 quaestionum
2259 2240 2358 2284 Quae

1270 2285 1362 2320 dotis
1387 2287 1528 2320 nomine
1553 2291 1685 2321 certam
1718 2287 1906 2331 pecuniam
1929 2286 2159 2331 promiserat,
2184 2285 2357 2330 quosdam

1269 2330 1492 2373 adhibuerat,
1518 2331 1577 2376 qui
1602 2332 1859 2376 stipularentur
1891 2335 2030 2376 partem
2062 2331 2154 2365 dotis
2186 2330 2356 2365 distracto

1268 2376 1491 2411 matrimonio
1528 2376 1595 2411 sibi
1631 2377 1736 2411 solvi:
1775 2386 1816 2411 ea
1850 2376 1948 2411 nulla
1983 2376 2067 2410 data
2102 2375 2185 2410 dote
2220 2375 2357 2410 obierat

1269 2420 1392 2456 eodem
1404 2422 1531 2456 marito
1544 2432 1609 2456 suo
1623 2422 1754 2456 herede
1773 2421 1917 2455 relicto:
1941 2421 1971 2455 is
1992 2421 2199 2455 damnosam
2218 2420 2355 2454 heredi-

1267 2469 1377 2500 tatem
1403 2466 1478 2500 eius
1502 2466 1650 2500 adierat.
1676 2466 1786 2500 nihilo
1810 2466 1926 2499 minus
1958 2465 2225 2509 stipulatoribus
2257 2468 2355 2499 tene-

1267 2510 1373 2552 bitur,
1399 2511 1566 2555 quoniam
1587 2511 1749 2545 adeundo
1763 2510 1994 2545 hereditatem
2018 2509 2198 2544 debitricis
2217 2509 2355 2544 intelle-

1267 2559 1407 2600 geretur
1432 2566 1552 2590 secum
1575 2566 1764 2600 pensasse:
1791 2565 1856 2589 nec
1882 2555 1928 2589 ad
1951 2565 2024 2589 rem
2048 2555 2235 2598 pertinere,
2261 2554 2356 2598 quod

1268 2600 1435 2635 solvendo
1468 2611 1539 2635 non
1572 2605 1665 2635 esset
1695 2600 1884 2641 hereditas,
1911 2599 2052 2644 quando
2087 2599 2212 2633 ceteris
2238 2599 2354 2642 etiam,

1269 2646 1502 2680 creditoribus
1526 2649 1698 2680 teneatur.

1314 2688 1366 2727 34
1391 2690 1499 2724 IDEM
1514 2690 1603 2725 libro
1625 2695 1749 2725 octavo
1765 2690 2013 2734 quaestionum
2051 2689 2145 2723 Titia
2166 2689 2355 2724 divortium

1267 2746 1289 2770 a
1313 2735 1393 2770 Seio
1418 2735 1520 2770 fecit:
1554 2736 1647 2769 hanc
1673 2735 1787 2769 Titius
1818 2734 1855 2768 in
1878 2744 1945 2768 sua
1967 2738 2144 2778 potestate
2169 2744 2245 2768 esse
2270 2734 2355 2768 dicit

1267 2784 1302 2815 et
1326 2780 1444 2814 dotem
1468 2781 1535 2815 sibi
1559 2780 1658 2814 reddi
1676 2780 1852 2823 postulat:
1877 2779 1956 2823 ipsa
1976 2789 2014 2813 se
2033 2783 2182 2814 matrem
2201 2778 2353 2814 familias

1267 2825 1353 2859 dicit
1366 2829 1401 2859 et
1414 2825 1458 2859 de
1471 2825 1554 2860 dote
1566 2835 1669 2869 agere
1690 2825 1780 2858 vult:
1815 2824 2014 2875 quaesitum
2035 2828 2098 2865 est,
2121 2834 2212 2868 quae
2232 2828 2353 2868 partes

1266 2870 1392 2904 iudicis
1423 2870 1503 2904 sint.
1548 2869 1714 2914 respondi
1745 2873 1850 2914 patri,
1882 2869 1950 2904 nisi
1979 2869 2108 2913 probet
2142 2869 2250 2903 filiam
2281 2880 2353 2904 non

1267 2915 1380 2949 solum
1410 2915 1447 2948 in
1479 2925 1545 2949 sua
1575 2918 1752 2958 potestate
1785 2924 1880 2956 esse,
1913 2913 1976 2948 sed
2015 2914 2120 2948 etiam
2153 2914 2353 2949 consentire

1266 2959 1344 3000 sibi,
1365 2959 1606 3003 denegandam
1627 2959 1813 3001 actionem,
1836 2958 1941 2993 sicuti
1955 2959 2200 3003 denegaretur,
2215 2958 2352 2993 etiamsi

1267 3008 1449 3039 constaret
1473 3014 1550 3039 eam
1573 3005 1610 3038 in
1632 3008 1810 3049 potestate
1833 3014 1921 3038 esse.

1312 3047 1364 3086 35
1390 3048 1626 3084 MARCJANUS
1641 3049 1731 3084 libro
1750 3049 1884 3084 decimo
1907 3049 2168 3083 institutionum
2192 3048 2350 3089 Liberta,

1266 3104 1357 3138 quae
1393 3094 1573 3129 voluntate
1606 3094 1749 3138 patroni
1785 3093 1965 3135 discessit,
2003 3093 2045 3127 de
2080 3094 2162 3128 dote
2196 3104 2275 3127 cum
2307 3103 2349 3126 eo

1267 3149 1370 3184 agere
1393 3142 1513 3183 potest
1536 3149 1642 3183 quam
1667 3139 1697 3173 ei
1722 3139 1828 3174 dedit.

1314 3181 1366 3220 36
1391 3184 1447 3218 ΡΑ
1456 3193 1550 3218 ULUS
1567 3184 1657 3219 libro
1678 3184 1833 3219 secundo
1853 3183 1898 3218 de
1919 3184 2108 3218 adulteriis
2147 3183 2183 3217 Si
2203 3182 2348 3216 maritus

1266 3229 1382 3263 minus
1406 3228 1525 3263 facere
1548 3233 1668 3273 potest
1692 3234 1727 3263 et
1750 3229 1814 3263 dos
1839 3229 2022 3273 publicata
2053 3229 2109 3269 sit,
2135 3228 2170 3261 in
2194 3227 2230 3261 id
2254 3225 2349 3277 quod

1266 3274 1386 3308 facere
1409 3277 1528 3318 potest
1551 3274 1637 3308 fisco
1663 3274 1809 3309 maritus
1843 3273 2129 3313 condemnandus
2156 3276 2219 3313 est,
2244 3281 2288 3305 ne
2310 3281 2348 3304 111

1266 3319 1456 3363 perniciem
1480 3318 1596 3352 mariti
1619 3319 1742 3353 mulier
1764 3319 1890 3363 punita
1913 3319 1969 3353 sit.

1313 3361 1364 3400 37
1398 3363 1591 3398 ULPIANUS
1618 3364 1708 3399 libro
1732 3364 1889 3399 secundo
1921 3372 2171 3408 responsorum
2218 3359 2347 3394 Dotem

1266 3409 1448 3443 voluntate
1471 3407 1564 3443 filiae
1587 3408 1697 3443 videri
1720 3413 1857 3453 patrem
1880 3408 2074 3451 recepisse,
2107 3416 2186 3439 cum
2219 3413 2347 3438 causas

1267 3453 1532 3487 contradicendi
1566 3454 1596 3487 ei
1631 3453 1703 3487 filia
1734 3465 1805 3488 non
1834 3453 1997 3493 haberet,
2022 3451 2170 3485 maxime
2195 3459 2275 3483 cum
2299 3448 2345 3482 ab

1267 3509 1308 3532 eo
1333 3502 1458 3541 postea
1482 3499 1651 3542 ampliore
1675 3509 1812 3533 summa
1836 3498 1957 3532 dotata
1981 3497 2033 3531 sit.

1313 3540 1365 3579 38
1392 3542 1628 3577 MARCELLUS
1657 3543 1746 3578 libro
1770 3543 1952 3588 sinqulari
1973 3549 2225 3585 responsorum
2271 3537 2344 3588 Lu-

1267 3588 1342 3622 cius
1367 3588 1480 3623 Titius
1506 3598 1586 3623 cum
1611 3593 1704 3623 esset
1727 3588 1819 3622 filius
1843 3587 2005 3625 familias,
2031 3585 2210 3618 voluntate
2234 3586 2344 3626 patris

1265 3712 1302 3733 ea
1318 3704 1414 3743 parte
1431 3704 1490 3735 ins.
1586 3705 1626 3744 (τ)
1652 3713 1717 3744 qua
1734 3715 1796 3734 scr.

2000 3789 2073 3820 41*
