2528 3918
130 120 132 122 V
146 126 230 158 VEL
258 125 510 157 ELEC'HONE
539 125 717 158 LEGATA

141 237 225 284 quid
246 237 334 273 iuris
358 240 463 273 esset.
511 237 585 273 dixi
608 237 827 274 commodius
853 237 1022 273 constitui
1046 249 1138 282 eum,
1164 238 1225 284 qui

139 283 206 319 sub
238 281 447 318 condicione
476 283 677 319 libertatem
708 282 830 318 Sticho
871 282 932 318 det
971 286 1008 318 et
1045 284 1225 330 optionem

140 338 328 381 serrorum,
353 338 427 363 non
450 328 607 373 cogitare
631 328 675 380 de
694 327 830 370 Sticho,
855 327 962 381 sicuti
986 333 1129 365 constat
1150 340 1224 365 non

138 373 478 454 3118133111
501 383 659 464 {33110‘31
705 374 1134 471 ffssiisseffpssssgssssaffl
1153 375 1223 456 32:

135 473 236 508 gero,
269 463 355 499 nihil
388 474 492 509 agam
524 467 560 499 et
583 474 627 499 ex
651 467 779 499 ceteris
801 464 911 500 mh1lo
935 465 1052 501 minus
1076 466 1222 511 optabo.

136 512 156 544 2
203 508 246 544 In
269 509 392 545 eodem
417 519 503 545 casu
521 509 720 555 quaesitum
740 513 804 552 est,
828 509 860 545 si
877 510 1022 555 optione
1041 521 1224 547 servorum

137 553 238 596 data,
263 557 454 599 antequam
478 559 656 600 optarem,
682 554 842 590 condicio
867 559 1025 592 statutae
1046 556 1223 592 libertatis

135 598 339 642 defecisset,
371 610 417 635 an
449 599 609 635 Stichum
639 603 766 645 optare
795 600 929 646 possim
944 602 968 637 ¹.
1019 605 1107 654 puto
1137 601 1219 636 Mu-

135 644 259 680 cianae
275 645 474 680 sententiae
491 645 773 688 adsentiendum,
794 655 865 691 qua
883 646 1003 691 placet
1017 658 1029 682 1
1057 657 1098 682 sa
1115 646 1222 682 liber-

135 693 208 725 tate
230 690 386 735 legatum
410 691 554 736 peremi,
582 701 655 726 non
680 690 824 726 datione
846 694 1003 727 statutae
1042 692 1220 728 ’bertatisz

134 745 245 780 quare
274 735 346 771 sive
373 735 452 771 vivo
481 739 655 772 testatore
686 736 759 772 sive
786 740 870 782 post
898 740 1049 772 mortem
1081 737 1157 773 eius
1188 741 1224 773 et

133 783 216 816 ante
249 780 381 816 aditam
410 781 644 817 hereditatem
672 781 836 817 condicio
866 786 1024 818 statutae
1046 782 1221 818 libertatis

133 825 312 869 defecerit,
336 826 493 872 legatum
518 828 585 863 erit
607 827 711 862 utile:
736 838 820 862 nam
843 827 937 863 sicut
953 838 1045 873 pura
1062 829 1221 870 libertas,

132 871 183 906 ita
213 875 350 907 statuta
381 872 529 908 libertas
560 872 680 908 aditae
711 872 917 909 hereditatis
946 877 1107 919 tempore
1130 874 1221 909 vires

132 916 209 952 acci
237 917 274 952 it.
321 917 401 953 ideo
427 928 473 953 ue
498 918 659 954 Stichum
682 921 807 964 optare
829 929 989 964 possum.

180 927 235 1000 13
262 961 370 997 IDEM
417 963 495 999 ibro
527 964 711 1010 triqesimo
742 968 874 1009 quarto
908 964 1130 1010 diqestorum
1184 963 1222 999 Si

131 1006 317 1053 Pamphilo
341 1019 444 1044 servo
464 1008 570 1044 Lucii
590 1008 676 1044 Titii
699 1019 823 1045 servus
846 1009 1062 1054 generaliter
1083 1009 1222 1055 legatus

130 1053 193 1096 sit,
226 1052 353 1089 deinde
384 1053 547 1090 dominus
570 1054 767 1099 Pamphili,
798 1058 882 1100 post
907 1065 990 1090 uam
1013 1054 1088 1091 dies
1113 1055 1222 1100 legati

131 1098 296 1143 cesserit,
330 1109 412 1134 eum
441 1099 723 1135 manumisisset:
762 1099 794 1135 si
823 1100 885 1146 qui
911 1111 967 1135 em
997 1100 1114 1136 Titius
1146 1111 1221 1136 ser·

129 1154 210 1178 vum
229 1144 469 1187 vindicaverit,
494 1144 734 1189 exstinguitur
748 1145 928 1190 Pamphili
942 1146 1112 1191 legatum,
1137 1146 1221 1191 quia

129 1199 201 1224 non
234 1193 330 1225 esset
359 1190 397 1224 in
426 1190 624 1226 hereditate
678 1190 716 1226 ui
746 1191 861 1236 possit
892 1191 1021 1236 optari.
1074 1191 1106 1227 si
1135 1202 1219 1227 vero

129 1234 245 1270 Titius
269 1235 426 1279 legatum
448 1245 471 1270 a
494 1246 534 1271 se
556 1246 646 1281 repu
684 1240 800 1279 asset,
832 1236 1060 1282 Pamphilum
1091 1240 1219 1282 optare

155 1290 235 1316 osse
264 1280 447 1325 legatum2
486 1284 646 1316 constat:
686 1281 771 1317 licet
809 1282 903 1317 enim
941 1282 1220 1318 manumissione

158 1325 306 1370 amphili
325 1325 418 1361 duae
435 1336 611 1370 personae
631 1327 936 1363 constituerentur
955 1327 1042 1362 Titii
1060 1331 1097 1363 et
1111 1327 1218 1363 Pam-

127 1370 232 1414 phili,
263 1370 368 1406 unius
399 1374 520 1407 tamen
550 1371 603 1407 rei
625 1371 784 1417 legatum
806 1372 901 1408 inter
924 1383 985 1408 eas
1009 1373 1161 1408 vertitur
1184 1376 1220 1408 et

128 1415 223 1451 Titio
246 1415 450 1452 vindicante
472 1416 572 1462 optio
596 1417 846 1462 exstinguitur,
877 1417 1089 1463 repudiante
1111 1418 1218 1454 Pam-

126 1460 244 1505 philus
269 1464 394 1506 optare
416 1465 546 1506 potest.

175 1505 221 1542 11
262 1506 371 1541 IDEM
407 1507 498 1543 libro
535 1508 719 1554 triqesimo
754 1511 860 1543 sexto
894 1508 1117 1555 diqestorum
1181 1508 1219 1544 Si

126 1551 221 1587 Eros
245 1551 326 1588 Seio
349 1551 489 1597 legatus
513 1552 560 1588 sit
583 1556 620 1588 et
641 1552 748 1588 Eroti
774 1552 925 1598 fundus,
959 1553 1086 1589 deinde
1120 1564 1140 1589 o
1167 1553 1217 1590 tio

125 1596 218 1632 servi
231 1597 372 1633 Maevio
398 1597 482 1633 data
505 1597 614 1634 fuerit
636 1598 737 1644 isque
753 1597 902 1634 Erotem
922 1599 1110 1645 optaverit,
1176 1611 1217 1635 n-

125 1641 192 1677 dus
212 1642 259 1677 ad
277 1642 394 1678 solum
414 1643 534 1679 Seium
556 1644 762 1689 pertinebit,
787 1644 955 1689 quoniam
974 1644 1094 1680 aditae
1113 1645 1216 1680 here—

125 1686 247 1723 ditatis
270 1691 431 1733 tempore
453 1689 485 1724 is
505 1689 604 1725 solus
624 1689 702 1732 erit,
726 1688 774 1724 ad
793 1700 898 1735 quem
916 1693 1041 1736 posset
1059 1690 1217 1735 legatum

150 1732 314 1769 ertinere.
350 1744 434 1768 nam
453 1738 490 1769 et
510 1745 591 1770 cum
611 1745 714 1770 servo
735 1735 915 1771 communi
933 1735 1026 1771 alter
1044 1745 1090 1771 ex
1109 1736 1216 1772 sociis

123 1743 239 1823 Pegat,
270 1778 406 1815 idcirco
438 1779 486 1814 ad
516 1780 632 1816 solum
655 1780 794 1816 socium
816 1784 933 1816 totum
954 1781 1112 1825 legatum
1134 1792 1216 1826 per-

123 1823 223 1866 tinet,
246 1824 418 1869 quoniam
441 1824 498 1860 die
521 1825 555 1861 le
579 1825 630 1860 ati
654 1825 802 1861 cedente
825 1826 924 1862 solus
948 1830 1014 1870 est,
1043 1826 1129 1872 qui³
1151 1837 1217 1872 per

123 1879 205 1904 eum
228 1879 370 1905 servum
391 1870 508 1915 possit
531 1881 552 1905 a
578 1870 730 1916 quirere.

172 1911 223 1951 12
247 1914 356 1950 IDEM
371 1915 463 1952 libro
477 1917 602 1962 primo
621 1927 672 1951 ex
687 1915 838 1952 Minicio
874 1916 984 1952 Servo
1002 1917 1218 1962 generaliter

123 1959 240 2004 legato
264 1960 382 1996 verius
406 1964 461 1997 est
485 1971 606 1997 omnes
629 1961 801 2004 heredes,
833 1961 866 1997 si
897 1961 949 1998 eis
980 1962 1108 1998 electio
1132 1962 1218 1998 data

123 2008 188 2048 est,
213 2005 366 2041 eundem
389 2006 475 2042 dare
499 2006 649 2042 debere:
682 2007 737 2042 ‘'si
767 2017 840 2042 non
865 2007 1092 2043 consentiant
1113 2007 1216 2043 here-

123 2049 197 2092 des,
223 2060 268 2086 ex
289 2054 504 2088 testamento
529 2062 590 2088 eos
615 2052 743 2088 teneri.

172 2093 221 2133 13
255 2095 312 2131 PA
320 2106 363 2132 σι
371 2107 416 2132 us
446 2097 539 2133 libro
570 2101 695 2133 octavo
726 2097 777 2133 ad
804 2096 991 2133 Plautium
1048 2097 1088 2133 Si
1118 2098 1216 2144 optio

124 2140 216 2176 servi
239 2140 325 2176 data
346 2142 434 2177 mihi
456 2142 566 2178 fuerit
588 2146 626 2179 et
649 2142 771 2178 Sticho
802 2142 938 2188 aliquid
962 2146 1116 2180 testator
1139 2143 1216 2180 sine

122 2185 288 2222 libertate
322 2187 493 2232 legasset,
535 2192 622 2224 tunc
658 2198 813 2241 sequens
847 2188 1005 2232 legatum
1040 2189 1214 2234 consistit,

124 2242 205 2267 cum
228 2235 306 2267 tota
328 2231 464 2268 familia
487 2232 534 2268 ad
557 2244 678 2275 unum,
703 2233 741 2269 1d
760 2236 815 2269 est
834 2233 997 2269 Stichum
1014 2234 1214 2279 recciderit,

122 2280 164 2311 ut
193 2277 298 2322 quasi

122 2326 286 2357 versatur

353 2289 417 2314 ure
447 2278 565 2324 legato
596 2279 732 2314 utiliter
762 2279 809 2314 sit
838 2278 1006 2323 legatum.
1055 2290 1123 2315 1100
1151 2280 1214 2315 ad-

345 2324 532 2368 atoniana,
573 2323 606 2360 si
638 2324 862 2360 voluntarius
892 2325 996 2360 heres
1027 2325 1215 2362 institutus

122 2366 178 2411 sit,
204 2367 288 2412 quia
310 2372 431 2413 potest
452 2373 536 2405 ante
556 2369 689 2405 aditam
709 2369 955 2413 hereditatem,
980 2370 1120 2407 etiamsi
1139 2374 1214 2406 sta-

122 2411 186 2447 tim
216 2412 428 2457 decesserit,
460 2414 598 2450 familia
626 2415 756 2450 minui:
794 2415 892 2460 quod
926 2414 958 2451 si
987 2416 1213 2452 necessarius

121 2457 225 2494 heres
255 2458 442 2495 institutus
474 2461 539 2503 sit,
570 2470 723 2506 sequens
754 2460 912 2505 legatum
934 2465 1083 2506 propter
1106 2461 1212 2498 Cato-

125 2506 139 2537 1
188 2502 334 2539 nianam
361 2504 488 2541 inutile
519 2509 585 2541 est,
639 2505 858 2551 Pomponius
894 2506 1021 2542 scribit
1054 2510 1214 2552 emptore

121 2547 329 2585 hereditatis
360 2551 585 2595 postulante,
617 2554 659 2586 ut
688 2551 737 2595 is,
771 2550 830 2586 cui
856 2551 949 2587 servi
973 2551 1071 2597 optio
1095 2552 1214 2597 legata

121 2592 186 2637 sit,
219 2598 334 2638 optet,
366 2595 556 2631 videndum
581 2605 677 2639 esse,
709 2607 757 2631 an
787 2600 935 2641 praetor
964 2601 1006 2632 ut
1035 2597 1074 2633 id
1102 2597 1215 2633 faciat

123 2649 250 2683 cogere
281 2639 411 2675 debeat
441 2641 671 2686 legatarium,
711 2641 1008 2687 quemadmodum
1043 2642 1075 2678 si
1108 2643 1212 2679 heres

120 2683 306 2721 institutus
329 2685 368 2720 id
390 2686 609 2731 postularet,
642 2686 727 2731 quia
756 2689 877 2731 potest
898 2696 964 2739 per
986 2687 1154 2724 heredem
1176 2688 1214 2723 id

120 2739 176 2764 em
202 2731 284 2765 tor⁵
308 2732 498 2776 consequi:
525 2735 561 2767 et
584 2742 695 2776 quare
719 2742 792 2767 non
815 2735 942 2776 posslt,
965 2743 1039 2767 non
1062 2732 1176 2769 video.

196 2773 221 2811 4
245 2774 293 2810 IA
302 2785 473 2812 VOLENUS
493 2777 585 2813 libro
608 2776 767 2812 seeundo
791 2787 841 2812 ex
867 2776 989 2813 Cassio
1042 2777 1096 2821 Si,
1131 2789 1215 2814 011111

122 2830 142 2854 0
169 2820 220 2855 110
250 2820 343 2856 servi
371 2831 416 2857 ex
446 2822 614 2858 universa
643 2821 779 2857 familia
809 2822 929 2867 legata
959 2826 1069 2865 esset,
1108 2823 1213 2860 heres

159 2864 274 2910 ‘quem
303 2866 514 2912 priusquam
545 2870 732 2912 optaretur
763 2867 986 2910 manumisit,
1024 2868 1071 2903 ad
1104 2868 1213 2904 liber-

121 2914 231 2946 tatem
254 2921 336 2946 eum
358 2911 501 2947 interim
517 2923 590 2948 non
608 2912 784 2958 perducit,
809 2923 952 2948 servum
970 2916 1090 2949 tamen
1108 2924 1213 2959 quem

121 2955 172 2990 ita
202 2957 448 2992 manumiserit
479 2957 630 3000 amittit,
660 2958 745 3003 quia
773 2957 805 2994 is
835 2961 899 2993 aut
928 2958 1064 2995 electus
1092 2958 1212 3004 legato

122 3000 216 3036 cedit
238 3005 301 3036 aut
323 3001 470 3038 relictus
493 3006 581 3038 tunc
604 3003 696 3039 liber
719 3003 930 3039 ostenditur.

171 3044 220 3082 15
253 3045 361 3081 IDEM
391 3047 481 3083 libro
512 3048 670 3084 secundo
702 3048 937 3094 epistularum
995 3048 1104 3084 Servo
1138 3049 1213 3086 sine

121 3089 286 3127 libertate
316 3091 448 3137 legavi,
487 3093 614 3129 deinde
646 3093 827 3138 optionem
856 3104 1040 3130 servorum
1071 3093 1213 3130 Maevio

123 3134 221 3171 dedi:
244 3136 301 3172 is⁶
324 3138 476 3173 eundem
496 3149 637 3174 servum
656 3138 809 3183 optavit:
834 3149 979 3184 quaero,
1000 3149 1047 3174 an
1065 3139 1102 3174 id
1124 3150 1213 3185 quo-

123 3191 192 3224 que
219 3181 315 3226 quod
343 3182 499 3228 legatum
523 3187 577 3219 est
601 3184 634 3219 ei
657 3183 858 3219 deberetur.
905 3184 1108 3230 respondit:
1139 3195 1213 3220 non

122 3228 210 3277 puto
240 3226 396 3271 legatum
427 3229 534 3264 huius
565 3229 659 3265 servi
687 3228 830 3265 nomine
853 3229 900 3265 ad
924 3229 1106 3266 dominum
1130 3240 1212 3276 per-

123 3274 247 3305 tmere.

173 3313 223 3352 16
253 3315 478 3354 ΤΕΒΕΝφισε
507 3319 688 3354 CLEMENS
714 3318 806 3355 libro
838 3320 964 3365 quinto
995 3320 1132 3357 decimo
1165 3321 1216 3357 ad

123 3360 237 3406 leqem
260 3359 394 3396 Iuliam
418 3367 453 3398 et
475 3363 631 3410 Papiam
679 3364 833 3409 Optione
855 3364 974 3410 legata
996 3366 1117 3418 placet
1139 3377 1213 3402 non

122 3415 230 3484 1³03?
248 3408 336 3485 τ9311ιο
359 3406 491 3444 aditam
513 3409 747 3445 hereditatem
771 3409 890 3454 optari
912 3413 948 3446 et
970 3411 1060 3446 nihil
1083 3411 1151 3457 agi,
1182 3411 1213 3447 si

123 3460 145 3485 0
228 3461 248 3486 0
309 3477 319 3486 .

146 3461 222 3532 Ι>17
254 3494 363 3531 IDEM
388 3496 480 3533 libro
508 3499 659 3546 septimo
690 3499 828 3536 decimo
859 3499 911 3536 ad
940 3500 1054 3547 leqem
1076 3500 1212 3537 Iuliam

124 3611 162 3650 (1)
188 3609 296 3652 possit
308 3609 358 3642 F²
456 3610 501 3652 (2)
524 3611 672 3654 legatum
686 3614 747 3647 del.
845 3614 892 3656 (3)
917 3614 973 3646 oui
986 3615 1023 3648 F
1105 3615 1151 3656 (4)
1176 3616 1210 3646 01

125 3654 184 3687 ins.
200 3654 251 3687 Ῑθ2
326 3654 370 3696 (5)
394 3656 442 3688 sic
454 3655 491 3696 S,
505 3660 636 3699 tempus
648 3658 682 3691 F
751 3661 795 3700 (6)
821 3658 930 3691 dedits
943 3660 978 3692 F
1052 3660 1098 3701 (7)
1120 3658 1209 3692 libro

125 3699 235 3740 primo
245 3710 480 3742 responsorum
493 3701 655 3744 scriptum
667 3715 730 3737 scr.
796 3704 843 3745 (8)
868 3715 902 3736 se
915 3704 998 3737 Hal.
1062 3705 1107 3747 (9)
1133 3715 1208 3737 011111

125 3744 160 3775 111
174 3744 303 3777 familia
314 3745 456 3778 nuberet
468 3746 530 3780 del.
545 3747 629 3780 Rob.
643 3747 830 3791 Stephanus
956 3753 1014 3791 (10)
1040 3749 1170 3783 familia
1181 3750 1210 3783 S

1210 110 1296 159 467

2071 115 2268 160 XXXIII
2297 121 2386 162 5.6

1294 240 1331 273 et
1353 236 1509 284 Papiam
1559 236 1649 273 Cum
1674 237 1771 282 optio
1797 236 1950 274 duorum
1972 249 2157 275 servorum
2180 239 2276 276 Titio
2302 240 2388 277 data

1294 283 1352 326 sit,
1376 282 1506 329 reliqui
1520 281 1663 318 Maevio
1681 282 1792 327 legati
1812 283 1894 326 sint,
1919 288 2083 321 cessante
2099 285 2215 330 primo
2234 285 2274 321 in
2293 286 2387 322 elec-

1293 328 1391 364 tione
1423 327 1664 374 ‘reliquorum’
1700 328 1941 374 appellatione
1977 340 2098 366 omnes
2129 331 2177 367 ad
2206 331 2387 368 naevium

1320 373 1485 409 ertinent.

1292 385 1317 419 p
1343 415 1393 456 18
1429 418 1634 455 Seuerou
1676 417 1768 454 libro
1812 420 1918 455 tertio
1957 420 2093 457 decimo
2135 423 2384 469 quaestionum

1293 463 1445 500 Homine
1468 464 1586 509 legato
1609 462 1780 500 Neratius
1805 463 1857 499 ait
1879 464 1969 500 1111111
1991 466 2050 511 agi
2071 467 2259 513 repudiato
2279 467 2386 504 Pam-

1292 509 1392 554 philo
1417 509 1539 555 itaque
1563 519 1645 545 eum
1666 508 1786 555 ipsum
1809 509 1892 554 eligi
1914 521 2033 555 posse.

1342 552 1393 592 19
1425 554 1483 590 Px
1491 564 1586 590 Ubus
1614 554 1705 590 libro
1738 555 1843 590 tertio
1873 557 2133 594 sententiarum
2187 558 2293 594 ‘Illud
2322 562 2388 595 aut

1293 599 1411 642 ‘illud‚
1443 603 1565 635 utrum
1596 599 1740 645 elegerit
1770 599 1996 644 legatarius’:
2029 602 2129 638 nullo
2161 613 2184 638 a
2212 604 2386 650 legatario

1292 645 1407 681 electo
1439 645 1634 680 decedente
1665 655 1709 681 eo
1764 649 1822 681 ost
1854 645 1947 682 diem
1982 646 2091 692 legati
2125 648 2309 685 cedentem
2338 649 2387 686 ad

1293 690 1461 726 heredem
1483 690 1680 726 transmitti
1702 656 1851 736 pfficuit.

1337 733 1391 774 20
1416 735 1550 771 LABEO
1582 736 1674 772 libro
1705 736 1862 772 secundo
1886 737 2135 783 posteriorum
2166 749 2190 774 a
2213 738 2385 776 Iauoleno

1291 781 1568 827 epitomatorum
1614 780 1724 834 Apud
1746 780 1930 817 Aufidium
1961 781 2054 818 libro
2085 783 2199 828 primo
2231 785 2385 831 rescrip-

1288 827 1390 862 tum⁷
1422 830 1491 870 est,
1531 837 1614 862 cum
1646 829 1699 861 ita
1732 826 1888 872 legatum
1923 831 1996 863 est:
2037 828 2259 864 ‘vestimenta
2294 841 2386 883 quae

1291 871 1397 908 ‘volet
1419 871 1620 907 triclinaria
1643 871 1774 907 sumito
1798 872 1938 918 sibique
1956 873 2111 916 habeto’,
2136 874 2168 910 si
2186 874 2218 910 is
2238 874 2386 912 dixisset

1290 927 1383 962 quae
1406 917 1530 960 vellet,
1564 917 1710 960 deinde,
1743 921 1936 963 antequam
1965 929 2009 954 ea
2037 923 2212 963 sumeret,
2246 920 2318 956 alia
2346 931 2386 957 se

1289 962 1380 998 velle
1404 963 1563 1005 dixisset,
1597 965 1737 998 mutare
1760 963 1981 999 voluntatem
2004 974 2086 999 eum
2108 974 2182 1000 non
2203 975 2320 1010 posse,
2345 970 2386 1002 ut

1290 1007 1361 1043 alia
1385 1012 1558 1051 sumeret,
1591 1008 1676 1053 quia
1704 1018 1807 1044 omne
1829 1008 1886 1044 ius
1909 1008 2017 1054 legati
2039 1009 2158 1061 prima
2180 1011 2383 1054 testatione,

1289 1063 1361 1098 qua
1393 1064 1534 1089 sumere
1564 1064 1604 1089 se
1635 1053 1801 1096 dixisset,
1842 1058 2082 1100 consumps1t,
2122 1055 2291 1100 quoniam
2326 1066 2384 1093 res

1291 1099 1462 1134 continuo
1487 1099 1564 1135 eius
1587 1098 1640 1142 fit,
1665 1098 1771 1135 simul
1794 1109 1838 1134 ac
1862 1099 1917 1135 si⁸
1940 1099 2071 1135 dixerit
2093 1110 2173 1136 eam
2197 1111 2349 1137 sumere.

1336 1142 1385 1181 21
1422 1144 1627 1180 SCAEVOLA
1659 1144 1751 1180 libro
1782 1145 1949 1181 vicesimo
1981 1146 2140 1182 secundo
2164 1146 2204 1182 di
2228 1151 2385 1182 estorum

1289 1189 1422 1225 Filium
1445 1193 1481 1225 et
1504 1199 1653 1225 uxorem
1675 1189 1827 1226 heredes
1848 1190 1919 1226 scri
1945 1190 2002 1234 sit,
2026 1189 2137 1226 filiam
2157 1202 2177 1227 0
2228 1191 2386 1228 eredavit

1289 1238 1325 1270 et
1348 1235 1382 1271 ei
1404 1235 1561 1280 legatum
1585 1234 1699 1277 dedit,
1734 1246 1816 1271 011111
1845 1235 1884 1271 111
1931 1235 2051 1271 amilia
2080 1237 2234 1273 nuberet
2243 1237 2268 1281 ⁹,
2301 1247 2384 1273 cen-

1287 1284 1365 1316 tum
1388 1284 1435 1323 et,
1461 1292 1544 1316 cum
1565 1280 1604 1316 in
1627 1280 1764 1316 familia
1786 1281 1961 1326 nupserit,
1985 1281 2042 1318 his
2065 1282 2202 1318 verbis:
2229 1282 2386 1328 ‘insuper

1288 1326 1480 1362 ‘arbitratu
1510 1325 1742 1378 Semproniae
1775 1327 1901 1379 matris
1933 1327 2009 1363 eius
2038 1327 2219 1381 mancipia
2250 1327 2384 1371 decem,

1290 1371 1911 1462 ἶὲἓέξριὲἓῖξθῖἷὲῗὲοὲἓέῗὲἒῗ
1928 1372 2183 1454 γξῗέῗὼῒῗῖξὲᾙ
2192 1383 2386 1464 diffie?

1289 1463 1383 1498 ‘cum
1406 1462 1445 1497 in
1466 1462 1680 1497 familiam¹⁰
1711 1462 1894 1508 nupserit,
1927 1462 2006 1498 dari
2029 1474 2073 1499 vo
2089 1474 2121 1499 0.
2169 1467 2207 1499 01
2229 1464 2260 1500 si
2282 1468 2383 1501 ante-

1287 1510 1407 1552 ‘quam
1435 1507 1649 1553 nupserit¹¹,
1692 1507 1838 1553 aliquod
1875 1518 1920 1544 ex
1956 1509 2144 1554 mancipiis
2179 1509 2383 1553 decesserit,

1287 1555 1386 1617 :tunc
1408 1553 1590 1633 11111οξ0111
1613 1553 1893 1634 eiusdarbitratlu
1909 1553 2142 1599 Semproniae
2160 1555 2286 1591 matris
2307 1555 2384 1609 eius

1287 1598 1700 1689 ‘gsssshvssfsgnsspussnss
1736 1608 1862 1696 2³39?
1878 1608 1967 1680 2¹35?
1989 1604 2383 1690 issffefflzeffiffveffit

1287 1689 1379 1735 ‘ipsa
1414 1688 1484 1725 sibi
1519 1699 1613 1734 quae
1646 1689 1742 1725 volet
1776 1689 1907 1734 ehgat'.
1963 1690 2165 1735 quaesitum
2194 1694 2265 1733 est,
2301 1702 2383 1727 cum

1285 1738 1400 1770 mater
1428 1735 1483 1770 ele
1506 1734 1590 1777 erit,
1626 1744 1674 1770 an
1703 1744 1762 1777 ea,
1822 1745 1892 1771 uae
1923 1745 1967 1770 ex
1995 1735 2052 1772 his
2081 1736 2270 1781 mancipiis
2299 1741 2384 1773 ante

1285 1780 1431 1826 nuptias
1462 1791 1484 1815 a
1509 1784 1619 1825 gnata
1649 1783 1749 1822 sunt,
1786 1789 1808 1815 a
1865 1780 2023 1825 puellam
2053 1791 2097 1817 su
2123 1791 2165 1816 ra
2195 1792 2383 1817 numerum

1286 1825 1411 1879 decem
1427 1825 1689 1877 mancipiorum
1706 1825 1922 1870 pertineant.
1957 1836 2090 1878 respon
2117 1827 2153 1869 't,
2180 1837 2262 1862 cum
2280 1837 2382 1863 man-

1284 1871 2075 1967 ?ffissrffliffitffissffludssuffiffl
2084 1875 2364 1953 Jfiixffffiunnmt
2335 1893 2382 1953 ai

1284 1961 1394 1996 filiam
1428 1972 1502 1997 non
1532 1961 1723 2006 pertinere.
1776 1971 1872 1996 10111
1908 1961 2078 2007 quaesiit,
2114 1966 2200 1998 ante
2235 1974 2286 1998 nu
2311 1963 2388 1999 tias.

1285 2006 1480 2043 eorundem
1502 2006 1765 2051 mancipiorum
1788 2006 1930 2043 fructus
1960 2010 1996 2043 et
2025 2018 2112 2044 usus
2140 2018 2188 2043 an
2211 2008 2258 2043 ad
2307 2019 2380 2044 em-

1283 2052 1448 2097 proniam
1482 2055 1634 2087 matrem
1670 2052 1884 2096 pertineant.
1948 2052 2136 2098 respondit
2169 2052 2258 2089 nihil
2292 2064 2379 2099 pro-

1283 2097 1380 2142 poni,
1407 2108 1472 2133 cur
1494 2097 1542 2132 ad
1565 2100 1714 2133 matrem
1738 2108 1805 2142 pro
1830 2097 1946 2134 solido
1968 2098 2184 2144 pertineant.

1331 2141 1385 2180 22
1409 2142 1615 2179 SCAE'VOLA
1631 2143 1658 2164 ¹³
1687 2142 1779 2178 libro
1809 2153 1848 2177 se
1876 2144 1961 2178 timo
1991 2144 2127 2180 decimo
2158 2143 2380 2190 diqestorum

1282 2188 1438 2224 Maritus
1462 2187 1568 2224 uxori
1591 2198 1679 2224 suae
1703 2187 1816 2224 codic·
1858 2199 1876 2224 s
1924 2199 1965 2224 er
1982 2188 2298 2225 fideicommissum
2318 2189 2379 2226 de-

1284 2234 1336 2269 dit
1353 2233 1514 2279 praedia,
1533 2233 1619 2269 item
1638 2234 1762 2269 lances
1780 2244 1869 2278 quas
1889 2243 1910 2269 e
1924 2234 2036 2279 egerit
2056 2238 2245 2280 quattuor:
2270 2245 2380 2280 quae-

1284 2279 1392 2315 situm
1417 2283 1488 2322 est,
1520 2289 1568 2314 an
1591 2289 1637 2315 ex
1659 2279 1716 2315 his
1740 2278 1923 2322 lancibus,
1955 2289 2047 2324 quae
2070 2279 2196 2316 mortis
2220 2283 2381 2326 tempore

1284 2325 1367 2368 sint,
1392 2324 1524 2370 eligere
1545 2324 1673 2370 possit.
1720 2324 1908 2370 respondit
1928 2335 2048 2370 posse.

1778 2461 1882 2501 V1¹⁴.

1389 2530 1451 2562 DE
1477 2527 1659 2562 TRITICO
1683 2528 1794 2561 VINO
1818 2527 1911 2561 VEL
1936 2527 2056 2561 OLEO
2080 2528 2273 2562 LEGATO.

1332 2598 1351 2633 1
1386 2594 1582 2632 Uzmzvzm
1601 2595 1693 2631 libro
1717 2595 1883 2630 vicesimo
1907 2594 1958 2630 ad
1979 2592 2156 2631 Sabinum
2201 2595 2295 2632 Vino
2326 2597 2377 2632 le-

1281 2645 1365 2687 gato
1390 2644 1533 2676 acetum
1556 2649 1699 2686 quoque
1723 2639 1944 2683 continetur,
1978 2639 2075 2686 quod
2096 2643 2201 2686 pater
2222 2640 2377 2678 familias

1282 2686 1355 2723 vini
1377 2696 1526 2722 numero
1549 2686 1688 2722 habuit.

1327 2730 1353 2770 2
1377 2732 1609 2768 POMPONIUS
1636 2731 1728 2767 libro
1758 2734 1864 2766 sexto
1895 2729 1947 2765 ad
1967 2729 2144 2767 Sabinum
2195 2730 2285 2767 Cum
2316 2731 2378 2768 alii

1280 2788 1423 2823 penum,
1449 2777 1510 2812 alii
1532 2777 1653 2812 vinum
1675 2776 1831 2820 legatum
1855 2779 1962 2818 esset,
1993 2779 2143 2821 excepto
2167 2776 2249 2812 vino
2274 2787 2378 2813 omne

1286 2827 1299 2858 1
1348 2833 1481 2868 penum
1505 2822 1552 2857 ad
1569 2822 1679 2857 alium
1698 2820 1910 2866 legatarium
1930 2821 2133 2866 pertinebit.
2175 2821 2214 2857 Si
2233 2826 2376 2858 centum

1250 2886 1252 2888 ·
1282 2868 1476 2914 amphorae
1500 2877 1591 2913 quas
1614 2867 1721 2902 velles
1744 2866 1811 2902 tibi
1833 2866 1973 2911 legatae
1991 2866 2074 2909 sint,
2100 2877 2144 2902 ex
2160 2870 2374 2903 testamento

1282 2913 1419 2958 agendo
1445 2912 1614 2957 consequi
1637 2915 1752 2957 potes,
1777 2914 1819 2946 ut
1842 2911 2032 2956 degustare
2054 2911 2119 2948 tibi
2141 2912 2267 2948 liceat:
2301 2916 2374 2956 aut,

1305 2958 1406 2994 uanti
1428 2957 1632 2993 interfuerit
1660 2957 1769 2992 licere
1796 2956 1864 2992 tibi
1895 2956 2102 3002 degustare,
2134 2957 2182 2993 ad
2205 2958 2375 2994 exhiben-

1282 2970 1368 3039 3um
1390 3012 1496 3048 agere
1518 3006 1634 3048 potes.

1328 3046 1352 3086 3
1385 3047 1581 3084 ULPJANUS
1601 3047 1693 3083 libro
1717 3048 1882 3084 vicesimo
1907 3048 2012 3083 tertio
2036 3047 2087 3083 ad
2107 3047 2282 3084 Sabinum
2338 3047 2375 3083 Si

1282 3094 1341 3129 cui
1371 3093 1492 3128 vinum
1523 3093 1571 3128 sit
1605 3093 1763 3137 legatum
1799 3096 1942 3129 centum
1977 3093 2249 3138 amphorarum,
2293 3103 2374 3128 cum

1281 3138 1419 3174 nullum
1441 3138 1562 3173 vinum
1585 3138 1802 3183 reliquisset,
1832 3139 1954 3174 vinum
1981 3138 2149 3174 heredem
2172 3141 2373 3189 empturum

1282 3188 1318 3221 et
1334 3186 1611 3230 praestaturum,
1636 3194 1709 3219 non
1731 3187 1884 3227 acetum,
1909 3183 2006 3229 quod
2027 3183 2099 3219 vini
2121 3193 2268 3218 numero
2292 3182 2371 3235 fuit.

1285 3233 1299 3264 1
1351 3229 1389 3264 Si
1417 3229 1539 3264 vinum
1565 3228 1723 3273 legatum
1751 3229 1815 3272 sit,
1851 3229 2048 3271 videamus,
2088 3239 2135 3263 an
2168 3237 2372 3279 0110118818

1282 3275 1467 3311 debeatur.
1515 3277 1553 3309 et
1576 3273 1701 3310 Celsus
1729 3274 1845 3320 inquit
1866 3274 1948 3310 vino
1972 3274 2107 3319 legato,
2141 3273 2373 3324 0118108111011

1282 3320 1330 3356 sit
1358 3320 1515 3364 legatum
1547 3329 1629 3355 cum
1657 3319 1772 3362 vasis,
1809 3330 1897 3356 vasa
1931 3329 2074 3365 quoque
2104 3318 2138 3353 le
2161 3321 2222 3352 ata
2251 3317 2371 3359 Viden,

1282 3376 1356 3401 non
1378 3364 1463 3410 quia
1484 3375 1570 3409 pars
1594 3368 1680 3400 sunt
1701 3364 1775 3400 vini
1797 3375 1895 3408 vasa,
1920 3363 2128 3410 quemadmo
2154 3373 2215 3398 um
2239 3361 2371 3414 emble-

1281 3414 1379 3446 mata
1403 3410 1540 3455 argenti
1563 3410 1794 3456 (scyphorum
1816 3409 1910 3446 forte
1932 3409 1988 3445 vel
2011 3408 2172 3454 speculi),
2200 3406 2264 3443 sed
2286 3416 2372 3459 quia¹

1283 3455 1452 3491 credibile
1484 3458 1539 3491 est
1561 3460 1714 3491 mentem
1737 3456 1903 3491 testantis
1927 3465 2005 3491 eam
2029 3463 2125 3505 esse,
2156 3455 2202 3504 ut·
2220 3452 2372 3503 voluerit

1283 3500 1482 3536 accessioni
1506 3510 1586 3536 esse
1607 3500 1688 3536 vino
1714 3501 1926 3546 amphoras:
1958 3503 1995 3535 et
2017 3508 2081 3541 810,
2104 3500 2230 3542 mqu1t,
2254 3497 2370 3542 loqui-

1280 3617 1335 3650 (11)
1359 3612 1433 3645 dari
1454 3613 1530 3646 volo
1602 3615 1756 3657 nupserit
1779 3614 1816 3654 S,
1842 3626 1900 3646 om.
1914 3613 1949 3646 F
2107 3613 2168 3654 (12)
2191 3611 2286 3644 aliud
2307 3612 2368 3645 inc.

1280 3659 1337 3699 (13)
1363 3657 1452 3691 idem
1465 3658 1517 3692 F2

1326 3703 1384 3743 (14)
1410 3703 1492 3738 Sab.
1506 3712 1583 3739 1...5.
1604 3713 1630 3739 “1-
1652 3712 1681 3740 9.
1700 3711 1816 3742 11...14;
1841 3704 1905 3736 Ed.
1922 3710 1948 3737 0.
1969 3710 2011 3736 15.
2030 3709 2084 3742 1⁶3
2113 3702 2197 3746 Pap.
2213 3709 2242 3736 s.
2261 3708 2306 3736 10.
2325 3719 2368 3730 --

1279 3748 1364 3782 Bas.
1379 3750 1436 3792 44,
1449 3757 1466 3784 9

2027 3803 2091 3837 59*
