2528 3918
187 108 323 154 X111

186 231 389 273 numeravi,
422 231 488 265 sub
519 230 730 275 impossibili
762 230 971 267 condicione
993 233 1039 268 sti
1065 232 1158 267 uler:
1192 242 1274 267 cum

187 280 206 312 '1
254 277 346 313 enim
370 276 467 311 nulla
490 275 537 310 sit
560 275 760 320 stipulatio,
783 277 942 312 manebit
966 289 1033 313 con
1062 277 1155 312 ‘ctio.
1203 276 1275 312 Sed

186 327 224 358 et
242 323 273 358 si
294 322 325 357 ei
346 330 588 362 numeravere,
613 321 671 356 cui
690 326 818 366 postea
837 322 941 357 bonis
960 322 1187 358 interdictum
1207 326 1273 364 est,

185 378 270 403 mox
293 367 338 401 ab
364 377 405 402 eo
431 365 591 411 stipuler,
615 370 703 411 puto
726 367 863 412 pupillo
889 378 968 402 eum
993 366 1272 418 conparandum,

187 416 206 446 8
254 411 421 457 quoniam
446 415 482 446 et
505 411 709 456 stipulando
734 411 802 446 sibi
826 412 991 457 adquirit.
1041 412 1078 447 Sl
1110 422 1273 447 nummos

185 467 282 492 meos
316 461 378 492 tuo
414 456 555 491 nomine
591 455 719 492 dedero
750 457 846 492 velut
879 462 961 492 tuos
993 457 1141 492 absente
1171 462 1207 492 te
1239 462 1274 491 et

185 503 390 547 ignorante,
423 501 544 537 Aristo
577 501 703 537 scribit
736 502 876 547 adquiri
906 503 971 536 tibi
995 502 1270 537 condictionem:

185 547 343 582 lulianus
379 557 521 591 quoque
555 546 599 582 de
634 547 703 582 hoc
735 547 974 591 interrogatus
1007 547 1098 582 libro
1135 546 1271 582 decimo

184 592 310 627 scribit
331 602 451 627 veram
476 602 554 627 esse
577 592 755 627 Aristonis
779 592 989 627 sententiam
1013 602 1079 627 nec
1103 591 1271 634 dubitari,

209 637 288 678 uin,
321 638 352 672 si
383 647 499 672 meam
530 637 719 690 pecuniam
750 642 813 672 tuo
838 637 979 672 nomine
1002 637 1186 672 voluntate
1208 642 1273 672 tua

183 649 327 724 aedem,
350 682 416 717 tibi
439 682 658 728 adquiritur¹
685 683 755 718 obli
780 683 864 723 atio,
891 693 972 716 cum
993 682 1138 717 cottidie
1157 682 1271 717 credi-

182 728 253 762 turi
277 727 464 772 pecuniam
488 732 646 763 mutuam
671 728 716 762 ab
780 728 810 762 'o
835 737 1044 772 poscamus,
1076 732 1118 762 ut
1148 731 1270 763 nostro

183 772 324 807 nomine
359 772 513 809 creditor
546 773 730 807 numeret²
772 772 893 807 futuro
938 772 1089 807 debitori
1135 777 1269 808 nostro.

183 821 203 852 9
250 818 304 853 De
331 818 410 853 osui
433 818 530 863 apud
552 823 589 853 te
612 818 752 859 decem,
785 822 911 862 postea
942 818 1086 862 permisi
1109 817 1174 852 tibi
1198 818 1269 852 uti:

181 862 300 898 Nerva
342 863 487 899 roculus
507 864 613 898 etiam
634 867 824 907 antequam
844 867 1062 904 moveantur,
1084 862 1272 898 condicere

182 908 284 953 quasi
308 912 432 943 mutua
454 908 519 943 tibi
542 909 630 943 haec
653 908 783 952 posse³
805 908 917 950 aiunt,
943 913 978 943 et
1002 912 1056 943 est
1074 918 1206 950 verum,
1231 913 1272 943 ut

182 958 218 989 et
248 953 421 988 Marcello
453 954 611 989 videtur:
648 954 764 988 animo
801 954 892 988 enim
929 953 1048 998 coepit
1076 953 1270 998 possidere.

182 1009 264 1044 ergo
288 999 418 1034 transit
440 999 636 1044 periculum
660 998 706 1033 ad
729 1008 827 1040 eum,
860 998 921 1043 qui
951 1003 1113 1034 mutuam
1135 998 1272 1043 rogavit

181 1049 219 1079 et
290 1044 373 1079 terit
396 1045 427 1079 ei
452 1044 602 1079 condici.

255 1088 280 1126 0
304 1088 412 1124 loen
438 1090 528 1125 libro
560 1088 717 1124 secundo
749 1090 799 1123 ad
829 1089 983 1124 edictum
1029 1089 1132 1133 Quod
1162 1090 1193 1124 si
1223 1089 1269 1124 ab

179 1134 300 1175 initio,
333 1145 413 1169 cum
446 1135 676 1179 deponerem,
709 1133 763 1168 uti
794 1134 859 1168 tibi
890 1134 921 1169 si
943 1134 1040 1170 voles
1063 1135 1268 1179 permisero,

181 1179 352 1215 creditam
376 1190 449 1214 non
473 1190 550 1215 esse
574 1184 765 1224 antequam
788 1184 887 1214 mota
910 1179 975 1222 sit,
1007 1180 1176 1224 quoniam
1208 1179 1268 1215 de-

179 1225 258 1260 bitu
282 1225 326 1259 iri
350 1236 423 1260 non
446 1229 501 1259 est
525 1230 670 1260 certum.

229 1269 275 1307 11
304 1270 412 1305 low
438 1270 528 1305 libro
562 1270 751 1305 vicensimo
783 1274 889 1304 sexto
921 1270 972 1305 ad
993 1270 1148 1306 edictum
1194 1269 1268 1305 Ro-

179 1316 271 1360 gasti
294 1325 369 1357 me,
400 1319 441 1349 ut
463 1315 527 1350 tibi
550 1315 738 1360 pecuniam
763 1314 959 1350 crederem:
994 1325 1057 1360 ego
1090 1326 1172 1351 cum
1195 1326 1268 1350 non

178 1361 365 1401 haberem,
389 1360 527 1395 lancem
551 1361 616 1395 tibi
640 1360 721 1394 dedi
744 1360 798 1395 vel
823 1370 979 1395 massam
1002 1361 1100 1403 auri,
1125 1365 1167 1396 ut
1190 1371 1269 1396 eam

178 1405 348 1441 venderes
372 1410 408 1440 et
430 1406 582 1440 nummis
600 1406 761 1441 utereris.
798 1405 828 1440 si
847 1405 1057 1447 vendideris,
1108 1411 1170 1441 uto
1189 1417 1268 1441 mu-

178 1457 275 1486 tuam
299 1450 485 1495 pecuniam
508 1451 654 1486 factam.
701 1450 797 1496 quod
820 1450 850 1486 si
873 1451 1013 1486 lancem
1035 1461 1077 1486 ve
1114 1461 1269 1486 massam

178 1497 255 1531 sine
274 1501 338 1530 tua
357 1496 463 1547 culpa
481 1496 677 1540 perdideris
696 1497 796 1541 prius
815 1506 923 1541 quam
941 1496 1125 1539 venderes,
1148 1501 1269 1531 utrum

178 1542 264 1575 mihi
288 1551 334 1576 an
366 1541 431 1575 tib1
461 1541 625 1586 perierit,
660 1541 878 1586 quaestionis
911 1545 975 1576 est.
1012 1542 1098 1577 mihi
1129 1542 1269 1577 videtur

177 1586 317 1621 Nervae
340 1585 519 1622 distinctio
551 1587 735 1622 verissima
767 1586 1001 1622 existimantis
1031 1587 1182 1622 multum
1212 1587 1267 1622 in-

176 1636 321 1674 teresse,
346 1631 505 1666 venalem
529 1632 639 1667 habui
662 1632 756 1667 hanc
780 1632 919 1667 lancem
941 1633 998 1668 vel
1021 1643 1176 1667 massam
1200 1643 1267 1668 nec

177 1687 240 1718 ne,
264 1681 322 1718 ut,
347 1676 377 1711 si
400 1677 559 1712 venalem
582 1677 711 1719 habui,
736 1677 822 1712 mihi
845 1678 1008 1722 perierit,
1041 1678 1266 1723 quemadmo-

177 1722 262 1756 dum
286 1722 316 1757 si
340 1721 400 1756 alii
433 1722 608 1758 dedissem
639 1722 881 1758 vendendam:
944 1722 1015 1758 uod
1050 1723 1080 1758 si
1111 1733 1185 1759 non
1213 1723 1268 1758 fui

175 1778 240 1812 pro
268 1767 384 1803 osito⁴
415 1767 485 1803 hoc
515 1772 557 1803 ut
589 1768 796 1811 venderem,
831 1767 893 1803 sed
954 1778 1018 1803 aec
1055 1779 1164 1803 causa
1198 1768 1268 1803 fuit

175 1823 242 1848 ven
270 1812 361 1855 endi,
385 1816 427 1847 ut
449 1817 491 1847 tu
514 1814 675 1855 utereris,
699 1813 765 1849 tibi
789 1824 868 1849 eam
886 1814 1034 1858 perisse,
1061 1818 1097 1849 et
1114 1814 1267 1849 maxime

179 1862 193 1892 1
244 1858 274 1892 si
306 1857 382 1893 sine
414 1859 533 1893 usuris
558 1859 702 1894 credidi.
752 1858 789 1894 Si
812 1858 878 1894 tibi
901 1859 1030 1894 dedero
1056 1859 1180 1894 decem
1202 1858 1266 1902 sic,

175 1907 216 1938 ut
238 1913 363 1938 novem
383 1902 526 1946 debeas,
551 1903 726 1940 Proculus
748 1904 809 1946 ait,
835 1908 871 1939 et
887 1909 997 1947 recte,
1021 1915 1095 1939 non
1115 1904 1266 1949 amplius

175 1953 211 1983 te
234 1949 312 1993 ipso
336 1948 414 1983 iure
437 1948 566 1984 debere
590 1960 696 1994 quam
720 1960 857 1985 novem.
893 1950 981 1985 sed⁵
1004 1950 1035 1985 si
1059 1950 1202 1993 dedero,
1225 1953 1267 1985 ut

174 1993 339 2028 undecim
364 1993 513 2037 debeas,
544 1999 649 2039 putat
671 1995 847 2031 Proculus
879 1996 1033 2040 amplius
1064 2006 1171 2040 quam
1203 1995 1265 2031 de-

176 2042 196 2075 ‘2
244 2049 319 2074 cem
344 2039 483 2074 condici
506 2050 578 2075 non
601 2050 719 2085 posse.
769 2040 806 2075 Si
828 2040 997 2085 fugitivus
1018 2051 1141 2075 servus
1161 2051 1265 2076 num-

174 2094 251 2119 mos
275 2084 339 2119 tibi
365 2085 565 2126 crediderit,
590 2095 637 2120 an
662 2086 850 2122 condicere
868 2085 934 2120 tibi
955 2085 1119 2121 dominus
1139 2086 1264 2130 possit,

175 2130 367 2174 quaeritur.
407 2134 442 2165 et
466 2130 607 2175 quidem
631 2131 662 2166 si
693 2141 815 2166 servus
846 2141 966 2173 meus,
999 2131 1057 2166 cui
1094 2141 1266 2167 concessa

175 2179 229 2210 est
251 2175 381 2220 peculii
405 2175 674 2218 administratio,
700 2176 891 2211 crediderit
913 2176 997 2218 tibi,
1031 2176 1099 2211 erit
1122 2181 1263 2212 mutua:

173 2219 341 2265 fugitivus
373 2225 492 2255 autem
524 2221 579 2256 vel
610 2222 702 2257 alius
734 2232 856 2257 servus
889 2226 1015 2257 contra.
1046 2222 1266 2257 voluntatem

174 2265 307 2300 domini
339 2265 515 2301 credendo
547 2277 620 2301 non
651 2266 740 2302 facit
770 2267 991 2312 accipientis.
1039 2267 1125 2312 quid
1157 2268 1265 2312 ergo?

173 2310 344 2345 vindicari
363 2312 496 2346 nummi
523 2316 686 2364 possunt,
716 2312 746 2348 si
766 2317 901 2354 extant,
922 2316 997 2355 aut,
1018 2312 1049 2347 si
1069 2312 1150 2347 dolo
1171 2313 1264 2348 malo

174 2356 338 2391 desinant
361 2357 554 2401 possiden,
579 2357 626 2392 ad
650 2358 888 2393 exhibendum
960 2358 988 2392 ἰ
1014 2357 1110 2402 quod
1133 2358 1164 2392 si
1188 2358 1265 2393 sine

174 2401 254 2436 dolo
279 2401 373 2436 malo
399 2412 547 2437 consum
575 2403 663 2445 sisti,
690 2403 901 2439 condicere⁶
922 2403 988 2438 t1bi
1011 2407 1148 2448 potero.

222 2444 272 2483 12
297 2446 527 2484 POMPONIUS
560 2449 638 2483 ibro
665 2452 770 2484 sexto
794 2459 845 2484 ex
867 2447 1038 2484 Plautio⁷
1085 2447 1124 2483 Si
1154 2459 1177 2484 a
1205 2448 1263 2484 fu-

173 2492 287 2533 rioso,
313 2502 393 2527 cum
418 2503 498 2528 eum
523 2498 724 2538 compotem
746 2494 875 2529 mentis
900 2503 978 2529 esse
1002 2498 1170 2539 putares,
1201 2504 1264 2539 pe-

174 2537 314 2571 cuniam
339 2538 442 2582 quasi
465 2542 626 2574 mutuam
650 2539 832 2585 acceperis
857 2549 970 2584 eaque
992 2539 1031 2574 in
1061 2549 1135 2574 rem
1165 2543 1265 2574 tuam

172 2592 275 2617 versa
304 2582 431 2625 fuerit,
464 2584 726 2619 condictionem
757 2584 894 2620 furioso
929 2584 1069 2629 adquiri
1104 2585 1264 2620 Iulianus

173 2627 242 2662 ait:
276 2638 357 2662 nam
390 2638 434 2663 ex
458 2629 587 2674 quibus
612 2630 730 2666 causis
753 2629 999 2675 ignorantibus
1023 2630 1126 2665 nobis
1151 2630 1263 2666 actio-

173 2683 236 2707 nes
273 2672 527 2725 adquiruntur,
573 2685 617 2710 ex
651 2675 764 2710 isdem
800 2675 907 2710 etiam
940 2674 1076 2710 furioso
1113 2675 1262 2720 adquiri.

172 2718 257 2752 item
275 2718 305 2752 si
325 2728 355 2753 is
375 2719 435 2763 qui
457 2730 557 2755 servo
580 2720 780 2756 crediderat
798 2720 918 2756 furere
937 2720 1115 2765 coeperit,
1136 2720 1264 2756 deinde

173 2773 294 2798 servus
318 2763 353 2797 in
377 2774 451 2799 rem
475 2764 607 2800 domini
629 2766 666 2801 id
689 2766 852 2808 verterit,
886 2765 1027 2801 condici
1049 2765 1177 2801 furiosi
1199 2777 1263 2801 no-

173 2808 267 2842 mine
316 2818 404 2843 osse.
443 2814 479 2845 et
502 2811 532 2845 si
557 2811 708 2846 alienam
730 2811 921 2856 pecuniam
954 2810 1123 2846 credendi
1153 2821 1265 2846 causa

173 2853 252 2898 quis
300 2853 420 2896 ederit,
446 2855 573 2891 deinde
597 2856 717 2892 furere
741 2856 899 2901 coeperit
922 2860 958 2891 et
982 2861 1195 2901 consumpta
1218 2856 1265 2892 sit

172 2908 217 2934 ea
266 2899 404 2940 ecunia,
431 2900 691 2937 condictionem
714 2902 851 2938 furioso
876 2900 1027 2947 adquiri.

223 2941 242 2980 1
306 2942 500 2980 ULPJANUS
533 2947 623 2981 libro
658 2949 849 2983 vicensimo
882 2950 988 2982 sexto
1026 2946 1076 2982 ad
1109 2947 1263 2982 edictum

171 2988 266 3024 Nam
299 2993 335 3023 et
366 2989 395 3023 si
425 2988 485 3024 fur
515 3002 676 3027 nummos
707 2992 773 3028 tibi
805 2991 972 3028 credendi
1003 2992 1121 3027 animo
1153 2992 1261 3034 dedit,

173 3034 380 3079 accipientis
414 3045 486 3070 non
518 3036 625 3077 facit,
662 3037 724 3072 sed
761 3037 982 3082 consumptis
1019 3037 1068 3072 eis
1103 3037 1263 3072 nascitur

175 3082 190 3114 1
241 3078 429 3131 condictio.
478 3080 580 3116 Unde
592 3081 810 3127 Papinianus
831 3082 920 3118 libro
941 3086 1068 3118 octavo
1081 3083 1261 3127 quaestio-

173 3135 257 3160 num
280 3124 348 3159 ait:
381 3135 412 3159 sl
443 3125 578 3161 alienos
610 3138 772 3163 nummos
803 3128 867 3162 tibi
899 3131 1042 3162 mutuos
1067 3127 1166 3169 dedi,
1190 3138 1262 3163 non

172 3174 256 3205 ante
287 3169 371 3205 mihi
403 3171 552 3212 teneris,
586 3183 691 3215 quam
717 3184 776 3208 eos
802 3172 1076 3218 consumpseris.
1136 3172 1208 3208 uod
1231 3173 1262 3208 si

171 3225 236 3295 {fr
259 3219 381 3260 partes
405 3225 465 3250 eos
490 3218 763 3268 consumpseris,
789 3228 835 3252 an
859 3228 924 3263 per
947 3222 1067 3263 partes
1090 3218 1118 3252 ti
1143 3218 1155 3253 i
1176 3227 1261 3253 con-

198 3260 308 3302 ‘cam,
344 3260 502 3306 quaerit:
540 3266 574 3296 et
611 3267 661 3296 ait
697 3263 964 3304 condicturum,
994 3263 1025 3298 si
1059 3262 1261 3298 admonitus

172 3305 307 3341 alienos
331 3316 493 3341 nummos
516 3305 627 3342 fuisse
650 3307 728 3343 ideo
751 3319 814 3352 per
834 3313 972 3352 partem
992 3308 1154 3350 condico,
1180 3308 1264 3353 quia

172 3353 192 3386 2
239 3350 397 3386 nondum
427 3354 523 3387 totos
556 3362 702 3386 consum
730 3357 785 3387 tos
819 3363 1070 3398 compereram.
1119 3352 1157 3388 Si
1188 3363 1261 3388 ser-

170 3407 239 3432 vus
263 3396 459 3432 communis
484 3396 606 3432 decem
631 3407 690 3432 cre
716 3398 839 3439 iderit,
864 3403 972 3443 puto,
996 3398 1070 3434 sive
1093 3397 1261 3433 adminis-

170 3441 279 3477 tratio
303 3451 406 3477 servo
431 3451 605 3478 concessa
630 3447 702 3483 est,
728 3443 800 3477 sive
824 3454 894 3478 non
920 3447 956 3479 et
979 3443 1263 3479 consumantur·

171 3487 317 3530 nummi,
366 3487 489 3522 uinum
512 3491 713 3533 competere
737 3488 929 3523 actionem:
956 3498 1040 3523 nam
1059 3492 1094 3524 et
1113 3488 1144 3523 si
1165 3498 1261 3523 com-

171 3542 296 3568 munes
315 3532 344 3567 ti
368 3532 382 3567 i
399 3542 562 3568 nummos
581 3531 763 3568 credidero
786 3538 939 3575 centum,
959 3543 1066 3578 posse
1083 3543 1140 3568 me
1158 3533 1261 3579 quin-

602 3646 645 3689 (2)
670 3649 823 3678 numeret
836 3646 865 3679 S
876 3648 981 3686 (meus
993 3651 1146 3680 numeret
1158 3650 1192 3680 et
1205 3647 1259 3689 P),

663 3692 705 3731 (4)
730 3690 797 3723 fuit
809 3692 1023 3733 propositum
1037 3691 1090 3724 F²
1158 3693 1203 3733 (5)
1228 3696 1263 3724 et

808 3738 851 3780 (7)
877 3738 918 3783 cs
934 3736 1133 3782 Pomponius
1144 3737 1191 3771 D.
1205 3739 1261 3779 44,

170 3647 213 3689 (ι)
238 3646 437 3688 adquiratur
448 3646 480 3681 S

170 3702 264 3725 meus
278 3696 312 3724 et
325 3692 358 3724 F
411 3694 454 3734 (8)
478 3702 531 3725 me
544 3692 604 3725 ins.

173 3740 232 3774 im.
244 3735 329 3772 F’S
441 3738 487 3782 (ο)
512 3736 647 3771 cundici
658 3735 703 3771 F·

1269 105 1348 155 150

2370 0 2429 24 's

2365 22 2369 27 >
2387 23 2396 41 ,⁴
2427 21 2470 38 -·,.,

2196 126 2258 158 nn
2284 117 2427 161 nasus
2487 110 2503 180 ’ζ

1343 232 1512 277 quaginta
1543 233 1732 270 condicere
1762 234 1853 270 libro
1887 239 2014 271 octavo
2050 236 2298 280 quaestionum
2320 236 2426 282 Papi-

1342 277 1471 356 }nanus
1514 278 1657 322 scribit,
1700 278 1838 315 etiamsi
1872 279 2010 325 singula
2045 290 2196 325 corpora
2229 282 2428 317 communia

1360 327 1486 357 uermt.

1392 365 1443 404 14
1467 367 1575 403 IDEM
1588 368 1679 404 libro
1699 370 1890 405 vicensimo
1910 381 2006 405 nono
2019 370 2231 406 adediotum
2277 371 2317 406 Si
2334 371 2428 408 filius

1342 411 1494 447 familias
1530 418 1656 449 contra
1690 419 1836 450 senatus
1869 415 2071 450 consultum
2105 420 2289 451 mutuatus
2319 426 2427 460 pecu-

1342 457 1438 492 niam
1461 458 1624 501 solverit,
1657 460 1754 504 patri
1776 470 1939 495 nummos
1962 460 2157 495 vindicanti
2178 461 2276 496 nulla
2300 471 2427 507 excep-

1341 502 1392 537 tio
1425 503 1617 538 obicietur:
1649 504 1713 539 sed
1744 505 1775 539 si
1805 505 1938 540 fuerint
1969 505 2171 550 consumpti
2201 516 2224 540 a
2255 506 2429 541 creditore

1342 548 1486 590 nummi,
1511 548 1703 584 Marcellus
1727 550 1779 584 ait
1801 560 1943 585 cessare
1966 550 2237 592 condictionem,
2262 551 2429 596 quoniam

1341 592 1474 627 totiens
1499 593 1675 629 condictio
1700 594 1825 636 datur,
1850 595 2013 640 quotiens
2039 606 2082 630 ex
2105 606 2148 630 ea
2172 606 2283 631 causa
2305 606 2428 631 nume-

1341 638 1411 672 rati
1435 643 1538 680 sunt,
1571 648 1616 674 ex
1639 649 1710 684 qua
1733 640 1828 675 actio
1853 650 1931 675 esse
1955 641 2149 685 potuisset,
2181 641 2213 676 si
2236 641 2428 676 dominium

1342 682 1389 718 ad
1421 684 1499 719 acci
1524 683 1653 720 ientem
1681 685 1886 720 transisset:
1921 685 1958 720 in
1991 686 2174 731 proposito
2207 690 2326 721 autem
2356 697 2428 722 non

1342 733 1447 763 esset.
1521 729 1648 774 enique
1681 739 1746 781 per
1782 740 1939 765 errorem
1973 730 2081 766 soluti
2117 735 2242 766 contra
2283 736 2429 766 senatus

1342 773 1545 809 consultum
1569 774 1693 810 crediti
1715 775 1828 819 magis
1853 780 1907 810 est
1932 785 2073 811 cessare
2096 776 2352 821 repetitionem.

1390 817 1441 855 15
1466 818 1574 854 IDEM
1591 819 1682 855 libro
1707 821 1915 866 triyeusimo
1933 821 2056 866 primo
2079 821 2130 856 ad
2149 821 2305 857 edictum
2349 821 2428 856 Sin·

1339 863 1477 908 gularis
1507 864 1683 909 quaedam
1712 875 1794 900 rece
1820 866 1883 899 ta⁹
1906 870 1990 900 sunt
2013 866 2111 901 circa
2132 867 2319 911 pecuniam
2352 877 2428 902 cre-

1341 909 1462 943 ditam.
1499 920 1581 944 nam
1605 910 1635 945 si
1658 910 1725 944 tibi
1749 909 1793 945 de
1818 910 1945 945 itorem
1967 921 2085 946 meum
2104 911 2242 946 iussero
2262 911 2350 947 dare
2366 921 2428 956 pe-

1342 954 1494 995 cuniam,
1519 955 1686 1000 obligaris
1709 955 1816 997 mihi,
1850 956 2008 1000 quamvis
2040 966 2138 991 meos
2170 967 2333 992 nummos
2357 967 2429 992 non

1340 999 1534 1044 acceperis.
1571 1000 1668 1045 quod
1690 1000 1798 1045 igitur
1820 1000 1859 1035 in
1882 1001 2022 1036 duabus
2053 1002 2215 1046 personis
2246 1002 2429 1047 recipitur,

1339 1044 1409 1079 hoc
1430 1049 1467 1079 et
1483 1045 1521 1080 in
1541 1045 1665 1080 eadem
1687 1055 1843 1090 persona
1864 1046 1937 1081 reci
1963 1046 2105 1081 iendum
2121 1051 2186 1088 est,
2211 1052 2262 1089 ut,
2287 1058 2369 1082 cum
2386 1057 2430 1082 ex

1340 1099 1451 1124 causa
1479 1090 1640 1125 mandati
1669 1090 1859 1135 pecuniam
1931 1091 1938 1098 ‘
1969 1091 1975 1098 '
2002 1092 2132 1127 debeas
2157 1097 2193 1127 et
2215 1093 2428 1134 convenerit,

1339 1139 1381 1169 ut
1405 1134 1531 1170 crediti
1553 1136 1696 1171 nomine
1719 1145 1798 1170 eam
1828 1136 2002 1178 retineas,
2034 1136 2197 1172 videatur
2227 1138 2313 1172 mihi
2344 1137 2430 1173 data

1339 1180 1493 1225 pecunia
1517 1185 1554 1216 et
1576 1190 1678 1217 ame
1701 1180 1748 1215 ad
1770 1185 1806 1215 te
1829 1181 2003 1226 profecta.

1388 1223 1439 1262 16
1464 1224 1521 1260 ΡΑ
1529 1235 1624 1261 vsvs
1651 1226 1742 1261 libro
1774 1227 1983 1272 triqensimo
2013 1227 2170 1262 secundo
2204 1227 2254 1262 ad
2275 1228 2429 1264 edictum

1339 1270 1378 1305 Si
1400 1270 1519 1306 socius
1550 1271 1731 1323 propriam
1762 1271 1949 1316 pecuniam
1980 1276 2139 1306 mutuam
2170 1272 2284 1315 dedit,
2316 1274 2428 1308 omni-

1338 1316 1444 1351 modo
1469 1316 1640 1351 creditam
1661 1316 1851 1361 pecuniam
1873 1316 1979 1359 facit,
2011 1317 2096 1352 licet
2119 1317 2228 1353 ceteri
2252 1318 2427 1353 dissense-

1338 1361 1428 1396 rint:
1478 1361 1550 1396 uod
1573 1362 1604 1397 si
1628 1371 1850 1397 communem
1873 1362 2081 1404 numeravit,
2106 1373 2178 1398 non
2202 1363 2291 1399 alias
2315 1363 2427 1398 credi-

1338 1411 1412 1441 tam
1437 1372 1565 1449 effficit,
1589 1407 1659 1442 nisi
1682 1407 1793 1442 ceteri
1815 1417 1957 1454 quoque
1980 1408 2215 1450 consentiant,
2240 1408 2324 1454 quia
2343 1419 2429 1444 suae

1337 1451 1450 1497 partis
1474 1455 1615 1487 tantum
1639 1452 1889 1487 alienationem
1912 1452 2049 1488 habuit.

1387 1495 1437 1534 17
1469 1497 1761 1539 Uspunvslibro
1768 1498 1890 1543 primo
1903 1498 2186 1544 disputationum
2234 1499 2322 1533 Cum
2334 1499 2428 1534 filius

1336 1542 1490 1578 familias
1520 1542 1689 1578 viaticum
1721 1553 1824 1577 suum
1855 1547 2018 1578 mutuum
2049 1543 2206 1586 dederit,
2240 1554 2320 1579 cum
2351 1548 2427 1579 stu-

1339 1587 1476 1623 diorum
1501 1598 1614 1623 causa
1636 1587 1775 1623 Romae
1798 1593 1938 1632 ageret,
1962 1599 2019 1623 res
2046 1599 2173 1624 onsum
2197 1593 2252 1624 est
2275 1598 2297 1623 a
2321 1588 2427 1624 Scae·

1335 1633 1417 1668 vola
1440 1633 1723 1668 extraordinario
1747 1632 1879 1669 iudicio
1904 1643 1982 1668 csse
2007 1633 2014 1640 “
2046 1634 2052 1640 “
2079 1633 2371 1669 subveniendum.

1386 1675 1437 1716 18
1461 1678 1569 1713 IDEM
1595 1678 1686 1714 libro
1709 1689 1728 1713 s
1776 1679 1860 1713 timo
1885 1678 2169 1724 disputationum
2216 1678 2254 1714 Si
2278 1689 2341 1731 ego
2365 1689 2427 1725 pe-

1337 1724 1481 1759 cuniam
1503 1723 1570 1758 tibi
1593 1723 1696 1768 quasi
1752 1727 1925 1758 onaturus
1957 1723 2106 1765 dedero,
2142 1728 2183 1759 tu
2216 1734 2318 1769 quasi
2349 1736 2426 1759 mu-

1335 1772 1436 1804 tuam
1458 1769 1627 1814 accipias,
1651 1769 1811 1804 Iulianus
1835 1769 1960 1804 scribit
1982 1769 2210 1805 donationem
2233 1780 2305 1804 non
2329 1779 2425 1805 esse:

1336 1814 1401 1849 sed
1432 1824 1479 1849 an
1509 1818 1634 1849 mutua
1665 1814 1730 1856 sit,
1762 1813 1963 1849 videndum.
2002 1819 2037 1849 et
2066 1819 2153 1859 puto
2177 1825 2244 1850 nec
2267 1819 2426 1850 mutuam

1336 1869 1415 1895 esse
1438 1860 1621 1904 magisque
1644 1870 1806 1894 nummos
1825 1859 2032 1904 accipientis
2053 1870 2126 1895 non
2144 1859 2232 1902 fieri,
2257 1870 2338 1895 cum
2357 1860 2427 1895 alia

1335 1905 1502 1950 opinione
1525 1905 1717 1950 acceperit.
1754 1914 1866 1950 quare
1897 1905 1928 1939 si
1959 1915 2021 1940 eos
2053 1905 2316 1950 consumpserit
2344 1905 2428 1940 licet

1337 1949 1563 1986 condictione
1585 1954 1767 1991 teneatur,
1801 1954 1921 1986 tamen
1945 1949 2016 1985 doli
2039 1950 2248 2002 exceptione
2270 1951 2323 1985 uti
2359 1961 2424 1995 po-

1337 1997 1432 2039 terit,
1453 1995 1538 2041 quia
1568 1995 1764 2031 secundum
1794 1996 2012 2030 voluntatem
2046 1995 2163 2030 dantis
2187 1996 2321 2030 nummi
2343 2000 2428 2031 sunt

1339 2045 1353 2075 1
1404 2041 1617 2086 consumpti.
1665 2040 1704 2075 Si
1743 2051 1807 2085 ego
1841 2041 1943 2085 quasi
1974 2041 2155 2086 deponens
2187 2041 2252 2075 tibi
2283 2040 2425 2083 dedero,

1334 2089 1376 2121 tu
1399 2086 1503 2131 quasi
1526 2090 1687 2121 mutuam
1709 2086 1888 2131 accipias,
1920 2095 1988 2121 nec
2019 2085 2220 2131 depositum
2251 2095 2318 2121 nec
2349 2097 2426 2121 mu-

1334 2135 1436 2166 tuum
1461 2135 1534 2166 est:
1558 2131 1651 2166 idem
1673 2135 1730 2166 est
1753 2135 1790 2166 et
1811 2131 1842 2166 si
1864 2135 1905 2166 tu
1929 2131 2031 2176 quasi
2053 2135 2213 2166 mutuam
2236 2132 2426 2176 pecuniam

1335 2176 1495 2219 dederis,
1531 2186 1596 2221 ego
1633 2176 1736 2221 quasi
1772 2176 2033 2212 commodatam
2067 2176 2278 2211 ostendendi
2310 2177 2427 2221 gratia

1335 2222 1477 2267 accepi:
1502 2221 1566 2257 sed
1588 2222 1625 2256 in
1648 2225 1801 2266 utroque
1821 2232 1907 2256 casu
1926 2221 2146 2266 consumptis
2165 2222 2318 2256 nummis
2338 2232 2425 2257 con-

1335 2266 1482 2302 dictioni
1505 2267 1582 2302 sine
1604 2266 1677 2302 doli
1701 2266 1910 2311 exceptione
1932 2266 2034 2302 locus
2059 2266 2135 2301 erit.

1373 2310 1435 2350 ’19
1459 2312 1653 2347 IULIANUS
1673 2312 1765 2347 libro
1788 2312 1925 2348 decimo
1950 2311 2170 2358 diqestorum
2204 2311 2288 2347 Non
2308 2312 2423 2347 omnis

1333 2358 1533 2393 numeratio
1558 2367 1638 2392 eum
1661 2357 1722 2402 qui
1745 2357 1886 2401 accepit
1917 2356 2067 2408 obligat,
2100 2356 2163 2392 sed
2193 2357 2358 2402 quotiens
2387 2357 2424 2392 id

1333 2402 1452 2448 ipsum
1475 2403 1611 2447 agitur,
1642 2406 1685 2437 ut
1716 2401 1902 2437 confestim
1935 2402 2164 2447 obhgaretur.
2200 2412 2284 2436 nam
2316 2407 2352 2437 et
2381 2402 2424 2445 is,

1335 2447 1397 2493 qui
1418 2448 1545 2484 mortis
1569 2457 1680 2483 causa
1693 2449 1721 2469 ¹⁰
1743 2447 1932 2492 pecuniam
1957 2447 2087 2489 donat,
2118 2451 2284 2482 numerat
2313 2457 2424 2492 pecu-

1334 2493 1448 2535 niam,
1481 2493 1544 2528 sed
1566 2504 1640 2528 non
1663 2493 1767 2528 aliter
1790 2492 2001 2537 obligabit¹¹
2032 2492 2286 2538 accipientem,
2318 2502 2425 2545 quam

1333 2538 1365 2573 si
1388 2538 1582 2574 exstitisset
1605 2548 1723 2580 casus,
1747 2538 1785 2573 in
1833 2548 1915 2573 uem
1937 2538 2106 2583 obligatio
2131 2537 2263 2573 collata
2284 2537 2423 2580 fuisset,

1333 2583 1442 2619 veluti
1465 2583 1496 2619 si
1519 2583 1672 2619 donator
1703 2594 1792 2619 conv
1830 2583 1942 2619 uisset
1973 2587 2038 2618 aut
2068 2583 2099 2618 is
2133 2582 2194 2628 qui
2225 2582 2302 2618 acci
2328 2582 2425 2618 iebat

1358 2629 1430 2664 rior
1453 2629 1675 2665 decessisset.
1714 2633 1750 2665 et
1774 2639 1855 2664 cum
1877 2628 2031 2673 pecunia
2050 2627 2205 2670 daretur,
2229 2632 2270 2662 ut
2328 2627 2424 2673 'quid

1332 2640 1446 2716 fleret,
1467 2674 1635 2719 quamdiu
1653 2675 1691 2709 in
1702 2673 1871 2719 pendenti
1891 2678 1995 2716 esset,
2016 2683 2063 2708 an
2082 2672 2119 2707 id
2136 2672 2297 2708 futurum
2316 2677 2422 2714 esset,

1334 2719 1492 2754 cessabit
1522 2719 1709 2764 obligatio:
1743 2730 1824 2755 cum
1856 2729 1941 2754 vero
1974 2723 2111 2754 certum
2142 2727 2222 2753 esse
2247 2718 2425 2763 coepisset

1332 2764 1493 2799 futurum
1515 2764 1553 2799 id
1575 2775 1648 2800 non
1672 2774 1761 2806 esse,
1786 2764 2003 2810 obligabitur
2049 2764 2085 2798 ui
2109 2763 2325 2808 accepisset:
2349 2763 2421 2798 vel-

1332 2810 1385 2845 uti
1409 2809 1439 2845 si
1461 2809 1557 2845 Titio
1580 2810 1703 2846 decem
1726 2809 1870 2851 dedero,
1893 2813 1935 2855 ut
1953 2808 2027 2844 Stic
2054 2819 2114 2844 um
2135 2808 2231 2843 intra
2255 2807 2422 2843 calendas

1332 2855 1608 2897 manumitteret,
1628 2859 1714 2890 ante
1732 2854 1905 2890 kalendas
1925 2854 2059 2889 nullam
2078 2854 2256 2889 actionem
2268 2853 2421 2895 habebo,

1332 2904 1416 2946 post
1438 2900 1611 2936 kalendas
1633 2901 1685 2935 ita
1711 2900 1851 2935 demum
1920 2909 1980 2934 ere
2001 2903 2148 2945 potero,
2175 2899 2206 2934 si
2228 2898 2422 2933 manumis-

1335 2949 1349 2980 1
1400 2955 1461 2981 sus
1484 2956 1557 2981 non
1579 2944 1699 2980 fuerit.
1747 2944 1784 2980 Si
1815 2944 1899 2997 pup'
1929 2955 1971 2979 us
2002 2944 2080 2980 sine
2110 2943 2240 2979 tutoris
2263 2943 2420 2979 auctori-

1331 2994 1408 3026 tate
1432 2990 1622 3026 crediderit
1641 2994 1706 3025 aut
1725 2989 1884 3025 solvendi
1903 2999 2015 3025 causa
2036 2989 2184 3031 dederit,
2209 2992 2422 3033 consumpta

1332 3036 1486 3081 pecunia
1517 3035 1776 3071 condictionem
1807 3035 1918 3070 habet
1951 3035 2006 3070 vel
2038 3034 2210 3069 liberatur
2244 3044 2315 3069 non
2349 3033 2422 3068 alia

1331 3081 1490 3123 ratione,
1523 3091 1630 3126 quam
1661 3080 1757 3126 quod
1786 3079 1884 3115 facto
1917 3079 1993 3115 eius
2023 3079 2239 3124 intellegitur
2270 3078 2317 3114 ad
2340 3088 2421 3114 eum

1333 3126 1393 3171 qui
1417 3126 1595 3179 acceperit
1615 3125 1839 3179 pervenisse:
1873 3135 1943 3170 qua
1969 3128 2091 3170 ropter
2122 3124 2152 3160 si
2185 3123 2334 3159 eandem
2357 3133 2420 3168 pe-

1333 3171 1475 3207 cuniam
1496 3182 1539 3214 is,
1564 3182 1623 3216 qm
1646 3171 1683 3206 in
1708 3170 1882 3206 creditum
1904 3181 1926 3205 v
1982 3169 2020 3204 in
2043 3169 2199 3205 solutum
2219 3173 2419 3213 acceperat,

1332 3216 1393 3252 alii
1416 3226 1523 3261 porro
1547 3217 1583 3251 in
1608 3216 1782 3252 creditum
1805 3214 1861 3250 vel
1891 3215 1928 3250 in
1959 3214 2115 3250 solutum
2146 3213 2301 3255 dederit,
2333 3223 2419 3249 con-

1332 3265 1476 3306 sumpta
1510 3271 1553 3297 ea
1584 3266 1620 3297 et
1651 3261 1728 3307 ipse
1756 3271 1807 3306 pu
1831 3260 1890 3296 illo
1922 3259 2100 3304 obligatur
2129 3259 2183 3295 vel
2214 3269 2295 3311 eum
2325 3268 2348 3294 a
2380 3268 2420 3294 se

1331 3306 1496 3342 liberabit
1519 3310 1556 3342 et
1578 3316 1657 3342 eum
1682 3306 1740 3342 cui
1763 3305 1808 3341 de
1834 3305 1900 3341 erit
1922 3304 2116 3350 obligatum
2138 3304 2286 3340 habebit
2303 3303 2358 3339 vel
2380 3312 2420 3339 se

1332 3352 1377 3387 ab
1408 3362 1450 3387 eo
1481 3351 1657 3387 liberabit.
1693 3362 1776 3386 nam
1807 3350 1949 3386 omnino
1974 3350 2033 3394 qui
2057 3350 2208 3385 alienam
2231 3348 2419 3394 pecuniam

1332 3396 1498 3432 credendi
1529 3407 1641 3432 causa
1670 3397 1752 3439 dat,
1785 3399 1996 3448 consumpta
2027 3405 2070 3430 ea
2092 3395 2203 3430 habet
2225 3393 2419 3446 obligatum

1332 3452 1412 3477 eum
1443 3442 1504 3487 qui
1536 3442 1735 3487 acceperit:
1765 3441 1850 3477 item
1879 3450 1941 3486 qul
1954 3440 1982 3461 ¹⁸
2011 3439 2050 3475 in
2082 3439 2238 3476 solutum
2269 3438 2416 3481 dederit,

1330 3487 1541 3522 liberabitur
1563 3487 1609 3522 ab
1635 3497 1676 3523 eo
1701 3486 1763 3532 qui
1785 3495 1872 3521 acce
1898 3485 1976 3520 erit.
2318 3528 2326 3536 ·
2368 3527 2376 3536 ,
2406 3527 2414 3535 0

1378 3530 1432 3570 20
1456 3531 1563 3567 loru
1590 3531 1681 3568 libro
1712 3535 1837 3568 octavo
1906 3531 1999 3567 cimo
2022 3529 2243 3576 differtor-um
2289 3527 2329 3564 Si
2350 3527 2417 3563 ubi

1331 3653 1359 3686 7,
1372 3653 1409 3680 24
1545 3648 1590 3687 (8)
1614 3648 1888 3678 consummantur
1899 3644 1935 3677 F
2073 3644 2119 3685 (9)
2143 3646 2322 3686 praecepta
2333 3639 2417 3674 1⁵⁸8

1332 3692 1391 3744 (to)
1417 3701 1552 3724 oausam
1563 3691 1599 3724 F
1729 3692 1784 3733 (11)
1809 3688 2033 3732 obligavitF’·
2166 3689 2224 3730 (12)
2249 3687 2330 3720 item
2342 3685 2415 3729 quil

1331 3746 1403 3770 nvo
1414 3748 1479 3771 scr.
