2528 3918
105 117 333 152 cononem

10 210 20 227 3
802 206 803 211 η

13 225 70 277 ij]
89 228 314 271 Videamus,
346 237 394 263 an
425 229 461 263 et
492 235 674 262 servorum
705 223 762 260 cul
789 233 847 259 am
876 226 914 259 et
947 232 1192 270 quoscumque

105 273 280 310 induxerit
309 275 495 318 praestare
527 269 725 306 conductor

11 321 55 362 ,ζῇ
106 321 284 366 praestat,
315 321 436 353 utrum
465 320 507 352 ut
530 325 650 352 servos
673 324 790 350 noxae
815 314 921 350 dedat
944 324 991 350 an
1016 324 1099 350 vero
1124 324 1189 349 suo

105 364 245 406 nomine
281 362 470 398 teneatur?
517 364 553 396 et
586 360 756 396 adversus
792 370 854 395 eos
889 370 979 405 quos
1013 358 1193 395 induxerit

45 416 49 418 “
105 412 223 445 utrum
245 407 443 454 praestabit
464 409 604 442 tantum
628 406 788 441 actiones
819 415 867 440 an
898 405 1001 450 quasi
1031 405 1077 441 ob
1108 415 1191 450 pro-

781 269 912 305 ebeat?
947 274 983 305 et
1014 273 1190 314 quatenus

66 459 68 462 '
103 454 217 502 priam
241 453 381 498 culpam
404 452 607 488 tenebitur?
641 451 727 486 mihi
749 451 801 486 ita
823 450 960 496 placet,
985 454 1026 486 ut
1051 450 1192 495 culpam

49 509 51 513 ’
105 500 210 536 etiam
233 508 355 534 eorum
378 507 467 543 quos
490 496 631 532 induxit
653 499 812 542 praestet
834 506 900 531 suo
931 496 1092 539 nomine,
1127 494 1193 530 etsi

104 544 191 581 nihil
222 543 403 586 convenit,
439 542 470 578 si
499 546 620 578 tamen
652 542 710 577 cul
737 552 794 576 am
824 541 863 576 in
893 541 1104 577 inducendis
1128 540 1191 576 ad-

105 589 219 631 mittit,
244 588 341 634 quod
363 588 454 624 tales
476 587 643 623 habuerit
665 597 707 623 ve
744 597 828 622 suos
841 588 851 608 ¹
875 587 931 623 vel
954 586 1132 632 hospites:
1157 588 1194 621 et

105 636 157 671 ita
185 634 404 679 Pomponius
434 633 524 668 libro
556 632 776 678 sexagesimo
812 632 918 668 tertio
954 631 1002 667 ad
1038 631 1193 667 edictum

108 685 121 716 1
194 679 310 715 robat.
358 678 397 714 Si
426 678 496 714 hoc
525 678 563 713 in
593 678 770 714 locatione
802 677 967 713 convenit
991 678 1118 723 ‘ignem
1148 685 1194 712 ne

105 726 163 761 ‘ha
189 724 258 760 eto’
283 727 319 759 et
340 723 486 767 habuit,
510 723 689 760 tenebitur
712 723 818 759 etiam
841 723 871 758 si
893 723 1062 758 fortuitus
1087 732 1194 758 casus

104 769 243 807 admisit
271 769 492 812 incendium,
524 769 608 814 quia
639 779 712 805 non
744 768 865 804 debuit
895 768 1012 814 ignem
1042 768 1189 803 habere.

104 815 201 852 aliud
232 818 287 850 est
317 815 410 850 enim
439 814 554 860 ignem
583 815 809 850 innocentem
839 814 990 849 habere:
1023 812 1195 859 permittit

105 865 124 897 2
171 860 263 896 enim
285 860 427 903 habere,
452 859 516 895 sed
538 860 740 903 innoxium,
765 860 891 905 ignem.
940 860 1029 895 Item
1052 858 1193 904 prospi-

105 916 184 943 cere
207 905 313 941 debet
344 905 560 948 conductor,
592 916 638 941 ne
661 906 780 950 aliquo
803 905 860 941 vel
881 904 937 940 ius
961 905 1014 940 rei
1036 904 1091 940 vel
1114 914 1194 940 cor-

104 955 124 988 3
169 961 236 997 pus
261 950 416 987 deterius
439 951 552 986 faciat
573 951 629 986 vel
651 951 728 986 fieri
750 950 921 996 patiatur.
970 950 1038 995 Qui
1069 949 1190 985 vinum

104 996 148 1033 de
183 996 377 1042 Campania
410 997 729 1042 transportandum
772 995 1022 1038 conduxisset,
1067 994 1194 1031 deinde

103 1045 200 1078 mota
223 1052 245 1077 a
268 1042 424 1087 quodam
448 1042 691 1078 controversia
714 1041 892 1087 signatum
911 1051 977 1077 suo
996 1044 1031 1076 et
1048 1040 1193 1076 alterius

104 1088 216 1133 sigillo
241 1087 279 1122 in
302 1088 514 1132 apothecam
544 1087 782 1133 deposuisset,
816 1097 860 1122 ex
889 1086 1008 1123 locato
1041 1089 1193 1128 tenetur,

102 1137 143 1170 ut
164 1133 314 1168 locatori
333 1133 599 1185 possessionem
628 1133 702 1169 vini
733 1132 808 1168 sine
840 1132 1083 1168 controversia
1113 1131 1193 1167 red-

102 1182 123 1214 4
169 1178 274 1221 dat2,
305 1178 375 1214 msi
407 1179 515 1224 culpa
548 1178 746 1214 conductor
779 1181 927 1214 careret.
974 1177 1073 1213 Inter
1108 1187 1193 1213 con-

103 1224 286 1260 ductorem
310 1227 346 1259 et
367 1224 564 1260 locatorem
582 1227 807 1267 convenerat,
832 1234 877 1259 ne
894 1224 932 1259 in
952 1223 1035 1259 villa
1053 1223 1195 1258 urbana

101 1269 247 1306 faenum
267 1274 556 1315 componeretur:
581 1269 799 1315 composuit:
825 1269 953 1305 deinde
972 1278 1094 1305 servus
1113 1268 1194 1313 igne

101 1315 200 1351 illato
231 1315 417 1351 succendit
425 1315 450 1351 ³.
486 1315 538 1350 ait
560 1315 684 1351 Labeo
715 1315 829 1351 teneri
861 1314 1116 1350 conductorem
1148 1323 1194 1349 ex

101 1360 240 1403 locato,
273 1360 357 1406 quia
386 1360 465 1406 ipse
496 1371 642 1397 causam
665 1361 832 1406 praebuit
855 1359 1041 1396 inferendo
1067 1363 1195 1395 contra

103 1405 376 1442 conductionem
386 1410 411 1441 ⁴.

150 1449 202 1490 12
225 1450 570 1487 Hmuoossmmvs
597 1451 688 1488 libro
718 1451 877 1487 secundo
910 1451 999 1486 iuris
1023 1451 1195 1497 epitoma-

101 1508 182 1534 rum
219 1496 288 1532 Sed
301 1501 337 1532 et
353 1496 382 1532 si
394 1497 542 1542 quilibet
554 1501 744 1533 extraneus
756 1497 872 1542 ignem
883 1496 1052 1538 iniecerit,
1074 1495 1194 1531 damni

102 1543 210 1579 locati
233 1541 364 1578 iudicio
377 1543 390 1564 ⁵
412 1543 604 1578 habebitur
627 1542 730 1578 ratio.

150 1585 200 1626 13
232 1586 429 1624 ULPIANUS
457 1588 550 1624 libro
575 1589 759 1635 triqesimo
783 1588 942 1624 secundo
967 1587 1016 1622 ad
1039 1586 1192 1622 edictum

101 1634 191 1670 Item
214 1633 417 1679 quaeritur,
450 1633 481 1669 si
506 1633 685 1676 cisiarius,
717 1633 755 1669 id
779 1638 833 1669 est
858 1632 1083 1675 carucarius,
1110 1631 1194 1667 dum

103 1682 239 1716 ceteros
262 1679 416 1714 transire
439 1678 640 1722 contendit,
673 1679 798 1715 cisium
829 1679 954 1715 evertit
986 1681 1022 1714 et
1052 1688 1194 1713 servum

103 1723 286 1771 quassavit
316 1724 372 1760 vel
403 1724 545 1760 occidit.
589 1728 677 1770 puto
710 1735 754 1760 ex
784 1725 903 1760 locato
935 1734 1013 1759 esse
1043 1723 1081 1758 in
1112 1733 1194 1758 eum

102 1770 295 1806 actionem:
322 1773 522 1815 temperare
545 1771 638 1806 enim
662 1770 800 1806 debuit:
826 1769 890 1806 sed
909 1773 945 1804 et
963 1768 1061 1804 utilis
1080 1768 1192 1814 Aqui-

104 1819 120 1851 1
168 1815 262 1851 liae⁶
282 1814 435 1851 dabitur.
483 1815 522 1851 Si
541 1816 781 1851 navicularius
801 1826 892 1851 onus
908 1815 1114 1850 Minturnas
1133 1823 1192 1849 ve·

101 1861 257 1896 hendum
276 1860 488 1896 conduxerit
507 1864 554 1904 et,
576 1871 657 1897 cum
676 1860 810 1897 flumen
829 1861 1075 1896 Minturnense
1093 1859 1192 1894 navis

102 1917 145 1943 ea
168 1906 289 1943 subire
312 1917 385 1942 non
407 1910 549 1952 posset,
573 1907 611 1942 in
634 1906 740 1942 aliam
763 1917 889 1942 navem
911 1915 1048 1942 merces
1072 1908 1191 1940 trans-

100 1953 222 1988 tulerit
246 1962 358 1998 eaque
381 1952 481 1988 navis
503 1953 541 1987 in
560 1952 652 1988 ostio
671 1951 828 1987 fluminis
847 1951 1002 1997 perierit,
1026 1951 1192 1986 tenetur⁷

101 1998 236 2044 primus
259 1997 525 2033 navicularius?
559 1997 694 2040 Labeo,
720 1998 751 2033 si
775 1998 882 2043 culpa
906 2000 1016 2039 caret,
1041 2006 1114 2032 non
1138 2000 1191 2030 te-

101 2043 178 2080 neri
208 2043 276 2079 ait:
309 2047 465 2078 ceterum
496 2043 527 2079 si
557 2043 613 2079 vel
635 2044 743 2079 invito
769 2043 911 2078 domino
934 2042 1022 2078 fecit
1043 2041 1099 2077 vel
1122 2052 1192 2086 quo

48 2108 55 2114 ·
102 2100 174 2125 non
198 2088 322 2124 debuit
344 2092 505 2134 tempore
528 2092 591 2124 aut
613 2089 645 2124 si
667 2089 784 2124 minus
807 2088 958 2124 idoneae
980 2087 1081 2130 navi,
1104 2091 1192 2122 tunc

102 2138 122 2170 2
170 2145 214 2171 ex
243 2134 361 2170 locato
394 2133 580 2179 agendum.
629 2133 667 2170 Si
698 2134 865 2179 magister
895 2134 996 2169 navis
1029 2133 1106 2168 sine
1127 2143 1191 2177 gu-

101 2181 291 2216 bernatore
320 2179 358 2215 in
388 2179 521 2216 flumen
544 2190 670 2215 navem
692 2179 900 2215 immiserit⁸
923 2183 959 2214 et
982 2181 1194 2224 tempestate

103 2230 183 2261 orta
216 2229 289 2261 tem
315 2235 417 2260 erare
450 2236 525 2261 non
559 2225 717 2270 potuerit
752 2229 787 2261 et
820 2234 945 2261 navem
987 2223 1192 2270 perdiderit,

101 2275 262 2307 vectores
311 2271 470 2306 abebunt
493 2270 662 2307 adversus
686 2281 767 2307 eum
792 2281 835 2306 ex
857 2270 977 2306 locato
1003 2269 1191 2305 actionem.

103 2319 122 2353 3
170 2316 208 2352 Si
220 2316 299 2362 quis
312 2326 449 2352 servum
464 2316 664 2352 docendum
677 2316 890 2352 conduxerit
910 2326 1062 2361 eumque
1083 2314 1193 2350 duxe-

104 2362 149 2398 rit
171 2372 317 2408 peregre
341 2365 376 2397 et
400 2365 463 2397 aut
486 2362 532 2398 ab
556 2362 721 2398 hostibus
741 2366 870 2407 captus
888 2361 935 2397 sit
954 2365 1018 2396 aut
1036 2359 1193 2406 perierit,

105 2419 149 2443 ex
172 2409 291 2443 locato
325 2418 403 2443 esse
434 2408 613 2444 actionem
645 2407 800 2453 placuit,
836 2407 867 2443 si
901 2406 1007 2442 modo
1039 2416 1112 2442 non
1142 2405 1195 2441 sic

103 2457 125 2489 4
172 2453 362 2496 conduxit,
395 2456 437 2488 ut
468 2457 504 2488 et
533 2463 680 2499 peregre
711 2452 867 2489 duceret.
914 2452 1004 2488 Item
1034 2451 1195 2487 Iulianus

103 2499 192 2535 libro
217 2499 431 2544 octagesimo
456 2502 557 2535 sexto
590 2499 807 2544 digestorum
833 2497 976 2543 scripsit
986 2497 1012 2540 ⁹,
1036 2497 1068 2533 si
1095 2500 1196 2533 sutor

104 2555 214 2590 puero
246 2554 372 2590 parum
402 2545 495 2580 bene
525 2544 672 2580 facienti
701 2543 818 2580 forma
850 2543 962 2579 calcei
992 2547 1066 2578 tam
1089 2543 1194 2578 vehe-

105 2593 239 2625 menter
263 2590 434 2626 cervicem
457 2590 692 2635 percusserit,
724 2594 765 2624 ut
788 2590 820 2625 ei
843 2589 969 2625 oculus
995 2587 1194 2624 effundere-

104 2639 181 2678 tur,
215 2646 259 2671 ex
291 2635 412 2671 locato
449 2645 527 2671 esse
561 2635 738 2671 actionem
772 2635 868 2680 patri
902 2634 996 2670 eius:
1034 2633 1194 2679 quamvis

106 2681 237 2716 enim¹⁰
260 2680 437 2726 magistris
461 2680 546 2716 levis
578 2680 764 2726 castigatio
779 2681 805 2701 ¹¹
838 2690 1012 2716 concessa
1042 2679 1107 2722 sit,
1138 2684 1194 2714 ta-

105 2737 185 2762 men
208 2726 304 2762 hunc
334 2726 479 2762 modum
509 2736 582 2761 non
613 2726 789 2762 tenuisse:
822 2725 886 2762 sed
918 2728 953 2761 et
983 2725 1028 2760 de
1050 2724 1195 2770 Aquilia

106 2782 216 2817 supra
247 2771 411 2807 diximus.
447 2772 658 2807 iniuriarum
689 2775 810 2807 autem
840 2770 1018 2807 actionem
1052 2780 1193 2815 compe-

106 2821 180 2853 tere
192 2817 352 2852 Iulianus
373 2821 490 2863 negat,
511 2817 595 2863 quia
615 2827 688 2852 non
706 2817 857 2853 iniuriae
874 2816 1064 2852 faciendae
1084 2825 1194 2851 causa

109 2867 126 2897 5
173 2863 244 2898 hoc
273 2862 418 2906 fecerit,
450 2862 513 2898 sed
542 2862 795 2908 praecipiendi.
843 2861 882 2898 Si
935 2871 1050 2897 emma
1079 2861 1193 2897 inclu-

107 2908 223 2944 denda
246 2911 310 2943 aut
331 2908 566 2954 insculpenda
588 2908 674 2943 data
697 2908 744 2944 sit
775 2917 888 2953 eaque
933 2910 1036 2942 racta
1067 2906 1132 2950 sit,
1164 2906 1196 2941 si

107 2954 247 2999 quidem
269 2953 354 2989 vitio
378 2954 548 2989 materiae
571 2953 707 2989 factum
730 2953 795 2996 sit,
820 2963 893 2988 non
917 2952 983 2988 erit
1007 2963 1051 2987 ex
1074 2952 1194 2988 locato

107 2999 212 3042 actio,
237 2998 267 3034 si
290 2999 467 3044 imperitia
489 2998 665 3042 facientis,
691 2999 768 3034 erit.
804 2998 889 3034 huic
912 2997 1111 3034 sententiae
1130 2997 1193 3033 ad-

107 3044 261 3080 dendum
285 3047 356 3086 est,
381 3044 450 3079 nisi
472 3044 670 3089 periculum
694 3053 835 3089 quoque
864 3043 902 3079 in
925 3053 965 3079 se
988 3043 1118 3079 artifex
1139 3053 1194 3078 re-

109 3092 254 3135 ceperat
264 3089 311 3124 ¹²:
343 3093 431 3125 tunc
463 3090 556 3125 enim
587 3090 654 3125 etsi
684 3090 768 3125 vitio
799 3089 970 3124 materiae
999 3088 1037 3124 id
1068 3088 1195 3131 evenit,

109 3138 129 3170 6
176 3134 243 3170 erit
265 3144 310 3170 ex
331 3134 450 3170 locato
475 3135 579 3170 actio.
629 3134 667 3170 Si
689 3134 777 3170 fullo
801 3135 1012 3170 vestimenta
1030 3133 1197 3180 polienda

109 3180 290 3225 acceperit
320 3190 433 3225 eaque
463 3190 581 3215 mures
612 3180 784 3223 roserint,
817 3190 862 3215 ex
892 3180 1011 3216 locato
1042 3183 1195 3222 tenetur,

110 3225 193 3270 quia
224 3224 347 3260 debuit
377 3225 422 3261 ab
454 3226 522 3261 hac
552 3236 592 3260 re
623 3235 757 3261 cavere.
802 3229 839 3261 et
868 3225 900 3261 si
928 3225 1076 3271 pallium
1107 3224 1194 3260 fullo

108 3271 362 3316 permutaverit
382 3274 417 3306 et
435 3271 496 3306 alii
515 3271 661 3306 alterius
681 3271 828 3313 dederit,
854 3281 898 3306 ex
916 3271 1035 3306 locato
1055 3270 1196 3306 actione

110 3318 128 3350 7
176 3315 373 3358 tenebitur,
410 3316 548 3351 etiamsi
577 3316 721 3361 ignarus
751 3316 886 3352 fecerit.
934 3316 1107 3351 Exercitu
1137 3325 1195 3351 ve-

110 3360 228 3396 niente
251 3360 412 3405 migravit
445 3361 662 3404 conductor,
694 3361 775 3396 dein
808 3361 865 3396 de·
881 3361 1036 3406 hospitio
1068 3361 1196 3395 milites

109 3405 286 3441 fenestras
320 3410 356 3441 et
387 3410 505 3442 cetera
537 3406 767 3442 sustulerunt.
802 3407 834 3442 si
857 3407 998 3442 domino
1030 3417 1104 3442 non
1135 3406 1195 3441 de-

111 3450 285 3486 nuntiavit
308 3454 344 3485 et
365 3451 536 3496 migravit,
562 3462 606 3486 ex
628 3452 745 3488 locato
766 3452 962 3487 tenebitur:
987 3451 1110 3487 Labeo
1132 3461 1195 3486 au-

111 3499 201 3539 tem,
233 3496 263 3531 si
286 3495 451 3532 resistere
473 3497 591 3542 potuit
614 3501 650 3532 et
673 3508 745 3533 non
767 3497 918 3540 resistit,
954 3497 1103 3532 ¹³teneri
1135 3496 1195 3538 ait,

113 3610 153 3652 (1)
178 3620 289 3643 servos
302 3611 377 3644 dett.

113 3655 239 3688 occidit
248 3655 284 3688 F

113 3699 236 3732 locatio
248 3700 307 3735 FS

70 3748 75 3751 ⁴
115 3746 159 3787 (8)
184 3745 332 3778 emiserit
345 3744 397 3778 F²

472 3611 514 3651 (2)
539 3610 655 3643 reddet
667 3611 701 3643 F
799 3612 842 3653 (3)
867 3612 915 3644 sic
928 3612 1002 3644 dett.
1017 3623 1085 3644 cum
1099 3611 1145 3650 B,
1160 3621 1194 3642 se

358 3658 400 3696 (4)
425 3655 680 3688 conventionem
693 3656 769 3689 Ant.
783 3656 894 3689 Faber
980 3656 1023 3697 (5)
1047 3657 1096 3689 εἰσ
1108 3657 1195 3696 deta,

431 3701 476 3742 (6)
501 3699 630 3742 aquilia
641 3701 674 3734 ei
685 3701 720 3734 F
727 3701 738 3721 ¹
875 3701 918 3743 (7)
943 3702 1120 3733 teneturne
1132 3713 1194 3734 scr.

490 3745 536 3787 (ο)
561 3747 604 3789 qs:
617 3746 662 3778 D.
675 3745 708 3787 9,
722 3753 750 3786 2,
764 3754 792 3787 5,
802 3753 819 3780 a
912 3746 972 3788 (ιο)
997 3745 1069 3778 eius
1083 3746 1141 3779 ins.
1151 3745 1196 3777 F¹

1191 97 1270 145 251

2127 101 2293 144 XVIIII
2325 106 2350 143 2

1262 232 1354 269 quae
1385 222 1562 259 sententia
1593 232 1677 258 vera
1702 227 1766 258 est.
1802 223 1865 259 sed
1890 227 1926 260 et
1939 225 1966 246 ¹⁴
1990 224 2021 260 si
2044 224 2255 261 denuntiare
2278 235 2350 261 non

1262 271 1281 303 8
1328 268 1464 335 potuit,
1497 278 1571 303 non
1604 271 1692 313 puto
1718 278 1797 303 eum
1811 270 1838 290 ¹⁵
1860 270 1982 306 teneri.
2030 269 2068 306 Si
2099 270 2178 316 quis
2209 280 2350 306 mensu-

1260 324 1319 349 ras
1347 314 1361 335 ὅ
1385 313 1594 349 conduxerit
1626 323 1758 359 easque
1788 315 2016 359 magistratus
2047 315 2165 361 frangi
2194 316 2350 359 iusserit,

1261 359 1292 394 si
1314 358 1456 404 quidem
1478 358 1620 404 iniquae
1643 358 1801 401 fuerunt,
1827 359 1980 396 Sabinus
2005 361 2207 406 distinguit,
2231 364 2352 397 utrum

1261 404 1330 440 scit
1354 404 1552 440 conductor
1575 414 1622 439 an
1644 413 1735 439 non:
1761 404 1792 439 si
1814 405 1899 448 scit,
1924 416 2002 442 esse
2026 417 2071 442 ex
2092 407 2212 442 locato
2237 407 2350 442 actio-

1261 460 1353 493 nem,
1378 450 1409 486 si
1431 450 1559 492 minus,
1584 459 1667 485 non.
1700 449 1797 494 quod
1815 449 1846 484 si
1866 460 2001 503 aequae
2021 455 2116 496 sunt,
2139 452 2191 487 ita
2211 452 2351 488 demum

1262 505 1343 530 eum
1364 495 1496 537 teneri,
1522 495 1553 531 si
1577 495 1684 540 culpa
1709 494 1783 530 eius
1807 494 1845 530 id
1866 494 1952 531 fecit
1975 497 2110 533 aedilis.
2147 501 2183 533 et
2204 498 2256 533 ita
2278 498 2351 533 La-

1261 543 1282 576 9
1330 541 1397 576 beo
1422 544 1459 577 et
1480 540 1579 576 Mela
1602 540 1775 576 scribunt.
1822 540 1904 576 Duo
1928 541 1980 576 rei
2002 542 2191 579 locationis
2222 543 2260 578 in
2291 553 2349 579 so-

1265 589 1305 621 10
1352 585 1463 621 lidum
1487 595 1565 622 esse
1587 589 1749 631 possunt.
1798 584 1836 621 Si
1858 586 1934 631 lege
1958 597 1979 622 o
2008 588 2075 623 eris
2094 587 2238 624 locandi
2255 599 2351 625 com-

1261 631 1477 676 prehensum
1502 635 1613 674 esset,
1638 635 1697 674 ut,
1722 631 1753 667 si
1775 630 1822 666 ad
1846 630 1939 666 diem
1963 642 1982 667 e
2011 635 2128 668 ectum
2150 644 2223 669 non
2246 638 2352 677 esset,

1261 676 1422 713 relocare
1444 676 1481 712 id
1503 677 1645 719 liceret,
1679 687 1753 713 non
1776 676 1865 711 alias
1889 676 1988 722 prior
2011 678 2209 714 conductor
2232 689 2276 715 ex
2298 680 2351 715 lo-

1263 725 1344 757 cato
1368 722 1557 765 tenebitur,
1583 733 1691 775 quam
1715 722 1745 757 si
1769 721 1893 757 eadem
1915 722 1992 767 lege
2015 722 2211 759 relocatum
2236 728 2349 760 esset:

1262 777 1329 803 nec
1342 771 1427 803 ante
1445 768 1599 803 relocarl
1618 767 1655 803 id
1674 770 1804 813 potest,
1827 777 1934 813 quam
1955 767 2029 803 dies
2051 768 2228 805 efficiendi
2247 780 2351 822 prae-

1266 816 1303 847 11
1352 813 1496 848 terisset
1509 814 1546 848 ¹⁷.
1594 812 1664 857 Qui
1686 813 1830 858 impleto
1850 816 2010 858 tempore
2030 814 2275 850 conductionis
2295 825 2351 851 re-

1262 858 1395 894 mansit
1415 859 1454 893 in
1478 858 1725 902 conductione,
1750 868 1824 894 non
1847 858 1964 894 solum
1982 859 2238 896 reconduxisse
2256 860 2352 896 vide-

1262 903 1378 947 bitur,
1413 903 1477 939 sed
1510 904 1619 939 etiam
1647 904 1798 950 pignora
1826 903 1992 940 videntur
2023 903 2153 940 durare
2184 906 2351 951 obligata.

1263 949 1326 985 sed
1348 949 1418 985 hoc
1441 949 1494 985 ita
1515 960 1639 985 verum
1663 953 1728 992 est,
1753 960 1784 985 si
1807 960 1880 985 non
1904 950 1995 985 alius
2018 960 2084 995 pro
2109 960 2151 986 eo
2174 950 2212 985 in
2235 951 2354 996 priore

1264 994 1502 1030 conductione
1524 1004 1582 1030 res
1607 994 1841 1048 obligaverat:
1873 995 1980 1030 huius
2015 995 2108 1030 enim
2131 1006 2243 1031 novus
2269 1007 2353 1032 con-

1263 1050 1388 1076 sensus
1421 1040 1489 1076 erit
1518 1050 1753 1076 necessarius.
1791 1040 1915 1076 eadem
1939 1050 2050 1076 caus-a
2075 1040 2142 1076 erit
2173 1045 2209 1076 et
2239 1041 2270 1076 si
2301 1042 2353 1077 rei

1262 1085 1429 1131 publicae
1463 1085 1609 1138 praedia
1642 1086 1765 1122 locata
1797 1085 1941 1121 fuerint.
1987 1085 2084 1131 quod
2114 1089 2234 1121 autem
2265 1087 2354 1122 dixi-

1262 1141 1341 1167 mus
1354 1131 1383 1152 ¹⁸
1405 1131 1652 1167 taciturnitate
1675 1131 1862 1176 utriusque
1884 1131 1997 1177 partis
2030 1131 2196 1167 colonum
2228 1142 2353 1167 recon-

1263 1176 1408 1212 duxisse
1430 1176 1552 1220 videri,
1575 1177 1627 1212 ita
1651 1176 1899 1222 accipiendum
1924 1180 1996 1220 est,
2021 1180 2062 1212 ut
2083 1177 2121 1212 in
2144 1177 2222 1223 ipso
2248 1188 2354 1220 anno,

1263 1233 1333 1268 quo
1367 1225 1578 1265 tacuerunt,
1609 1222 1797 1258 videantur
1828 1222 1977 1258 eandem
2006 1222 2220 1258 locationem
2250 1233 2354 1259 reno-

1261 1278 1384 1311 vasse,
1415 1279 1488 1304 non
1512 1268 1620 1304 etiam
1642 1268 1680 1304 in
1703 1268 1934 1314 sequentibus
1957 1268 2081 1311 annis,
2115 1268 2182 1304 etsi
2205 1269 2355 1304 lustrum

1261 1313 1356 1350 forte
1388 1314 1434 1349 ab
1464 1314 1566 1350 initio
1597 1313 1717 1349 fuerat
1740 1313 1971 1350 conductioni
1993 1313 2256 1359 praestitutum.
2293 1314 2356 1350 sed

1263 1363 1298 1395 et
1321 1359 1352 1395 si
1375 1359 1533 1395 secundo
1558 1370 1700 1405 quoque
1719 1370 1813 1395 anno
1833 1362 1916 1405 post
1934 1359 2075 1395 finitum
2094 1360 2248 1395 lustrum
2267 1359 2356 1395 nihil

1261 1404 1370 1440 fuerit
1402 1405 1619 1441 contrarium
1650 1408 1790 1448 actum,
1823 1405 1971 1440 eandem
2002 1405 2113 1441 videri
2142 1405 2356 1441 locationem

1262 1451 1299 1485 in
1321 1450 1381 1486 illo
1407 1461 1501 1486 anno
1525 1451 1781 1496 permansisse:
1812 1451 1883 1486 hoc
1908 1450 2001 1486 enim
2024 1451 2123 1496 ipso,
2156 1461 2225 1495 quo
2240 1451 2269 1472 ¹⁹
2299 1454 2355 1486 ta-

1264 1500 1435 1539 cuerunt,
1468 1497 1693 1532 consensisse
1725 1496 1900 1532 videntur.
1950 1499 1985 1532 et
2015 1496 2085 1532 hoc
2117 1495 2285 1542 deinceps
2318 1497 2354 1531 in

1262 1551 1478 1587 unoquoque
1501 1552 1596 1578 anno
1621 1541 1882 1578 observandum
1906 1545 1971 1578 est.
2003 1542 2041 1577 in
2064 1542 2211 1577 urbanis
2236 1546 2355 1577 autem

1261 1587 1416 1633 praediis
1441 1587 1511 1623 alio
1534 1588 1611 1623 iure
1635 1588 1785 1631 utimur,
1817 1591 1877 1630 ut,
1910 1591 2019 1633 prout
2042 1587 2191 1633 quisque
2214 1587 2354 1622 habita-

1261 1633 1362 1675 verit,
1386 1633 1438 1668 ita
1462 1636 1498 1668 et
1521 1633 1708 1678 obligetur,
1732 1633 1802 1668 nisi
1824 1633 1862 1668 in
1885 1633 2028 1678 scriptis
2053 1636 2190 1668 certum
2214 1637 2355 1678 tempus

1263 1678 1492 1714 conductioni
1515 1679 1810 1724 comprehensum
1834 1681 1898 1714 est.

1311 1722 1362 1761 14
1398 1723 1505 1759 IDEM
1537 1724 1629 1760 libro
1663 1724 1930 1770 septuaqesimo
1957 1724 2082 1771 primo
2118 1723 2169 1759 ad
2201 1724 2355 1760 edictum

1262 1769 1331 1814 Qui
1355 1769 1402 1805 ad
1426 1773 1562 1805 certum
1585 1773 1726 1815 tempus
1750 1768 1937 1811 conducit,
1969 1769 2069 1804 finito
2102 1779 2244 1815 quoque
2267 1773 2355 1805 tem-

1261 1825 1349 1860 pore
1374 1815 1523 1851 colonus
1547 1818 1619 1850 est:
1644 1815 1859 1860 intellegitur
1878 1814 1971 1850 enim
1990 1814 2164 1857 dominus,
2191 1825 2272 1850 cum
2290 1825 2355 1860 pa-

1261 1860 1349 1895 titur
1374 1860 1540 1896 colonum
1570 1860 1608 1895 in
1637 1859 1749 1895 fundo
1782 1870 1879 1903 esse,
1913 1870 1957 1895 ex
1986 1860 2122 1905 integro
2154 1860 2294 1903 locare,
2321 1864 2355 1896 et

1261 1905 1465 1941 huiusmodi
1493 1909 1701 1941 contractus
1734 1915 1849 1951 neque
1871 1905 1981 1941 verba
2003 1915 2119 1950 neque
2143 1905 2355 1951 scripturam

1262 1951 1386 1996 utique
1417 1950 1639 1994 desiderant,
1673 1950 1736 1986 sed
1759 1951 1855 1986 nudo
1880 1960 2058 1986 consensu
2082 1951 2355 1986 convalescunt:

1262 2000 1298 2032 et
1319 1996 1399 2039 ideo
1424 1997 1456 2032 si
1477 1997 1619 2032 interim
1642 1996 1806 2032 dominus
1829 1995 1950 2032 furere
1974 1996 2132 2041 coeperit
2154 1996 2210 2032 vel
2234 1996 2355 2032 deces-

1261 2042 1359 2085 serit,
1384 2042 1462 2078 fieri
1485 2053 1558 2078 non
1580 2052 1687 2088 posse
1710 2042 1904 2077 Marcellus
1928 2041 1990 2084 ait,
2017 2045 2059 2077 ut
2080 2041 2212 2078 locatio
2237 2041 2355 2077 redin-

1261 2091 1429 2134 tegretur,
1456 2091 1491 2123 et
1516 2092 1571 2123 est
1594 2088 1664 2123 hoc
1688 2097 1820 2123 verum.

1311 2132 1362 2172 15
1386 2133 1494 2169 IDEM
1522 2133 1613 2170 libro
1639 2134 1822 2180 triqesimo
1845 2132 2003 2169 secundo
2026 2132 2077 2168 ad
2098 2132 2252 2168 edictum
2298 2132 2356 2168 Ex

1268 2182 1279 2214 l
1331 2178 1510 2215 conducto
1533 2179 1627 2214 actio
1650 2178 1862 2214 conductori
1881 2177 1998 2214 datur.
2038 2177 2218 2223 Competit
2237 2181 2356 2214 autem

1263 2235 1308 2260 ex
1341 2224 1396 2260 his
1430 2224 1549 2260 causis
1579 2223 1673 2260 fere:
1709 2227 1751 2259 ut
1781 2227 1870 2269 puta
1904 2224 1935 2260 si
1968 2234 2008 2260 re
2042 2234 2148 2276 quam
2186 2223 2356 2259 conduxit

1261 2270 1332 2306 frui
1340 2270 1372 2292 ²⁰
1395 2270 1428 2306 ei
1451 2281 1524 2306 non
1546 2270 1655 2305 liceat
1678 2269 1785 2312 (forte
1801 2269 1893 2315 ,quia
1910 2279 2091 2315 possessm
2112 2269 2143 2304 ei
2163 2273 2227 2304 aut
2245 2269 2355 2305 totius

1262 2315 1338 2361 agri
1361 2319 1425 2351 aut
1447 2315 1561 2361 partis
1585 2326 1658 2351 non
1681 2318 1906 2395 praestatur,
1940 2318 2003 2350 aut
2034 2315 2116 2350 villa
2139 2325 2212 2350 non
2235 2314 2352 2350 refici-

1263 2365 1323 2397 tur
1354 2361 1411 2397 vel
1443 2361 1625 2397 stabulum
1647 2371 1690 2396 ve
1726 2360 1789 2396 ubi
1810 2370 1934 2406 greges
1958 2360 2033 2396 eius
2057 2363 2155 2396 stare
2177 2363 2354 2405 oporteat)

1261 2406 1317 2443 vel
1341 2406 1371 2442 si
1395 2406 1480 2452 quid
1502 2406 1541 2442 in
1563 2406 1640 2452 lege
1664 2405 1913 2442 conductionis
1938 2406 2112 2448 convenit,
2138 2405 2169 2441 si
2192 2405 2262 2440 hoc
2282 2416 2355 2441 non

1263 2455 1283 2487 2
1330 2456 1555 2497 praestatur,
1591 2462 1636 2487 ex
1659 2451 1837 2487 conducto
1862 2454 1998 2496 agetur.
2047 2450 2085 2487 Si
2114 2451 2167 2486 vis
2199 2454 2354 2496 tempes-

1262 2498 1347 2533 tatis
1383 2497 1614 2533 calamitosae
1650 2497 1857 2542 contigerit‚
1893 2506 1940 2531 an
1971 2496 2110 2532 locator
2145 2495 2355 2532 conductori

1262 2543 1397 2589 aliquid
1419 2546 1605 2589 praestare
1628 2542 1775 2585 debeat,
1800 2541 1992 2577 videamus.
2041 2541 2183 2578 Servius
2214 2552 2354 2577 omnem

1262 2589 1352 2632 vim,
1385 2589 1444 2624 cui
1467 2588 1585 2624 resisti
1608 2598 1681 2624 non
1702 2590 1843 2633 potest,
1876 2587 2058 2623 dominum
2090 2587 2216 2623 colono
2250 2597 2353 2632 prae-

1263 2638 1359 2670 stare
1384 2634 1514 2670 debere
1537 2634 1605 2677 ait,
1630 2637 1672 2668 ut
1693 2636 1783 2679 puta
1804 2632 1988 2668 fluminum
2010 2633 2237 2677 graculorum
2261 2635 2353 2668 stur-

1262 2690 1391 2715 norum
1424 2683 1459 2715 et
1489 2680 1520 2715 si
1551 2678 1636 2725 quid
1668 2678 1780 2714 simile
1811 2677 2000 2721 acciderit,
2035 2681 2099 2713 aut
2129 2678 2160 2714 si
2189 2678 2354 2713 incursus

1261 2726 1419 2761 hostium
1441 2725 1524 2760 fiat:
1550 2725 1581 2760 si
1604 2735 1676 2770 qua
1698 2728 1819 2759 tamen
1841 2723 1927 2759 vitia
1950 2733 1995 2759 ex
2016 2723 2096 2768 ipsa
2118 2733 2158 2759 re
2181 2723 2354 2766 oriantur,

1261 2771 1352 2806 haec
1376 2771 1505 2806 damno
1531 2769 1649 2806 coloni
1680 2779 1777 2812 esse,
1809 2768 1918 2804 veluti
1948 2769 1979 2804 si
2010 2769 2130 2804 vinum
2160 2769 2353 2812 coacuerit‚

1262 2816 1293 2852 si
1322 2816 1442 2852 raucis
1474 2819 1539 2851 aut
1568 2815 1687 2850 herbis
1719 2817 1857 2859 segetes
1890 2817 2080 2860 corruptae
2111 2814 2193 2850 sint.
2230 2814 2295 2850 sed
2319 2818 2355 2850 et

1263 2862 1294 2897 si
1316 2861 1416 2897 labes
1447 2861 1546 2897 facta
1576 2861 1623 2896 sit
1654 2870 1864 2905 omnemque
1894 2859 2052 2895 fructum
2081 2859 2221 2902 tulerit,
2254 2859 2353 2895 dam-

1262 2918 1348 2943 num
1384 2907 1501 2942 coloni
1533 2917 1606 2942 non
1640 2916 1737 2948 esse,
1780 2915 1827 2941 ne
1859 2915 1969 2951 supra
2004 2905 2174 2940 damnum
2209 2905 2352 2940 seminis

1263 2952 1384 2988 amissi
1406 2951 1588 2987 mercedes
1612 2951 1688 2996 agri
1710 2954 1895 2996 praestare
1926 2951 2125 2996 cogatur²¹.
2162 2950 2226 2986 sed
2258 2954 2294 2985 et
2324 2951 2354 2985 si

1262 2997 1373 3034 uredo
1384 2998 1415 3018 22
1449 2997 1608 3032 fructum
1643 2996 1743 3031 oleae
1775 2997 1975 3041 corruperit
2006 2999 2070 3032 aut
2100 2996 2185 3032 solis
2214 2996 2353 3031 fervore

1263 3054 1336 3079 non
1361 3042 1509 3078 adsueto
1533 3042 1570 3077 id
1594 3041 1786 3084 acciderit,
1817 3041 1986 3077 damnum
2017 3041 2150 3078 domini
2173 3041 2350 3076 futurum:

1263 3089 1294 3125 si
1316 3099 1400 3124 vero
1425 3088 1512 3123 nihil
1536 3091 1638 3122 extra
1661 3087 1956 3123 consuetudinem
1979 3087 2160 3130 acciderit,
2185 3086 2351 3122 damnum

1265 3134 1383 3170 coloni
1407 3144 1494 3169 esse.
1531 3132 1695 3178 idemque
1718 3132 1924 3176 dicendum,
1957 3133 1988 3168 si
2011 3133 2188 3168 exercitus
2210 3134 2351 3177 praete-

1263 3180 1360 3215 riens
1391 3189 1457 3224 per
1487 3178 1670 3214 lasciviam
1700 3177 1835 3223 aliquid
1867 3178 2026 3214 abstulit.
2062 3177 2125 3213 sed
2156 3180 2192 3212 et
2215 3176 2245 3212 si
2268 3185 2352 3221 ager

1264 3229 1382 3260 terrae
1391 3225 1422 3245 2³
1445 3227 1545 3259 motu
1567 3223 1620 3259 ita
1643 3223 1837 3266 corruerit,
1869 3226 1911 3258 ut
1933 3233 2109 3268 nusquam
2133 3222 2196 3264 sit,
2221 3221 2350 3256 damno

1265 3270 1398 3306 domini
1422 3279 1517 3305 esse:
1542 3271 1707 3314 oportere
1730 3268 1823 3304 enim
1846 3279 1969 3313 agrum
1992 3267 2167 3313 praestari
2190 3266 2347 3301 conduc-

1265 3320 1284 3352 3
1333 3315 1412 3358 tori,
1433 3318 1474 3350 ut
1492 3314 1564 3349 frui
1582 3314 1706 3366 possit.
1755 3313 1844 3349 Cum
1864 3313 2009 3359 quidam
2027 3312 2230 3348 incendium
2239 3310 2350 3362 ‘fundi

1265 3361 1434 3406 allegaret
1456 3363 1491 3395 et
1508 3359 1750 3396 remissionem
1770 3359 1998 3401 desideraret,
2017 3359 2069 3393 ita
2089 3358 2122 3393 ei
2138 3360 2350 3400 rescrlptum

1265 3410 1337 3442 est:
1371 3405 1421 3440 ‘Si
1450 3404 1635 3450 praedium
1667 3404 1826 3447 coluisti,
1869 3407 2015 3456 propter
2046 3413 2168 3439 casum
2196 3400 2350 3436 incendii

1265 3455 1286 3486 4
1334 3450 1521 3495 ‘repentini
1532 3460 1605 3486 non
1615 3450 1789 3485 immerito
1803 3448 2080 3486 subvemendum
2092 3447 2157 3482 tibi
2169 3446 2246 3482 est.’
2278 3445 2348 3479 Pa-

1264 3496 1429 3542 pinianus
1453 3495 1544 3531 libro
1569 3498 1697 3541 quarto
1721 3505 1974 3540 responsorum
1998 3493 2066 3535 ait,
2098 3492 2128 3527 si
2158 3501 2229 3526 uno
2254 3500 2348 3525 anno

1266 3611 1319 3651 (11)
1345 3609 1508 3650 catigatio
1518 3609 1554 3642 F
1670 3611 1729 3651 (12)
1754 3608 1920 3650 receperit
1932 3608 1967 3640 E
1974 3605 1989 3625 ²
2110 3605 2168 3646 (13)
2193 3603 2273 3635 item
2286 3603 2346 3636 ins.

1265 3655 1323 3696 (14)
1349 3656 1383 3686 et
1395 3655 1459 3688 del.
1472 3654 1553 3687 Hal.
1716 3655 1774 3696 (15)
1801 3663 1876 3686 cum
1887 3652 1922 3685 F
2070 3650 2128 3691 (16)
2154 3657 2308 3680 mensura
2322 3647 2354 3679 F·

1267 3700 1324 3741 (17)
1348 3699 1547 3741 praeterisse
1558 3700 1594 3732 F
1726 3700 1786 3740 (18)
1811 3698 1909 3730 dixus
1920 3697 1955 3728 F
2088 3694 2146 3736 (19)
2172 3692 2261 3735 quod
2273 3693 2346 3725 edd.

1268 3746 1330 3786 (20)
1345 3744 1396 3776 fui
1407 3744 1443 3777 F
1505 3745 1564 3787 (21)
1577 3746 1717 3787 cogetur
1729 3744 1762 3776 F
1812 3744 1825 3779 t
1827 3743 1875 3784 22)
1889 3740 2007 3775 veredo
2020 3738 2054 3771 F
2116 3739 2179 3780 (23)
2192 3740 2308 3780 teprae
2318 3736 2353 3770 F

2010 3795 2074 3828 32*
