2528 3918
141 127 202 162 DE
218 131 307 163 LIB-
314 128 469 164 RXRIB.
492 127 669 164 UTRUBI.
691 132 754 163 DE
770 129 1010 166 mommo

612 274 761 316 XXX'.

186 354 248 387 DE
272 354 455 388 LIBERIS
478 339 781 395 EXHJBENDIS,
804 353 922 385 ITEM
945 352 1187 386 DUGENDIS.

189 430 208 468 1
236 430 432 468 Urpmffvs
446 431 538 468 libro
556 430 848 478 sepmaqensimo
860 431 987 477 primo
1009 429 1058 465 ad
1075 429 1230 465 edictum

140 476 203 512 Ait
223 481 388 523 praetore
413 476 494 521 ‘Qui
516 487 651 522 quaeve
673 477 711 511 in
733 479 914 521 potestate
932 475 1037 511 Lucii
1056 475 1140 511 Titii
1163 478 1229 517 est,

140 522 183 557 ‘si
213 522 244 557 is
274 532 360 558 eave
391 522 490 568 apud
513 526 550 557 te
573 525 629 557 est
652 520 777 557 dolove
798 521 892 557 malo
917 524 980 556 tuo
1003 520 1140 555 factum
1164 523 1229 564 est,

139 571 223 611 ‘quo
246 568 364 603 minus
387 578 409 603 a
435 567 485 602 ud
507 570 545 602 te
568 570 682 610 esset,
706 566 758 601 ita
783 576 864 602 eum
889 576 1010 602 eamve
1033 566 1228 601 exhibeas'.

142 617 156 647 1
206 612 286 648 Hoc
309 613 404 648 inter
429 613 543 648 ictum
563 613 777 658 proponitur
800 612 972 647 adversus
996 622 1093 654 euin,
1125 621 1231 656 quem

139 657 218 703 quis
242 657 410 694 exhibere
434 658 615 694 desiderat
636 668 736 700 eum,
768 667 873 702 quem
900 658 938 692 in
960 659 1140 702 potestate
1163 666 1231 691 sua

139 713 219 739 esse
242 703 339 738 dicit.
375 707 412 739 et
431 714 475 738 ex
494 703 612 739 verbis
633 707 784 748 apparet
805 703 848 746 ei,
874 703 976 738 cuius
995 703 1033 737 in
1051 706 1230 747 potestate

139 752 159 783 2
207 753 272 791 est,
297 748 367 784 hoc
389 749 620 785 interdictum
643 752 846 793 conpetere.
886 748 929 783 In
948 748 1019 783 hoc
1037 746 1229 782 interdicto

138 798 284 839 praetor
313 805 386 830 non
416 794 574 829 admittit
604 804 768 836 causam,
801 805 867 829 cur
890 793 987 839 apud
1010 803 1092 828 eum
1115 792 1164 828 sit
1185 792 1228 835 is,

138 839 202 919 3111
224 839 385 875 exhiberi
403 839 520 883 debet,
545 838 844 884 quemadmodum
861 839 899 874 in
917 838 1100 884 superiore
1119 837 1229 872 inter-

163 885 247 927 ioto,
272 885 336 920 sed
359 884 561 922 omnimodo
584 884 844 921 restituendum
867 884 1018 929 putavit,
1048 883 1080 919 si
1102 883 1140 918 in
1162 894 1228 928 po-

139 933 159 965 3
205 934 339 965 testate
358 934 423 966 est.
461 930 500 966 Si
522 940 606 966 vero
631 934 745 965 mater
767 930 823 972 sit,
849 940 941 974 quae
964 929 1105 970 retinet,
1131 927 1229 973 apud

139 985 245 1029 quam
283 976 464 1012 interdum
500 976 613 1020 magis
648 986 755 1029 quam
790 987 812 1010 a
837 975 886 1010 ud
924 979 1063 1021 patrem
1097 973 1230 1009 morari

140 1020 249 1056 lilium
280 1021 411 1058 debere
439 1024 498 1064 (ex
526 1020 723 1056 iustissima
754 1021 805 1056 sci
834 1023 891 1056 cet
920 1023 1044 1063 causa)
1068 1024 1104 1055 et
1126 1019 1229 1055 divus

137 1065 223 1102 Pius
247 1066 405 1103 decrevit
427 1071 464 1102 et
486 1077 509 1102 a
525 1067 651 1102 Marco
677 1071 712 1102 et
731 1077 754 1101 a
769 1066 900 1102 Severo
924 1066 1139 1111 rescriptum
1162 1068 1228 1108 est,

137 1115 158 1146 4
205 1122 318 1157 aeque
335 1112 616 1148 subveniendum
638 1112 669 1146 ei
689 1112 758 1147 erit
774 1122 840 1157 per
857 1112 1112 1157 exceptionem.
1143 1110 1230 1145 Pari

137 1157 242 1193 modo
266 1157 299 1193 si
320 1157 515 1193 iudicatum
539 1157 650 1193 fuerit
672 1169 746 1193 non
768 1167 848 1193 esse
872 1168 954 1192 eum
976 1157 1014 1191 in
1036 1159 1228 1201 potestate,

137 1203 206 1238 etsi
235 1213 300 1248 per
328 1203 494 1238 iniuriam
525 1202 724 1238 iudicatum
755 1203 820 1246 sit,
861 1203 979 1247 agenti
1015 1202 1085 1237 hoc
1118 1202 1228 1236 inter-

137 1248 233 1284 dicto
255 1248 447 1284 'obicienda
470 1248 537 1283 erit
560 1248 723 1293 exceptio
743 1248 796 1283 rei
814 1248 1003 1290 iudicatae,
1028 1258 1074 1282 ne
1094 1247 1140 1282 de
1158 1246 1229 1282 hoc

137 1298 342 1337 quaeratur,
374 1304 422 1328 an
445 1294 493 1329 sit
514 1294 553 1328 in
575 1297 767 1338 potestate,
792 1293 856 1328 sed
879 1304 927 1328 an
950 1294 997 1328 sit
1019 1293 1227 1328 iudicatum.

138 1343 157 1373 5
204 1338 243 1374 Si
272 1339 352 1384 quis
381 1339 492 1374 filiam
525 1350 647 1381 suam,
680 1349 773 1384 quae
796 1338 882 1373 mihi
905 1342 1020 1383 nupta
1044 1339 1112 1381 sit,
1144 1338 1229 1373 velit

137 1383 317 1420 abducere
350 1385 407 1420 vel
441 1384 603 1420 exhiberi
634 1384 703 1419 sibi
735 1383 932 1426 desideret,
972 1394 1020 1418 an
1055 1383 1228 1419 adversus

136 1429 364 1465 interdictum
396 1430 558 1474 exceptio
591 1429 711 1464 danda
740 1430 805 1472 sit,
837 1430 868 1465 si
897 1428 992 1465 forte
1014 1433 1119 1474 pater
1142 1439 1228 1463 con-

135 1474 290 1511 cordans
311 1476 585 1518 matrimonium,
610 1475 704 1510 forte
724 1479 760 1509 ct
776 1475 897 1510 liberis
915 1475 1120 1517 subnixum,
1145 1474 1229 1509 velit

136 1520 355 1557 dissolvere?
394 1525 431 1556 et
462 1525 560 1556 certo
590 1521 670 1556 iure
700 1521 852 1563 utimur,
884 1531 929 1556 ne
961 1521 1052 1555 bene
1076 1530 1228 1555 concor-

135 1565 258 1601 dantia
287 1566 514 1601 matrimonia
545 1567 623 1601 iure
646 1566 787 1611 patriae
809 1567 999 1612 potestatis
1023 1566 1227 1601 turbentur.

136 1611 232 1656 quod
260 1614 381 1647 tamen
409 1612 462 1647 sic
495 1612 563 1646 erit
590 1611 848 1654 adhibendum,
879 1615 922 1647 ut
951 1611 1048 1656 patri
1077 1620 1227 1657 persua-

135 1658 272 1700 deatur,
297 1667 342 1692 ne
364 1658 495 1692 acerbe
518 1658 672 1702 patriam
695 1660 911 1703 potestatem
935 1661 1112 1692 exerceat.

181 1700 207 1739 2
235 1702 582 1738 HERMooEMANUs
608 1703 699 1738 libro
730 1707 837 1738 sexto
867 1703 959 1738 iuris
987 1703 1227 1749 epitomarum

135 1748 246 1784 Immo
277 1747 388 1793 magis
418 1747 463 1783 de
492 1757 606 1784 uxore
633 1747 835 1783 exhibenda
859 1759 902 1783 ac
925 1747 1090 1783 ducenda
1113 1751 1227 1792 pater,

134 1794 241 1828 etiam
265 1793 327 1847 qui
349 1792 458 1828 filiam
486 1793 525 1828 in
555 1796 736 1838 potestate
767 1793 899 1836 habet,
931 1803 954 1828 a
977 1793 1105 1829 marito
1129 1796 1228 1829 recte

136 1844 356 1874 convemtur.

181 1882 205 1922 3
231 1884 426 1920 ULPIANUS
442 1883 534 1920 libro
553 1884 846 1931 septuaqensimo
861 1884 985 1938 primo
1004 1884 1055 1919 ad
1072 1883 1227 1919 edictum

136 1930 273 1965 Deinde
304 1929 357 1964 ait
383 1932 549 1974 praetor:
585 1929 634 1965 ‘Si
664 1929 800 1965 Lucius
829 1929 946 1965 Titius
976 1929 1016 1964 in
1047 1932 1228 1975 potestate

135 1975 251 2011 ‘Lucii
274 1974 360 2010 Titii
384 1979 450 2017 est,
499 1985 545 2009 uo
569 1976 688 2010 minus
712 1985 793 2010 eum
816 1975 930 2010 Lucio
952 1975 1048 2010 Titio
1073 1975 1229 2010 ducere2

138 2025 151 2055 1
203 2021 339 2063 ‘liceat,
370 2020 440 2055 vim
498 2021 550 2055 eri
578 2021 683 2056 veto'.
732 2020 927 2065 Superiora
948 2020 1141 2056 interdicta
1165 2030 1226 2055 ex-

135 2066 305 2102 hibitoria
337 2070 440 2108 sunt,
479 2066 549 2101 hoc
590 2070 645 2101 est
709 2067 864 2101 ertinent
895 2066 941 2101 ad
975 2066 1228 2101 exhibitionem

134 2112 329 2148 liberorum
360 2116 647 2156 ceterorumque,
706 2122 725 2146 e
756 2111 887 2156 quibus
919 2122 1030 2157 supra
1054 2111 1225 2146 diximus:

135 2157 205 2192 hoc
239 2161 361 2192 autem
393 2156 624 2192 interdictum
658 2156 816 2202 pertinet
851 2157 898 2192 ad
928 2157 1149 2199 ductionem,
1186 2160 1228 2192 ut

135 2203 268 2238 ducere
290 2202 371 2247 quis
392 2202 509 2255 possit
532 2212 611 2245 eos,
643 2202 682 2237 in
710 2213 799 2248 quos
823 2202 935 2237 habet
956 2202 1012 2237 ius
1037 2203 1226 2238 ductionis.

135 2251 258 2293 itaque
273 2247 374 2293 prius
390 2247 631 2290 interdictum,
657 2248 753 2292 quod
776 2251 831 2283 est
851 2248 895 2283 de
913 2248 1036 2283 liberis
1055 2248 1227 2283 exhiben-

135 2293 201 2338 dis,
224 2293 536 2339 praeparatorium
565 2297 622 2328 est
649 2292 756 2328 huius
778 2293 978 2329 interdicti:
1011 2305 1082 2339 quo
1114 2293 1227 2338 magis

136 2341 156 2373 2
202 2339 298 2374 enim
322 2338 399 2391 quis
423 2338 507 2373 duci
528 2338 661 2384 possit,
686 2338 908 2374 exhibendus
931 2338 1012 2375 fuit.
1061 2338 1142 2374 ³Ex
1165 2339 1226 2374 iis-

135 2384 216 2419 dem
240 2393 361 2419 0611618
383 2383 454 2419 hoc
476 2383 706 2419 interdictum
729 2383 958 2419 tribuendum
982 2386 1053 2427 est,
1078 2395 1124 2419 ex
1147 2384 1225 2429 qui-

137 2430 204 2465 bus
228 2430 347 2464 causis
371 2429 415 2464 de
439 2429 647 2464 exhibendis
672 2429 794 2464 liberis
818 2440 897 2464 coin
924 2433 1022 2465 etere
1053 2429 1224 2466 diximus:

135 2475 256 2520 itaque
285 2484 532 2520 quaecumque
558 2475 609 2510 ibi
632 2474 805 2519 diximus,
838 2485 881 2510 ea
907 2485 963 2510 em
993 2475 1052 2510 hic
1107 2485 1226 2520 uoque

136 2524 155 2554 3
204 2520 300 2555 dicta
337 2519 546 2564 accipienda
582 2523 677 2555 sunt.
732 2519 813 2555 Hoc
845 2524 966 2556 autem
995 2520 1089 2556 inter
1114 2521 1226 2555 ictum

136 2564 308 2610 competit
330 2575 405 2600 non
428 2565 599 2601 adversus
621 2565 740 2610 ipsum
762 2565 894 2608 filium,
926 2576 1032 2611 quem
1055 2566 1134 2610 quis
1158 2566 1225 2600 du-

138 2621 220 2646 cere
243 2610 337 2653 vult,
368 2609 431 2645 sed
460 2611 582 2655 utique
613 2621 693 2645 esse
717 2610 823 2646 debet
845 2611 900 2646 is⁴
924 2611 986 2656 qui
1010 2621 1092 2646 eum
1114 2611 1224 2647 inter—

136 2655 233 2692 dicto
257 2655 444 2691 defendat:
470 2660 629 2691 ceterum
648 2660 767 2691 cessat
782 2656 1021 2698 interdictum,
1047 2661 1083 2692 et
1100 2666 1224 2692 succe-

136 2701 220 2736 dere
238 2702 371 2746 poterit
389 2701 489 2736 notio
508 2700 698 2745 praetoris,
722 2705 764 2735 ut
782 2701 879 2745 apud
897 2711 978 2736 eum
994 2701 1225 2747 disceptetur,

135 2751 157 2781 4
204 2749 323 2781 utrum
353 2746 432 2790 quis
460 2746 499 2780 in
521 2749 702 2791 potestate
724 2747 771 2781 sit
794 2756 842 2781 an
865 2757 939 2782 non
962 2747 1017 2781 sit.
1064 2747 1225 2783 Iulianus

136 2791 197 2834 ait,
223 2791 387 2835 quotiens
411 2790 449 2826 id
470 2790 700 2826 interdictum
722 2795 886 2827 movetur
905 2792 949 2827 de
967 2791 1042 2827 filio
1060 2793 1225 2828 ducendo

137 2837 191 2872 vel
223 2836 378 2881 cognitio
409 2840 445 2871 et
475 2836 506 2871 is
537 2836 583 2871 de
606 2847 677 2881 quo
701 2836 819 2881 agitur
840 2837 1005 2882 impubes
1029 2841 1103 2881 est,
1135 2838 1225 2874 alias

137 2881 294 2917 differri⁵
328 2885 492 2926 oportere
526 2891 603 2916 rem
638 2882 676 2916 in
707 2885 847 2927 tempus
876 2882 1096 2927 pubertatis,
1135 2883 1225 2918 alias

138 2927 415 2973 repraesentari:
445 2926 552 2971 idque
583 2937 627 2962 ex
657 2937 812 2972 persona
841 2937 981 2970 eorum,
1012 2928 1107 2964 inter
1157 2939 1226 2964 uos

137 2972 380 3008 controversia
404 2971 483 3014 erit,
509 2976 544 3006 et
569 2982 614 3006 ex
634 2982 764 3016 genere
784 2983 917 3008 causae
937 2974 1140 3010 constituen
1166 2985 1227 3009 uin

137 3022 203 3053 est.
249 3027 333 3053 nam
356 3016 388 3052 si
410 3017 452 3060 is,
478 3016 539 3060 qui
562 3027 601 3052 se
619 3021 758 3062 patrem
775 3018 870 3062 dicit,
894 3019 1119 3055 auctoritatis
1138 3030 1225 3065 pru-

137 3062 279 3098 dentiae
309 3062 393 3097 fidei
424 3072 467 3096 ex
494 3062 631 3097 loratae
661 3065 773 3106 esset,
811 3074 926 3108 usque
958 3063 998 3099 in
1029 3064 1122 3100 diem
1152 3064 1225 3100 litis

136 3109 356 3153 impuberem
386 3073 492 3153 apud1
512 3117 552 3143 se
580 3107 771 3144 habehim:
802 3108 833 3144 is
856 3119 960 3152 vero,
993 3110 1055 3155 qui
1080 3114 1225 3146 contro-

137 3153 288 3188 versiam
318 3153 424 3196 facit,
455 3152 599 3187 humilis
629 3152 864 3189 calumniator
893 3157 1002 3190 notae
1032 3154 1225 3200 nequitiae,

136 3198 439 3243 repraesentanda
469 3198 624 3242 cognitio
655 3201 720 3233 est.
765 3198 851 3234 item
880 3200 912 3235 si
941 3200 992 3242 is,
1024 3200 1085 3245 qui
1107 3200 1156 3235 im
1182 3211 1224 3235 u-

136 3244 258 3279 berem
289 3247 395 3288 negat
424 3243 463 3278 in
494 3243 613 3278 aliena
643 3245 822 3288 potestate
852 3254 951 3287 esse,
983 3245 1036 3280 vir
1059 3211 1225 3281 omnihus

137 3288 251 3324 modis
273 3289 466 3334 probatus,
497 3292 596 3323 tutor
617 3288 674 3323 vel
697 3292 911 3325 testamento
934 3290 990 3326 vel
1013 3301 1036 3326 a
1057 3294 1225 3337 praetore

137 3334 244 3369 datus
265 3333 459 3379 pupillum,
492 3344 596 3379 quem
624 3333 662 3368 in
691 3333 783 3368 diem
805 3334 877 3369 litis
900 3335 998 3380 apud
1022 3345 1060 3371 se
1085 3335 1224 3378 habuit,

136 3382 277 3421 tuetur,
305 3378 336 3414 is
364 3388 465 3423 vero,
497 3379 559 3424 qui
584 3383 727 3431 patrem
752 3388 790 3414 se
814 3378 917 3422 dicit,
949 3385 1139 3427 suspectus
1171 3384 1226 3416 est

138 3423 241 3468 quasi
272 3423 526 3467 calumniator,
558 3423 693 3459 differri
715 3423 813 3460 litem
836 3426 932 3459 n0n⁷
955 3426 1147 3471 oportebit.
1194 3426 1225 3462 si

136 3479 221 3504 vei-o
244 3472 397 3514 utraque
418 3479 574 3515 persona
596 3473 766 3514 suspecta
789 3473 845 3505 est
867 3473 932 3505 aut
960 3474 1141 3517 tamquam
1169 3471 1225 3506 in-

184 3585 223 3624 (1)
249 3584 312 3616 Ed.
325 3591 347 3616 1.
359 3590 393 3621 3;
411 3583 491 3616 Sab.
503 3591 535 3622 4;
551 3584 639 3627 App.
651 3592 687 3622 ὅς
704 3584 789 3626 Pap.
801 3590 828 3616 2.
837 3601 883 3608 -—
892 3583 978 3617 Bas-
989 3585 1044 3625 31,
1055 3591 1168 3619 12...15.
1177 3603 1221 3609 -

142 3629 193 3673 Cf.
210 3629 288 3662 Cod.
302 3630 335 3670 8,
347 3635 365 3662 8
442 3629 486 3670 (2)
510 3627 619 3661 dicere
631 3629 666 3661 F
732 3630 777 3670 (3)
800 3630 835 3661 et
846 3629 905 3662 im.
920 3628 973 3662 F²
1047 3631 1091 3671 (4)
1116 3630 1146 3662 is
1158 3630 1219 3663 del.

137 3675 182 3715 (5)
206 3672 335 3708 differei
345 3673 380 3706 F
466 3677 509 3714 (o)
534 3683 639 3715 usque
651 3698 660 3706 .
670 3698 678 3706 .
687 3698 696 3705 .
708 3672 845 3706 habebit
857 3673 918 3707 del.
1008 3674 1052 3717 (7)
1076 3685 1144 3707 11011
1158 3675 1220 3708 del.

138 3721 183 3759 (8)
208 3718 368 3751 educetur
379 3718 452 3752 edd.
523 3719 579 3758 (θ’)
603 3718 694 3751 filius
705 3717 848 3751 familias
859 3731 922 3752 scr.
992 3723 1037 3760 (6)
1061 3720 1147 3752 forte
1160 3724 1220 3752 ins.

143 3765 205 3805 (ιο)
228 3763 373 3796 abeundi
386 3764 423 3804 S,
443 3761 587 3797 habendi
601 3764 636 3796 F

1217 116 1304 168 705

1882 122 2118 171 XXXXIII.
2145 129 2213 170 30.
2239 125 2307 169 31.
2332 125 2384 169 32

1297 248 1403 285 fima
1426 251 1491 284 aut
1513 250 1696 293 tamquam
1718 250 1845 301 turpis,
1870 261 1944 287 non
1967 251 2036 287 erit
2058 251 2230 296 alienum,
2259 251 2386 299 inquit,

1298 294 1451 340 disponi,
1476 294 1573 339 apud
1593 303 1698 338 quem
1715 295 1856 330 interim
1876 307 1964 341 puer
1982 297 2218 334 educeretur⁸
2241 302 2278 334 et
2300 308 2385 334 con-

1297 340 1508 375 troversiam
1531 339 1570 374 in
1592 343 1733 391 tempus
1756 340 1956 385 pubertatis
1982 342 2132 386 differri,
2157 354 2202 379 ne
2225 354 2289 397 per
2312 344 2385 379 col-

1299 385 1474 420 lusionem
1487 385 1544 420 vel
1560 384 1773 429 imperitiam
1789 385 1995 423 alterutrius
2015 388 2307 425 contendentium
2323 391 2388 424 aut

1298 431 1436 466 alienae
1466 429 1637 475 potestati
1667 433 1772 474 pater
1802 430 1953 467 familias
1983 432 2172 469 addicatur
2199 438 2264 469 aut
2290 433 2386 470 filius

1299 479 1319 510 5
1366 475 1502 511 alienus
1514 476 1538 496 Β·
1558 474 1672 520 patris
1688 473 1844 510 familiae
1858 476 1937 511 loco
1955 479 2204 515 constituatur.
2235 479 2388 514 Etiamsi

1298 521 1451 556 maxime
1481 523 1598 556 autem
1629 520 1760 564 probet
1791 520 1902 555 filium
1932 526 2036 567 pater
2058 524 2096 558 in
2119 534 2186 559 sua
2233 528 2387 560 otestate

1298 576 1389 609 esse,
1413 570 1535 602 tamen
1560 576 1671 601 causa
1695 565 1839 610 cognita
1861 570 1974 602 mater
1997 568 2034 603 in
2053 568 2189 604 retinen
2215 580 2236 604 o
2257 580 2301 605 60
2321 580 2386 615 po-

1298 612 1368 647 tior
1397 612 1480 654 erit,
1511 611 1619 656 idque
1641 610 1796 647 decretis
1819 610 1889 646 divi
1911 611 1969 647 Pii
1991 613 2203 657 quibusdam
2227 615 2387 650 contine·

1297 660 1376 692 tur:
1409 657 1566 702 optinuit
1597 657 1717 692 enim⁹
1745 659 1861 692 mater
1891 657 1937 692 ob
1966 659 2159 704 nequitiam
2181 660 2313 704 patris,
2346 664 2388 695 ut

1300 702 1377 738 sine
1408 702 1648 738 deminutione
1676 702 1817 747 patriae
1846 704 2034 746 potestatis
2065 704 2161 748 apud
2191 715 2271 740 eam
2292 705 2387 740 filius

1298 752 1319 782 6
1367 752 1536 783 moretur.
1584 748 1627 782 In
1649 746 1719 782 hoc
1743 747 1954 790 interdicto,
1981 748 2093 784 donec
2117 760 2174 785 res
2198 750 2386 792 iudicetur,

1297 792 1482 835 feminam,
1512 796 1779 838 praetextatum
1808 803 1979 838 eumque,
2009 794 2069 838 qui
2098 796 2257 839 proxime
2283 806 2385 840 prae-

1297 839 1427 874 textati
1451 842 1606 874 aetatem
1630 837 1796 882 accedet,
1828 838 1970 873 interim
1993 839 2089 883 apud
2113 844 2260 875 matrem
2283 841 2386 875 fami-

1298 884 1364 919 lias
1396 884 1527 930 deponi
1558 888 1705 929 praetor
1734 883 1845 919 iubet.
1893 884 2054 929 proxime
2090 889 2244 920 aetatem
2282 896 2386 930 prae-

1298 930 1427 965 textati
1451 929 1623 965 accedere
1647 939 1727 964 eum
1752 929 1918 972 dicimus,
1951 929 2011 982 qui
2040 930 2211 974 puberem
2234 935 2388 966 aetatem

1297 986 1394 1010 nunc
1432 975 1615 1019 ingressus
1650 978 1716 1010 est.
1765 985 1847 1010 oum
1891 974 1993 1010 audis
2035 979 2184 1010 matrem
2224 975 2388 1018 familias,

1297 1021 1422 1066 accipe
1445 1025 1553 1056 notae
1577 1019 1804 1056 auctoritatis
1827 1019 2009 1055 feminam.

1344 1065 1370 1103 4
1394 1067 1621 1101 AFRICANUS
1647 1066 1739 1101 libro
1770 1069 1902 1112 quarto
1934 1066 2184 1111 quaestionum
2230 1065 2270 1101 Si
2296 1076 2388 1108 eum,

1299 1112 1359 1156 qui
1383 1121 1423 1146 se
1444 1115 1585 1156 patrem
1608 1110 1762 1146 familias
1792 1110 1907 1153 dicat,
1937 1120 2002 1155 ego
2036 1110 2072 1145 in
2103 1121 2183 1146 mea
2209 1114 2390 1156 potestate

1298 1167 1377 1193 esse
1401 1160 1439 1193 et
1460 1157 1562 1192 iussn
1584 1167 1664 1192 meo
1689 1156 1806 1192 adisse
1830 1155 2067 1192 hereditatem
2091 1156 2224 1200 dicam,
2248 1160 2322 1191 tam
2346 1156 2390 1192 de

1298 1202 1497 1238 hereditate
1521 1202 1579 1247 agi
1602 1206 1769 1246 oportere
1793 1212 1900 1247 quam
1924 1201 1972 1237 ad
1995 1201 2223 1237 interdictum
2249 1202 2293 1236 de
2316 1201 2389 1237 filio

1298 1248 1462 1283 ducendo
1487 1248 1532 1282 iri
1556 1248 1686 1283 debere
1709 1248 1770 1282 ait.

1344 1293 1368 1330 5
1404 1293 1436 1328 V
1435 1302 1633 1328 ENULEJUS
1652 1292 1744 1328 libro
1766 1295 1898 1338 quarto
1919 1292 2192 1328 interdictorum
2240 1291 2278 1326 Si
2296 1290 2390 1327 filius

1298 1349 1365 1374 sua
1389 1343 1518 1383 sponte
1540 1337 1638 1383 apud
1662 1338 1816 1383 aliquem
1839 1342 1906 1381 est,
1930 1337 2055 1373 inutile
2074 1337 2144 1372 hoc
2162 1336 2390 1372 interdictum

1297 1384 1376 1427 erit,
1398 1384 1482 1429 quia
1499 1383 1595 1419 filius
1615 1384 1726 1429 magis
1748 1383 1846 1429 apud
1865 1394 1904 1419 se
1925 1393 2033 1428 quam
2051 1382 2149 1428 apud
2168 1393 2249 1418 euin
2269 1387 2333 1426 est,
2353 1383 2391 1417 in

1297 1440 1402 1475 quem
1424 1429 1669 1471 interdicetur,
1695 1440 1778 1464 cum
1796 1429 1945 1463 liberam
1965 1428 2175 1463 facultatem
2193 1428 2349 1464 abeundi
2362 1431 2390 1449 ¹⁰

1296 1476 1352 1510 vel
1382 1474 1590 1511 remanendi
1618 1474 1788 1510 haberet:
1826 1474 1895 1509 nisi
1927 1474 1959 1510 si
1986 1474 2081 1509 inter
2110 1473 2220 1516 duos,
2258 1473 2320 1517 qui
2351 1483 2389 1509 se

1296 1524 1419 1565 patres
1445 1521 1620 1564 dicerent,
1646 1520 1890 1556 controversia
1913 1523 2009 1555 esset
2032 1524 2068 1555 et
2091 1519 2181 1555 alter
2205 1518 2251 1554 ab
2276 1519 2389 1554 altero

1297 1566 1460 1602 exhiberi
1484 1577 1565 1602 euin
1589 1566 1819 1601 desideraret.

1757 1727 1890 1767 XXXI
1900 1727 1939 1767 ¹¹.

1735 1804 1764 1825 ¹²
1771 1804 1952 1838 UTRUBI.

1349 1881 1366 1919 1
1385 1882 1411 1903 ¹³
1451 1880 1648 1918 ULPJANUS
1687 1882 1779 1919 libro
1815 1883 2111 1930 septuaqensimo
2147 1882 2305 1918 secundo
2341 1883 2391 1918 ad

1297 1928 1452 1964 edictum
1500 1928 1654 1963 Praetor
1675 1927 1743 1963 ait:
1770 1928 1911 1964 ‘Utrubi
1933 1928 1993 1964 hic
2016 1928 2135 1972 homo,
2160 1939 2231 1973 quo
2251 1928 2296 1963 de
2315 1928 2390 1973 agi-

1298 1976 1386 2016 ‘tur,
1417 1973 1554 2008 maiore
1584 1976 1689 2018 parte
1717 1973 1870 2010 huiusce
1898 1975 1984 2009 anni
2007 1973 2094 2016 fuit,
2125 1984 2195 2019 quo
2219 1974 2335 2009 minus
2357 1973 2390 2009 is

1300 2023 1315 2054 1
1366 2023 1461 2055 ‘eum
1485 2019 1613 2059 ducat,
1644 2019 1715 2054 vim
1738 2019 1817 2055 fieri
1839 2020 1944 2055 veto’.
1990 2020 2070 2055 Hoc
2096 2019 2322 2054 interdictum
2345 2019 2390 2054 de

1297 2064 1525 2110 possessione
1549 2074 1668 2099 16111111
1692 2065 1878 2100 mobilium
1900 2065 2020 2101 locum
2043 2065 2171 2100 habet:
2204 2064 2267 2100 sed
2297 2064 2390 2109 opti-

1297 2111 1376 2145 nuit
1398 2110 1468 2146 vim
1491 2110 1570 2146 eius
1594 2114 1831 2155 exaequatam
1853 2110 1965 2146 fuisse
1988 2110 2041 2145 uti
2064 2109 2256 2155 possidetis
2277 2109 2388 2145 inter-

1296 2156 1404 2198 dicto,
1430 2156 1527 2200 quod
1550 2155 1595 2191 de
1618 2156 1725 2192 rebus
1739 2157 1767 2177 ¹⁴
1790 2156 1858 2192 soli
1882 2156 2063 2201 competit,
2088 2159 2130 2191 ut
2151 2155 2183 2191 is
2207 2158 2245 2190 et
2261 2155 2300 2190 in
2319 2155 2388 2190 hoc

1294 2201 1487 2237 interdicto
1509 2200 1650 2243 vincat,
1684 2201 1745 2247 qui
1767 2212 1835 2237 nec
1857 2201 1893 2237 vi
1916 2212 1983 2237 nec
2008 2202 2100 2236 clam
2123 2211 2190 2236 nec
2213 2200 2388 2246 precario,

1295 2247 1381 2282 dum
1400 2258 1447 2327 {u
1474 2257 1514 2282 er
1536 2246 1606 2282 hoc
1632 2247 1679 2282 ab
1703 2247 1908 2283 adversario
1933 2247 2164 2292 inquietatur,
2187 2245 2384 2291 possessio-

1296 2303 1377 2328 nem
1426 2303 1447 2327 a
1475 2296 1523 2327 et.

1740 2454 1893 2495 XXXII
1904 2453 1944 2494 ¹⁸.

1670 2532 1733 2565 DE
1756 2532 2012 2566 MiGRANDo.

1344 2609 1362 2647 1
1398 2609 1594 2646 Uimiws
1614 2610 1706 2646 libro
1725 2610 2018 2657 septuaqensimo
2039 2609 2143 2644 tertio
2163 2608 2213 2643 ad
2231 2607 2384 2644 edictum

1293 2655 1446 2691 Praetor
1468 2655 1537 2691 ait:
1571 2656 1621 2691 ‘Si
1644 2656 1675 2691 is
1699 2656 1817 2698 homo,
1842 2666 1914 2700 quo
1938 2655 1982 2690 de
2006 2655 2136 2699 agitur,
2166 2664 2240 2688 11011
2263 2656 2318 2689 est
2340 2664 2386 2688 ex

1294 2701 1363 2737 ‘his
1394 2701 1523 2744 rebus,
1556 2701 1601 2736 de
1632 2701 1764 2746 quibus
1792 2702 1886 2736 inter
1908 2703 1945 2736 te
1968 2704 2004 2736 et
2027 2703 2185 2735 actorem
2208 2698 2384 2741 convenit,

1295 2748 1365 2790 ‘ut,
1399 2757 1491 2792 quae
1520 2746 1559 2782 in
1583 2757 1661 2782 eam
1684 2746 1943 2782 habitationem
1968 2756 2040 2790 qua
2064 2745 2108 2781 de
2131 2744 2249 2789 agitur
2269 2743 2383 2779 intro-

1295 2791 1417 2827 ‘ducta
1439 2792 1635 2838 importata
1657 2792 1708 2827 ibi
1729 2796 1817 2826 nata
1840 2791 1982 2826 factave
2005 2793 2143 2832 essent,
2174 2799 2217 2825 ea
2243 2789 2384 2841 pignori

1294 2837 1373 2872 ‘tibi
1403 2848 1468 2882 pro
1502 2837 1664 2873 mercede
1697 2837 1774 2872 eius
1806 2836 2039 2872 habitationis
2070 2839 2206 2878 essent,
2238 2844 2311 2870 sive
2339 2844 2383 2868 ex

1294 2882 1362 2918 ‘his
1385 2883 1493 2918 rebus
1517 2886 1573 2918 est
1595 2886 1632 2918 et
1645 2884 1673 2904 ¹⁶
1697 2893 1740 2918 ea
1759 2892 1896 2917 merces
1915 2881 1981 2917 tibi
2000 2881 2119 2917 soluta
2138 2889 2223 2915 eove
2242 2879 2383 2914 nomine

1294 2927 1534 2964 ‘satisfactum
1558 2932 1613 2964 est
1636 2931 1701 2963 aut
1722 2930 1787 2972 per
1809 2930 1846 2962 te
1870 2930 1954 2969 stat,
1978 2937 2048 2972 quo
2069 2926 2185 2961 minus
2203 2925 2379 2960 solvatur:

1294 2973 1366 3017 ‘ita,
1391 2983 1462 3018 quo
1485 2974 1603 3008 minus
1626 2973 1670 3017 ei,
1696 2973 1757 3018 qui
1780 2982 1862 3008 eum
1884 2972 2043 3052 pignoris
2066 2971 2207 3006 nomine
2229 2968 2379 3021 induxit,

1298 3022 1313 3054 1
1362 3018 1457 3054 ‘inde
1479 3018 1659 3054 abducere
1681 3018 1799 3060 liceat,
1825 3018 1896 3053 vim
1946 3017 1997 3052 eri
2018 3016 2122 3052 veto’.
2168 3015 2248 3049 Hoc
2270 3017 2378 3048 mter-

1293 3063 1429 3099 dictum
1451 3064 1667 3109 proponitur
1688 3062 1874 3108 inquilino,
1899 3062 1961 3108 qui
1980 3062 2100 3113 soluta
2117 3060 2286 3119 pensione
2304 3058 2381 3110 yult

1293 3112 1313 3143 2
1361 3108 1531 3153 migrare:
1554 3119 1639 3144 nam
1658 3108 1787 3144 colono
1803 3119 1878 3143 non
1895 3110 2073 3153 competit.
2115 3106 2181 3139 bui
2199 3114 2253 3139 161
2271 3106 2378 3138 etiam

1294 3157 1397 3189 extra
1420 3154 1580 3189 ordinem
1603 3153 1784 3189 subveniri
1806 3156 1944 3198 potest:
1977 3161 2059 3196 ergo
2087 3150 2292 3200 infrequens
2323 3151 2379 3199 est

1294 3203 1314 3234 3
1361 3199 1431 3234 hoc
1454 3198 1695 3234 interdictum.
1745 3198 1784 3234 Si
1812 3202 1933 3234 tamen
1958 3195 2161 3247 gratuitam·
2173 3203 2251 3239 quis
2274 3192 2378 3227 habi-

1292 3243 1466 3279 tationem
1494 3244 1648 3286 habeat,
1677 3243 1749 3279 hoc
1770 3243 1999 3279 interdictum
2021 3240 2107 3276 utile
2130 3248 2164 3274 ei
2186 3240 2376 3282 competet.

1293 3292 1316 3324 4
1363 3288 1440 3324 81¹⁷
1470 3288 1596 3334 pensio
1627 3289 1787 3325 nondum
1816 3289 2007 3329 debeatur,
2022 3283 2237 3338 ‚aitLabeo
2261 3283 2376 3335 ‚inter-

1293 3334 1429 3370 dictum
1451 3333 1522 3370 hoc
1546 3344 1707 3377 cessare,
1738 3333 1808 3370 nisi
1831 3336 1978 3378 paratus
2001 3333 2048 3366 sit
2071 3339 2148 3364 eam
2171 3337 2377 3379 pensionem

1294 3380 1442 3415 solvere.
1489 3378 1639 3425 proinde
1669 3379 1701 3415 si
1730 3382 1959 3415 semenstrem
1987 3374 2110 3416 solvit,
2147 3375 2376 3408 sexmenstris

1294 3424 1478 3468 debeatur,
1501 3424 1674 3460 inutiliter
1695 3424 1894 3464 interdicet,
1918 3420 1987 3456 nisi
2009 3418 2154 3471 solverit
2173 3422 2209 3470 et
2225 3427 2264 3471 se
2288 3427 2375 3452 uen-

1293 3469 1340 3505 tis
1358 3468 1601 3512 semenstris,
1624 3470 1676 3505 ita
1693 3473 1825 3511 tamen,
1844 3468 1876 3503 si
1893 3468 2078 3502 conventio
2095 3463 2260 3508 speciahs
2294 3465 2377 3497 acta

1337 3585 1392 3625 (11)
1417 3584 1543 3617 Ed.—-
1562 3584 1648 3617 Bas.
1664 3585 1775 3623 60,1·1,
1788 3588 1823 3615 2⁷
1914 3580 1974 3621 (12)
1999 3578 2040 3611 de
2060 3579 2119 3610 ins.
2140 3576 2178 3616 F,
2197 3587 2261 3608 non
2281 3575 2378 3608 habet

1291 3630 1360 3662 ind.
1373 3629 1407 3662 F
1524 3631 1583 3671 (13)
1609 3630 1655 3662 ad
1668 3633 1684 3667 ἓ
1699 3635 1712 3661 1
1726 3629 1769 3669 cf.
1783 3626 1864 3658 Inst.
1878 3626 1911 3665 4,
1925 3632 1968 3665 15,
1981 3631 2022 3657 4α
2140 3623 2198 3660 (14)
2222 3631 2334 3653 rerum
2346 3621 2380 3652 F

1293 3675 1548 3759 (izgugtaqss-
1562 3675 1646 3707 Bas.
1659 3674 1714 3715 60,
1727 3679 1760 3705 19
1875 3673 1934 3710 (16)
1960 3671 2009 3701 est
2020 3667 2064 3710 et]
2078 3668 2125 3700 sic
2135 3666 2230 3703 Hal„
2252 3667 2334 3698 esset
2343 3666 2379 3696 F

2059 3815 2102 3851 89
