2528 3918
92 133 178 165 VEL
208 132 384 164 CONTRA

91 242 304 285 cedendam,
337 240 526 277 etidcirco
551 239 711 274 mandati
734 249 814 274 eum
848 249 920 273 non
951 238 1082 281 teneri,
1116 238 1179 273 sed

90 292 216 325 contra
249 286 430 322 mandati¹
455 295 560 329 agere
582 294 708 329 posse,
734 284 764 319 si
787 284 873 329 quid
897 284 973 319 eius
996 283 1177 319 interfuis-

90 338 162 376 set,
187 333 271 379 quia
301 332 393 367 forte
423 330 631 365 venditurus
663 340 735 365 non
765 329 883 364 fuerit.
922 333 1049 364 contra
1078 339 1177 364 man-

90 380 210 421 dator,
243 378 273 413 si
296 387 370 412 rem
394 375 439 410 ab
465 385 506 410 eo
530 375 710 410 vindicare
733 375 833 417 velit,
867 375 1075 420 exceptione
1106 374 1178 410 doli

90 426 328 460 summovetur
359 424 395 457 et
425 420 594 456 adversus
626 420 869 456 1101111110101112
903 420 1086 455 1031010113
1122 420 1177 455 3111

88 470 197 504 1101101
221 479 264 503 ex
288 469 405 512 empto
430 466 507 501 iure
530 465 745 501 hereditario
770 465 957 501 actionem.

134 512 186 551 50
215 512 359 549 CELSUS
386 511 476 547 libro
509 512 690 557 triqesimo
722 514 847 546 octavo
871 511 1093 557 diqestorum
1140 509 1177 545 Si

88 560 116 595 is
141 558 202 604 qui
224 557 366 602 negotia
388 556 607 591 fideiussoris
631 556 776 601 gerebat
807 556 859 591 ita
892 556 997 591 solvit
1027 555 1175 601 stipula-

88 604 165 647 tori,
189 606 230 638 ut
251 613 350 638 reum
374 601 689 646 fideiussoremque
712 602 891 643 liberaret,
916 601 1024 647 idque
1043 601 1177 636 utiliter

87 650 181 691 fecit,
206 648 427 692 negotiorum
450 651 631 692 gestorum
654 647 796 682 actione
819 646 1089 682 fideiussorem³
1112 647 1175 682 ha-

88 695 147 730 bet
171 694 375 739 obligatum,
401 703 467 728 nec
490 692 611 734 refert,
636 696 753 727 ratum
776 692 904 727 habuit
927 703 994 728 nec
1018 703 1064 728 ne
1087 691 1174 727 fide-

87 741 212 776 iussor.
249 738 313 774 sed
336 738 547 774 fideiussor¹¹
572 738 678 773 etiam
702 742 892 783 antequam
918 738 1070 773 solveret
1092 748 1174 782 pro-

88 784 243 821 curatori
266 784 472 829 pecuniam,
498 783 603 818 simul
627 794 670 818 ac
693 787 811 818 ratum
835 784 1039 825 habuisset,
1064 783 1174 819 habe-

92 835 103 865 l
153 834 208 866 ret
230 833 349 864 tamen
373 829 532 864 mandati
557 829 743 864 actionem.
793 829 884 871 Sive,
911 840 992 864 cum
1015 828 1173 864 frumen-

87 881 161 911 tum
193 875 401 917 deberetur,
433 874 622 909 fideiussor
645 874 807 910 Africum
839 874 954 917 dedit,
987 875 1059 910 sive
1091 874 1175 919 quid

87 932 130 957 ex
153 921 366 956 necessitate
390 920 571 955 solvendi⁵
594 921 674 964 plus
698 920 871 965 impendit
895 930 1000 964 quam
1020 923 1074 955 est
1093 930 1173 965 pre-

88 967 174 1002 tium
199 966 337 1001 solutae
361 966 437 1008 rei,
464 965 535 1000 sive
561 964 721 1000 Stichum
746 966 851 1001 solvit
874 966 999 1010 isque6
1023 965 1175 1000 decessit

86 1015 148 1047 aut
179 1012 359 1047 debilitate
391 1010 568 1055 flagitiove
599 1010 646 1045 ad
678 1011 814 1046 nullum
846 1011 999 1056 pretium
1031 1011 1086 1046 sui
1117 1021 1173 1046 re-

86 1058 211 1093 dactus
237 1061 301 1099 est,
327 1056 363 1091 id
387 1056 546 1091 mandati
569 1056 699 1091 iudicio
727 1061 1014 1102 consequeretur.

131 1101 179 1139 51
209 1102 254 1137 [Α
265 1112 436 1137 VOLENUS
464 1102 555 1137 libro
589 1112 683 1137 nono
715 1113 765 1138 ex
801 1102 920 1138 Cassio
967 1101 1175 1137 Fideiussor

86 1148 242 1194 quamvis
267 1148 354 1193 per⁷
381 1157 535 1182 errorem
559 1152 643 1182 ante
676 1147 768 1182 diem
799 1147 988 1192 pecuniam
1019 1147 1172 1189 solverit,

85 1194 272 1239 repetere⁸
296 1197 414 1228 tamen
438 1193 483 1228 ab
509 1193 576 1228 e0⁹
607 1204 678 1228 non
711 1197 831 1238 potest
863 1203 905 1228 ac
938 1203 983 1228 ne
1014 1193 1173 1227 mandati

84 1239 224 1284 quidem
246 1239 431 1281 actionem,
457 1242 647 1283 antequam
669 1239 742 1274 dies
763 1238 922 1274 solvendi
941 1238 1071 1281 veniat,
1094 1249 1174 1273 cum

84 1296 143 1320 reo
169 1285 324 1319 habebit.

129 1327 182 1367 52
207 1330 315 1364 IDEM
340 1329 430 1364 libro
455 1329 579 1374 primo
612 1329 849 1376 epistularum
896 1330 1172 1373 Fideiussorem,

85 1376 114 1411 si
138 1376 213 1410 sine
237 1375 435 1410 adiectione
459 1374 630 1410 bonitatis
655 1375 763 1409 tritici
787 1386 851 1420 pro
877 1375 990 1410 altero
1015 1375 1172 1410 triticum

84 1421 292 1466 spopondit,
330 1420 513 1465 quodlibet
543 1420 701 1455 triticum
733 1420 850 1455 dando
886 1431 987 1455 reum
1021 1421 1174 1456 liberare

84 1477 189 1512 posse
213 1466 393 1501 existimo:
428 1476 451 1501 a
482 1476 542 1501 reo
575 1470 693 1501 autem
718 1476 790 1501 non
815 1466 910 1500 aliud
935 1466 1093 1501 triticum
1117 1477 1172 1501 re-

83 1516 204 1557 petere
228 1512 376 1557 poterit,
409 1522 516 1557 quam
541 1522 610 1556 quo
635 1511 789 1556 pessimo
815 1512 934 1546 tritico
959 1512 1112 1547 liberare
1136 1523 1174 1548 se

84 1567 106 1592 a
141 1557 351 1602 stipulatore
385 1557 494 1592 licuit.
544 1557 665 1601 itaque
697 1557 727 1592 si
758 1562 908 1602 paratus
939 1557 1048 1592 fuerit
1079 1568 1172 1600 reus,

107 1603 179 1638 uod
204 1603 321 1638 dando
345 1603 421 1648 ipse
446 1602 613 1638 creditori
636 1603 778 1637 liberari
802 1603 938 1647 potuit,
970 1603 1174 1639 fideiussori

84 1614 169 1683 dare
194 1652 228 1683 et
252 1648 439 1683 fideiussor
462 1648 498 1683 id
523 1648 618 1693 quod
642 1648 795 1690 dederit,
820 1648 856 1683 id
881 1651 936 1683 est
959 1649 1084 1684 melius
1109 1649 1171 1683 tri-

83 1694 192 1728 ticum
227 1694 411 1736 condicet,
446 1694 654 1739 exceptione
686 1703 765 1728 eum
798 1693 870 1728 doli
902 1694 986 1728 mali
1017 1704 1171 1730 summo-

83 1739 154 1774 veri
180 1740 352 1774 existimo.

130 1781 182 1821 53
209 1784 457 1819 Pammffivs
478 1784 568 1819 libro
593 1794 688 1818 nono
713 1784 964 1829 quaestionum
1011 1783 1079 1828 Qui
1103 1783 1174 1820 fide

83 1830 228 1865 alterius
249 1841 312 1875 pro
335 1830 403 1864 alio
426 1829 600 1864 fideiussit
611 1834 800 1874 praesente
821 1833 856 1864 et
876 1840 948 1864 non
970 1834 1172 1872 recusante,

82 1880 252 1920 utrosque
290 1876 464 1919 obligatos
478 1876 504 1895 ¹⁰
540 1875 649 1910 habet
685 1875 761 1910 iure
797 1875 974 1909 mandati:
1013 1875 1108 1920 quod
1143 1876 1174 1911 si

82 1931 145 1966 pro
170 1921 278 1955 invito
303 1921 358 1956 vel
389 1921 574 1965 ignorante
606 1920 852 1955 alterutrius¹¹
878 1920 1084 1956 mandatum
1117 1932 1172 1956 se-

83 1970 184 2001 cutus
205 1966 389 2008 fideiussit,
413 1976 493 2001 eum
515 1966 630 2001 solum
653 1966 841 2001 convenire
862 1970 981 2011 potest
999 1967 1059 2011 qui
1072 1977 1171 2001 man-

83 2012 196 2054 davit,
230 2023 300 2046 non
325 2012 431 2046 etiam
456 2023 555 2046 reum
580 2011 826 2064 promittendi:
860 2022 926 2047 nec
958 2022 1014 2046 me
1044 2016 1172 2055 movet,

83 2057 176 2102 quod
211 2058 364 2102 pecunia
398 2056 616 2092 fideiussoris
652 2067 734 2092 reus
770 2057 956 2092 liberetur:
1000 2057 1038 2092 id
1081 2058 1174 2093 enim

83 2103 254 2147 contingit
278 2106 313 2137 et
337 2103 366 2137 si
390 2113 467 2137 meo
493 2103 661 2138 mandato
687 2113 752 2147 pro
777 2102 846 2138 alio
871 2103 999 2138 solvas.

128 2147 179 2184 54
206 2147 313 2183 IDEM
331 2148 421 2183 libro
442 2148 606 2183 vicesimo
626 2149 777 2194 septimo
798 2149 1048 2193 quaestionum
1085 2148 1173 2184 Cum

82 2203 202 2228 servus
229 2197 349 2228 extero
376 2204 414 2228 se
438 2193 586 2228 mandat
617 2193 822 2235 emendum,
856 2194 992 2228 nullum
1024 2194 1172 2229 manda-

81 2242 155 2273 tum
180 2242 243 2273 est.
283 2238 344 2274 sed
369 2239 398 2273 si
421 2239 458 2273 in
482 2239 551 2274 hoc
576 2239 783 2273 mandatum
807 2239 1010 2274 intercessit
1034 2244 1075 2274 ut
1099 2250 1172 2275 ser-

82 2295 144 2319 vus
166 2284 472 2319 manumitteretur
492 2295 557 2318 nec
578 2284 832 2326 manumiserit,
859 2288 893 2319 et
913 2285 1067 2330 pretium
1088 2296 1173 2329 con-

83 2334 248 2374 sequetur
268 2329 430 2364 dominus
452 2334 492 2364 ut
503 2330 665 2365 venditor
688 2333 723 2364 et
743 2329 893 2365 affectus
914 2330 1054 2365 ratione
1072 2341 1172 2366 man—

82 2375 155 2410 dati
186 2378 327 2419 agetur:
361 2375 454 2420 finge
486 2375 597 2410 filium
621 2375 821 2410 naturalem
844 2375 900 2410 vel
922 2375 1071 2410 fratrem
1096 2387 1174 2412 esse

83 2420 230 2465 (placuit
254 2421 347 2455 enim
371 2421 661 2465 prudentioribus
687 2420 837 2455 affectus
857 2421 1031 2455 rationem
1050 2422 1088 2456 111
1108 2422 1171 2457 110-

81 2476 148 2501 nae
171 2465 253 2500 fidei
276 2466 416 2501 iudiciis
440 2466 667 2508 habendam).
706 2466 801 2510 quod
833 2466 863 2500 si
895 2466 938 2500 de
971 2467 1044 2501 suis
1070 2478 1172 2501 num-

81 2511 145 2546 mis
178 2514 316 2556 emptor
346 2512 498 2556 pretium
522 2511 659 2546 dederit
684 2513 812 2555 (neque
838 2511 930 2546 enim
954 2511 1058 2546 aliter
1081 2512 1172 2547 iudi-

82 2557 135 2591 cio
160 2556 292 2591 venditi
316 2556 460 2591 liberari
483 2560 635 2601 potest),
670 2556 793 2601 quaeri
825 2557 936 2599 solet,
969 2567 1016 2591 an
1038 2558 1172 2592 utiliter

84 2601 127 2636 de
159 2601 299 2646 peculio
333 2612 437 2646 agere
466 2602 591 2647 possit.
630 2605 666 2637 et
688 2601 805 2637 verius
830 2605 865 2636 et
888 2602 1010 2637 utilius
1034 2603 1173 2638 videtur

81 2651 280 2691 praetorem
312 2647 355 2682 de
387 2647 591 2682 huiusmodi
625 2647 869 2682 contractibus
894 2658 1075 2682 servorum
1100 2659 1173 2683 non

82 2692 273 2737 cogitasse,
307 2703 376 2737 quo
410 2703 448 2727 se
478 2693 547 2738 ipsi
578 2693 674 2727 mala
706 2693 844 2727 ratione
878 2692 1029 2728 dominis
1054 2693 1171 2729 aufer-

85 2740 98 2771 1
149 2741 228 2772 rent
242 2738 278 2772 ¹2.
328 2737 365 2772 Si
388 2737 478 2773 liber
501 2739 606 2773 homo
629 2738 724 2772 bona
743 2737 813 2772 fide
831 2738 986 2773 serviens
1007 2739 1131 2774 redimi
1146 2740 1172 2760 ¹³

83 2792 121 2817 se
155 2783 376 2817 mandaverit
406 2783 513 2827 idque
548 2784 700 2818 nummis
737 2783 904 2827 emptoris
938 2783 1076 2819 factum
1112 2784 1170 2827 sit,

84 2828 263 2863 contraria
276 2827 435 2863 mandati
454 2828 595 2863 actione
617 2829 673 2874 agi
693 2838 799 2873 posse
820 2832 971 2871 constat,
992 2832 1033 2863 ut
1053 2832 1172 2864 tamen

81 2873 240 2908 actiones
276 2876 522 2917 praestentur,
559 2884 648 2919 quas
684 2874 794 2908 habet
829 2877 966 2918 emptor
1001 2874 1171 2910 adversus

81 2918 316 2953 venditorem:
350 2918 443 2963 finge
474 2930 547 2954 non
578 2919 827 2954 manumisisse
862 2920 1011 2954 liberam
1047 2931 1170 2964 perso-

83 2973 163 2997 nam
188 2968 392 3008 emptorem.

127 3007 179 3045 55
197 3008 307 3043 IDEM
322 3009 411 3044 libro
426 3010 550 3055 primo
570 3020 825 3055 responsorum
860 3009 1089 3052 Procurator,
1112 3010 1173 3054 qui

82 3064 152 3088 non
176 3064 232 3089 res
256 3054 413 3089 inclusas
438 3054 625 3096 subtraxit,
652 3054 715 3089 sed
737 3054 888 3090 traditas
912 3065 985 3090 non
1007 3055 1171 3098 reddidit,

81 3099 211 3134 iudicio
236 3099 406 3141 mandati,
432 3110 504 3134 non
527 3099 616 3134 furti
640 3102 791 3135 tenetur.

128 3141 180 3181 56
205 3143 312 3179 IDEM
332 3144 422 3179 libro
449 3145 552 3179 tertio
576 3155 830 3191 responsorum
845 3146 872 3166 ¹⁴
919 3144 987 3188 Qui
1011 3148 1172 3180 mutuam

81 3189 269 3233 pecuniam
293 3189 369 3224 dari
392 3189 589 3232 mandavit,
622 3190 751 3225 omisso
783 3200 843 3225 reo
878 3190 1106 3235 promittendi
1139 3194 1174 3225 et

82 3234 289 3279 pignoribus
314 3245 385 3269 non
410 3234 590 3269 distractis
613 3235 691 3279 eligi
712 3238 849 3279 potest:
877 3235 972 3280 quod
995 3235 1048 3270 uti
1065 3236 1173 3270 liceat

83 3279 114 3313 si
149 3279 275 3314 litteris
308 3280 547 3324 exprimatur,
581 3280 759 3315 distractis
793 3290 934 3325 quoque
965 3281 1172 3325 pignoribus

82 3323 129 3358 ad
153 3335 233 3359 eum
258 3325 410 3359 creditor
432 3324 548 3360 redire
571 3325 721 3370 poterit:
755 3325 883 3360 etenim
916 3335 1007 3370 quae
1031 3325 1171 3361 dubita-

83 3369 190 3404 tionis
224 3370 402 3405 tollendae
436 3380 546 3405 causa
578 3370 820 3405 contractibus
852 3370 1079 3413 inseruntur,
1114 3371 1170 3405 ius

83 3483 121 3522 (1)
148 3493 223 3514 011111
243 3493 311 3514 11011
332 3483 439 3516 1011011
460 3483 517 3516 3οᾶ
539 3487 656 3516 contra
676 3484 827 3516 mandati
847 3485 877 3517 S
895 3497 963 3517 cum
983 3484 1037 3526 B,
1061 3497 1119 3517 om.
1141 3485 1176 3516 F
1205 3487 1207 3491 '

83 3529 125 3568 (2)
150 3527 378 3560 venditionem
389 3528 443 3560 ΙΝ
547 3530 589 3570 (3)
615 3529 847 3562 fideiussorum
859 3529 894 3562 F
1001 3530 1043 3570 (4)
1070 3529 1127 3561 sed
1141 3529 1168 3560 si

82 3572 257 3604 fideiussor
270 3572 307 3612 S,
322 3585 383 3605 om.
396 3573 429 3604 F
575 3575 615 3613 (5)
642 3574 736 3606 dedit
749 3585 789 3607 ex
801 3574 1003 3606 necessitate
1016 3573 1169 3606 solvendi

82 3616 151 3648 sive
164 3617 245 3658 quid
257 3629 319 3650 scr.
414 3618 457 3657 (6)
482 3617 572 3659 isqui
586 3619 620 3650 F
697 3621 738 3659 (7)
763 3630 824 3662 per
835 3619 872 3659 S,
887 3619 982 3651 refF
1054 3621 1097 3656 (8)
1124 3619 1173 3651 sic

83 3660 120 3700 S,
134 3664 246 3702 petere
258 3661 291 3693 F
401 3663 444 3703 (9)
470 3662 511 3694 ab
525 3664 576 3703 eo]
588 3673 608 3694 a
619 3674 675 3695 reo
688 3677 750 3697 scr.
874 3664 934 3705 (1ο)
960 3662 1130 3705 obligatus
1143 3663 1178 3695 F

84 3706 139 3746 (11)
165 3705 303 3738 alterius
316 3707 392 3739 dett.
462 3707 521 3748 (12)
547 3707 657 3739 aufert
669 3708 703 3740 F
768 3709 826 3749 (13)
850 3707 922 3740 redi
935 3707 970 3739 F
1037 3708 1094 3748 (14)
1116 3719 1169 3749 pr.

81 3761 162 3795 pars
175 3767 218 3779 ==
231 3752 276 3783 D.
292 3753 345 3790 50,
362 3758 401 3790 Π,
417 3758 449 3785 81
566 3752 623 3793 (15)
650 3752 689 3785 de
704 3753 741 3793 S,
755 3766 813 3786 om.
828 3754 863 3786 F
972 3754 1031 3794 (16)
1057 3762 1172 3784 rursus

1169 112 1247 160 221

2154 117 2276 160 XVII
2315 121 2327 158 1

1251 241 1267 272 1
1318 247 1506 273 0011111111110
1529 249 1604 274 11011
1626 239 1783 274 laedunt.
1832 240 2040 276 Fideiussor
2064 240 2125 286 qui
2148 240 2332 293 pecuniam

1246 283 1284 318 in
1315 283 1392 319 iure
1423 283 1553 329 optulit
1583 287 1619 318 et
1650 295 1714 329 pro
1743 289 1798 319 ter
1829 289 1983 321 aetatem
2007 286 2083 321 eius
2107 297 2167 332 0111
2190 286 2333 331 petebat

1247 328 1448 373 obsignavit
1470 339 1513 364 ac
1537 329 1679 373 publice
1729 331 1876 374 eposuit‚
1904 331 2090 367 confestim
2108 341 2212 376 agere
2233 342 2332 366 man-

1247 376 1266 408 2
1315 374 1391 408 dati
1413 377 1542 419 potest.
1591 374 1674 409 Non
1696 375 1775 410 ideo
1800 376 1915 411 minus
1939 377 2052 412 omnis
2076 377 2246 422 temporis
2270 377 2334 412 bo-

1247 429 1329 454 nam
1362 419 1469 454 fidem
1505 419 1682 464 explorari
1718 424 1878 464 oportet,
1922 422 2019 466 quod
2055 422 2218 458 dominus
2253 426 2335 468 post

1246 475 1360 500 annos
1395 464 1550 510 quinque
1581 464 1664 500 de¹⁵
1694 465 1877 510 provincia
1910 477 2090 510 reversus,
2130 469 2250 503 ¹⁶mox
2285 468 2335 503 rei

1245 510 1411 555 publicae
1443 520 1555 545 causa
1585 510 1810 555 profecturus
1842 521 1914 546 non
1946 522 2031 547 acce
2057 513 2102 548 tis
2134 514 2333 549 rationibus

1245 555 1452 590 mandatum
1475 555 1736 591 instauraverit.
1771 566 1852 590 cum
1877 556 1983 601 igitur
2006 568 2027 592 a
2074 558 2231 593 officium
2250 570 2334 604 pro-

1246 601 1423 636 curatoris
1454 601 1667 646 pertinuerit
1698 600 1869 646 quidquid
1902 612 1946 637 ex
1976 603 2090 647 prima
2114 604 2334 648 negotiorum

1243 649 1426 691 gestorum
1456 646 1764 682 administratione
1777 648 1803 668 ¹⁷
1828 646 1950 682 debuit
1974 647 2021 682 ad
2051 650 2245 684 secundam
2277 660 2334 684 ra-

1244 692 1377 727 tionem
1408 691 1622 735 transferre,
1657 691 1806 727 secundi
1836 693 2006 738 temporis
2039 703 2149 728 causa
2179 695 2334 746 priorem

1245 740 1264 772 3
1311 737 1409 772 litem
1441 737 1623 783 suscipiet.
1672 737 1849 773 Salarium
1878 737 2036 773 incertae
2069 739 2335 783 pollimtationis

1244 793 1358 828 neque
1379 786 1480 818 extra
1500 783 1660 818 ordinem
1679 787 1778 818 recte
1796 783 1930 828 petitur
1948 794 2063 828 neque
2083 784 2213 820 iudicio
2235 796 2333 820 man-

1246 831 1266 863 4
1315 827 1408 871 dati,
1433 832 1474 863 ut
1497 828 1667 863 salarium
1691 828 1757 864 tibi
1781 829 1987 864 constituat.
2037 828 2206 874 Sumptus
2241 831 2335 865 bona

1244 873 1315 908 fide
1345 874 1547 909 necessario
1582 873 1720 917 factos,
1757 874 1823 909 etsi
1854 874 1996 919 negotio
2028 874 2133 909 finem
2166 875 2335 910 adhibere

1244 923 1459 964 procurator
1490 929 1562 954 non
1593 919 1729 964 potuit,
1761 919 1894 955 iudicio
1926 919 2087 954 mandati
2110 920 2249 955 restitui
2274 931 2333 956 ne-

1245 975 1344 1000 cesse
1370 968 1434 1000 est.

1292 1007 1345 1046 57
1382 1009 1491 1046 IDEM
1522 1011 1612 1046 libro
1649 1010 1786 1046 decimo
1821 1021 2078 1057 responsorum
2124 1011 2335 1047 Mandatum

1244 1055 1556 1091 distrahendorum
1591 1067 1773 1092 servorum
1815 1055 1983 1091 defuncto
2027 1056 2088 1102 0111
2130 1057 2336 1093 mandatum

1243 1101 1403 1146 suscepit
1422 1101 1643 1137 intercidisse
1657 1102 1684 1123 ¹⁸
1703 1101 1874 1137 constitit.
1909 1101 2076 1147 quoniam
2095 1105 2215 1138 tamen
2235 1103 2335 1138 here-

1243 1146 1306 1182 des
1331 1147 1404 1182 eius
1430 1157 1549 1183 errore
1572 1147 1663 1192 lapsi
1686 1158 1759 1183 non
1792 1147 1909 1182 animo
1943 1147 2106 1190 furandi,
2140 1148 2203 1183 sed
2236 1159 2335 1184 exse-

1243 1192 1393 1237 quendi,
1425 1193 1522 1238 quod
1546 1192 1736 1228 defunctus
1768 1203 1856 1228 suae
1889 1203 1997 1228 curae
2027 1193 2182 1235 fecerat,
2216 1204 2336 1229 servos

1242 1238 1491 1281 vendiderant,
1526 1248 1586 1274 eos
1619 1239 1707 1274 ab¹⁰
1743 1239 1961 1284 emptoribus
1995 1243 2191 1284 usucaptos
2227 1239 2338 1274 videri

1243 1284 1389 1328 placuit.
1428 1284 1491 1319 sed
1514 1284 1779 1320 venaliciarium
1799 1295 1843 1318 ex
1862 1284 2046 1328 provincia
2065 1294 2243 1320 reversum
2265 1284 2336 1320 Pu-

1244 1329 1400 1364 bliciana
1432 1330 1574 1365 actione
1606 1340 1679 1365 non
1708 1330 1921 1365 11111111110120
1945 1333 2128 1372 acturum,
2161 1341 2243 1365 cum
2277 1340 2336 1365 ex-

1244 1375 1361 1420 ceptio
1385 1375 1470 1410 iusti
1495 1375 1640 1410 dominii
1665 1386 1777 1411 causa
1802 1375 1943 1419 cognita
1968 1375 2072 1410 detur
2094 1386 2209 1420 neque
2230 1386 2335 1421 opor-

1242 1423 1318 1455 teat
1342 1431 1432 1463 eum,
1459 1421 1519 1465 qui
1544 1421 1632 1456 certi
1655 1421 1808 1456 hominis
1832 1420 1937 1456 fidem
1961 1421 2081 1466 elegit,
2108 1421 2154 1457 ob
2180 1431 2333 1457 errorem

1243 1470 1306 1500 aut
1328 1466 1375 1500 im
1405 1466 1540 1501 eritiam
1565 1466 1734 1501 heredum
1759 1466 1866 1501 adfici
1889 1466 2031 1502 damno.

1290 1508 1342 1548 58
1401 1521 1527 1547 AULUS
1548 1512 1639 1547 libro
1665 1516 1795 1558 quarto
1821 1513 2071 1592 (qiuaeslz‘onum
2119 1512 2157 1547 Si
2187 1523 2334 1558 praece-

1243 1556 1349 1592 dente
1370 1557 1539 1593 mandato
1561 1557 1694 1592 Titium
1715 1557 1819 1593 defen
1847 1568 1925 1592 eras
1946 1557 2104 1603 quamvis
2121 1562 2261 1594 mortuo
2282 1569 2334 1601 eo,

1245 1613 1325 1638 cum
1349 1603 1418 1638 1100
1450 1603 1652 1647 ignorares,
1687 1613 1750 1648 ego
1775 1606 1861 1648 puto
1886 1603 2047 1638 mandati
2071 1603 2247 1639 actionem
2272 1604 2334 1639 ad-

1243 1659 1365 1683 versus
1397 1648 1564 1684 heredem
1596 1648 1681 1683 Titii
1715 1652 1936 1694 competere,
1970 1649 2054 1693 quia
2085 1649 2294 1684 mandatum
2306 1650 2332 1671 ²¹

1244 1698 1358 1729 morte
1381 1693 1621 1736 mandatoris,
1645 1705 1718 1730 11011
1743 1694 1849 1729 etiam
1872 1694 2033 1729 mandati
2057 1694 2150 1730 actio
2177 1695 2334 1730 solvitur.

1243 1739 1338 1783 quod
1363 1739 1393 1774 si
1417 1739 1493 1774 sine
1516 1739 1688 1774 mandatu
1714 1739 1955 1775 defensionem
1987 1740 2195 1785 suscepisti,
2228 1751 2334 1785 nego-

1242 1785 1330 1819 tium
1344 1785 1604 1829 quodammodo
1618 1785 1779 1820 defuncti
1790 1795 1911 1830 gerere
1923 1785 2140 1828 institueras,
2165 1790 2200 1821 et
2214 1796 2334 1831 quem-

1243 1830 1454 1872 admodum,
1480 1831 1510 1865 si
1533 1831 1631 1865 illum
1656 1831 1864 1873 liberasses,
1899 1835 2116 1875 competeret
2139 1831 2205 1866 tibi
2229 1842 2335 1875 nego-

1243 1876 1373 1910 tiorum
1404 1879 1584 1920 gestorum
1617 1876 1729 1919 actio,
1764 1876 1816 1910 ita
1845 1879 1964 1921 potest
1996 1876 2065 1911 dici
2102 1880 2136 1911 et
2172 1876 2337 1912 heredem

1246 1924 1260 1955 1
1311 1921 1385 1956 01113
1420 1921 1543 1956 eadem
1575 1922 1716 1957 actione
1748 1921 1912 1957 teneri22.
1961 1921 2094 1956 Lucius
2119 1922 2233 1957 Titius
2260 1933 2335 1957 cre-

1244 1966 1350 2001 ditori
1377 1977 1441 2002 suo
1466 1967 1712 2002 mandatorem
1737 1966 1850 2002 dedit:
1884 1966 2011 2002 deinde
2043 1967 2212 2003 defuncto
2239 1967 2335 2002 debi-

1242 2016 1319 2047 tore
1352 2013 1487 2048 maiore
1516 2016 1619 2058 parte
1654 2012 1869 2047 creditorum
1903 2013 2147 2048 consentiente
2179 2023 2201 2048 a
2233 2023 2335 2058 prae-

1242 2061 1319 2093 tore
1343 2058 1526 2093 decretum
1552 2062 1623 2100 est,
1655 2061 1696 2093 ut
1719 2058 1919 2103 portionem
1944 2057 2138 2093 creditores
2164 2059 2209 2093 ab
2234 2059 2335 2093 here-

1244 2103 1347 2138 dibus
1371 2103 1509 2146 ferant,
1543 2104 1693 2139 absente
1718 2114 1759 2139 eo
1785 2103 1960 2138 creditore
1984 2103 2081 2148 apud
2105 2114 2211 2149 quem
2234 2114 2334 2138 man-

1243 2148 1347 2183 dator
1368 2149 1570 2184 exstiterat:
1597 2159 1741 2194 quaero,
1763 2149 1794 2184 si
1813 2148 2003 2183 mandator
2024 2149 2265 2191 conveniatur,
2291 2159 2336 2184 an

1244 2194 1392 2229 eandem
1425 2195 1556 2229 habeat
1591 2195 1836 2239 exceptionem
1871 2204 1978 2239 quam
2012 2194 2115 2230 heres
2154 2194 2334 2230 debitoris.

1242 2239 1427 2284 respondi:
1462 2239 1493 2275 si
1524 2250 1694 2285 praesens
1726 2239 1823 2284 apud
1853 2243 2054 2285 praetorem
2085 2240 2163 2285 ipse
2194 2250 2336 2285 quoque

1245 2285 1501 2327 consensisset,
1535 2290 1664 2330 pactus
1696 2285 1838 2320 videtur
1868 2285 1964 2320 iusta
2001 2295 2044 2320 ex
2081 2295 2191 2320 causa
2225 2295 2336 2330 eaque

1244 2331 1406 2375 exceptio
1433 2334 1468 2366 et
1491 2330 1691 2366 fideiussori
1716 2330 1835 2365 danda
1855 2334 1950 2366 esset
1970 2333 2004 2365 et
2023 2330 2235 2365 mandatori.
2274 2331 2336 2365 sed

1245 2387 1326 2411 cum
1350 2386 1531 2420 proponas
1565 2387 1644 2411 eum
1677 2376 1829 2419 afuisse,
1863 2376 2023 2420 iniquum
2055 2379 2109 2411 est
2140 2375 2272 2410 auferri
2305 2376 2336 2410 ei

1243 2421 1451 2456 electionem
1477 2422 1583 2463 (sicut
1606 2422 1733 2467 pignus
1758 2425 1821 2456 aut
1844 2421 2095 2466 privilegium),
2129 2421 2189 2466 qui
2246 2421 2336 2456 otuit

1242 2476 1413 2512 praesens
1444 2466 1482 2501 id
1504 2467 1621 2511 ipsum
1644 2467 1868 2511 proclamare
1892 2477 1959 2501 nec
1984 2466 2185 2501 desiderare
2236 2476 2333 2502 ecre-

1242 2516 1318 2546 tum
1341 2511 1529 2556 praetoris.
1567 2523 1633 2547 nec
1659 2512 1750 2547 enim
1761 2512 1791 2533 23
1815 2512 1844 2546 31
1866 2512 1944 2556 01113
1963 2511 2090 2546 dixerit
2110 2521 2333 2547 summoven-

1243 2557 1327 2592 dum
1352 2557 1574 2599 creditorem,
1598 2557 1721 2593 heredi
1743 2557 1950 2598 consulitur,
1976 2556 2039 2591 sed
2058 2556 2261 2591 mandatori
2280 2557 2335 2592 vel

1241 2602 1462 2644 fideiussori,
1495 2603 1623 2647 quibus
1658 2602 1816 2637 mandati
1847 2601 1978 2636 iudicio
2014 2601 2164 2636 eandem
2195 2606 2335 2646 partem

1242 2651 1489 2693 praestaturus
1515 2652 1580 2683 est.
1617 2648 1722 2693 plane
1747 2648 1776 2682 si
1800 2647 1845 2682 ab
1870 2646 2001 2681 herede
2011 2647 2042 2667 ²⁴
2066 2650 2205 2691 partem
2230 2657 2333 2682 acce-

1267 2693 1370 2736 isset,
1405 2703 1452 2728 an
1484 2693 1520 2727 in
1551 2693 1726 2738 reliquum
1776 2692 2024 2727 ermittendum
2049 2695 2143 2727 esset
2168 2692 2334 2728 creditori

1257 2738 1487 2773 'deiussorem
1512 2739 1717 2780 convenire,
1768 2738 1946 2772 ubitatum
1971 2740 2042 2772 est:
2069 2737 2131 2772 sed
2154 2737 2333 2773 videbitur

1243 2784 1444 2819 consentire
1468 2783 1610 2819 decreto
1637 2783 1876 2818 conveniendo
1901 2782 2078 2817 heredem.

1288 2827 1341 2866 59
1366 2828 1474 2863 IDEM
1493 2829 1583 2864 libro
1609 2832 1739 2874 quarto
1761 2838 2018 2874 responsorum
2066 2827 2104 2862 Si
2114 2828 2144 2849 2⁵
2161 2828 2333 2863 mandatu

1243 2874 1327 2909 Titii
1352 2873 1565 2918 Calpurnius
1590 2874 1776 2918 pecuniam
1801 2884 1908 2918 quam
1932 2873 2048 2908 Titius
2074 2872 2244 2908 credebat
2268 2873 2330 2908 sti-

1241 2920 1386 2964 pulatus
1419 2923 1513 2953 esset
1544 2929 1616 2953 non
1649 2918 1806 2953 donandi
1837 2918 1979 2960 animo,
2010 2918 2169 2953 mandati
2200 2918 2331 2953 iudicio

1243 2975 1322 2999 eum
1348 2964 1392 2998 ab
1417 2964 1548 2999 herede
1562 2964 1646 2998 Titii
1664 2974 1770 3008 posse
1792 2964 1983 3006 conveniri,
2008 2967 2048 2998 ut
2067 2964 2227 2999 actiones
2249 2973 2332 2998 suas

1241 3013 1416 3055 praestet:
1450 3009 1542 3044 idem
1574 3013 1627 3043 est
1659 3013 1694 3044 et
1724 3009 1754 3044 si
1779 3013 1906 3044 exacta
1929 3012 1983 3043 est
2007 3019 2029 3043 a
2054 3008 2244 3053 Calpurnio
2269 3019 2331 3053 pe-

1245 3058 1259 3089 1
1312 3055 1427 3090 cunia.
1475 3054 1608 3088 Paulus
1645 3054 1828 3098 respondit
1862 3053 2124 3096 fideiussorem,
2162 3054 2223 3098 qui
2257 3064 2331 3088 rem

1242 3100 1397 3145 pignoris
1421 3099 1498 3134 iure
1522 3099 1713 3143 obligatam
1737 3110 1759 3134 a
1783 3099 1958 3134 creditore
1980 3099 2072 3141 emit,
2098 3098 2257 3133 mandati
2276 3099 2330 3132 iu-

1243 3145 1334 3180 dicio
1368 3147 1581 3180 conventum
1613 3145 1657 3179 ab
1690 3144 1820 3179 herede
1856 3144 2026 3179 debitoris
2051 3144 2170 3179 oblato
2183 3145 2213 3164 26
2237 3143 2331 3178 0111111

1243 3190 1362 3225 debito
1373 3191 1403 3211 ²⁷
1427 3189 1614 3224 restituere
1638 3200 1718 3224 cum
1748 3189 1925 3225 fructibus
1958 3189 2153 3234 cogendum
2163 3189 2194 3209 ²⁸
2217 3198 2330 3232 neque

1242 3235 1444 3271 habendum
1469 3234 1616 3269 similem
1649 3239 1816 3269 extraneo
1850 3235 2019 3279 emptori,
2054 3245 2134 3269 cum
2166 3234 2203 3267 in
2235 3233 2330 3268 omni

1242 3283 1262 3315 2
1311 3283 1499 3315 contractu
1524 3280 1655 3314 bonam
1678 3279 1784 3315 fidem
1808 3284 1992 3324 praestare
2003 3280 2034 3301 2⁹
2059 3279 2196 3313 debeat.
2234 3278 2328 3312 Pau-

1241 3326 1296 3360 lus
1327 3325 1511 3370 respondit
1542 3325 1598 3360 die
1630 3325 1768 3360 adiecto
1804 3325 1841 3360 in
1871 3325 2060 3367 mandato,
2095 3324 2189 3358 intra
2225 3333 2328 3373 quem

1241 3374 1505 3415 praestaturum
1530 3380 1568 3405 se
1590 3370 1725 3405 Lucius
1750 3370 1865 3405 Titius
1890 3370 2043 3414 scripsit,
2069 3379 2140 3403 non
2166 3378 2242 3402 esse
2263 3378 2326 3401 im-

1417 3483 1475 3524 (17)
1501 3483 1827 3516 administrationem
1840 3483 1875 3516 F
1984 3484 2043 3524 (18)
2069 3480 2286 3513 intercedisse
2299 3480 2331 3512 F

1487 3529 1550 3570 (20)
1575 3530 1622 3562 sic
1635 3529 1664 3561 S
1675 3541 1744 3562 cum
1759 3529 1803 3568 Β,
1818 3539 1885 3560 11011
1899 3528 2030 3560 utiliter
2042 3527 2077 3558 F
2149 3526 2207 3565 (21)
2233 3535 2325 3556 man-

1576 3576 1637 3614 (22)
1662 3575 1710 3607 sic
1722 3574 1760 3613 S,
1774 3577 1886 3605 tenere
1899 3574 1933 3605 F
2073 3572 2134 3611 (23)
2161 3570 2249 3602 enim
2263 3569 2324 3602 del.

1634 3621 1697 3660 (25)
1723 3619 1751 3650 si
1766 3618 1803 3658 S,
1817 3618 1853 3650 di
1866 3619 1900 3650 F
2011 3617 2072 3655 (26)
2098 3616 2145 3648 sic
2158 3614 2187 3647 S
2198 3626 2266 3647 cum
2280 3614 2325 3653 B,

1765 3664 1829 3703 (28)
1855 3665 1993 3704 cogetur
2006 3662 2038 3694 F
2036 3661 2064 3692 S
2142 3662 2203 3699 (29)
2230 3669 2325 3705 prae·

1240 3496 1299 3516 ms.

1242 3529 1299 3569 (19)
1327 3528 1368 3559 ad
1381 3528 1415 3560 F

1240 3573 1396 3605 daturum
1408 3573 1443 3605 F

1241 3619 1303 3658 (24)
1327 3617 1480 3650 heredem
1493 3618 1528 3650 F

1241 3661 1353 3694 ablato
1365 3663 1400 3695 F
1462 3663 1524 3705 (27)
1550 3674 1618 3697 rem
1632 3665 1692 3697 ins.

1241 3708 1324 3739 stari
1335 3707 1395 3740 FS
