2528 3918
0 1791 7 1849 u-v
0 1694 2 1697 -

0 2118 18 2899 -nvrsoexw-”aou-‚QWWW-c‘*
0 1919 13 2114 *fixam-⁴
0 1905 2 1915 v
0 1882 11 1896 ε·

107 132 109 134 ’
150 133 386 167 PUPILLAm
415 134 661 167 susss'n'rn'r.
718 161 720 163 ,
1226 118 1311 166 389

196 243 221 283 6
248 244 474 280 TEREM'ws
496 244 673 280 aarum
695 242 786 278 libro
811 246 941 288 quarto
967 244 1016 278 ad
1037 244 1150 290 leqem
1174 242 1236 278 Iu-

150 291 235 327 liam
260 294 295 325 et
312 290 466 337 Papiam
508 289 545 324 Si
559 289 601 330 is,
627 288 687 333 qui
704 298 748 323 ex
764 288 866 324 bonis
886 289 1068 324 testatoris
1087 288 1238 323 solidum

150 346 280 381 capere
311 346 383 371 non
414 335 546 379 possit,
583 333 797 369 substitutus
829 334 876 368 sit
908 333 954 368 ab
988 344 1029 369 eo
1062 332 1237 378 impuberi

150 381 223 416 filio
248 380 335 423 eius,
359 379 510 415 solidum
534 389 581 414 ex:
601 387 644 413 ea
664 388 773 413 causa
790 378 918 423 capiet,
944 379 1046 423 quasi
1063 389 1085 413 a
1101 377 1235 423 pupillo

151 426 281 470 capiat.
321 424 384 461 sed
406 424 476 459 hoc
498 423 550 458 ita
572 423 800 467 interpretari
816 423 974 458 Iulianus
998 428 1121 459 noster
1140 422 1236 458 vide-

150 476 226 514 tur,
259 473 300 506 ut
331 480 375 505 ex
405 468 527 511 bonis,
563 478 655 513 quae
685 468 867 503 testatoris
891 468 1052 511 fuerant,
1085 468 1237 513 amplius

151 525 280 560 capere
302 525 375 550 non
397 514 530 559 possit:
560 512 657 558 quod
680 513 710 547 si
734 513 869 558 pupillo
895 513 1027 558 aliquid
1051 518 1238 558 praeterea

151 560 364 605 adquisitum
396 563 491 594 esset
514 563 577 593 aut
600 558 630 592 si
655 558 867 593 exheredato
893 564 986 593 esset
1010 559 1235 599 substitutus,

151 617 222 641 non
245 604 408 650 impediri
433 614 512 639 eum
537 613 674 648 capere,
700 603 803 648 quasi
826 613 849 638 a
871 603 1005 648 pupillo
1032 603 1162 648 capiat.

198 649 220 688 7
254 649 500 686 PAPJNJANUS
532 648 622 684 libro
657 655 762 684 seaeto
797 658 1052 694 responsorum
1108 647 1236 683 Verbis

151 696 311 732 civilibus
330 693 618 730 substitutionem
633 697 714 738 post
730 697 895 738 quartum
912 693 1087 729 decimum
1103 703 1237 728 annum

151 740 278 777 aetatis
301 739 437 775 frustra
459 738 537 774 fieri
561 738 743 773 convenit:
772 737 835 773 sed
858 738 920 783 qui
942 749 1015 774 non
1039 738 1237 773 admittitur

150 791 191 822 ut
214 785 441 827 substitutus,
465 787 506 819 ut
529 783 690 818 adiectus
713 784 816 818 hores
837 784 1050 828 quandoque
1067 794 1138 818 non
1158 782 1235 824 erit,

150 842 195 867 ne
218 830 282 865 fiat
306 833 431 865 contra
453 829 682 870 voluntatem,
707 829 736 863 si
762 828 854 863 filius
879 839 950 863 non
970 829 1101 864 habeat
1121 833 1235 863 totum

150 876 301 917 interim,
327 874 423 920 quod
448 875 479 909 ei
502 877 714 908 testamento
738 876 842 918 pater
866 872 971 908 dedit.

197 918 220 959 8
253 920 447 956 ULPIANUS
468 919 558 954 libro
583 923 713 964 quarto
738 918 788 954 ad
810 918 984 954 Sabinum
1025 918 1093 963 Qui
1116 917 1236 952 liberis

150 965 390 1011 impuberibus
415 964 618 1005 substituit,
650 966 714 998 aut
736 973 825 1008 pure
849 967 911 998 aut
935 964 1001 998 sub
1028 963 1236 998 condicione

150 1012 241 1047 solet
258 1010 484 1046 substituere.
508 1018 598 1054 pure
615 1008 682 1044 sic:
710 1010 752 1044 ‘si
767 1008 859 1043 filius
877 1019 976 1044 meus
994 1009 1089 1043 intra
1105 1007 1235 1053 puber-

152 1060 272 1091 ‘tatem
305 1054 515 1096 decesserit,
549 1053 650 1089 Seius
673 1054 777 1089 heres
795 1054 909 1089 ›esto'z
942 1054 1013 1089 sive
1037 1053 1139 1088 Seius
1169 1052 1237 1087 iste

149 1102 252 1137 heres
282 1100 466 1136 institutus
498 1099 544 1134 sit
575 1103 611 1134 et
636 1099 683 1134 im
711 1099 811 1134 uberi
835 1099 1068 1141 substitutus,
1103 1097 1236 1132 nullam

150 1147 259 1182 habet
276 1145 530 1184 condicionem,
556 1144 628 1179 sive
645 1154 684 1179 so
700 1155 758 1178 um
775 1144 989 1179 substitutus
1003 1145 1024 1178 ¹.
1061 1143 1127 1178 sub
1150 1153 1235 1178 con-

151 1192 290 1227 dicione
310 1194 429 1226 autem
447 1190 649 1225 institutum
669 1190 699 1224 si
719 1189 923 1231 substituat,
948 1189 985 1224 id
1010 1194 1063 1224 est
1088 1188 1130 1223 ‘si
1152 1187 1237 1222 mihi

154 1238 269 1272 ‘heres
294 1235 382 1278 erit’‚
416 1245 489 1270 non
512 1235 600 1270 alias
626 1235 754 1269 existet
776 1234 880 1270 heres
905 1245 948 1269 ex
972 1233 1235 1275 substitutione,

151 1282 219 1317 nisi
250 1285 286 1317 et
313 1291 358 1317 ex
387 1280 609 1316 institutione
639 1280 742 1315 heres
773 1279 891 1315 fuerit.
941 1279 998 1315 cui
1029 1279 1151 1314 similis
1182 1281 1238 1312 est

152 1330 187 1362 et
210 1327 299 1362 haec
323 1325 549 1361 substitutio:
582 1325 752 1377 ‘quisquis
784 1325 870 1359 mihi
894 1335 938 1360 ex
961 1334 1072 1370 supra
1095 1322 1237 1369 scriptis

151 1373 265 1408 ‘heres
290 1371 385 1407 erit’:
419 1370 529 1405 habet
560 1380 653 1405 emm
684 1370 720 1404 in
752 1380 791 1405 se
819 1369 967 1405 eandem
993 1369 1238 1405 condicionem

154 1422 168 1452 1
219 1416 367 1452 similem
398 1415 570 1460 superiori
579 1416 603 1448 2.
650 1415 750 1450 Haec
781 1415 907 1450 verba:
949 1414 1120 1475 ‘quisquis
1153 1413 1238 1448 mihi

152 1463 265 1498 ‘heres
283 1461 361 1503 erit,
380 1460 474 1495 idem
489 1460 664 1504 impuberi
680 1459 751 1495 filio
768 1460 872 1495 heres
888 1463 964 1496 esto
993 1461 1088 1495 hunc
1103 1459 1239 1494 habent

151 1517 305 1549 sensum,
329 1510 370 1541 ut
392 1516 465 1541 non
488 1505 601 1540 omnis
625 1505 686 1550 qui
708 1505 803 1550 patri
826 1505 929 1540 heres
954 1505 1099 1546 exstitit,
1124 1503 1188 1539 sed
1206 1503 1237 1539 is

150 1553 212 1598 qui
235 1562 279 1587 ex
301 1554 512 1587 testamento
538 1550 640 1585 heres
666 1550 800 1586 exstitit
823 1550 1037 1586 substitutus
1057 1549 1236 1585 videatur:

151 1601 186 1633 et
208 1597 287 1632 ideo
312 1606 427 1641 neque
450 1599 572 1641 pater„
597 1596 656 1640 qui
675 1606 744 1676 Xer
767 1595 896 1638 filium,
923 1605 1038 1641 neque
1062 1594 1237 1637 dominus,

150 1643 211 1688 qui
234 1653 299 1687 per
322 1652 461 1677 servum
481 1640 625 1682 exstitit,
651 1650 673 1675 a
713 1640 1002 1676 substitutionem
1020 1640 1237 1682 admittetur,

150 1698 265 1732 neque
295 1686 435 1722 heredis
466 1686 588 1728 hereS,
621 1686 705 1731 quia
735 1697 808 1721 non
840 1696 883 1721 ex
917 1685 1048 1721 iudicio
1079 1685 1236 1721 veniunt.

150 1737 271 1778 partes
296 1742 437 1777 quoque
461 1731 603 1766 eaedem
627 1731 673 1766 ad
696 1731 911 1766 substitutos
931 1731 1122 1776 pertinent,
1147 1739 1237 1776 quas

150 1779 187 1813 in
210 1777 322 1822 ipsius
346 1777 459 1822 patris
482 1776 636 1811 familias
659 1776 863 1812 habuerunt
885 1775 1092 1812 hereditate.

198 1820 222 1860 9
247 1822 380 1857 LABEO
403 1822 493 1857 libro
511 1821 634 1867 primo
651 1822 898 1867 posteriorum
923 1832 947 1857 a
965 1821 1138 1856 Iavoleno
1163 1820 1238 1866 epi-

151 1872 366 1903 tomatorum
407 1867 444 1902 Si
468 1871 572 1912 pater
595 1866 667 1901 filio
691 1866 740 1901 im
767 1866 866 1901 uberi
890 1866 1033 1902 eosdem
1057 1875 1146 1910 quos
1171 1865 1239 1901 sibi

151 1917 187 1948 et
218 1916 255 1948 te
285 1923 396 1948 unum
428 1916 616 1957 praeterea
650 1878 815 1946 heredem
851 1911 1023 1954 instituit,
1063 1911 1239 1947 bonorum

150 1958 214 1993 filii
237 1962 274 1994 te
298 1957 495 1999 dimidium,
528 1961 665 1992 ceteros
696 1957 808 2002 patris
833 1956 981 1992 heredes
1007 1955 1239 1992 communiter

151 2003 333 2039 dimidium
355 2003 407 2037 ita
429 2002 573 2044 habere,
598 2006 639 2037 ut
661 2012 755 2036 unus
779 2002 883 2037 semis
908 2001 1005 2047 apud
1027 2005 1064 2037 te
1083 2004 1237 2043 maneat,

150 2048 296 2084 alterius
328 2048 483 2083 semissis
515 2057 580 2091 pro
612 2046 667 2082 his
699 2047 862 2092 partibus
886 2047 978 2082 inter
1000 2046 1150 2082 heredes
1172 2055 1237 2091 pa-

150 2098 272 2129 ternos
304 2092 428 2128 divisio
460 2092 542 2134 fiat,
576 2092 705 2137 quibus
738 2102 782 2127 ex
812 2092 975 2137 partibus
1005 2091 1238 2127 hereditatem

151 2143 337 2184 paternam
362 2138 546 2173 baberent.

201 2183 251 2220 10
291 2183 486 2218 ULPJANUS
513 2182 605 2218 libro
637 2184 767 2227 quarto
798 2181 847 2217 ad
876 2180 1051 2218 Sabinum
1106 2180 1177 2217 Sed
1209 2181 1239 2217 si

151 2229 271 2273 plures
306 2228 377 2263 sint
410 2228 462 2262 ita
493 2226 697 2262 substituti:
730 2227 903 2272 ‘quisquis
935 2227 1020 2262 mihi
1053 2237 1096 2262 ex
1129 2237 1239 2272 supra

153 2273 307 2319 ‘scriptis
330 2273 433 2308 heres
458 2272 546 2314 erit’,
582 2271 708 2306 deinde
738 2272 882 2317 quidam
907 2282 951 2307 ex
973 2272 1061 2315 illis,
1095 2276 1238 2317 postea-

152 2329 258 2363 quam
281 2318 429 2353 heredes
455 2317 655 2353 exstiterint
676 2317 790 2362 patri,
815 2317 998 2360 obierunt,
1023 2317 1090 2353 soli
1113 2327 1237 2362 super-

151 2364 252 2399 stites
277 2373 321 2398 ex
344 2362 597 2398 substitutione
619 2361 769 2398 heredes
794 2362 947 2398 existent
969 2373 1034 2408 pro
1054 2365 1135 2398 rata
1180 2372 1237 2397 ar-

150 2409 257 2452 tium,
289 2418 334 2444 ex
357 2408 484 2453 quibus
507 2407 660 2442 instituti
684 2407 774 2450 sint,
803 2418 870 2443 nec
894 2408 1084 2453 quicquam
1107 2418 1151 2443 va
1166 2407 1239 2443 ebit

154 2458 169 2489 1
219 2464 263 2490 ex
293 2463 449 2499 persona
482 2453 740 2488 defunctorum.
789 2453 885 2496 Quos
943 2463 1063 2488 ossum
1089 2451 1238 2488 heredes

151 2498 237 2534 mihi
260 2498 379 2534 facere
403 2498 642 2540 necessarios,
674 2508 819 2543 possum
845 2502 879 2532 et
944 2498 995 2540 'o,
1027 2502 1069 2533 ut
1099 2508 1239 2534 servum

151 2555 269 2579 meum
293 2547 328 2579 et
350 2544 495 2578 fratrem
524 2553 646 2585 suum,
678 2543 836 2588 quamvis
868 2544 906 2577 in
936 2544 1043 2578 rebus
1074 2542 1238 2578 humanis

151 2589 308 2625 nondum
333 2589 396 2623 sit:
430 2591 615 2640 postumus
642 2588 749 2632 igitur
773 2588 839 2623 erit
861 2588 965 2623 fratri
987 2589 1090 2624 heres
1114 2598 1238 2623 neces-

154 2637 172 2669 2
221 2634 348 2669 sarius.
397 2633 487 2668 Filio
512 2632 688 2678 impuberi
710 2633 854 2668 heredi³
886 2643 930 2668 ex
962 2643 1042 2668 asse
1073 2633 1237 2668 instituto

152 2679 367 2714 substitutus
400 2678 478 2723 quis
511 2682 584 2713 est:
621 2677 757 2713 exstitit
785 2678 881 2723 patri
911 2678 1004 2713 filius
1036 2678 1156 2713 heres:
1191 2688 1239 2713 an

151 2724 266 2770 possit
289 2724 503 2759 substitutus
524 2732 693 2768 separare
708 2722 936 2766 hereditates,
961 2727 1002 2758 ut
1017 2723 1080 2758 filii
1096 2723 1238 2765 habeat,

178 2769 264 2804 atris
279 2779 352 2803 non
365 2768 523 2803 habeat?
543 2778 615 2803 non
630 2771 760 2813 potest,
777 2768 840 2803 sed
854 2774 918 2803 aut
932 2768 1118 2813 utriusque
1134 2768 1240 2804 debet

152 2780 383 2850 {ereditatem
407 2814 540 2848 habere
564 2816 627 2848 aut
650 2812 828 2848 neutrius:
860 2813 984 2848 iuncta
1015 2814 1108 2848 enim
1140 2813 1239 2848 here-

153 2863 173 2893 3
217 2858 309 2894 ditas
327 2858 445 2903 coepit
460 2868 547 2893 esse.
573 2858 741 2903 Idemque
759 2862 823 2901 est,
841 2859 872 2893 si
887 2862 990 2903 pater
1003 2868 1059 2893 me
1074 2858 1238 2893 heredem

153 2903 336 2948 scripserit
366 2914 410 2939 ex
440 2907 543 2948 parte
573 2906 609 2938 et
638 2903 750 2938 filium
782 2913 826 2938 ex
851 2907 955 2948 parte
979 2907 1014 2938 et
1038 2913 1101 2948 ego
1125 2903 1238 2948 patris

153 2949 384 2983 hereditatem
407 2948 659 2993 repudiavero:
685 2958 769 2983 nam
788 2959 903 2993 neque
921 2948 985 2983 filii
1004 2948 1238 2983 hereditatem

153 2996 175 3028 4
221 2994 354 3029 habere
377 3004 533 3039 possum.
581 2992 619 3028 Si
642 3003 686 3028 ex
709 3004 790 3028 asse
812 2994 915 3028 heres
939 2994 1140 3036 institutus,
1164 2993 1237 3028 filio

154 3038 368 3073 exheredato
401 3038 614 3073 substitutus
645 3039 884 3083 repudiaverit
915 3039 1028 3084 patris
1060 3038 1237 3073 heredita-

152 3086 243 3125 tem,
276 3094 357 3119 cum
379 3094 452 3118 non
475 3083 623 3118 haberet
646 3083 898 3126 substitutum,
925 3094 998 3119 non
1021 3083 1152 3128 poterit
1175 3083 1239 3118 filii

154 3127 270 3163 adire:
303 3137 370 3163 nec
402 3128 492 3163 enim
515 3128 610 3163 valet
632 3128 696 3163 filii
724 3132 993 3170 testamentum,
1027 3129 1094 3163 nisi
1125 3128 1237 3173 patris

154 3172 263 3208 fuerit
293 3173 391 3208 adita
421 3172 618 3208 hereditas:
649 3183 717 3208 nec
749 3174 842 3209 enim
873 3173 1008 3209 sufficit
1038 3173 1085 3208 ad
1109 3183 1237 3209 secun-

155 3216 281 3252 darum
310 3218 513 3253 tabularum
543 3218 613 3253 vim
640 3218 691 3253 sic
716 3228 794 3254 esse
817 3218 954 3254 factum
976 3222 1238 3261 testamentum,

155 3266 174 3296 5
222 3266 263 3297 ut
294 3272 337 3297 ex
368 3273 410 3298 eo
442 3262 533 3298 adiri
563 3262 739 3298 hereditas
770 3264 895 3308 possit.
943 3264 1002 3298 Ad
1025 3264 1237 3299 substitutos

153 3307 347 3352 pupillares
378 3307 559 3352 pertinent
589 3310 625 3342 et
656 3308 686 3343 si
717 3318 808 3354 quae
838 3312 964 3353 postea
998 3309 1140 3354 pupillis
1173 3308 1237 3344 ob-

154 3351 331 3386 venerint:
365 3362 480 3397 neque
513 3353 605 3387 enim
635 3353 710 3388 suis
743 3353 844 3388 bonis
868 3357 1020 3389 testator
1043 3353 1238 3396 substituit,

155 3395 218 3431 sed
243 3396 452 3447 impuberis,
484 3407 566 3432 cum
599 3401 635 3432 et
665 3398 879 3433 exheredato
913 3399 1128 3433 substituere
1159 3399 1249 3444 quis>

155 3444 287 3485 possit:
327 3442 395 3476 nisi
425 3441 510 3476 mihi
539 3452 720 3487 proponas
752 3443 898 3478 militem
931 3453 1026 3485 esse,
1060 3444 1120 3488 qui
1152 3444 1236 3478 sub-

156 3485 272 3519 stituit
294 3485 460 3520 heredem
482 3486 551 3521 hac
574 3491 710 3529 mente,
740 3492 781 3522 ut
809 3498 852 3522 ea
875 3488 952 3522 sola
975 3489 1058 3523 velit
1082 3488 1128 3522 ad
1152 3488 1236 3523 sub-

156 3529 319 3564 stitutum
343 3530 530 3574 pertinere,
553 3541 646 3576 quae
669 3542 692 3567 a
714 3542 753 3568 se
776 3532 822 3567 ad
844 3533 1045 3567 institutum
1068 3543 1236 3578 pervene-

158 3641 199 3681 (1)
224 3641 294 3674 sive
309 3641 415 3675 solum
431 3641 645 3685 substitutus,
665 3644 793 3676 nullam
808 3644 910 3677 habet
926 3645 1157 3678 condicionem
1174 3659 1236 3679 scr.

159 3686 204 3726 (2)
229 3686 370 3718 similem
384 3688 549 3728 superiori
564 3689 627 3720 del.
637 3688 719 3722 Hal.
767 3691 810 3731 (3)
835 3690 1001 3722 heredeF
1043 3691 1086 3731 (4)
1112 3693 1154 3733 ef.
1169 3691 1236 3724 l.4s

162 3732 179 3767 5
193 3736 207 3762 1
221 3731 250 3762 h.
265 3739 286 3763 t.
379 3733 420 3768 (5)
447 3731 580 3764 Stichus
596 3734 656 3766 ins.
670 3734 821 3776 Krueqer
912 3735 956 3775 (6)
981 3738 1014 3767 et
1034 3745 1151 3777 capere
1172 3746 1239 3767 non

2152 124 2340 166 XXVIII
2371 126 2395 166 6

1309 247 1328 279 6
1376 246 1472 278 runt.
1519 244 1561 278 In
1584 243 1755 288 adrogato
1781 255 1922 289 quoque
1953 246 2137 291 impubere
2168 246 2318 281 dicimus
2350 246 2395 280 ad

1307 289 1539 324 substitutum
1575 289 1649 324 eius
1686 289 1731 323 ab
1764 290 1974 334 adrogatore
2007 291 2129 326 datum
2162 302 2234 327 non
2266 290 2396 326 debere

1306 334 1482 378 pertinere
1515 344 1575 376 ea,
1609 344 1699 378 quae
1722 334 1888 375 haberet,
1922 336 1951 370 si
1976 337 2168 381 adrogatus
2193 347 2264 372 non
2289 341 2394 375 esset,

1306 379 1368 413 sed
1393 389 1436 413 ea
1459 379 1554 421 sola,
1580 389 1670 423 quae
1694 379 1771 423 ipse
1795 379 1827 413 ei
1852 379 1948 414 dedit
1971 381 2178 425 adrogator:
2211 381 2280 416 nisi
2303 380 2395 416 forte

1306 423 1571 468 distinguimus,
1604 428 1644 458 ut
1676 428 1840 468 quartam
1863 425 2021 469 quidem,
2055 437 2161 470 quam
2193 425 2394 462 omnimodo

1306 477 1351 503 ex
1375 469 1548 513 rescripto
1573 468 1642 504 divi
1660 469 1716 503 Pii
1742 468 1865 503 debuit
1889 469 1923 503 ei
1946 471 2154 515 relinquere,
2179 471 2394 507 substitutus

1305 513 1438 548 habere
1453 524 1524 548 non
1541 514 1664 558 possit,
1681 513 1901 565 superfluum
1917 514 2059 549 habeat.
2089 516 2261 552 Scaevola
2275 521 2394 551 tamen

1304 557 1395 592 libro
1429 558 1564 594 decimo
1598 562 1847 604 quaestionum
1879 563 1983 604 putat
2013 561 2067 595 vel
2099 561 2168 596 hoc
2193 561 2395 606 adrogatori

1304 603 1598 648 permittendum,
1632 613 1725 648 quae
1755 605 1933 639 sententia
1963 605 2072 639 habet
2098 607 2281 641 rationem.
2330 616 2394 652 ego

1306 649 1413 682 etiam
1444 649 1595 693 amplius
1627 652 1714 693 puto
1748 652 1784 684 et
1810 649 1840 684 si
1865 649 1950 694 quid
1974 649 2146 686 beneficio
2172 651 2395 696 adrogatoris

1305 693 1485 737 adquisiit,
1510 698 1546 728 et
1569 693 1659 728 haec
1683 693 1915 729 substitutum
1938 705 2046 739 posse
2069 695 2211 738 habere,
2243 701 2284 732 ut
2306 700 2397 742 puta

1305 739 1392 773 adro
1418 739 1528 773 atoris
1561 738 1696 774 amicus
1727 739 1782 774 vel
1814 743 1986 783 cognatus
2019 740 2051 774 ei
2082 740 2215 785 aliquid
2242 741 2394 787 reliquit.

1306 785 1323 817 7
1410 794 1486 818 emo
1518 783 1703 818 institutus
1741 787 1777 819 et
1808 784 1877 819 sibi
1907 785 2123 820 substitutus
2156 786 2232 821 sine
2265 796 2396 822 causae

1306 827 1502 864 mutatione
1526 829 1718 873 quicquam
1740 829 1896 874 proficit,
1925 829 1989 865 sed
2013 830 2082 864 hoc
2106 830 2143 864 in
2167 841 2238 866 uno
2262 832 2394 876 gradu:

1306 879 1463 908 ceterum
1488 873 1517 908 si
1543 873 1613 908 duo
1639 874 1710 908 sint
1732 874 1884 918 gradus,
1919 878 2040 919 potest
2071 875 2140 910 dici
2171 876 2287 911 valere
2311 877 2394 912 sub·

1305 918 1545 960 stitutionem,
1577 922 1618 953 ut
1640 918 1827 954 Iulianus⁴
1859 919 1948 954 libro
1978 920 2156 964 trigesimo
2183 920 2395 965 digestorum

1304 967 1427 1008 putat:
1453 963 1484 998 si
1500 963 1641 1008 quidem
1652 966 1665 984 ⁵
1682 963 1733 999 sic
1750 964 1797 999 sit
1812 964 2028 999 substitutus
2045 965 2122 1007 sibi,
2149 976 2230 1000 cum
2249 966 2397 1001 haberet

1305 1008 1516 1043 coheredem
1533 1008 1683 1043 Titium:
1710 1008 1752 1044 ‘si
1768 1008 1912 1044 Stichus
1933 1010 2035 1045 heres
2055 1021 2127 1045 non
2148 1011 2224 1053 erit,
2248 1010 2338 1046 liber
2362 1015 2397 1046 et

1305 1054 1420 1088 ‘heres
1445 1053 1545 1096 esto',
1577 1063 1650 1088 non
1673 1053 1790 1089 valere
1813 1054 2119 1090 substitutionem:
2154 1055 2249 1100 quod
2273 1056 2303 1091 si
2325 1056 2395 1091 ita:

1305 1099 1347 1133 ‘si
1371 1098 1485 1134 Titius
1509 1099 1613 1134 heres
1637 1109 1711 1134 non
1735 1099 1820 1142 erit,
1845 1102 1931 1135 tunc
1957 1099 2100 1135 Stichus
2123 1100 2212 1135 liber
2235 1104 2271 1135 et
2294 1101 2397 1136 heres

1306 1146 1354 1179 ‘et
1376 1143 1514 1195 in-eius
1564 1148 1676 1178 artem
1701 1144 1802 1186 est0'‚
1828 1144 1918 1180 duos
1941 1145 2073 1190 gradus
2094 1156 2171 1181 esse
2189 1149 2297 1191 atque
2315 1146 2395 1181 ideo

1304 1188 1517 1233 repudiante
1569 1189 1632 1224 itio
1653 1188 1815 1224 Stichum
1838 1189 1989 1225 liberum
2014 1194 2051 1225 et
2072 1190 2239 1226 heredem
2263 1191 2351 1226 fore.

1357 1232 1403 1270 11
1439 1233 1599 1269 PAULUs
1624 1233 1716 1269 libro
1741 1235 1866 1280 primo
1898 1236 1947 1270 ad
1978 1234 2151 1271 Sabinum
2206 1236 2244 1271 Si
2274 1236 2305 1271 is
2337 1236 2398 1281 qui

1306 1280 1409 1314 heres
1432 1279 1619 1314 institutus
1644 1280 1724 1314 est⁶
1747 1280 1819 1315 filio
1845 1280 2060 1316 substitutus
2085 1281 2142 1323 sit,
2171 1281 2260 1316 nihil
2283 1281 2399 1316 oberit

1307 1325 1340 1359 ei
1359 1324 1398 1359 in
1422 1324 1697 1366 substitutione,
1722 1325 1752 1360 si
1774 1328 1862 1360 tunc
1886 1335 2015 1371 capere
2038 1327 2170 1371 possit,
2200 1337 2280 1362 cum
2303 1326 2397 1361 filius

1307 1369 1470 1421 decessit.
1520 1373 1647 1422 contra
1670 1380 1812 1422 quoque
1823 1374 1956 1422 potest
1974 1381 2110 1416 poenas
2128 1371 2166 1424 in
2181 1375 2396 1407 testamento

1306 1415 1728 1539 Ρῑῗὲιῇῗὲὶγὲἕίἓὲἐῐέῑ
1750 1420 2196 1507 γῗῗὲνῗῑῗῗέῗαέεἳῗοὶὲῖ,
2233 1461 2271 1496 si
2291 1461 2398 1504 finus,

1331 1516 1368 1540 u1
1417 1515 1438 1540 a
1456 1515 1486 1540 r1
1510 1515 1554 1540 ac

1306 1517 1453 1592 gxstilgia
1485 1550 1570 1585 here
1598 1550 1718 1585 'tatem
1740 1551 1855 1603 patris
1878 1554 2030 1594 recuset,
2058 1551 2254 1587 fraternam
2278 1555 2397 1587 autem

1306 1596 1460 1631 retinere
1483 1595 1602 1637 malit,
1634 1595 1750 1631 audin
1773 1595 1895 1632 debet:
1925 1596 2055 1632 iustius
2080 1597 2173 1632 enim
2196 1600 2397 1642 praetorem

1305 1641 1487 1676 facturum
1521 1640 1701 1692 existimo,
1735 1640 1765 1676 si
1795 1640 1900 1676 fratri
1931 1642 2194 1693 separationem
2222 1642 2397 1678 bonorum

1332 1685 1420 1721 atris
1445 1690 1673 1721 concesserit.
1710 1685 1839 1721 etenim
1862 1686 1917 1721 ius
1943 1686 2073 1722 dicenti
2096 1687 2319 1732 propositum
2343 1691 2398 1722 est

1305 1697 1436 1766 {iberos
1453 1731 1620 1766 oneribus
1637 1731 1861 1766 hereditariis
1880 1742 1953 1767 non
1969 1735 2097 1777 sponte
2118 1732 2294 1777 susceptis
2309 1732 2396 1768 libe-

1307 1786 1397 1818 rare,
1431 1786 1504 1811 non
1526 1775 1656 1811 invitos
1680 1776 1726 1811 ab
1750 1776 1948 1812 hereditate
1971 1787 2161 1819 removere,
2188 1777 2395 1822 praesertim

1307 1821 1403 1866 quod
1425 1821 1569 1856 remotis
1592 1821 1725 1857 tabulis
1750 1821 1915 1857 secundis
1938 1822 1971 1857 le
1997 1822 2128 1857 'timam
2152 1823 2301 1858 haberet
2324 1822 2395 1857 fra-

1307 1867 1371 1901 tris
1394 1866 1639 1902 hereditatem.
1675 1866 1797 1911 itaque
1818 1867 1937 1912 legata
1984 1871 2147 1902 umtaxat
2167 1877 2212 1902 ex
2231 1867 2397 1903 secundis

1306 1911 1439 1946 tabulis
1496 1911 1647 1946 raestari
1680 1911 1811 1947 debent
1840 1912 1965 1947 habita
1998 1913 2138 1948 ratione
2172 1912 2398 1948 facultatium

1306 1957 1342 1991 in
1367 1922 1530 1991 Falcigia
1553 1966 1626 1991 non
1649 1957 1780 2002 patris,
1805 1960 1846 1991 ut
1869 1957 1957 1992 alias
1982 1958 2091 2000 solet,
2117 1957 2181 1993 sed·
2202 1957 2396 2002 inpuberis.

1356 1998 1405 2038 13
1431 2000 1662 2036 POMPONIUS
1678 2002 1769 2037 libro
1778 2002 1903 2048 primo
1921 2002 1970 2037 ad
1985 2001 2159 2038 Sabinum
2192 2002 2268 2047 Quo
2284 2002 2398 2048 gradu

1307 2047 1408 2082 heres
1432 2046 1553 2082 liberis
1577 2046 1827 2089 substituatur,
1856 2046 1944 2082 nihil
1967 2047 2124 2082 interest.

1357 2090 1407 2128 14
1431 2090 1538 2126 IDEM
1567 2091 1658 2127 libro
1688 2092 1846 2128 secundo
1871 2092 1922 2128 ad
1943 2091 2118 2128 Sabinum
2164 2092 2207 2127 In
2229 2093 2396 2138 pupillari

1307 2136 1560 2172 substitutione
1605 2136 1691 2172 licet
1736 2137 1875 2183 longius
1917 2141 2058 2183 tempus
2101 2138 2396 2183 comprehensum

1305 2182 1426 2225 fuerit,
1457 2185 1579 2218 tamen
1609 2181 1753 2217 finietur
1784 2182 1991 2218 substitutio
2023 2183 2211 2228 pubertate
2220 2184 2244 2217 ⁷.

1356 2226 1406 2264 15
1431 2226 1680 2263 PAPJNJANUS
1701 2228 1792 2263 libro
1812 2231 1917 2263 sexto
1938 2239 2194 2274 responsorum
2227 2227 2396 2263 Centurio

1306 2272 1406 2316 filiis,
1439 2272 1470 2307 si
1500 2272 1595 2307 intra
1627 2272 1789 2317 quintum
1823 2276 1859 2308 et
1883 2273 2089 2308 vicesimum
2113 2283 2244 2308 annum
2268 2273 2396 2308 aetatis

1307 2319 1384 2353 sine
1406 2317 1527 2353 liberis
1551 2318 1624 2353 vita
1648 2317 1875 2360 decesserint,
1902 2318 2034 2353 directo
2060 2318 2254 2353 substituit.
2302 2318 2397 2353 intra

1307 2362 1591 2408 quattuordecim
1622 2373 1734 2398 annos
1766 2363 1872 2398 etiam
1903 2363 2049 2408 propria
2073 2363 2192 2398 bona⁸
2214 2362 2287 2398 filio
2312 2363 2395 2398 sub-

1306 2408 1453 2444 stitutus
1476 2407 1553 2442 iure
1578 2408 1757 2444 communi
1781 2409 1917 2454 capiet,
1946 2412 2030 2453 post
2053 2418 2131 2443 eam
2156 2411 2274 2443 autem
2297 2411 2395 2443 aeta-

1306 2457 1378 2488 tem
1403 2463 1446 2488 ex
1468 2453 1649 2498 privilegio
1673 2453 1824 2488 militum
1846 2453 1960 2498 patris
1985 2453 2171 2488 dumtaxat
2194 2463 2275 2488 cum
2298 2452 2395 2488 fruc-

1307 2499 1402 2534 tibus
1425 2498 1577 2533 inventis
1600 2498 1639 2533 in
1661 2498 1869 2534 hereditate.

1356 2541 1406 2581 16
1431 2541 1663 2578 ΡοΜΡοΝισε
1689 2543 1781 2579 libro
1813 2544 1917 2579 tertio
1950 2543 2000 2578 ad
2027 2541 2201 2578 Sabinum
2248 2541 2285 2577 Si
2317 2542 2395 2588 quis

1307 2599 1407 2631 eum,
1440 2598 1545 2634 quem
1578 2591 1792 2624 testamento
1825 2598 1890 2624 suo
1921 2588 2069 2633 legavit,
2101 2598 2225 2623 rursus
2256 2597 2279 2623 a
2310 2588 2394 2623 sub-

1306 2634 1433 2670 stituto
1468 2633 1532 2668 filii
1561 2633 1712 2669 liberum
1745 2643 1823 2669 esse
1853 2633 2016 2675 iusserit,
2054 2632 2146 2667 liber
2185 2632 2252 2668 erit
2293 2633 2396 2678 quasi

1306 2679 1422 2724 legato
1447 2679 1631 2723 adempto:
1657 2689 1740 2713 nam
1765 2682 1800 2713 et
1822 2678 1860 2713 in
1882 2678 1999 2723 legato
2023 2677 2061 2712 in
2076 2677 2132 2713 his
2149 2677 2396 2713 testamentis⁹

1306 2724 1498 2759 novissima
1529 2723 1600 2759 scri
1626 2727 1709 2758 tura
1736 2723 1803 2758 erit
1827 2722 2043 2768 spectanda,
2077 2722 2171 2758 sicut
2200 2723 2236 2757 in
2271 2722 2395 2758 eodem

1306 2772 1519 2804 testamento
1550 2735 1624 2811 (vei)
1648 2771 1861 2803 testamento
1893 2772 1929 2803 et
1960 2767 2131 2803 codicillis
2164 2767 2394 2811 confirmatis)

1310 2818 1321 2848 1
1375 2814 1634 2849 observaretur.
1689 2813 1726 2848 Si
1765 2823 1830 2848 suo
1869 2816 2084 2848 testamento
2124 2812 2284 2858 perfecto
2325 2812 2396 2848 alia

1306 2869 1430 2894 rursus
1462 2859 1551 2893 hora
1582 2861 1686 2903 pater
1708 2858 1781 2892 filio
1804 2860 2056 2893 testamentum
2078 2857 2205 2893 fecerit
2228 2858 2395 2893 adhibitis

1306 2903 1470 2948 legitimis
1502 2903 1672 2945 testibus,
1707 2902 1815 2938 nihilo
1847 2903 1963 2938 minus
1994 2903 2031 2938 id
2062 2903 2194 2938 valebit
2218 2906 2253 2937 et
2276 2907 2394 2938 tamen

1306 2948 1419 2994 patris
1450 2952 1703 2983 testamentum
1733 2951 1853 2983 ratum
1884 2948 2051 2983 manebit.
2099 2958 2183 2983 nam
2215 2951 2250 2983 et
2274 2948 2305 2983 si
2328 2948 2394 2983 sibi

1308 2997 1343 3028 et
1357 2993 1429 3028 filio
1447 2996 1551 3038 pater
1567 2995 1820 3028 testamentum
1834 2992 1990 3035 fecisset,
2015 2993 2142 3028 deinde
2158 2993 2227 3028 sibi
2243 2997 2393 3035 tantum,

1306 3042 1496 3082 utrumque
1520 3047 1562 3072 su
1590 3037 1682 3072 erius
1706 3041 1902 3083 rumpetur.
1944 3037 2008 3074 sed
2023 3038 2054 3073 si
2071 3037 2267 3073 secundum
2282 3041 2392 3072 testa-

1306 3087 1465 3118 mentum
1487 3082 1539 3117 ita
1579 3083 1686 3117 ecerit
1707 3086 1830 3128 pater,
1861 3086 1902 3118 ut
1933 3083 2001 3118 sibi
2031 3082 2197 3119 heredem
2219 3083 2393 3124 instituat,

1307 3129 1337 3163 si
1360 3128 1436 3163 vivo
1462 3137 1500 3162 se
1523 3127 1616 3162 filius
1642 3127 1802 3171 decedat,
1826 3132 1946 3173 potest
1970 3128 2041 3164 dici
2059 3139 2132 3163 non
2150 3127 2267 3172 rumpi
2287 3136 2391 3170 supe-

1306 3173 1380 3208 rius
1404 3176 1675 3216 testamentum,
1699 3173 1783 3218 quia
1807 3173 2002 3209 secundum
2026 3184 2099 3208 non
2123 3172 2234 3214 valet,
2260 3171 2297 3205 in
2322 3181 2391 3215 quo

1306 3218 1400 3253 filius
1423 3217 1637 3263 praeteritus
1661 3217 1718 3253 sit.

1356 3260 1406 3299 17
1430 3262 1539 3298 IDEM
1550 3262 1640 3298 libro
1657 3265 1788 3309 quarto
1805 3263 1855 3299 ad
1868 3262 2043 3299 Sabinum
2082 3261 2256 3297 Substitui
2272 3259 2391 3294 liberis

1305 3308 1336 3343 is
1369 3307 1475 3343 etiam
1503 3310 1640 3352 potest,
1672 3307 1734 3353 qui
1790 3311 1848 3344 ost
1869 3311 2019 3343 mortem
2043 3307 2119 3342 eius
2143 3310 2248 3340 natus
2272 3304 2391 3346 fuerit,

1307 3353 1365 3388 cui
1389 3352 1604 3387 substitutus
1626 3352 1730 3388 heres
1769 3353 1872 3389 uerit.

1357 3395 1406 3434 18
1439 3396 1634 3432 ULPJANUS
1653 3397 1744 3433 libro
1767 3402 1872 3434 sexto
1898 3397 2033 3432 decimo
2061 3396 2111 3430 acl
2133 3395 2306 3430 Sabinum
2355 3393 2392 3428 Si

1307 3453 1427 3477 servus
1453 3442 1647 3477 communis
1672 3443 1886 3478 substitutus
1915 3443 1961 3477 sit
1983 3440 2157 3485 impuberi
2182 3450 2261 3474 cum
2285 3439 2391 3473 liber·

1306 3493 1390 3529 tate,
1416 3487 1446 3522 si
1465 3487 1606 3531 quidem
1623 3497 1644 3521 a
1660 3492 1762 3532 patre
1777 3487 1930 3522 familias
1946 3486 2072 3521 fuisset
2087 3485 2300 3528 redemptus,
2327 3483 2393 3518 erit

1306 3532 1480 3576 impuberi
1503 3532 1744 3567 necessarius:
1769 3532 1800 3567 si
1820 3542 1900 3567 vero
1918 3532 1963 3565 ab
1979 3530 2161 3574 impubere
2176 3528 2392 3573 redemptus,

1603 1510 1704 1540 ostea
1727 1505 1832 1540 fratri
1857 1516 1900 1541 ex
1931 1506 2095 1542 secundis
2127 1506 2260 1542 tabulis
2294 1506 2397 1542 heres

1305 3647 1417 3686 potest
1434 3646 1494 3679 ins.
1587 3646 1631 3687 (7)
1655 3644 1826 3687 pubertati
1842 3644 1873 3676 F
1959 3645 2003 3684 (8)
2030 3641 2077 3674 fili
2091 3643 2151 3675 ins.
2237 3642 2283 3682 (9)
2310 3644 2342 3674 et
2355 3639 2391 3672 in

1307 3691 1360 3721 his
1373 3688 1580 3724 testamentis
1594 3690 1629 3721 in
1642 3689 1753 3731 legato
1765 3690 1917 3731 Krueyer
