2528 3918
99 117 160 150 DE
186 116 308 149 LEGE
335 116 512 147 RHODIA
540 115 602 146 DE
630 114 763 146 IAOTU

99 227 185 263 bare
217 227 406 272 pecuniam
434 226 472 261 in
505 224 737 260 refectionem
772 228 952 268 erogatam
988 227 1100 267 esse),
1134 223 1185 259 ita

98 271 189 308 illud
212 271 438 318 exigendum,
462 273 503 305 ut
526 269 618 304 sciat
641 268 678 304 in
701 269 770 304 hoc
793 278 832 304 sc
856 268 1019 312 credere,
1053 269 1111 305 cui
1134 269 1185 304 rei

98 317 264 362 magister
287 317 365 363 quis
389 316 436 351 sit
457 314 703 394 praefiositus,
734 313 831 359 quod
862 319 959 350 certe
983 315 1086 351 aliter
1108 313 1185 350 fieri

99 374 170 398 non
193 366 333 408 potest,
349 371 454 406 quam
477 360 508 395 si
533 360 540 367 '
569 359 618 394 ud
641 369 782 404 quoque
805 359 925 395 scierit
948 360 1185 396 necessariam

98 407 281 443 refectioni
303 406 491 452 pecuniam
516 415 611 440 esse:
636 414 748 449 quare
772 404 838 440 etsi
855 405 893 439 in
914 415 956 440 ea
976 415 1088 441 causa
1105 404 1183 441 fue-

97 453 143 488 rit
165 452 283 494 navis,
316 454 358 486 ut
379 450 479 486 refici
502 450 665 492 deberet,
698 449 809 485 multo
841 453 960 485 tamen
984 451 1098 486 maior
1121 460 1184 496 pe-

98 498 204 533 cunia
228 495 363 532 credita
384 495 510 538 fuerit,
542 505 648 540 quam
673 495 720 530 ad
743 505 821 530 eam
844 505 918 530 rem
942 500 1038 532 esset
1059 506 1183 531 neces-

97 543 192 579 saria
205 543 233 585 ¹,
267 552 339 577 non
380 541 509 576 debere
540 541 578 575 in
609 540 763 575 solidum
797 540 967 576 adversus
1002 541 1183 576 dominum

99 592 114 623 1
164 587 262 622 navis
287 586 464 622 actionem
488 585 575 620 dan'.
623 585 807 621 Interdum
831 585 938 621 etiam
961 586 1050 622 illud
1073 586 1181 622 aesti-

96 632 282 674 mandum,
314 642 361 666 an
384 631 422 666 in
446 642 487 666 eo
511 631 591 666 loco
643 631 769 666 ecunia
793 630 929 666 credita
952 631 1016 674 sit,
1049 631 1087 666 in
1111 641 1181 676 quo

95 678 132 714 id
141 679 167 720 ²,
201 681 348 723 propter
379 675 475 722 quod
507 675 612 711 crede
639 680 738 718 atur,
772 686 850 712 com
877 677 972 712 arari
1004 676 1180 722 potuerit:

95 722 179 769 quid
203 722 305 764 enim,
329 722 453 767 inquit,
479 722 510 756 si
533 721 580 756 ad
602 722 718 756 velum
742 731 843 757 emen
869 733 929 756 um
952 722 990 756 in
1010 721 1182 758 eiusmodi

94 768 210 804 insula
229 767 418 813 pecuniam
438 766 517 812 quis
538 766 737 809 crediderit,
757 766 795 801 in
816 777 888 812 qua
908 767 1051 803 omnino
1064 767 1181 803 velum

95 813 294 859 comparari
325 823 398 848 non
428 812 573 857 potest?
615 815 649 847 et
680 812 717 846 in
748 822 884 847 summa
916 812 1073 857 aliquam
1103 812 1181 848 dili-

94 862 114 894 2
160 858 314 904 gentiam
337 858 374 893 in
398 858 465 893 ea³
489 857 699 893 creditorem
718 857 848 893 debere
865 862 1059 903 praestare.
1107 858 1181 893 Ea-

95 904 174 940 dem
196 903 271 939 fere
295 903 446 939 dicenda
469 903 520 938 ait
543 906 578 938 et
601 902 632 938 si
650 902 695 938 de
714 902 892 938 institoria
911 904 1052 939 actione
1072 913 1181 949 quae-

93 953 210 985 ratur:
234 959 318 984 nam
341 952 428 984 tunc
451 958 593 994 quoque
617 947 829 983 creditorem
851 949 944 984 scire
967 948 1096 984 debere
1118 958 1181 984 ne-

94 994 285 1030 cessariam
309 1004 386 1030 esse
409 994 535 1040 mercis
568 993 890 1038 comparationem,
923 994 982 1029 cui
1013 994 1183 1030 emendae

93 1050 214 1076 servus
241 1040 288 1075 sit
310 1039 554 1085 praepositus,
580 1043 615 1074 et
638 1038 824 1082 sufficere,
857 1039 888 1074 si
909 1039 948 1074 in
970 1039 1041 1075 hoc
1066 1039 1180 1075 credi·

93 1085 195 1128 derit,
219 1096 293 1121 non
317 1085 423 1121 etiam
445 1084 534 1120 illud
557 1084 783 1129 exigendum,
808 1087 850 1119 ut
871 1084 949 1130 ipse
973 1095 1095 1121 curam
1120 1096 1181 1121 su-

91 1131 230 1177 scipiat:
256 1141 304 1166 an
326 1131 365 1166 in
387 1130 481 1165 hanc
505 1141 580 1166 rem
603 1130 758 1175 pecunia
781 1129 962 1176 eroganda
986 1134 1041 1166 est
1050 1131 1077 1166 ⁴.

595 1222 670 1262 11⁸.

302 1290 363 1323 DE
388 1290 513 1323 LEGE
538 1290 714 1322 RHODIA
739 1290 800 1322 DE
826 1289 973 1325 IAGTU.

140 1356 157 1394 1
187 1356 347 1393 PAULUs
362 1357 453 1393 libro
466 1356 624 1392 secundo
636 1357 919 1392 sententiarum⁶
964 1356 1061 1402 Lege
1080 1356 1180 1393 Rho-

91 1402 151 1437 dia
174 1406 339 1445 cavetur,
362 1406 414 1445 ut,
439 1402 469 1437 si
492 1401 663 1437 levandae
686 1402 787 1437 navis
810 1402 926 1447 gratia
948 1403 1065 1438 iactus
1088 1412 1180 1438 mer-

91 1448 185 1483 cium
204 1448 323 1483 factus
343 1451 408 1491 est,
433 1447 589 1483 omnium
606 1447 870 1483 contributione
888 1448 1066 1483 sarciatur
1085 1448 1181 1494 quod

91 1504 155 1539 pro
181 1493 345 1529 omnibus
369 1493 492 1528 datum
516 1496 571 1528 est
579 1494 604 1528 ⁷.

138 1537 162 1576 2
194 1538 302 1574 IDEM
333 1539 424 1574 libro
460 1539 666 1585 triqensimo
697 1541 829 1584 quarto
861 1539 912 1575 ad
941 1538 1096 1575 edictum
1143 1538 1181 1574 Si

91 1585 277 1620 laborante
300 1594 391 1619 nave
413 1584 529 1620 iactus
553 1583 672 1619 factus
693 1587 757 1626 est,
782 1584 994 1619 amissarum
1011 1584 1181 1619 mercium

91 1629 238 1672 domini,
275 1629 306 1665 si
339 1639 473 1665 merces
507 1629 686 1665 vehendas
722 1629 947 1672 locaverant,
983 1639 1028 1665 ex
1060 1629 1180 1665 locato

91 1675 199 1711 cum⁸
228 1675 397 1720 magistro
428 1674 528 1710 navis
560 1685 664 1719 agere
696 1674 844 1711 debent:
876 1675 907 1710 is
940 1674 1068 1710 deinde
1099 1686 1181 1711 cum

91 1721 155 1756 reli
179 1720 253 1762 uis,
287 1731 438 1766 quorum
468 1730 603 1755 merces
636 1720 755 1756 salvae
786 1723 888 1764 sunt,
921 1730 965 1756 ex
989 1720 1179 1764 conducto,

91 1770 131 1801 ut
186 1766 411 1801 etrimentum
441 1776 506 1811 pro
542 1766 707 1811 portione
742 1766 1040 1809 communicetur,
1077 1776 1181 1811 agere

91 1815 221 1857 potest.
271 1811 411 1847 Servius
448 1810 588 1864 quidem
623 1811 809 1857 respondit
843 1821 888 1846 ex
921 1811 1040 1848 locato
1076 1822 1181 1856 agere

91 1868 172 1892 cum
196 1857 364 1902 magistro
389 1867 490 1892 navxs
514 1856 662 1899 debere,
693 1861 734 1892 ut
765 1861 967 1892 ceterorum
997 1855 1181 1893 vectorum

90 1912 224 1938 merces
255 1902 426 1944 retineat,
459 1901 573 1937 donec
604 1902 803 1947 portionem
835 1902 955 1938 damni
984 1906 1178 1948 praestent.

90 1948 198 1983 immo
224 1948 316 1983 etsi⁹
338 1947 491 1983 retineat
513 1958 648 1983 merces
672 1948 849 1993 magister,
875 1948 968 1983 ultro
994 1958 1038 1983 ex
1061 1947 1179 1984 locato

89 1993 275 2028 habiturus
307 1997 363 2028 est
392 1993 569 2029 actionem
601 2003 682 2028 cum
712 1994 935 2029 vectoribus:
970 1992 1055 2038 quid
1088 1993 1180 2029 enim

89 2039 119 2074 si
142 2042 302 2074 vectores
327 2038 416 2082 sint,
450 2039 511 2084 qui
535 2038 651 2074 nullas
675 2038 834 2074 sarcinas
859 2039 1041 2074 habeant?
1075 2039 1181 2084 plane

90 2084 310 2120 commodius
335 2087 400 2126 est,
425 2084 456 2119 si
480 2084 561 2126 sint,
585 2084 739 2119 retinere
764 2094 835 2120 eas.
873 2087 911 2119 at
934 2084 965 2119 si
977 2085 1005 2105 ¹⁰
1028 2094 1100 2119 non
1124 2089 1179 2120 to-

88 2133 162 2164 tam
185 2140 310 2165 navem
334 2129 563 2172 conduxerit,
589 2140 633 2164 ex
657 2129 835 2165 conducto
860 2133 958 2175 aget,
984 2129 1077 2165 sicut
1099 2140 1179 2165 vec-

89 2180 204 2217 tores,
229 2175 289 2220 qui
312 2174 393 2210 loca
416 2175 454 2209 in
476 2185 603 2210 navem
627 2175 893 2210 conduxerunt:
928 2174 1180 2220 aequissimum

89 2220 182 2256 enim
206 2224 261 2255 est
285 2229 470 2256 commune
494 2219 743 2255 detrimentum
763 2220 840 2255 fieri
860 2230 992 2262 eorum,
1017 2220 1078 2265 qui
1095 2231 1178 2265 pro-

89 2270 169 2311 pter
193 2266 342 2301 amissas
366 2275 422 2300 res
447 2265 597 2300 aliorum
622 2266 807 2301 consecuti
837 2269 940 2308 sunt,
971 2268 1013 2300 ut
1043 2276 1179 2301 merces

92 2315 105 2346 1
158 2321 242 2346 suas
279 2311 394 2346 salvas
429 2311 613 2346 haberent.
674 2310 711 2346 Si
747 2311 966 2346 conservatis
1001 2311 1179 2346 mercibus

89 2356 242 2392 deterior
264 2356 363 2392 facta
386 2356 432 2392 sit
455 2356 554 2391 navis
575 2360 638 2391 aut
658 2356 688 2391 si
706 2356 791 2409 quid
812 2356 1057 2399 exarmaverit,
1082 2357 1180 2391 nulla

88 2402 252 2437 facienda
285 2405 339 2437 est
371 2402 532 2443 collatio,
570 2401 654 2446 quia
689 2401 866 2437 d1ssimilis
902 2412 1026 2437 earum
1058 2412 1178 2437 rerum

90 2457 199 2483 causa
222 2447 287 2490 sit,
318 2457 409 2492 quae
432 2447 532 2482 navis
555 2447 670 2499 gratia
693 2451 864 2492 parentur
889 2450 924 2482 et
947 2457 1088 2490 earum,
1113 2458 1178 2492 pro

90 2493 217 2538 quibus
240 2492 440 2528 mercedem
464 2492 591 2537 aliquis
616 2492 815 2537 acceperit:
848 2502 932 2527 nam
964 2496 1000 2527 et
1022 2493 1053 2528 si
1076 2492 1180 2527 faber

89 2538 253 2573 incudem
285 2542 348 2573 aut
379 2538 545 2573 malleum
578 2537 742 2582 fregerit,
774 2548 847 2574 non
877 2538 1115 2583 imputaretur
1147 2537 1180 2573 ei

90 2583 149 2627 qui
180 2583 351 2618 locaverit
383 2593 483 2628 opus.
521 2582 585 2618 sed
608 2583 638 2618 si
661 2582 845 2618 voluntate
868 2587 1053 2619 vectorum
1084 2583 1139 2618 vel
1153 2584 1177 2605 ¹¹

89 2631 236 2706 profiter
266 2627 419 2671 aliquem
449 2631 582 2662 metum
612 2627 649 2662 id
680 2627 929 2662 detrimentum
951 2628 1087 2663 factum
1112 2629 1168 2672 sit,

90 2676 110 2707 2
183 2683 226 2707 oc
256 2672 373 2717 ipsum
405 2672 530 2707 sarciri
561 2676 713 2717 oportet.
761 2671 849 2707 Cum
872 2673 910 2707 in
934 2673 1057 2708 eadem
1080 2684 1170 2710 nave

89 2717 187 2751 varia
217 2717 386 2752 mercium
417 2727 548 2762 genera
571 2718 770 2763 complures
794 2722 1009 2753 mercatores
1034 2719 1169 2764 coegis-

89 2766 169 2797 sent
198 2766 453 2807 praetereaque
483 2763 585 2797 multi
615 2767 775 2798 vectores
810 2763 901 2798 servi
931 2763 1103 2808 liberique
1132 2765 1169 2799 in

91 2817 134 2842 ea
156 2807 379 2851 navigarent,
414 2811 624 2853 tempestate
645 2808 743 2853 gravi
767 2812 846 2843 orta
869 2809 1071 2844 necessario
1094 2809 1168 2845 iac-

89 2855 172 2886 tura
195 2852 292 2887 facta
316 2857 409 2888 erat:
435 2854 596 2897 quaesita
615 2853 741 2889 deinde
756 2856 841 2889 sunt
856 2854 963 2888 haec:
989 2864 1036 2888 an
1047 2864 1169 2890 omnes

89 2897 264 2932 iacturam
294 2902 478 2942 praestare
510 2902 674 2943 oporteat
704 2903 740 2933 et
770 2899 800 2934 si
832 2899 892 2943 qui
921 2898 1011 2933 tales
1035 2909 1170 2935 merces

89 2941 351 2986 imposuissent,
376 2944 503 2988 quibus
519 2944 619 2979 navis
635 2955 707 2979 non
720 2949 939 2986 oneraretur,
963 2944 1060 2979 velut
1073 2955 1168 2988 gem-

89 2998 165 3022 mas
197 2988 435 3032 margaritas?
471 2991 508 3022 et
531 2998 623 3033 quae
645 2988 762 3040 portio
785 2989 1004 3034 praestanda
1027 2990 1107 3024 est?
1143 2992 1179 3025 et

89 3042 135 3067 an
178 3033 284 3067 etiam
326 3043 391 3077 pro
427 3033 547 3068 liberis
584 3043 627 3068 ca
652 3033 760 3069 itibus
796 3033 872 3068 dari
907 3035 1096 3079 oporteat?
1144 3038 1180 3069 et

89 3087 159 3122 qua
193 3078 333 3113 actione
365 3088 407 3113 ea
437 3089 494 3113 res
520 3088 608 3123 expe
669 3078 675 3086 “
727 3079 840 3114 ossit‘?
875 3079 1012 3124 placuit
1043 3090 1176 3121 omnes,

90 3133 239 3166 quorum
261 3123 481 3158 interfuisset
502 3123 678 3158 iacturam
729 3124 790 3166 eri,
817 3124 979 3160 conferre
1003 3128 1177 3169 oportere,

112 3167 173 3202 uia
203 3167 240 3202 id
262 3168 436 3203 tributum
470 3169 679 3204 observatae
692 3169 719 3190 ¹²
749 3179 807 3205 res
840 3169 1025 3205 deberent:
1058 3170 1179 3214 itaque

114 3213 270 3248 ominum
303 3214 409 3248 etiam
441 3213 539 3248 navis
569 3225 634 3259 pro
667 3214 829 3259 portione
861 3215 933 3250 obli
957 3218 1055 3250 atum
1089 3225 1176 3250 esse.

89 3257 249 3292 iacturae
272 3269 445 3293 summam
469 3269 533 3304 pro
558 3269 675 3294 rerum
699 3260 811 3304 pretio
837 3260 939 3295 distri
965 3260 1002 3295 ui
1025 3264 1176 3304 oportet.

90 3312 278 3347 corporum
302 3303 493 3338 liberorum
519 3304 798 3339 aestimationem
818 3305 951 3340 nullam
965 3304 1042 3340 fieri
1059 3315 1176 3350 posse.

90 3460 130 3500 (1)
155 3461 386 3492 nenecessaria
396 3460 429 3493 F·
506 3462 550 3503 (2)
576 3462 665 3504 quod
678 3463 722 3495 F¹
804 3464 846 3505 (3)
871 3474 906 3496 re
920 3465 980 3497 ins.
1064 3465 1106 3504 (4)
1131 3474 1172 3495 an

90 3504 125 3536 in
140 3504 226 3537 hanc
237 3515 305 3536 rem
319 3507 463 3546 pecunia
475 3507 643 3549 eroganda
656 3509 718 3549 est]
741 3516 798 3542 aut
810 3509 872 3542 del.
886 3517 945 3543 aut
954 3521 1017 3542 scr.
1038 3509 1074 3542 in
1088 3510 1173 3541 hanc

90 3559 158 3580 rem
172 3550 335 3591 pecuniae
348 3551 534 3592 erogandae

135 3595 179 3635 (5)
208 3594 292 3637 Pap.
305 3601 390 3633 1..-5;
403 3595 484 3628 Sab.
499 3604 589 3635 e...9;
602 3597 689 3640 App.
700 3605 743 3631 10.
757 3616 803 3622 —-
814 3598 899 3632 Bas.
910 3599 964 3636 53,
975 3604 990 3630 3
1062 3599 1106 3637 (c)
1133 3613 1175 3625 =

93 3637 216 3671 Paulus
228 3640 258 3677 2,
275 3646 302 3678 7,
316 3646 328 3672 1
492 3642 534 3682 (7)
559 3641 737 3675 Levandae
747 3643 842 3675 navis
855 3643 967 3684 gratia
980 3642 1088 3674 iactus
1101 3652 1175 3673 cum

90 3684 249 3715 mercium
262 3683 386 3715 factum
400 3686 460 3724 est,
483 3685 631 3718 omnium
650 3687 874 3720 intributione
888 3687 1077 3719 sarciantur
1097 3697 1127 3729 q.
1143 3697 1176 3728 p.

91 3736 122 3759 ο.
142 3727 175 3761 d.
187 3738 217 3761 e.
229 3729 356 3761 Paulus
368 3742 459 3771 quem
472 3730 628 3764 habemus
740 3734 783 3773 (8)
810 3742 884 3765 eum
896 3732 931 3764 F
1038 3734 1082 3773 (9)
1108 3742 1176 3764 non

1175 96 1253 145 187
1294 171 1298 181 t

2108 103 2347 146 XHII1.2

1256 233 1299 258 ex
1330 223 1508 259 conducto
1540 223 1701 258 dominos
1733 234 1851 259 rerum
1882 225 2094 261 amissarum
2118 235 2201 261 cum
2223 229 2347 268 nauta,

1254 268 1292 304 id
1316 272 1371 304 est
1388 278 1470 304 cum
1489 268 1659 313 magistro
1679 272 1836 305 acturos.
1873 270 1996 307 itidem
2064 270 2190 306 ’tatum
2210 274 2276 314 est,
2300 281 2348 308 an

1255 314 1362 350 etiam
1394 313 1685 350 vestimentorum
1717 314 1890 360 cuiusque
1913 319 1949 351 et
1971 326 2018 351 an
2058 323 2158 352 orum
2181 316 2347 353 aestima-

1254 359 1388 395 tionem
1411 358 1488 394 fieri
1512 369 1533 394 o
1562 361 1696 394 orteat:
1730 363 1766 393 et
1796 361 1952 396 omnium
1975 361 2090 397 visum
2114 365 2186 405 est,
2217 361 2287 398 nisi
2318 361 2348 398 si

1254 415 1326 450 qua
1339 414 1533 440 consumen
1560 404 1694 440 icausa
1712 404 1879 449 imposita
1897 405 2028 449 forent,
2049 418 2119 453 quo
2141 407 2180 443 in
2198 418 2347 444 numero

1255 453 1375 485 essent
1398 449 1550 485 cibaria:
1577 459 1619 485 eo
1643 449 1755 494 magis
1780 450 1893 494 quod,
1918 451 1948 486 si
1972 452 2114 496 quando
2140 462 2184 488 ea
2207 452 2347 489 defece-

1255 495 1326 530 rint
1344 496 1382 530 in
1402 495 1662 540 navigationem
1678 494 1714 537 ¹³,
1737 494 1833 539 quod
1853 495 2003 541 quisque
2024 498 2174 533 haberet
2192 498 2230 534 in
2250 509 2346 534 com-

1255 543 1274 576 3
1322 551 1428 576 mune
1460 540 1650 575 conferret.
1699 538 1737 575 Si
1761 541 1861 575 navis
1885 551 1908 575 a
1931 542 2055 586 piratis
2079 543 2266 588 redempta
2289 544 2347 587 sit,

1254 585 1396 621 Servius
1422 585 1548 621 Ofilius
1571 585 1695 620 Labeo
1728 595 1851 620 omnes
1885 586 2049 622 conferre
2072 588 2202 624 debere
2226 589 2345 625 aiunt:

1252 630 1349 710 ἓιιοᾱ
1373 641 1456 667 vero
1481 631 1680 676 praedones
1705 630 1936 673 abstulerint,
1969 642 2049 667 eum
2072 634 2221 677 perdere
2245 634 2347 670 cuius

1268 676 1387 712 uerint
1400 677 1438 718 ¹⁴,
1451 686 1518 712 nec
1541 675 1796 712 conferendum
1808 675 1851 719 ei,
1865 676 1926 721 qui
1937 687 2021 712 suas
2034 688 2169 714 merces
2189 679 2346 716 redeme-

1252 724 1274 756 4
1319 721 1377 756 rit.
1425 721 1549 758 Portio
1582 724 1702 757 autem
1732 732 1797 767 pro
1829 722 2076 758 aestimatione
2106 735 2224 760 rerum
2256 735 2348 770 quae

1253 766 1372 802 salvae
1407 771 1492 802 sunt
1523 770 1560 802 et
1590 777 1714 802 earum
1747 777 1839 812 quae
1871 767 2024 803 amissae
2055 773 2140 803 sunt
2169 770 2348 814 praestari

1253 812 1353 854 solet,
1378 822 1445 847 nec
1469 812 1517 848 ad
1539 823 1615 848 rem
1638 811 1803 857 pertinet,
1829 812 1860 847 si
1883 812 1953 848 hae
1976 823 2068 858 quae
2093 814 2244 851 amissae
2263 819 2348 851 sunt

1251 857 1364 937 pluris
1399 858 1511 893 veniri
1545 861 1715 903 poterunt
1728 858 1775 900 ¹⁵,
1816 858 1986 903 quoniam
2020 858 2239 903 detrimenti,
2275 871 2347 897 non

1265 903 1343 938 ucri
1365 902 1407 938 fit
1430 903 1639 948 praestatio.
1675 902 1779 939 sed¹⁰
1801 903 1838 938 in
1862 903 1918 939 his
1941 904 2067 946 rebus,
2100 915 2251 949 quarum
2281 917 2346 942 no-

1251 948 1345 984 mine
1370 948 1625 984 conferendum
1650 952 1723 991 est,
1756 949 1957 984 aestimatio
1992 948 2098 985 debet
2127 950 2252 986 haberi
2275 962 2347 987 non

1251 994 1377 1039 quanti
1412 998 1554 1039 emptae
1589 994 1679 1037 sint,
1722 993 1785 1029 sed
1829 994 1953 1039 quanti
1987 995 2108 1030 venire
2121 996 2147 1017 ¹⁷
2182 1000 2345 1041 possunt.

1251 1042 1271 1074 5
1320 1038 1510 1074 Servorum
1566 1049 1683 1084 uoque
1706 1039 1766 1085 qui
1789 1039 1827 1075 in
1850 1050 1948 1075 mare
1970 1040 2153 1092 perierunt
2176 1052 2247 1077 non
2271 1053 2346 1078 ma·

1250 1084 1303 1130 gis
1327 1084 1528 1120 aestimatio
1565 1084 1715 1120 acienda
1736 1088 1801 1128 est,
1827 1095 1934 1130 quam
1953 1096 1983 1121 s1
2004 1085 2065 1131 qui
2086 1086 2183 1131 aegri
2201 1087 2238 1121 in
2259 1097 2349 1122 nave

1252 1133 1272 1166 6
1321 1129 1540 1166 decesserint
1573 1134 1639 1166 aut
1673 1130 1783 1175 aliqui
1817 1140 1896 1166 sese
1929 1131 2051 1177 praeci
2077 1130 2254 1167 itaverint.
2310 1132 2348 1167 Si

1251 1175 1331 1221 quis
1356 1186 1400 1211 ex
1423 1175 1627 1212 vectoribus
1652 1175 1820 1212 solvendo
1855 1186 1928 1212 non
1960 1176 2024 1219 sit,
2083 1187 2126 1212 oc
2159 1176 2348 1213 detrimen-

1250 1221 1501 1267 tummagistri
1519 1221 1620 1257 navis
1641 1231 1714 1257 non
1736 1221 1820 1257 erit:
1842 1231 1909 1258 nec
1931 1221 2024 1258 enim
2042 1221 2207 1259 fortunas
2229 1223 2348 1259 cuius-

1252 1269 1271 1301 7
1320 1276 1389 1312 que
1424 1270 1537 1302 nauta
1572 1270 1740 1303 excutere
1774 1266 1890 1303 debet.
1939 1267 1978 1303 Si
2012 1277 2070 1303 res
2107 1278 2200 1313 quae
2230 1268 2349 1305 iactae

1251 1315 1336 1347 sunt
1359 1313 1611 1357 apparuerint,
1644 1315 1860 1348 exoneratur
1892 1312 2056 1348 collatio:
2089 1313 2185 1366 quod
2216 1313 2248 1350 si
2277 1314 2347 1349 iam

1253 1357 1470 1393 contributio
1495 1357 1594 1394 facta
1617 1358 1683 1401 sit,
1715 1362 1804 1393 tunc
1834 1358 1872 1393 hi
1896 1358 1958 1403 qui
1981 1358 2151 1394 solverint
2174 1362 2282 1404 agent
2305 1370 2348 1395 ex

1251 1402 1370 1438 locato
1398 1413 1478 1438 cum
1502 1404 1692 1448 magistro,
1724 1407 1766 1438 ut
1795 1403 1825 1438 is
1858 1413 1902 1439 ex
1934 1403 2113 1440 conducto
2146 1405 2349 1450 experiatur

1252 1451 1272 1483 8
1321 1452 1357 1484 et
1380 1449 1475 1492 quod
1500 1449 1656 1494 exegerit
1678 1448 1817 1484 reddat.
1864 1448 1938 1484 Res
1962 1453 2082 1484 autem
2100 1450 2197 1486 iacta
2216 1450 2347 1486 domini

1251 1497 1372 1574 Inminet
1395 1504 1462 1530 nec
1485 1494 1527 1529 fit
1550 1494 1861 1540 adprehendentis‚
1886 1494 1972 1540 quia
1993 1505 2059 1540 pro
2085 1495 2252 1531 derelicto
2273 1506 2346 1531 non

1277 1549 1299 1574 a
1326 1543 1414 1575 etur.

1298 1582 1322 1623 3
1348 1584 1597 1621 Pammws
1605 1585 1696 1621 libro
1709 1596 1804 1621 nono
1818 1584 1955 1621 decimo
1967 1595 2225 1632 responsorum
2258 1584 2347 1621 Cum

1252 1631 1361 1666 arbor
1393 1634 1456 1666 aut
1479 1630 1578 1665 aliud
1601 1630 1700 1666 navis
1725 1631 1997 1666 instrumentum
2020 1630 2224 1666 removendi
2248 1641 2344 1666 com-

1251 1676 1367 1711 munis
1377 1676 1525 1722 periculi
1542 1686 1654 1711 causa
1670 1676 1847 1711 deiectum
1864 1679 1929 1719 est,
1949 1675 2166 1712 contributio
2183 1675 2345 1712 debetur.

1297 1720 1323 1758 4
1352 1721 1639 1758 CALLJSTRATUS
1657 1721 1749 1758 libro
1768 1721 1926 1757 secundo
1949 1722 2200 1767 quaestionum
2235 1721 2346 1758 Navis

1252 1770 1404 1802 onustae
1426 1766 1599 1802 levandae
1623 1776 1745 1810 causa,
1771 1766 1855 1812 quia
1878 1767 2013 1802 intrare
2034 1766 2168 1802 flumen
2186 1767 2242 1802 vel
2262 1778 2346 1812 por-

1251 1816 1327 1847 tum
1351 1823 1424 1848 non
1447 1816 1616 1858 potuerat
1639 1823 1720 1847 cum
1744 1822 1870 1855 onere,
1896 1812 1927 1847 si
1950 1812 2127 1857 quaedam
2150 1822 2286 1849 merces
2309 1813 2347 1848 in

1252 1858 1424 1902 scapham
1448 1857 1620 1893 traiectae
1644 1861 1747 1900 sunt,
1771 1867 1817 1892 ne
1841 1862 1906 1892 aut
1929 1861 2031 1892 extra
2054 1857 2187 1893 flumen
2200 1858 2229 1879 ¹⁸
2252 1858 2346 1903 peri-

1252 1902 1395 1938 clitetur
1419 1903 1542 1938 autin
1573 1903 1652 1948 ipso
1685 1903 1778 1938 ostio
1809 1902 1865 1938 vel
1891 1906 2023 1983 lportu,
2061 1913 2174 1948 eaque
2209 1904 2348 1949 scapha

1251 1958 1449 1984 summersa
1472 1952 1545 1991 est,
1578 1948 1671 1984 ratio
1696 1947 1822 1983 haberi
1846 1948 1890 1983 de
1917 1952 1953 1983 et
1981 1948 2075 1984 inter
2106 1958 2185 1990 eos,
2218 1949 2279 1994 qui
2308 1949 2344 1984 in

1251 2003 1341 2029 nave
1364 2004 1500 2030 merces
1525 1994 1644 2029 salvas
1658 1994 1686 2015 ¹⁹
1709 1994 1855 2036 habent,
1882 2004 1964 2029 cum
1986 1993 2042 2029 his
2066 1993 2127 2039 qui
2149 1994 2187 2029 in
2211 1994 2348 2039 scapha

1251 2039 1492 2092 perdiderunt,
1518 2039 1667 2084 proinde
1690 2043 1872 2092 tamquam
1897 2039 1927 2074 si
1949 2039 2091 2075 iactura
2113 2038 2213 2075 facta
2233 2043 2345 2075 esset:

1250 2084 1357 2130 idque
1393 2084 1549 2120 Sabinus
1585 2095 1727 2138 quoque
1761 2085 1853 2120 hbro
1889 2084 2048 2120 secundo
2092 2094 2346 2130 responsorum

1250 2130 1392 2176 probat.
1431 2134 1558 2165 contra
1581 2140 1612 2165 si
1636 2130 1773 2175 scapha
1797 2140 1877 2165 cum
1910 2133 2014 2175 parte
2044 2130 2215 2165 mercium
2246 2131 2347 2166 salva

1251 2180 1324 2218 est,
1348 2176 1449 2211 navis
1473 2175 1596 2221 periit,
1628 2175 1721 2211 ratio
1745 2175 1871 2210 haberi
1894 2186 1967 2210 non
1991 2175 2097 2211 debet
2121 2186 2262 2219 eorum,
2288 2176 2345 2221 qui

1249 2221 1288 2256 in
1311 2231 1402 2256 nave
1431 2220 1684 2266 perdiderunt,
1717 2221 1801 2266 quia
1831 2220 1949 2256 iactus
1980 2220 2018 2256 in
2049 2221 2225 2256 tributum
2257 2231 2346 2256 nave

1252 2269 1267 2301 1
1318 2266 1416 2302 salva
1450 2266 1556 2302 venit.
1614 2265 1685 2301 Sed
1719 2266 1751 2301 si
1785 2266 1903 2308 navis,
1963 2276 2032 2301 uae
2066 2267 2104 2302 in
2137 2270 2342 2319 tempestate

1248 2311 1348 2346 iactu
1371 2312 1542 2347 mercium
1575 2311 1681 2347 unius
1714 2311 1923 2347 mercatoris
1969 2315 2071 2347 evata
2103 2315 2175 2354 est,
2206 2323 2244 2347 m
2275 2313 2344 2347 alio

1249 2357 1329 2392 loco
1362 2367 1559 2392 summersa
1584 2360 1639 2392 est
1662 2360 1698 2392 et
1721 2357 1923 2402 aliquorum
1947 2360 2185 2392 mercatorum
2209 2367 2344 2393 merces

1249 2413 1314 2482 Ber
1332 2402 1534 2438 urinatores
1555 2405 1738 2438 extractae
1758 2405 1843 2437 sunt
1866 2402 1952 2437 data
1975 2402 2148 2445 mercede,
2168 2402 2343 2438 rationem

1275 2447 1374 2483 aberi
1404 2447 1535 2483 debere
1565 2448 1660 2490 eius,
1694 2447 1795 2483 cuius
1826 2457 1962 2482 merces
1985 2447 2023 2482 in
2047 2447 2271 2493 navigatione
2294 2448 2344 2483 le-

1248 2492 1386 2528 vandae
1409 2492 1509 2528 navis
1534 2503 1645 2529 causa
1667 2493 1784 2528 iactae
1809 2496 1911 2535 sunt,
1945 2492 1991 2527 ab
2024 2493 2101 2535 his,
2134 2493 2194 2538 qui
2217 2496 2345 2538 postea

1249 2548 1316 2573 sua
1341 2549 1411 2618 (per
1444 2538 1644 2574 urinatores
1677 2541 1923 2580 servaverunt,
1957 2537 2112 2573 Sabinus
2145 2547 2258 2590 aeque
2288 2548 2343 2574 re-

1248 2593 1339 2628 spon
1364 2583 1403 2618 it.
1441 2594 1564 2618 eorum
1587 2593 1688 2625 vero,
1713 2583 1774 2628 qui
1797 2583 1849 2618 ita
1859 2583 1890 2603 ²⁰
1914 2586 2163 2626 servaverunt,
2195 2584 2343 2619 invicem

1247 2628 1423 2664 rationem
1446 2629 1572 2664 haberi
1594 2639 1667 2664 non
1691 2628 1821 2663 debere
1839 2628 1885 2663 ab
1907 2638 1959 2670 eo,
1986 2628 2046 2673 qui
2064 2628 2101 2663 in
2120 2628 2344 2674 navigatione

1247 2673 1383 2709 iactum
1405 2673 1503 2716 fecit,
1528 2674 1558 2709 si
1583 2673 1759 2719 quaedam
1783 2683 1828 2708 ex
1850 2673 2108 2725 his-mercibus
2132 2684 2197 2719 per
2220 2674 2341 2709 urina-

1247 2722 1344 2754 tores
1370 2723 1553 2755 extractae
1577 2722 1678 2754 sunt:
1713 2729 1837 2753 eorum
1870 2728 1963 2753 emm
1993 2729 2130 2754 merces
2162 2730 2235 2755 non
2258 2730 2342 2765 pos-

1248 2768 1333 2799 sunt
1355 2764 1467 2799 videri
1491 2764 1688 2800 servandae
1712 2763 1811 2798 navis
1838 2773 1947 2799 causa
1969 2764 2087 2799 iactae
2119 2774 2217 2808 esse,
2250 2775 2343 2810 quae

1249 2811 1268 2844 2
1316 2809 1420 2854 perit.
1470 2809 1559 2844 Cum
1591 2813 1710 2844 autem
1741 2809 1858 2844 iactus
1891 2809 1935 2844 de
1966 2819 2056 2844 nave
2085 2809 2204 2846 factus
2228 2814 2284 2846 est
2307 2814 2344 2845 et

1248 2854 1398 2890 alicuius
1429 2865 1506 2897 res,
1567 2864 1635 2889 uae
1666 2854 1703 2889 in
1738 2853 1820 2889 navi
1850 2858 2117 2897 remanserunt,
2150 2855 2341 2891 deteriores

1246 2899 1367 2934 factae
1389 2903 1483 2942 sunt,
1503 2900 1538 2934 vi
1565 2899 1706 2941 endum,
1727 2909 1774 2934 an
1794 2899 1959 2935 conferre
1981 2900 2162 2944 cogendus
2180 2901 2237 2943 sit,
2259 2901 2343 2946 quia

1247 2955 1320 2979 non
1355 2944 1461 2979 debet
1496 2944 1628 2989 duplici
1663 2944 1792 2980 damno
1829 2944 1971 2980 onerari
2003 2949 2040 2981 et
2071 2945 2270 2982 collationis
2307 2950 2343 2981 et

1248 2989 1345 3034 quod
1375 3000 1431 3024 res
1465 2989 1657 3024 deteriores
1689 2989 1810 3025 factae
1842 2993 1935 3025 sunt.
1985 2990 2048 3026 sed
2081 2990 2341 3027 defendendum

1249 3038 1303 3069 est
1337 3034 1434 3069 hunc
1471 3034 1633 3070 conferre
1669 3035 1798 3070 debere
1833 3035 1948 3080 pretio
1980 3040 2169 3081 praesente
2203 3047 2337 3072 rerum:

1247 3080 1368 3124 itaque
1391 3079 1528 3114 verbi2¹
1552 3080 1667 3124 gratia
1691 3080 1722 3115 si
1744 3080 1908 3115 vicenum
1930 3091 2067 3116 merces
2092 3081 2244 3117 duorum
2261 3081 2339 3116 fue-

1247 3128 1332 3159 runt
1355 3128 1391 3160 et
1414 3124 1559 3160 alterius
1584 3125 1772 3170 aspargine
1796 3125 1919 3161 decem
1943 3136 2021 3162 esse
2046 3131 2257 3172 coeperunt,
2282 3126 2340 3161 ille

1249 3170 1349 3204 cuius
1372 3180 1429 3205 res
1454 3170 1612 3214 integrae
1636 3174 1720 3205 sunt
1767 3181 1807 3206 ro
1831 3171 1954 3216 viginti
1979 3171 2159 3214 conferat,
2191 3172 2250 3206 hie
2267 3181 2337 3251 ἕω

1249 3215 1381 3250 decem.
1427 3218 1546 3259 potest
1575 3219 1696 3250 tamen
1765 3216 1797 3251 ci
1830 3217 1937 3252 etiam
1968 3217 2029 3252 illa
2061 3217 2235 3252 sententia
2290 3216 2337 3250 is-

1247 3260 1489 3304 tinguentibus
1521 3260 1644 3303 nobis,
1676 3260 1869 3297 deteriores
1900 3272 1944 3297 ex
1976 3272 2047 3307 qua
2079 3272 2190 3297 causa
2218 3261 2338 3296 factae

1248 3308 1343 3347 sunt,
1366 3304 1404 3340 id
1427 3308 1482 3340 est
1504 3308 1625 3340 utrum
1649 3309 1797 3352 propter
1819 3306 1917 3342 iacta
1939 3306 2083 3342 nudatis
2106 3307 2214 3342 rebus
2238 3305 2335 3341 dam-

1244 3464 1302 3496 ins.
1318 3462 1348 3495 S
1430 3463 1491 3503 (10)
1517 3463 1593 3505 quis
1606 3464 1667 3497 ins.
1683 3465 1844 3505 (similiter
1860 3466 2024 3505 Cuiacius)
2126 3464 2180 3503 (11)
2204 3463 2257 3494 vel
2270 3463 2332 3496 del.

1246 3507 1398 3540 Cuiacius
1410 3520 1472 3542 sec.
1489 3508 1690 3552 Odofredum
1809 3512 1867 3551 (12)
1893 3510 1973 3552 quia
1986 3509 2150 3541 tributum
2163 3506 2204 3539 ob
2218 3507 2253 3539 id
2266 3518 2333 3539 ser-

1246 3556 1340 3584 vatae
1352 3565 1415 3585 scr.
1545 3557 1603 3591 (13)
1628 3555 1846 3596 navigatione
1859 3567 1922 3588 scr.
2054 3555 2111 3595 (14)
2137 3552 2240 3584 fuerit
2252 3552 2335 3584 Hal-

1246 3601 1303 3637 (15)
1330 3601 1512 3638 potuerunt
1525 3600 1601 3632 dett.
1696 3601 1754 3641 (16)
1780 3600 1849 3640 sed]
1863 3600 1920 3632 sed
1933 3604 1966 3631 et
1978 3611 2039 3632 scr.
2143 3598 2202 3638 (17)
2226 3596 2333 3628 veniri

1246 3641 1298 3674 F²
1387 3644 1446 3681 (18)
1472 3647 1552 3676 sunt
1565 3648 1624 3676 aut
1636 3647 1729 3676 extra
1741 3645 1875 3684 flumen,
1890 3655 1931 3676 ne
1943 3656 2005 3676 scr.
2098 3643 2158 3683 (19)
2184 3641 2292 3674 solvas
2303 3640 2337 3674 F

1247 3688 1310 3728 (20)
1335 3688 1474 3721 nonius.
1569 3691 1628 3731 (21)
1653 3689 1811 3722 verbisF

1990 3789 2055 3820 24*
