2528 3918
116 118 278 150 MNIUM
306 120 619 161 REGUNDORUM

1205 111 1284 159 137
1346 82 1350 85 ’

1001 516 1180 567 LIBER
1208 517 1478 567 DECIMUS.

628 645 647 683 1
658 646 682 684 ¹.

397 710 563 742 FINIUM
588 710 919 744 BEGUNDORUM.

158 778 175 815 1
207 778 264 814 ΡΑ
272 787 315 813 Ul.
323 787 366 812 vs
383 778 474 813 libro
486 778 676 813 vicensimo
690 777 795 812 tertio
808 777 858 812 ad
869 777 1023 813 edictum
1061 778 1203 813 F‘inium

110 823 347 868 regundorum
372 823 466 858 actio
490 823 527 857 in
550 832 740 868 personam
772 825 843 865 est,
875 823 960 858 licet
990 834 1056 868 pro
1089 824 1202 859 vindi-

111 870 253 904 catione
276 868 327 903 rei
352 871 416 903 est.

156 913 181 951 2
213 914 408 950 ULPJANUS
436 913 527 948 libro
550 924 645 948 nono
670 912 806 948 decimo
829 913 881 948 ad
902 913 1056 950 edictum
1101 913 1201 948 Haec

110 961 203 995 actio
228 958 382 1004 pertinet
406 958 452 993 ad
482 958 629 1003 praedia
661 958 815 1000 rustica,
848 959 1005 1010 quamvis
1038 958 1202 994 aedificia

110 1004 365 1041 interveniant:
398 1014 512 1048 neque
549 1003 641 1039 enim
672 1003 822 1038 multum
853 1007 1021 1046 lnterest,
1053 1005 1200 1039 arbores

114 1057 123 1084 ι
178 1050 256 1095 quis
275 1050 313 1084 in
335 1049 489 1084 confinio
510 1059 556 1083 an
570 1047 770 1083 aedificium
782 1053 904 1093 ponat.
943 1049 1056 1085 Iudici
1076 1049 1199 1085 finium

110 1095 348 1140 regundorum
371 1094 606 1139 permittitur,
630 1096 690 1135 ut,
714 1094 777 1128 ubi
800 1104 873 1129 non
897 1095 1012 1139 possit
1036 1095 1199 1130 dirimere

110 1142 208 1182 fines,
234 1139 495 1174 adiudicatione
519 1139 798 1174 controversiam
823 1139 981 1174 dirimat:
1008 1144 1044 1175 et
1060 1140 1090 1175 si
1105 1139 1199 1175 forte

109 1185 326 1220 amovendae
356 1184 483 1219 veteris
515 1183 745 1219 obscuritatis
776 1184 893 1229 gratia
925 1195 989 1229 per
1013 1186 1118 1220 aliam
1141 1196 1197 1220 re-

109 1232 247 1275 gionem
270 1230 359 1264 fines
384 1229 533 1274 dirigere
555 1229 663 1264 iudex
693 1229 796 1272 velit,
827 1233 947 1274 potest
978 1231 1047 1266 1100
1078 1230 1198 1266 facere

109 1287 173 1321 per
196 1274 519 1310 0(1111(11001101101112
543 1278 578 1309 01
603 1274 945 1310 condemnationem.

155 1319 179 1359 3
207 1321 330 1356 GAJUS
347 1319 438 1355 libro
458 1321 609 1366 septimo
629 1320 679 1354 ad
697 1319 1085 1366 edictum-provinciale
1120 1320 1196 1364 Quo

109 1377 195 1402 casu
219 1375 309 1410 cpus
336 1368 407 1407 est,
438 1369 479 1399 ut
503 1375 546 1399 ex
570 1364 776 1399 alterutrius
801 1365 948 1410 praedio
974 1365 1034 1399 alii
1058 1365 1196 1400 adiudi-

108 1411 262 1447 candum
286 1410 343 1452 sit,
368 1421 437 1455 quo
462 1410 627 1445 nomine³
650 1410 680 1445 is
706 1410 764 1445 cui
784 1411 1008 1445 adiudicatur
1027 1410 1065 1444 in
1085 1411 1196 1446 vicem

107 1468 171 1502 pro
205 1466 246 1491 eo
279 1455 376 1501 quod
406 1455 440 1490 ei
472 1455 697 1490 adiudicatur
729 1459 828 1490 certa
850 1456 1005 1500 pecunia
1029 1456 1194 1491 condem-

107 1502 245 1537 nandus
272 1504 334 1536 est.

153 1546 178 1584 4
202 1546 259 1582 PA
267 1556 361 1582 ULUS
388 1545 478 1582 libro
512 1546 702 1581 vicensimo
727 1547 831 1580 tertio
855 1546 906 1580 ad
927 1546 1080 1581 edictum
1128 1546 1197 1581 Sed

108 1597 142 1627 et
173 1592 242 1627 1001
273 1592 378 1626 11111113
409 1591 652 1626 controversia
683 1591 720 1625 in
744 1594 864 1635 partes
888 1601 946 1626 res
971 1591 1108 1626 scindi⁴
1133 1592 1196 1626 ad-

106 1637 378 1673 iudicationibus
401 1639 531 1681 potest,
555 1639 662 1681 prout
684 1636 781 1671 cuius
807 1646 853 1671 ue
877 1636 1071 1671 dominium
1093 1637 1131 1671 in
1154 1647 1195 1672 eo

110 1687 144 1727 1v
173 1683 254 1717 loco
278 1682 385 1716 iudex
409 1681 630 1726 compererit.
678 1681 720 1716 In
751 1682 787 1716 111
815 1681 881 1717 'cio
913 1681 1037 1716 finium
1068 1692 1195 1726 regun-

106 1728 233 1763 dorum
257 1728 363 1762 etiam
388 1727 463 1761 eius
486 1726 580 1761 ratio
605 1726 646 1760 fit
670 1726 766 1771 quod
788 1726 948 1762 interest.
986 1726 1072 1771 quid
1104 1727 1196 1762 enim

106 1774 136 1808 si
160 1774 238 1817 quis
262 1772 440 1817 aliquam-³
458 1771 648 1807 utilitatem
669 1782 711 1807 ex
733 1782 774 1807 eo
794 1772 874 1806 loco
895 1772 1066 1817 percepit,
1092 1783 1197 1817 quem

106 1818 211 1853 vicini
243 1828 321 1852 esse
353 1828 374 1852 a
400 1817 550 1862 pareat?
586 1818 683 1851 n0n⁶
706 1817 826 1862 inique
859 1817 1039 1852 damnatio
1065 1828 1106 1852 eo
1132 1828 1196 1852 no-

105 1865 200 1898 mine
223 1863 295 1898 fiet.
332 1873 370 1897 se
418 1866 454 1898 et
476 1862 507 1897 si
529 1872 671 1897 mensor
694 1862 740 1896 ab
765 1862 876 1898 altero
897 1863 973 1898 solo
996 1863 1196 1898 conductus

105 1909 162 1951 sit,
188 1907 437 1944 condemnatio
460 1908 526 1942 erit
543 1907 710 1942 facienda
731 1907 817 1949 eius,
843 1907 903 1952 qui
921 1918 994 1943 non
1014 1908 1196 1950 conduxit,

105 1957 124 1989 2
171 1955 208 1988 111
232 1958 370 1998 partem
395 1952 577 1988 mercedis.
625 1952 714 1987 Post
743 1953 839 1988 litem
873 1957 992 1988 autem
1018 1957 1195 1988 contesta-

105 2005 178 2034 tam
203 1999 310 2034 etiam
340 1998 481 2033 fructus
513 1997 655 2032 venient
685 1998 723 2032 in
754 1998 823 2033 hoc
854 1998 1006 2033 iudicio:
1044 2008 1128 2033 nam
1161 2002 1196 2033 et

105 2045 212 2089 culpa
242 2047 278 2079 et
309 2043 411 2078 dolus
445 2042 573 2078 exinde
604 2046 852 2088 praestantur:
888 2043 951 2078 sed
986 2047 1070 2078 ante
1104 2043 1194 2078 iudi-

105 2090 199 2125 cium
229 2088 391 2134 percepti
421 2099 494 2124 non
525 2088 727 2123 omnimodo
763 2088 833 2123 hoc
856 2088 919 2122 in⁷
942 2088 1113 2123 iudicium
1135 2099 1194 2124 ve-

105 2135 244 2169 nient⁸:
270 2138 334 2169 aut
358 2134 476 2168 euim⁹
499 2134 595 2168 bona
617 2133 688 2168 fide
707 2133 877 2178 percepit,
906 2137 942 2168 et
962 2134 1094 2168 lucrari
1115 2144 1195 2169 eum

105 2183 256 2225 oportet,
282 2179 312 2214 si
337 2189 398 2214 eos
424 2178 654 2223 consumpsit,
679 2182 743 2213 aut
765 2179 860 2213 mala
883 2178 970 2221 fide,
997 2183 1032 2214 et
1058 2179 1196 2215 condici

105 2229 124 2259 3
172 2227 323 2270 oportet.
372 2223 440 2259 Sed
465 2227 500 2259 et
523 2224 553 2258 si
602 2223 656 2258 uis
680 2223 790 2258 iudici
814 2234 887 2259 non
911 2229 1037 2269 pareat
1060 2225 1096 2259 in
1113 2235 1194 2260 suc-

105 2270 254 2305 cidenda
277 2270 406 2304 arbore
428 2269 483 2305 vel
507 2269 585 2303 aedi
602 2268 668 2304 'cio
692 2269 729 2303 in
752 2268 823 2304 fine
844 2270 960 2315 posito
985 2270 1194 2315 deponendo

104 2319 125 2350 4
171 2319 315 2359 parteve
338 2315 425 2356 eius,
451 2314 755 2349 condemnabitur.
805 2314 842 2349 Si
867 2314 1031 2350 dicantur
1056 2315 1195 2350 termini

105 2360 231 2395 deiecti
252 2360 308 2395 vel
333 2360 489 2402 exarati,
519 2359 645 2401 iudex,
678 2360 738 2404 qui
763 2359 805 2394 de
830 2360 975 2395 crimine
1000 2361 1194 2405 cognoscit,

105 2409 124 2440 5
173 2405 278 2440 etiam
302 2405 346 2440 de
369 2405 500 2440 finibus
525 2415 741 2449 cognoscere
764 2408 893 2449 potest.
943 2405 980 2440 Si
1004 2406 1095 2440 alter
1111 2406 1193 2440 fun-

105 2451 170 2485 dus
196 2451 364 2492 duorum,
396 2450 486 2485 alter
508 2450 615 2485 trium
640 2450 703 2492 sit,
736 2454 855 2495 potest
885 2450 992 2485 iudex
1014 2451 1076 2486 uni
1100 2451 1195 2495 parti

105 2496 310 2531 adiudicare
324 2497 351 2516 ¹⁰
381 2495 500 2530 locum
535 2495 578 2530 de
613 2505 683 2540 quo
719 2495 920 2547 quaeritur,
956 2496 1040 2530 licet
1074 2497 1194 2540 plures

105 2541 264 2576 dominos
289 2541 429 2583 habeat,
455 2540 623 2585 quoniam
642 2550 755 2585 magis
774 2540 886 2576 fundo
907 2551 1012 2586 quam
1031 2542 1194 2586 personis

105 2585 300 2621 adiudicari
322 2586 412 2620 fines
435 2585 703 2629 intelleguntur:
735 2585 794 2621 hic
819 2589 938 2620 autem
962 2597 1042 2621 cum
1065 2586 1106 2621 fit
1130 2587 1193 2621 ad-

105 2631 275 2666 iudicatio
308 2631 490 2676 pluribus,
527 2631 771 2675 unusquisque
805 2631 1005 2675 portionem
1036 2632 1192 2674 habebit,

106 2680 125 2711 6
173 2677 317 2721 quam¹¹
341 2676 378 2710 in
401 2676 512 2711 fundo
537 2676 664 2718 habet,
690 2679 725 2710 et
748 2686 813 2720 pro
837 2676 986 2711 indiviso
1012 2677 1072 2721 qui
1097 2688 1192 2712 com-

105 2731 245 2756 munem
267 2721 415 2756 fundum
438 2721 630 2762 habent¹2‚
662 2721 755 2755 inter
786 2731 824 2756 se
856 2732 928 2756 non
953 2722 1192 2757 condemnan-

105 2770 163 2801 tur
175 2767 220 2801 ¹³:
242 2777 357 2811 neque
377 2766 469 2801 enim
488 2766 582 2801 inter
599 2765 696 2810 ipsos
718 2766 833 2811 accipi
853 2766 993 2801 videtur
1011 2767 1191 2802 iudicium.

105 2815 122 2844 7
172 2811 209 2846 Si
234 2821 454 2847 communem
476 2810 627 2846 fundum
651 2822 714 2855 ego
741 2815 776 2846 et
799 2815 839 2845 tu
857 2811 1030 2847 habemus
1050 2817 1087 2847 et
1107 2813 1192 2847 vici-

105 2867 190 2891 num
213 2856 363 2892 fundum
388 2867 451 2901 ego
477 2857 584 2898 solus,
620 2857 705 2890 an¹⁴
730 2855 855 2891 finium
877 2857 1114 2901 regundorum
1138 2858 1192 2892 iu·-

104 2902 234 2937 dicium
259 2902 422 2946 accipere
444 2902 661 2946 possumus?
685 2905 721 2936 et
740 2901 864 2936 scribit
881 2902 1101 2946 Pomponius
1122 2913 1192 2937 non

104 2957 210 2991 posse
233 2957 299 2982 nos
324 2947 504 2991 accipere,
536 2947 620 2991 quia
650 2957 713 2992 ego
740 2950 775 2981 et
799 2947 917 2981 socius
942 2958 1040 2982 meus
1064 2947 1101 2982 in
1124 2948 1193 2982 hac

105 2992 244 3027 actione
267 2992 459 3027 adversarii
484 3002 562 3027 esse
582 3002 655 3027 non
675 3002 876 3036 possumus,
902 2992 964 3027 sed
987 2992 1092 3027 unius
1113 2993 1192 3028 loco

104 3037 286 3071 habemur.
321 3037 415 3072 idem
438 3037 656 3081 Pomponius
680 3047 725 3071 ne
748 3037 835 3072 utile
859 3037 1000 3081 quidem
1023 3038 1192 3072 iudicium

106 3081 260 3117 dandum
285 3081 382 3124 dicit,
407 3093 489 3116 cum
511 3082 644 3126 possit,
670 3082 730 3127 qui
753 3083 938 3126 proprium
961 3083 1114 3124 11011001,
1138 3084 1192 3117 vel

107 3136 323 3161 communem
353 3127 409 3161 vel
439 3127 622 3172 proprium
644 3126 795 3162 fundum
819 3127 974 3162 alienare
998 3131 1033 3163 et
1056 3128 1108 3163 sic
1133 3138 1191 3163 ex-

107 3173 124 3203 i<
172 3172 290 3215 periri.
338 3171 420 3206 Non
444 3172 559 3207 solum
583 3174 703 3206 autem
726 3172 820 3207 inter
843 3172 934 3207 duos
957 3173 1108 3215 fundos,
1133 3183 1187 3208 ve-

106 3226 184 3249 rum
208 3217 311 3251 etiam
334 3217 427 3251 inter
448 3220 520 3251 tres
544 3217 707 3261 pluresve
730 3217 862 3252 fundos
887 3218 1002 3262 accipi
1025 3218 1193 3253 iudicium

106 3259 227 3294 finium
251 3261 486 3305 regundorum
517 3266 653 3306 potest:
686 3266 728 3297 ut
758 3266 847 3307 puta
879 3263 1007 3307 singuli
1037 3264 1191 3308 plurium

105 3304 295 3340 fundorum
328 3306 483 3341 confines
517 3310 620 3348 sunt,
655 3307 762 3342 trium
792 3306 887 3342 forte
921 3309 976 3342 vel
1011 3312 1190 3354 quattuor.

153 3466 191 3502 11)
217 3462 368 3496 Ed.1...4.
380 3471 407 3497 6.
417 3472 451 3504 ⁷3
466 3465 547 3498 Sab.
558 3474 583 3499 5.
595 3473 682 3499 3,..1ο
693 3477 701 3506 3
714 3467 801 3509 Pap.
811 3473 918 3500 11...13.
935 3483 980 3490 -
996 3466 1081 3499 Bas.
1094 3467 1147 3505 58,
1159 3473 1188 3498 9.

111 3527 150 3534 -
165 3507 214 3549 Cf.
229 3506 306 3539 Cod.
317 3509 347 3547 3,
357 3515 393 3541 39
485 3510 527 3550 (2)
553 3511 600 3543 sic
613 3510 653 3550 G,
667 3511 912 3543 iudicationem
920 3510 981 3543 FS
1056 3511 1099 3549 (3)
1125 3521 1190 3552 quo

108 3552 243 3585 nomine
257 3551 318 3583 del.
390 3554 432 3594 (4)
456 3554 601 3587 rescindi
618 3555 659 3597 G,
673 3556 785 3588 scindi
796 3556 856 3590 FS
934 3555 977 3596 (5)
1002 3554 1149 3597 aliquem
1162 3555 1196 3587 F

109 3600 152 3638 (6)
178 3606 246 3628 non
263 3595 304 3637 G,
318 3608 374 3629 om.
388 3596 448 3630 FS
561 3600 603 3640 (Ἰ)
628 3599 664 3632 in
677 3601 740 3633 hoc
758 3601 789 3635 G
905 3601 948 3642 (8)
973 3610 1041 3632 11011
1054 3600 1191 3632 venient

109 3640 299 3674 omnimodo
312 3640 423 3672 hocin
436 3641 599 3674 iudicium
612 3656 673 3677 scr.
777 3646 821 3686 (9)
847 3648 906 3677 aut
918 3645 1008 3676 enim
1023 3644 1064 3686 G,
1079 3647 1190 3676 autem

110 3689 144 3719 in
158 3686 192 3718 F
279 3689 338 3721 (10)
363 3684 555 3718 adiudicare
567 3689 659 3728 parti
676 3690 706 3722 G
800 3692 854 3732 (11)
878 3688 1017 3722 habebit
1030 3700 1129 3730 quam
1148 3688 1188 3730 G,

110 3729 254 3764 habebat
267 3729 400 3768 (habeat
414 3729 477 3770 F2)
493 3733 650 3771 quoniam
663 3734 697 3765 F
795 3738 853 3774 (12)
879 3733 1006 3767 habent
1017 3734 1115 3772 F¹G,
1130 3734 1187 3765 ha-

1274 646 1293 677 9
1341 642 1483 677 Finium
1514 642 1751 688 regundorum
1776 643 1870 678 actio
1896 647 1931 678 et
1954 643 1991 678 111
2015 644 2108 688 agris
2133 645 2361 690 vectigalibus

1274 692 1310 722 et
1339 688 1432 722 inter
1463 698 1525 722 eos
1557 688 1617 733 qui
1648 698 1752 723 usum
1783 687 1940 723 fructum
1963 689 2099 724 habent
2121 690 2177 724 vel
2199 690 2359 726 fructua-

1272 733 1363 768 rium
1396 736 1431 768 et
1462 733 1644 768 dominum
1674 733 1903 778 proprietatis
1933 733 2040 769 vicini
2070 734 2172 768 fundi
2204 739 2239 770 et
2268 736 2362 771 inter

1273 788 1333 813 003
1373 778 1433 822 qui
1474 778 1551 813 iure
1585 778 1741 823 pignoris
1775 778 1960 823 possident
1995 784 2195 823 competere
2230 784 2359 825 potest.

1275 826 1314 857 10
1361 823 1441 858 Hoc
1472 823 1642 858 iudicium
1674 823 1793 858 locum
1824 823 1934 858 habet
1956 824 1993 858 in
2018 824 2170 860 confinio
2195 826 2358 870 praedio-

1271 879 1349 903 rum
1380 868 1612 903 rusticorum:
1646 878 1729 903 nam
1759 868 1797 903 in
1830 868 1982 904 confinio
2007 869 2234 913 praediorum
2249 872 2277 892 ¹⁵
2300 882 2360 906 ur-

1270 913 1445 949 banorum
1470 913 1659 958 displicuit,
1684 924 1799 958 neque
1824 914 1916 948 enim
1941 914 2098 950 confines
2122 915 2170 957 hi,
2196 915 2259 950 sed
2283 926 2357 950 ma-

1267 959 1321 1003 gis
1345 958 1451 994 vicini
1475 958 1643 993 dicuntur
1667 963 1702 993 et
1727 969 1768 994 ea
1795 959 2039 994 communibus
2062 960 2259 1004 parietibus
2283 961 2359 1005 ple-

1267 1014 1418 1049 rumque
1449 1003 1752 1039 disterminantur.
1792 1008 1827 1039 et
1848 1004 1929 1039 ideo
1954 1008 1990 1039 et
2014 1005 2044 1039 si
2067 1005 2105 1039 in
2136 1005 2229 1049 agris
2262 1006 2359 1041 aedi-

1267 1048 1350 1083 ficia
1375 1049 1498 1084 iuncta
1522 1050 1611 1091 sint,
1636 1049 1738 1084 locus
1762 1049 1846 1084 huic
1871 1050 2003 1084 actioni
2035 1060 2108 1085 non
2139 1051 2222 1086 erit:
2258 1054 2294 1086 et
2323 1051 2360 1086 in

1268 1094 1357 1129 urbe
1380 1094 1566 1129 hortorum
1590 1094 1741 1129 latitudo
1777 1095 1981 1139 contingere
2038 1098 2149 1137 otest,
2182 1099 2223 1130 ut
2254 1096 2360 1131 etiam

1270 1142 1307 1173 11
1358 1139 1482 1174 finium
1505 1139 1744 1184 regundorum
1768 1140 1824 1183 agi
1847 1140 1970 1184 possit.
2036 1140 2090 1175 ive
2101 1140 2234 1176 flumen
2247 1141 2320 1176 sive
2334 1142 2361 1162 ¹⁸

1267 1184 1324 1220 via
1346 1185 1492 1229 publica
1514 1185 1722 1226 intervenit,
1748 1184 1941 1220 confinium
1966 1196 2039 1220 non
2062 1186 2300 1231 intellegitur,
2326 1190 2361 1221 et

1265 1229 1346 1264 ideo
1371 1230 1494 1264 finium
1518 1229 1757 1274 regundorum
1781 1230 1837 1274 agi
1861 1241 1933 1265 non
1956 1234 2086 1275 potest,

1313 1273 1337 1311 5
1363 1275 1471 1310 IDEM
1478 1275 1569 1310 libro
1583 1276 1708 1321 quinto
1722 1275 1857 1310 decimo
1872 1275 1921 1310 ad
1933 1274 2106 1310 Sabinum
2154 1276 2237 1321 quia
2248 1277 2360 1321 magis

1265 1320 1302 1372 in
1325 1320 1480 1372 confinio
1505 1330 1583 1355 meo
1608 1320 1665 1355 via
1688 1321 1834 1365 publica
1857 1320 1912 1355 vel
1930 1320 2062 1355 flumen
2082 1321 2128 1356 sit
2149 1331 2255 1366 quam
2276 1332 2360 1367 ager

1266 1376 1382 1400 wcim.

1313 1408 1338 1447 6
1363 1410 1471 1445 IDEM
1498 1410 1589 1446 libro
1613 1411 1805 1446 vicensimo
1831 1412 1935 1446 tertio
1961 1411 2011 1446 ad
2034 1411 2187 1446 edictum
2236 1410 2307 1446 Sed
2330 1412 2359 1446 si

1265 1455 1361 1533 {ivrcis
1382 1455 1544 1500 privatus
1570 1456 1769 1498 intervenit,
1795 1455 1919 1491 finium
1941 1456 2182 1501 regundorum
2211 1457 2267 1500 agi
2291 1467 2356 1501 po-

1283 1509 1320 1534 es
1342 1526 1349 1533 .

1313 1543 1336 1581 7
1362 1545 1615 1580 MODESTINUS
1636 1545 1726 1581 libro
1750 1546 1938 1581 undecimo
1953 1548 1979 1567 ¹⁷
1996 1546 2265 1592 pandectarum
2304 1546 2360 1581 De

1266 1591 1371 1626 modo
1396 1601 1561 1635 agrorum
1585 1591 1711 1625 arbitri
1736 1591 1868 1626 dantur
1892 1594 1927 1626 et
1949 1591 1999 1634 is,
2025 1592 2086 1636 qui
2109 1591 2280 1626 maiorem
2302 1591 2355 1626 lo-

1267 1647 1348 1671 cum
1370 1636 1408 1671 in
1433 1636 1609 1671 territorio
1633 1636 1767 1671 habere
1791 1636 1941 1678 dicitur,
1975 1637 2120 1678 ceteris,
2153 1637 2213 1681 qui
2244 1636 2357 1671 mino-

1266 1692 1340 1716 rem
1374 1682 1493 1716 locum
1531 1681 1772 1726 possidentffl,
1808 1682 1984 1726 integrum
2018 1682 2137 1717 locum
2172 1681 2359 1726 adsignare

1267 1727 1508 1772 compellitur:
1534 1726 1571 1760 id
1596 1737 1641 1762 ue
1665 1726 1716 1761 ita
1739 1727 1950 1771 rescriptum
1975 1730 2038 1761 est.

1313 1768 1337 1809 8
1369 1771 1565 1807 ULPIANUS
1599 1772 1676 1806 ibro
1700 1776 1806 1807 sexto
1832 1772 2042 1818 opinionum
2092 1772 2129 1807 Si
2160 1771 2359 1816 irruptione

1265 1817 1421 1851 fluminis
1454 1816 1543 1851 fines
1577 1817 1652 1861 agri
1686 1816 1847 1852 confudit
1870 1817 2054 1852 inundatio
2079 1817 2230 1862 ideoque
2254 1828 2358 1852 usur-

1265 1862 1373 1907 pandi
1397 1861 1611 1907 quibusdam
1634 1862 1725 1903 loca,
1749 1862 1786 1896 in
1811 1862 1939 1906 quibus
1959 1862 2014 1897 ius
2033 1872 2105 1896 non
2125 1863 2270 1904 habent,
2297 1873 2357 1897 oc-

1267 1908 1445 1942 casionem
1495 1910 1640 1949 raestat,
1665 1917 1811 1951 praeses
1835 1907 2039 1951 provinciae
2064 1907 2179 1942 alieno
2198 1918 2258 1942 eos
2276 1907 2357 1942 abs-

1265 1953 1378 1988 tinere
1408 1956 1443 1987 et
1489 1952 1607 1987 omino
1631 1963 1735 1987 suum
1755 1952 1894 1987 restitui
1914 1953 2154 1997 terminosque
2175 1963 2239 1997 per
2260 1962 2357 1986 men-

1268 2002 1282 2032 1
1335 2008 1451 2033 sorem
1487 1997 1662 2032 declarari
1696 1998 1805 2032 iubet.
1853 1998 1911 2032 Ad
1956 1997 2114 2032 officium
2149 1998 2192 2032 de
2228 1997 2358 2032 finibus

1267 2043 1514 2095 cognoscentis
1550 2043 1705 2087 pertinet
1740 2053 1921 2078 mensores
1958 2043 2099 2077 mittere
2133 2047 2168 2077 et
2199 2053 2263 2087 per
2295 2053 2357 2078 eos

1266 2089 1427 2123 dirimere
1457 2088 1572 2133 ipsam
1603 2087 1727 2122 finium
1759 2089 2003 2132 quaestionem
2035 2091 2076 2122 ut
2107 2098 2260 2132 aequum
2292 2092 2357 2129 est,

1265 2134 1295 2169 si
1317 2133 1369 2168 ita
1392 2144 1449 2168 res
1475 2133 1592 2177 exigit,
1619 2133 1802 2177 oculisque
1826 2133 1900 2167 suis
1925 2133 2096 2168 subiectis
2120 2133 2208 2167 locis
2223 2134 2261 2167 ¹⁹.

1312 2176 1336 2217 9
1350 2178 1543 2214 IULIANUS
1552 2178 1643 2213 libro
1657 2182 1782 2212 octavo
1796 2178 2017 2224 diqestorum
2048 2177 2222 2213 Iudicium
2235 2177 2357 2212 finium

1264 2225 1504 2269 regundorum
1524 2226 1655 2262 manet,
1678 2223 1836 2267 quamvis
1858 2223 1947 2258 socii
1967 2223 2145 2258 communi
2166 2223 2356 2258 dividundo

1265 2270 1400 2315 egerint
1423 2270 1477 2305 vel
1501 2270 1735 2306 alienaverint
1758 2267 1918 2302 fundum.

1314 2314 1364 2352 10
1389 2315 1498 2351 IDEM
1523 2316 1614 2351 libro
1639 2315 1964 2363 quinquaqensimo
1983 2313 2106 2358 primo
2133 2312 2354 2358 diqestorum

1263 2360 1439 2395 Iudicium
1472 2362 1649 2395 communi
1683 2361 1892 2404 dividundo,
1926 2357 2083 2392 familiae
2115 2357 2356 2398 erCiScundaQ

1263 2405 1386 2441 finium
1410 2406 1648 2450 regundorum
1672 2407 1745 2442 tale
1769 2411 1833 2449 est,
1858 2411 1900 2442 ut
1922 2407 1959 2442 in
1984 2418 2024 2443 eo
2037 2408 2068 2428 2⁰
2098 2405 2257 2449 singulae
2280 2415 2354 2450 per-

1264 2461 1374 2486 sonae
1411 2451 1541 2496 duplex
1577 2451 1633 2486 ius
1665 2451 1822 2487 habeant
1856 2453 1991 2497 agentis
2025 2456 2060 2487 et
2091 2454 2166 2487 eius
2201 2464 2354 2497 quocum

1264 2507 1286 2531 a
1311 2496 1391 2531 ‘tun

1286 2507 1359 2577 gl11
1399 2541 1647 2576 PAPJNJANUS
1686 2541 1776 2576 libro
1808 2542 1964 2577 Secundo
2000 2553 2255 2588 responsorum
2313 2543 2354 2577 In

1262 2586 1430 2621 finalibus
1463 2586 1731 2630 quaestionibus
1762 2591 1883 2621 vetera
1919 2588 2190 2622 111011111110111021
2224 2598 2354 2623 00113113

1263 2632 1458 2666 auctoritas
1491 2635 1574 2665 ante
1607 2632 1705 2666 litem
1739 2631 1944 2666 inchoatam
1980 2632 2135 2666 ordinati
2171 2633 2354 2677 sequenda

1264 2680 1336 2719 est,
1368 2676 1474 2712 modo
1508 2677 1538 2711 si
1569 2687 1642 2711 non
1666 2677 1837 2710 varietate
1862 2678 2173 2712 3110003310111111122
2198 2683 2234 2712 et
2258 2678 2352 2712 arbi-

1262 2722 1330 2757 trio
1343 2731 1592 2766 possessorum
1603 2720 1692 2756 fines
1703 2721 1833 2756 additis
1846 2722 1901 2756 vel
1923 2722 2092 2757 detractis
2111 2723 2205 2767 agris
2226 2726 2352 2767 postea

1262 2769 1482 2811 permutatos
1506 2766 1689 2810 probetur.

1311 2809 1362 2848 12
1387 2811 1444 2846 PA
1453 2821 1495 2846 01,
1503 2821 1547 2846 us
1575 2811 1666 2846 libro
1699 2812 1803 2846 tertio
1827 2822 2084 2857 responsorum
2129 2812 2205 2847 Eos
2229 2813 2350 2847 termi-

1262 2867 1345 2898 nos,
1380 2860 1552 2901 quantum
1576 2855 1623 2890 ad
1646 2855 1791 2890 dominii
1815 2856 2058 2901 quaestionem
2081 2857 2254 2902 pertinet,
2288 2858 2351 2892 ob-

1262 2901 1395 2937 servari
1418 2904 1583 2945 oportere
1605 2900 1808 2943 fundorum,
1834 2912 1922 2945 quos
1948 2901 2202 2937 demonstravit
2223 2903 2264 2945 is,
2291 2903 2351 2947 qui

1261 2947 1445 2990 utriusque
1468 2945 1605 2990 praedii
1628 2945 1791 2981 dominus
1816 2946 1905 2988 fuit,
1940 2958 2021 2982 cum
2053 2947 2203 2982 alterum
2228 2958 2348 2982 eorum

1261 2991 1446 3027 venderet:
1479 3001 1552 3026 non
1577 2991 1668 3024 enim
1691 2991 1849 3033 termini,
1875 2992 1935 3036 qui
1959 2993 2115 3036 singulos
2139 2991 2270 3027 fundos
2295 3003 2349 3027 se-

1261 3035 1496 3081 parabant²³‚
1530 3035 1714 3070 observari
1738 3036 1887 3079 debent,
1920 3037 1982 3072 sed
2007 3037 2262 3072 demonstratio
2287 3037 2349 3071 ad-

1261 3082 1384 3116 finium
1407 3090 1518 3115 novos
1542 3080 1632 3115 fines
1655 3081 1748 3116 inter
1766 3081 1898 3117 fundos
1919 3083 2144 3117 constituere.

1311 3124 1360 3164 13
1390 3126 1514 3162 Gaze-s
1541 3125 1631 3160 libro
1663 3130 1795 3170 quarto
1827 3127 1877 3162 ad
1900 3127 2011 3173 leqem
2036 3127 2224 3162 duodecim
2250 3127 2349 3162 tabu-

1263 3172 1379 3207 larum
1426 3169 1618 3205 Sciendum
1649 3174 1704 3206 est
1733 3171 1769 3206 in
1801 3172 1943 3207 actione
1965 3172 2089 3207 finium
2112 3171 2348 3216 regundorum

1261 3217 1347 3251 illud
1371 3215 1632 3252 observandum
1657 3226 1745 3258 esse,
1771 3217 1866 3262 quod
1891 3217 1936 3252 ad
1960 3217 2159 3261 exemplum
2199 3216 2345 3251 nodam-

1261 3262 1365 3296 modo
1392 3261 1467 3296 eius
1491 3260 1576 3304 legis
1602 3261 1772 3305 scriptum
1797 3265 1861 3304 est,
1887 3273 1993 3307 quam
2012 3262 2160 3296 Athenis
2208 3261 2346 3296 olonem

1262 3307 1392 3341 dicitur
1415 3305 1558 3340 tulisse:
1594 3316 1677 3340 nam
1709 3306 1781 3342 illic
1813 3307 1864 3341 ita
1889 3312 1959 3342 est:
1997 3305 2061 3340 ἐάν
2091 3319 2143 3341 τις
2175 3304 2348 3350 αἱμασιὰν

1257 3465 1314 3496 1101
1325 3462 1379 3497 F²
1473 3465 1530 3505 (13)
1555 3464 1798 3497 condemnatur
1812 3464 1846 3496 F
1941 3465 1998 3504 (14)
2023 3474 2065 3495 an
2083 3463 2123 3504 G,
2138 3462 2179 3493 ad
2190 3462 2228 3503 F,
2245 3474 2302 3493 om.
2318 3461 2348 3493 S

1258 3512 1316 3550 (15)
1341 3519 1419 3540 nam
1435 3509 1471 3541 in
1485 3510 1572 3542 conf.
1588 3520 1639 3552 pr.
1658 3510 1697 3549 G,
1713 3522 1770 3542 om.
1786 3509 1845 3541 FS
1994 3510 2053 3549 (16)
2078 3507 2199 3539 flumen
2213 3507 2282 3537 sive
2303 3505 2343 3546 G,

1257 3566 1316 3587 om.
1332 3554 1392 3587 FS
1483 3554 1542 3597 (17)
1568 3554 1677 3596 primo
1690 3555 1819 3586 decimo
1839 3554 1879 3593 G,
1894 3553 2022 3585 decimo
2035 3553 2070 3584 F
2156 3554 2216 3591 (18)
2241 3552 2290 3582 sic
2303 3549 2343 3591 G,

1256 3599 1432 3641 possidens
1444 3599 1483 3639 F,
1497 3599 1648 3641 possidet
1661 3599 1690 3632 S
1804 3601 1862 3637 (19)
1890 3602 1926 3629 ut
1939 3607 2080 3638 aequum
2095 3598 2154 3634 est,
2169 3594 2342 3636 oculisque

1257 3644 1327 3675 suis
1343 3642 1505 3676 subiectis
1516 3644 1611 3683 locis,
1625 3644 1655 3676 si
1667 3644 1717 3676 ita
1728 3654 1781 3675 res
1797 3643 1902 3684 exigit
1916 3655 1979 3675 scr.
2083 3643 2145 3678 (20)
2170 3641 2218 3672 sic
2233 3639 2270 3680 S,
2286 3649 2340 3670 003

1256 3689 1290 3721 F
1290 3688 1320 3721 G
1413 3691 1471 3730 (21)
1496 3688 1556 3721 ubi
1569 3689 1740 3728 deficiunt,
1753 3687 1897 3730 proximi
1911 3688 1970 3720 ins.
2074 3688 2134 3725 (22)
2160 3683 2341 3716 successio-

1256 3743 1333 3764 nam
1345 3733 1379 3765 F
1467 3738 1528 3774 (23)
1554 3732 1753 3776 seperabant
1766 3733 1800 3764 F

2033 3786 2070 3818 18
