2528 3918
175 130 210 173 L
246 134 309 174 16.
337 133 385 173 17

175 261 244 305 que
274 253 443 296 apparet,
482 250 578 297 quod
614 249 658 287 de
697 260 814 296 poena
841 250 1047 296 provocatio
1080 261 1152 285 non
1184 253 1257 303 est:

174 296 279 332 simul
302 300 410 341 atque
433 297 526 331 enim
550 296 664 332 victus
684 295 763 341 quis
787 299 843 331 est
861 295 936 331 eius
957 295 1132 337 maleficii,
1158 306 1259 331 cuius

173 351 291 387 poena
319 344 375 376 est
404 344 559 385 statuta,
596 341 716 376 statim
748 350 791 376 ea
822 340 982 376 debetur.
1035 342 1095 375 at¹
1127 340 1261 375 multae

174 385 382 432 provocatio
406 392 479 429 est,
504 396 570 422 nec
594 390 678 421 ante
701 385 867 428 debetur,
893 395 998 430 quam
1023 388 1086 420 aut
1109 395 1181 420 non
1206 387 1262 420 est

174 434 406 476 provocatum
441 435 506 466 aut
535 431 773 477 provocator²
807 431 921 466 victus
951 434 1022 465 est:
1061 440 1127 465 nec
1157 430 1262 465 aliter

175 486 282 520 quam
314 476 345 511 si
374 475 406 512 is
436 475 542 518 dixit,
576 476 633 511 cui
662 475 781 511 dicere
811 475 906 511 licet.
955 486 1000 511 ex
1027 474 1096 510 hoc
1121 485 1262 520 quoque

174 531 297 556 earum
333 530 451 556 rerum
490 521 740 557 dissimilitudo
779 531 954 566 apparere
987 520 1137 565 poterit,
1202 520 1262 554 uia

174 575 312 611 poenae
343 570 462 601 certae
486 565 706 611 singulorum
737 570 967 611 peccatorum
991 568 1090 608 sunt,
1128 574 1188 600 mu
1203 568 1262 600 tae

176 614 312 653 contra,
337 611 421 655 quia
439 611 514 647 eius
538 611 666 646 iudicis
689 615 850 657 potestas
874 614 937 652 est,
963 614 1133 655 quantam
1152 609 1261 652 dicat,

175 655 244 691 nisi
268 666 349 691 cum
372 656 448 701 lege
472 659 527 691 est
551 655 787 692 constitutum
810 659 979 700 quantam
1004 655 1110 690 dicat.

222 698 303 738 245
329 700 558 737 Poueomvs
578 701 669 737 libro
688 701 824 737 decimo
842 700 1080 747 epistularum
1113 699 1262 735 Statuae

174 745 315 781 adfixae
338 746 486 782 basibus
510 745 734 782 structilibus
759 749 823 781 aut
845 745 990 780 tabulae
1013 745 1182 797 religatae
1202 754 1261 780 ca-

174 791 268 826 tenis
299 794 363 826 aut
392 801 478 836 erga
506 791 678 837 parietem
709 791 849 826 adfixae
872 794 935 825 aut
958 790 988 826 si
1018 790 1178 825 similiter
1201 800 1261 825 co-

175 835 325 871 haerent
360 836 500 882 lychni,
545 847 619 872 non
655 840 740 871 sunt
774 836 935 871 aedium:
982 839 1131 871 ornatus
1168 835 1263 870 enim

175 880 316 916 aedium
339 891 450 917 causa
473 885 664 927 parantur,
697 892 769 916 non
793 891 863 925 quo
888 880 994 916 aedes
1018 879 1261 925 perficiantur.

179 929 193 960 1
243 925 336 961 idem
372 926 495 962 Labeo
534 926 595 961 ait.
651 926 884 972 Prothyrum‚
923 925 1018 970 quod
1046 925 1084 960 in
1114 925 1262 961 aedibus

175 971 303 1006 iterum
351 971 410 1006 ui³
432 971 510 1008 fieri
533 971 635 1014 solet,
660 971 802 1006 aedium
824 974 889 1006 est.

221 1013 304 1054 246
327 982 434 1052 3031!
454 1016 546 1052 libro
568 1019 674 1052 sexto
699 1016 835 1051 decimo
859 1015 1097 1063 epistularum
1133 1015 1263 1067 ⁴Apud

174 1061 380 1097 Labeonem
414 1061 588 1107 pithanon
615 1061 668 1097 ita
698 1061 871 1107 scriptum
901 1063 970 1096 est:
1010 1060 1169 1105 exhibet,
1203 1071 1264 1106 qui

174 1109 336 1151 praestat
359 1107 435 1142 eius
459 1106 504 1143 de
527 1117 598 1152 quo
622 1106 739 1151 agitur
761 1106 1013 1152 praesentiam.
1050 1115 1133 1141 nam
1156 1107 1263 1141 etiam

174 1151 237 1196 qui
259 1151 371 1195 sistit,
402 1155 565 1197 praestat
596 1152 672 1187 eius
704 1150 748 1187 de
772 1161 844 1196 quo
872 1151 990 1196 agitur
1011 1151 1262 1196 praesentiam,

174 1206 241 1232 nec
263 1200 385 1232 tamen
407 1207 488 1232 eum
512 1196 671 1232 exhibet:
697 1199 733 1232 et
756 1196 818 1242 qui
841 1200 978 1232 mutum
1002 1200 1066 1231 aut
1088 1195 1263 1231 furiosum

175 1245 239 1276 aut
268 1240 440 1277 infantem
471 1241 632 1286 exhibet,
664 1252 737 1277 non
768 1244 889 1286 potest
917 1241 1029 1277 videri
1058 1241 1134 1277 eius
1158 1251 1263 1287 prae-

174 1290 272 1322 stare
294 1286 551 1339 praesentiamt
576 1297 679 1322 nemo
700 1286 793 1322 enim
817 1296 862 1322 ex
881 1296 923 1322 eo
946 1295 1075 1332 genere
1093 1296 1263 1332 praesens

179 1334 192 1366 1
244 1336 333 1367 satis
363 1337 447 1377 apte
460 1333 474 1353 ⁵
504 1331 679 1377 appellari
707 1335 838 1377 potest.
884 1331 1057 1367 Restituit
1087 1341 1160 1367 non
1182 1335 1263 1366 tan-

174 1380 250 1412 tum
300 1377 362 1430 qui
383 1377 499 1412 solum
522 1387 673 1457 corglus,

176 1404 491 1467 condicionemque
519 1421 584 1458 red
611 1422 661 1457 'ta
691 1432 802 1458 causa
832 1425 1010 1468 praestet:
1040 1425 1077 1458 et
1107 1424 1185 1458 tota
1208 1432 1262 1458 re-

175 1467 314 1503 stitutio
337 1467 424 1504 iuris
447 1470 503 1503 est
525 1466 786 1513 interpretatio.

699 1376 763 1413 sed
785 1377 893 1413 etiam
917 1377 979 1422 qui
1003 1387 1143 1412 omnem
1165 1377 1264 1412 rem⁶

648 1606 763 1645 XVII
772 1604 798 1644 ⁷.

276 1670 339 1704 DE
363 1670 573 1705 DIVERSIS
596 1671 793 1705 REGULIS
817 1671 939 1705 IURIS
963 1671 1166 1709 ANTIQUI.

225 1734 244 1772 1
279 1735 438 1772 Panos
466 1736 556 1773 libro
580 1741 686 1773 sexto
719 1737 856 1773 decimo
885 1737 935 1773 ad
962 1736 1147 1773 Plautium
1193 1736 1264 1772 Re-

175 1781 260 1826 gula
281 1785 356 1824 est,
387 1792 480 1835 quae
502 1793 579 1818 rem
602 1792 694 1828 quae
726 1786 782 1819 est
811 1783 965 1835 breviter
988 1785 1143 1817 enarrat.
1191 1792 1265 1817 non

175 1837 221 1862 ex
242 1826 367 1872 regula
389 1838 446 1863 ius
470 1831 650 1870 sumatur,
682 1828 746 1864 sed
769 1838 813 1864 ex
835 1837 913 1863 iure
946 1827 1043 1872 quod
1066 1830 1120 1863 est
1143 1827 1266 1872 regula

173 1870 251 1925 fiat.
297 1881 362 1917 per
392 1873 552 1926 regulam
580 1873 688 1926 igitur
717 1873 833 1926 brevis
864 1883 984 1909 rerum
1007 1871 1167 1926 narratio
1191 1874 1264 1908 tra-

176 1917 283 1959 ditur,
307 1921 354 1969 et,
378 1921 420 1953 ut
441 1921 493 1953 ait
516 1917 690 1971 Sabinus,
716 1928 820 1972 quasi
844 1928 976 1954 causae
1001 1922 1174 1970 comectio
1195 1921 1265 1970 est,

175 1971 269 2007 quae
291 1962 396 1998 simul
419 1973 500 1999 cum
522 1974 561 1999 in
584 1963 704 2009 ahquo
729 1967 853 1999 Vitiata
876 1967 942 2008 est,
967 1962 1086 2009 perdit
1109 1962 1266 1999 officium

175 2017 481 2133 {zambramus
516 2052 608 2107 lib-ro
632 2054 758 2107 er'fw
789 2053 839 2089 ad
868 2052 1056 2106 Sabinum·
1097 2052 1266 2089 Feminae

260 2097 426 2134 omnibus
460 2096 590 2134 officns
626 2099 790 2134 clvlllbus
829 2099 884 2135 vel
921 2098 1076 2144 pubhcis
1107 2102 1266 2134 remotae

176 2145 262 2178 sunt
291 2146 329 2178 et
349 2141 430 2179 ideo
453 2152 522 2179 nec
544 2143 682 2180 iudices
705 2153 785 2180 esse
808 2147 961 2189 possunt
989 2154 1056 2179 nec
1079 2143 1266 2188 magistra-

176 2191 254 2223 tum
283 2197 407 2233 gerere
437 2197 505 2224 nec
534 2189 720 2234 postulare
750 2199 818 2225 nec
877 2199 918 2225 ro
950 2188 1020 2224 alio
1055 2188 1266 2224 intervenire

181 2236 196 2267 ¹
244 2236 595 2315 ”ingaoeffii’ffi
609 2234 929 2315 ᾱίἲίἒὲθέἰὲιῑηζίἳ
958 2233 1122 2279 mum
1152 2234 1266 2269 ‘mi‘

176 2278 248 2376 bul}
268 2289 381 2359 {otu
401 2323 493 2360 libro
518 2325 622 2360 tertio
647 2324 696 2360 ad
719 2323 894 2361 Sabinum
923 2305 1034 2360 'Eius
1057 2323 1137 2360 est⁸
1160 2323 1265 2367 nolle,

177 2378 250 2467 qna
261 2371 384 2449 ppotzt!
402 2368 504 2449 {gi-eo·
529 2419 636 2467 sexto
667 2414 718 2450 wd
746 2413 921 2451 Sabinum
968 2413 1070 2450 Velle
1093 2423 1166 2467 μορ
1190 2423 1266 2450 cre-

177 2457 285 2502 ditur,
309 2458 372 2504 qui
393 2459 604 2504 obsequitur
625 2459 775 2505 imperio
825 2459 913 2496 atris
935 2459 990 2495 vel
1013 2459 1158 2496 domim.

224 2502 249 2540 5
274 2502 434 2540 Panos
462 2503 554 2540 libro
578 2505 735 2541 secundo
831 2504 1006 2541 Sabinum
1052 2505 1095 2540 In
1117 2503 1267 2549 negotiis

178 2548 431 2585 contrahendis
463 2549 534 2585 alia
556 2559 669 2586 causa
699 2550 824 2586 habita
848 2552 904 2586 est
925 2549 1162 2592 furiosorum,
1195 2549 1268 2585 alia

177 2604 303 2630 eorum
340 2594 403 2640 qui
431 2593 501 2630 fari
537 2598 706 2640 possunt,
746 2595 907 2640 quamvis
947 2598 1068 2630 actum
1105 2594 1158 2630 rei
1195 2605 1268 2631 non

177 2638 439 2684 intellegerent:
479 2650 563 2676 nam
592 2639 751 2676 furiosus
790 2641 927 2676 nullum
965 2640 1146 2686 negotium
1184 2650 1267 2676 con-

178 2683 323 2720 trahere
344 2687 484 2730 potest,
516 2685 675 2732 pupillus
705 2686 824 2721 omnia
847 2689 967 2722 tutore
990 2689 1139 2722 auctore
1162 2695 1268 2731 agere

177 2732 478 2827 pogeskzpunvs
503 2774 603 2829 libro⁸
617 2775 769 2823 septimo
793 2775 844 2812 ad
865 2775 1040 2829 Sabinam
1086 2774 1169 2827 Non
1192 2774 1268 2811 vult

178 2819 1006 2902 heifflpffsssszffifflfflffirffss‘ffffifflffl‘
1021 2820 1268 2902 {afflasti

179 2919 252 2945 non
274 2909 412 2955 patitur
428 2909 581 2945 eundem
603 2911 640 2946 in
663 2911 812 2956 paganis
837 2915 873 2947 et
889 2914 1021 2947 testato
1042 2915 1079 2947 et
1096 2910 1266 2947 intestato

180 2954 391 2990 decessisse:
416 2964 610 3007 earumque
622 2966 742 2992 rerum
759 2956 971 2992 naturaliter
981 2956 1075 2992 inter
1091 2966 1130 2992 se
1147 2966 1268 3002 pugna

179 3002 235 3036 est
257 2999 434 3036 ‘testatus’
459 3003 495 3035 et
518 3001 768 3037 ‘mtestatus’⁹.

228 3040 254 3082 8
277 3044 387 3097 Ipsi!
412 3044 504 3098 lbe?
546 3049 660 3098 ‚uqrto
684 3046 733 3081 ad
755 3045 930 3083 Sabinum
976 3046 1061 3082 Iura
1084 3046 1267 3092 sanguinis

180 3089 278 3172 nugo
296 3090 497 3171 ιΠυιῐιῗιῘιισγὲξ
528 3135 620 3172 libro
690 3137 791 3172 uinto
829 3136 966 3172 decimo
1009 3135 1059 3172 ad
1093 3135 1267 3172 Sabinum

180 3179 261 3215 Sem
308 3190 328 3215 r
348 3179 387 3215 in
411 3180 575 3216 obscuris
597 3190 668 3226 quo
715 3181 899 3217 minimum
921 3185 977 3218 est
999 3181 1191 3227 sequimur.

229 3223 248 3262 1
310 3224 471 3261 Psvws
499 3225 590 3262 libro
622 3227 727 3279 terti?
757 3227 807 3262 ad
838 3228 1010 3280 Sabinum
1063 3226 1267 3281 Secundum

179 3270 636 3352 natgggrtnuresigctgofflffla
660 3281 831 3317 cuiusque
855 3282 906 3307 rei
926 3282 1006 3308 eum
1026 3282 1138 3318 sequi,
1164 3282 1268 3317 quem

258 3358 276 3397 1
303 3359 534 3416 Poupomqs
553 3361 645 3398 libro
669 3362 794 3408 quinto
818 3361 868 3397 ad
890 3360 1064 3415 Sabinum
1094 3362 1147 3407 Id,
1197 3362 1268 3416 uod

178 3407 445 3495 gggtrpugntaeest,
476 3416 554 3443 sine
585 3405 682 3443 facto
714 3410 838 3443 nostro
870 3406 917 3442 ad
940 3406 1049 3443 ahum
1079 3410 1180 3444 trans
1197 3417 1268 3444 ern

625 3090 634 3099 ⁶
658 3095 822 3136 possunt.

178 3565 220 3604 (1)
243 3562 348 3596 ants·
434 3565 479 3606 (²)
503 3565 705 3607 provocatur
718 3564 751 3597 F
834 3565 878 3607 (3)
901 3564 1022 3598 iterum
1035 3564 1106 3609 qui]
1118 3564 1264 3609 plerum-

179 3617 244 3649 que
255 3620 317 3641 ser.
411 3609 455 3650 (4)
480 3619 548 3642 non
564 3609 702 3642 omnino
717 3610 806 3643 reete
822 3610 983 3644 similiave
1001 3611 1159 3644 adiecisse
1172 3611 1267 3645 Pom·

176 3653 310 3694 panim
325 3655 446 3687 monuit
455 3654 521 3687 Ad.
535 3655 686 3688 Schmidt
777 3655 822 3697 (5)
845 3656 918 3688 aaa
931 3655 967 3688 F

180 3697 454 3785 gfflzlsplum
472 3709 593 3742 eorpus
611 3699 668 3734 sed
687 3699 747 3744 qui
766 3709 897 3735 omnem
916 3710 986 3733 rem
1004 3712 1067 3734 scr.
1079 3701 1225 3743 (tantum
1237 3709 1268 3735 et

1250 125 1333 182 868

1049 3656 1095 3697 (o)
1120 3655 1268 3689 restituit
1336 3656 1400 3691 det.
1412 3655 1494 3689 301.

1478 44 1547 105 “v

1899 142 1960 172 DE
1989 141 2191 174 DIVERSIS
2220 142 2411 175 REGULIS

1379 246 1428 285 12
1463 248 1621 285 Psaros
1658 249 1750 287 libro
1782 252 1885 287 tertio
1918 250 1968 287 ad
2003 250 2175 288 Sabinum
2228 251 2272 287 In
2301 255 2410 288 testa-

1329 294 1456 330 mentis
1505 294 1619 330 lenius
1643 295 1844 332 voluntates
1863 297 2070 332 testantium
2090 297 2126 332 in
2205 299 2409 333 retamurw.

1379 336 1428 377 13
1490 349 1656 375 selavos
1675 339 1766 376 libro
1789 351 1885 377 nono
1902 342 2039 378 decimo
2057 342 2106 377 ad
2122 340 2173 377 Sa
2197 343 2293 377 inum
2329 342 2412 378 Non

1330 384 1470 463 videtqr
1493 385 1647 429 cepisse,
1679 384 1741 430 qui
1763 396 1828 431 per
1851 386 2096 432 exceptionem
2120 396 2143 422 a
2165 386 2334 433 petitione
2356 397 2410 423 re-

1330 439 1431 465 move
1448 440 1503 464 ur.

1379 472 1431 511 14
1455 473 1683 510 ΡοΜΡοινιυε
1705 474 1794 510 libro
1819 476 1944 521 quinto
1969 476 2019 511 ad
2035 475 2208 512 Sabinum
2242 475 2285 512 In
2301 476 2412 512 omni-

1330 520 1398 555 bus
1423 518 1711 564 obligationibus,
1735 519 1774 555 in
1794 520 1922 565 quibus
1942 520 2018 556 dies
2041 531 2113 556 non
2132 521 2290 567 ponitur,
2309 531 2411 567 prae-

1330 564 1422 600 senti
1446 564 1502 599 die
1526 564 1687 601 debetur.

1381 608 1430 646 15
1462 608 1622 645 Psvws
1655 609 1746 645 libro
1787 614 1918 657 quarto
1954 610 2004 646 ad
2040 610 2214 647 Sabinum
2259 610 2315 654 Is,
2354 611 2414 657 qui

1331 654 1506 690 actionem
1536 654 1647 690 habet
1682 654 1728 690 ad
1765 665 1839 691 rem
1875 654 2158 701 reciperandam,
2196 656 2311 702 ipsam
2339 667 2414 692 rem

1331 699 1465 735 habere
1487 698 1636 735 videtur.

1381 741 1432 782 16
1469 743 1664 781 ΠιΡιΔΝσε
1693 744 1783 781 libro
1807 745 1998 781 vicensimo
2022 746 2145 792 primo
2168 746 2219 782 ad
2241 745 2413 783 Sabinum

1331 789 1545 833 Imaginaria
1566 789 1722 826 venditio
1747 801 1820 826 non
1843 793 1900 826 est
1921 790 2036 836 pretio
2060 791 2263 828 accedente.

1381 834 1430 872 17
1457 834 1565 870 lom
1584 834 1675 871 libro
1699 836 1888 871 vicensimo
1914 836 2018 870 tertio
2042 836 2092 872 ad
2114 835 2288 873 Sabinum
2328 835 2416 872 Cum

1331 883 1472 926 tempus
1491 879 1530 915 in
1546 883 1760 916 testamento
1779 880 1942 923 adicitur,
1962 879 2178 917 credendum
2194 885 2251 918 est
2268 892 2334 928 pro
2353 882 2415 918 he-

1331 925 1416 961 rede
1436 924 1625 968 adiectum,
1650 925 1719 961 nisi
1742 925 1814 961 alia
1836 935 1935 961 mens
1959 925 2069 962 fuerit
2086 926 2287 962 testatoris:
2312 926 2417 963 sicuti

1332 971 1369 1005 in
1393 970 1682 1016 stipulationibus
1732 971 1933 1007 romissoris
1955 971 2071 1016 gratia
2094 975 2233 1017 tempus
2253 971 2415 1008 adicitur.

1382 1012 1432 1053 18
1456 1014 1686 1051 Poupomvs
1720 1016 1797 1052 ibro
1821 1020 1927 1052 sexto
1951 1016 2001 1051 ad
2022 1015 2197 1052 Sabinum
2243 1016 2344 1061 Quae
2366 1016 2415 1053 le-

1330 1065 1417 1105 gata
1446 1060 1597 1096 mortuis
1628 1060 1733 1096 nobis
1763 1060 1809 1096 ad
1839 1060 2005 1096 heredem
2034 1066 2196 1097 nostrum
2218 1065 2417 1104 transeunt,

1333 1116 1457 1142 eorum
1481 1105 1705 1141 commodum
1728 1116 1793 1151 per
1816 1116 1882 1142 nos
1905 1106 1979 1149 his,
2004 1117 2155 1151 quorum
2178 1106 2215 1142 in
2239 1109 2418 1153 potestate

1333 1161 1475 1193 sumus,
1505 1150 1631 1186 eodem
1665 1161 1752 1187 casu
1781 1150 2018 1196 adquirimus:
2051 1151 2155 1188 aliter
2183 1156 2291 1197 atque
2324 1151 2419 1197 quod

1333 1196 1494 1241 stipulati
1525 1206 1660 1232 sumus.
1706 1206 1790 1231 nam
1813 1200 1850 1232 et
1876 1196 1942 1232 sub
1977 1196 2186 1233 condicione
2208 1196 2418 1243 stipulantes

1333 1240 1534 1277 omnimodo
1567 1241 1617 1276 eis
1654 1241 1891 1287 adquirimus,
1939 1242 2076 1277 etiamsi
2114 1241 2275 1278 liberatis
2315 1241 2418 1278 nobis

1331 1289 1510 1332 potestate
1533 1286 1704 1322 domini¹¹
1730 1286 1893 1322 condicio
1917 1286 2057 1322 existat.

1382 1329 1432 1369 19
1464 1331 1660 1367 Uspmivvs
1690 1331 1780 1367 libro
1804 1332 1994 1367 vicensimo
2019 1334 2150 1378 quarto
2174 1331 2225 1368 ad
2245 1331 2418 1368 Sabinum

1332 1376 1401 1421 Qui
1433 1387 1514 1412 cum
1546 1376 1615 1412 alio
1641 1376 1838 1420 contrahit,
1869 1376 1926 1412 vel
1950 1380 2004 1412 est
2033 1377 2089 1412 vel
2111 1375 2218 1413 debet
2245 1386 2324 1413 esse
2346 1387 2419 1413 non

1330 1422 1477 1466 ignarus
1501 1421 1720 1458 condicionis
1745 1422 1839 1457 eius:
1872 1421 1996 1457 heredi
2019 1426 2139 1458 autem
2161 1421 2230 1458 hoc
2252 1422 2420 1468 imputari

1331 1477 1405 1502 non
1454 1470 1548 1502 otest
1582 1477 1663 1502 cum
1686 1477 1759 1502 non
1783 1470 1911 1512 sponte
1931 1477 2012 1502 cum
2029 1467 2208 1512 legatariis
2228 1466 2414 1507 contrahit.

1337 1516 1351 1546 1
1436 1522 1484 1547 on
1506 1494 1597 1565 solet
1621 1512 1784 1558 exceptio
1809 1511 1882 1548 doli
1900 1522 2031 1548 nocere
2053 1512 2120 1556 his,
2145 1511 2274 1558 quibus
2294 1511 2418 1548 volun-

1332 1560 1390 1592 tas
1414 1561 1598 1593 testatons
1624 1568 1697 1593 non
1720 1557 1932 1602 refragatur.

1380 1599 1433 1640 20
1468 1601 1697 1638 Poupoms
1725 1602 1816 1638 libro
1845 1612 1884 1637 se
1912 1603 1997 1638 timo
2027 1601 2078 1638 ad
2104 1601 2278 1638 Sabinum
2381 1613 2417 1639 o-

1333 1647 1426 1683 tiens
1462 1647 1572 1683 dubia
1604 1647 1698 1683 inter
1723 1647 1851 1683 retatio
1906 1647 2068 1683 ‘bertatis
2109 1650 2182 1692 est,
2225 1657 2336 1685 secun
2360 1659 2420 1684 um

1333 1692 1537 1728 libertatem
1559 1702 1692 1738 respon
1717 1692 1846 1728 endum
1869 1693 1950 1728 erit.

1380 1735 1430 1774 21
1471 1736 1667 1773 ULPIANUS
1701 1737 1792 1774 libro
1822 1738 2012 1774 vicensimo
2046 1738 2196 1784 septimo
2232 1737 2283 1774 ad
2317 1736 2419 1774 Sabi-

1334 1782 1549 1862 numliNon
1559 1783 1588 1804 ¹²
1618 1782 1742 1827 debet,
1773 1782 1831 1818 cui
1860 1783 1942 1828 plus
1971 1782 2075 1826 licet,
2107 1782 2202 1828 quod
2224 1782 2342 1820 minus
2365 1786 2420 1819 est

1334 1838 1407 1864 non
1455 1837 1546 1863 cere.

1381 1869 1435 1910 22
1459 1872 1568 1908 IDEM
1595 1872 1685 1909 libro
1715 1873 1907 1908 vicensimo
1932 1875 2057 1908 octavo
2081 1872 2131 1908 ad
2159 1871 2333 1909 Sabinum
2378 1873 2420 1910 In

1338 1921 1352 1952 1
1402 1927 1593 1964 personam
1622 1917 1784 1953 servilem
1813 1917 1913 1953 nulla
1944 1917 2040 1953 cadit
2071 1917 2250 1963 obligatio.
2305 1917 2420 1954 Gene-

1334 1962 1458 1999 raliter
1480 1962 1704 2009 probandum
1728 1966 1801 2006 est,
1825 1962 2039 2008 ubicumque
2062 1963 2099 1999 in
2122 1962 2239 2000 bonae
2260 1961 2344 2000 fidei
2365 1963 2420 1999 iu-

1335 2008 1438 2044 diciis
1462 2007 1646 2045 confertur
1667 2009 1706 2044 in
1728 2008 1915 2044 arbitrium
1945 2007 2078 2044 domini
2099 2008 2155 2044 vel
2176 2009 2420 2054 procuratoris

1335 2053 1412 2089 eius
1437 2053 1618 2097 condicio,
1650 2064 1717 2099 pro
1747 2053 1833 2090 boni
1864 2052 1930 2089 viri
1953 2053 2102 2089 arbitrio
2126 2053 2195 2089 hoc
2219 2053 2421 2090 habendum

1335 2108 1425 2135 esse.

1381 2141 1434 2182 23
1460 2143 1568 2179 Iesu
1588 2143 1679 2181 libro
1702 2144 1894 2180 tacensimo
1918 2154 2013 2180 nono
2037 2143 2087 2179 ad
2108 2142 2281 2180 Sabinum
2328 2143 2421 2180 Con-

1334 2192 1474 2225 tractus
1509 2188 1653 2235 quidam
1688 2188 1810 2225 dolum
1844 2189 1979 2226 malum
2015 2188 2205 2224 dumtaxat
2233 2188 2306 2225 reci
2331 2188 2420 2232 iant,

1335 2234 1480 2279 quidam
1512 2238 1548 2269 et
1571 2234 1691 2270 dolum
1715 2238 1751 2270 et
1775 2234 1927 2280 culpam.
1975 2233 2097 2270 dolum
2118 2235 2279 2269 tantum:
2335 2244 2420 2280 epo-

1336 2280 1444 2315 situm
1474 2282 1510 2315 et
1540 2279 1752 2324 precarium.
1802 2279 1923 2315 dolum
1960 2282 1997 2315 et
2025 2279 2168 2324 culpam
2202 2277 2420 2322 mandatum,

1336 2324 1616 2366 commodatum,
1641 2324 1836 2369 venditum,
1861 2324 2002 2370 pignori
2024 2327 2229 2369 acceptum,
2252 2324 2420 2366 locatum,

1334 2369 1420 2405 item
1443 2369 1538 2405 dotis
1562 2369 1675 2413 datio,
1708 2370 1859 2413 tutelae,
1889 2369 2033 2415 negotia
2054 2373 2174 2414 gesta:
2202 2369 2242 2405 in
2263 2369 2319 2405 his
2343 2370 2421 2415 qui·

1336 2414 1416 2450 dem
1439 2418 1476 2450 et
1498 2413 1727 2460 diligentiam.
1774 2415 1929 2451 societas
1954 2418 1991 2450 et
2020 2424 2141 2450 rerum
2164 2415 2363 2451 communio
2387 2418 2423 2451 et

1336 2459 1457 2495 dolum
1479 2463 1516 2495 et
1539 2460 1684 2505 culpam
1705 2459 1843 2505 recipit.
1893 2459 1956 2496 sed
1978 2460 2068 2495 haec
2091 2459 2161 2502 ita,
2193 2458 2263 2496 nisi
2285 2460 2316 2495 si
2338 2459 2422 2506 quid

1335 2505 1546 2540 nominatim
1575 2504 1740 2541 convenit
1768 2505 1837 2548 (vel
1868 2505 1949 2550 plus
1972 2504 2029 2540 vel
2055 2504 2171 2540 minus
2215 2504 2254 2540 in
2276 2504 2422 2550 singulis

1337 2550 1601 2586 contractibus:
1633 2560 1718 2586 nam
1747 2551 1817 2587 hoc
1840 2550 2057 2593 servabitur,
2089 2559 2160 2595 quo
2207 2548 2308 2586 initio
2335 2560 2420 2586 con-

1335 2594 1432 2631 venit
1450 2595 1576 2641 (legem
1593 2595 1687 2631 enim
1707 2598 1915 2632 contractus
1936 2594 2057 2638 dedit),
2082 2597 2231 2640 excepto
2248 2604 2303 2638 eo,
2349 2595 2422 2631 uod

1337 2640 1461 2676 Celsus
1493 2644 1597 2686 putat
1627 2651 1700 2677 non
1730 2641 1865 2684 valere,
1906 2641 1937 2676 si
1972 2639 2195 2683 convenerit,
2234 2650 2280 2676 ne
2343 2640 2421 2677 olus

1335 2689 1555 2730 praestetur:
1585 2686 1656 2722 hoc
1679 2686 1773 2722 enim
1795 2687 1912 2722 bonae
1933 2685 2017 2721 fidei
2047 2685 2180 2721 iudicio
2204 2685 2421 2722 contrarium

1336 2734 1405 2767 est:
1430 2735 1468 2767 et
1489 2730 1542 2766 ita
1564 2732 1706 2767 utimur.
1742 2731 1948 2767 animalium
1971 2740 2055 2767 vero
2079 2740 2185 2766 casus
2208 2734 2420 2777 mortesque,

1337 2785 1429 2821 quae
1441 2776 1469 2798 ¹³
1499 2776 1576 2812 sine
1606 2776 1713 2822 culpa
1744 2776 1914 2813 accidunt
1925 2777 1964 2820 ¹⁴,
2003 2775 2110 2821 fugae
2146 2785 2328 2813 servorum
2384 2776 2422 2812 ui

1337 2821 1511 2857 custodiri
1541 2831 1614 2857 non
1643 2822 1774 2865 solent,
1813 2821 1980 2875 rapinae,
2017 2820 2209 2863 tumultus,
2244 2820 2350 2857 incen

1336 2876 1510 2912 aquarum
1541 2867 1820 2912 magnitudines,
1852 2870 2006 2912 impetus
2035 2865 2254 2912 praedonum
2277 2876 2300 2902 a
2322 2865 2421 2902 nullo

1361 2915 1576 2948 raestantur.
2313 2940 2316 2944 .

1336 2922 1359 2957 p
1384 2954 1439 2994 24
1464 2957 1625 2993 Panos
1657 2956 1747 2992 libro
1779 2957 1904 3003 quinto
1939 2956 1990 2992 eid
2019 2954 2193 2992 Sabinum
2237 2955 2421 3002 Quatenus

1338 3001 1439 3038 cuius
1463 3002 1615 3047 intersit,
1639 3002 1677 3037 in
1700 3001 1809 3045 facto,
1834 3011 1906 3037 non
1928 3001 1966 3037 in
1988 3001 2067 3037 iure
2089 2999 2262 3038 consistit.

1382 3044 1435 3085 25
1462 3046 1690 3083 Poueomus
1717 3046 1809 3082 libro
1832 3046 2021 3083 undecimo
2044 3046 2095 3082 ad
2116 3045 2290 3082 Sabinum
2334 3046 2421 3083 Plus

1337 3091 1514 3129 cautionis
1537 3092 1575 3128 in
1597 3101 1638 3128 re
1661 3095 1717 3127 est
1739 3101 1847 3137 quam
1870 3091 1908 3127 in
1930 3100 2096 3137 persona.

1383 3135 1436 3175 26
1468 3137 1662 3173 ΠιΡιΑΝσε
1693 3135 1784 3172 libro
1817 3137 2024 3183 triqensimo
2055 3136 2105 3172 ad
2131 3134 2306 3173 Sabinum
2352 3135 2422 3182 Qui

1335 3186 1457 3228 potest
1479 3181 1597 3218 invitis
1620 3181 1795 3225 alienare,
1832 3181 1944 3218 multo
1973 3180 2085 3227 magis
2108 3183 2146 3217 et
2173 3179 2421 3226 ignorantibus

1336 3231 1373 3264 et
1395 3226 1604 3263 absentibus
1626 3230 1756 3272 potest.

1382 3270 1434 3310 27
1468 3271 1697 3308 Poupomvs
1729 3271 1820 3308 libro
1853 3274 1960 3308 sexto
1994 3270 2130 3307 decimo
2164 3270 2214 3307 ad
2247 3270 2420 3308 Sabaeum

1335 3317 1412 3354 Nec
1443 3327 1487 3353 ex
1519 3317 1698 3363 praetorio
1727 3327 1794 3352 nec
1823 3326 1869 3353 ex
1901 3315 2064 3352 sollemni
2093 3315 2171 3352 iure
2201 3317 2419 3362 privatorum

1337 3362 1570 3399 conventione
1588 3362 1778 3408 quicquam
1795 3361 2052 3398 immutandum
2067 3365 2132 3403 est,
2151 3361 2312 3407 quamvis
2329 3361 2419 3398 obli-

1334 3408 1518 3462 gationum
1548 3417 1682 3443 causae
1710 3407 1879 3452 pactione
1909 3406 2049 3452 possint
2077 3406 2259 3443 immutari
2281 3409 2319 3443 et
2338 3406 2418 3452 ipso

1335 3463 1412 3490 iure
1430 3457 1468 3489 et
1485 3462 1552 3498 per
1569 3452 1669 3498 pacti
1687 3452 1851 3488 conventi
1862 3453 1891 3474 ¹⁸
1913 3451 2177 3498 exceptionem:
2202 3451 2287 3497 quia
2303 3450 2418 3488 ecflo-

1380 3566 1425 3609 (τ)
1451 3564 1532 3599 Sub.
1547 3572 1656 3605 2-..723
1674 3563 1826 3610 Appia
1845 3564 1931 3610 Pap.
1945 3571 2082 3604 74...101;
2102 3565 2420 3601 Ed.1.1oz...211.-

1336 3611 1421 3646 Bas.
1443 3611 1475 3653 2,
1496 3617 1513 3645 s
1607 3611 1653 3653 (s)
1676 3620 1745 3644 non
1763 3611 1823 3644 im.
1843 3610 1878 3643 F
1969 3610 2016 3653 (9)
2040 3611 2178 3644 testatus
2195 3611 2229 3644 et
2243 3610 2420 3644 intestatus

1580 3657 1643 3697 (ιο)
1666 3655 1976 3698 interpretanturl?
2054 3656 2110 3698 (11)
2135 3654 2275 3699 dominil
2287 3654 2418 3689 demum

1335 3701 1500 3735 21.thoe
1567 3702 1626 3743 (¹2)
1650 3700 1741 3734 noF'
1803 3701 1864 3743 (1³)
1886 3700 2216 3743 morte-quaeque?
2280 3702 2339 3743 (u)
2362 3709 2420 3734 se·

1336 3744 1459 3780 cedunt
1471 3745 1504 3779 F'
1587 3745 1649 3788 (15)
1672 3745 1891 3780 conventione
1904 3744 1960 3779 F*

2516 157 2519 167 Ἀ.
2514 132 2518 144 ι-
2506 0 2518 124 ...auxta
