2528 3918
124 141 185 174 DE
214 140 498 172 EXCEPTIONE
528 141 602 171 REI
631 139 875 171 IUDICATAE

125 262 190 298 pro
210 251 345 287 minore
364 251 486 297 viginti
503 252 659 298 quinque
676 250 779 287 annis
800 250 1088 297 circumscripto:
1114 250 1210 296 quod

123 298 153 333 si
177 297 347 343 deceptus
372 298 419 333 sit
442 297 478 332 in
501 307 551 342 re,
574 299 662 332 tunc
685 307 752 332 nec
775 296 853 342 ipse
875 300 959 331 ante
976 299 1087 334 habet
1106 296 1208 332 auxi-

123 343 226 384 lium,
259 353 366 387 quam
393 343 582 378 restitutus
598 341 742 385 tuerit,
774 351 840 377 nec
866 340 1068 379 fideiussori
1091 341 1210 378 danda

122 391 178 424 est
200 387 376 434 exceptio.

169 429 194 470 8
219 432 329 468 Jonas
354 432 444 469 libro
468 435 600 478 quarto
624 431 760 468 decimo
790 430 840 467 ad
861 429 1047 468 Plautium
1093 431 1207 468 Nemo

123 477 333 544 prohibetuff
355 477 518 523 pluribus
539 477 809 523 exceptionibus
827 477 892 520 uti,
917 477 1075 523 quamvis
1094 477 1208 513 diver-

123 533 184 559 sae
208 527 292 559 sunt
317 549 325 558 .

168 566 193 606 9
218 567 458 604 MARcELLUs
487 567 577 603 libro
610 568 715 603 tertio
747 567 968 614 diqestorum
1022 567 1105 603 Non
1137 567 1206 602 uti-

123 624 191 658 que
214 613 437 648 existimatur
461 612 625 648 confiteri
649 613 692 648 de
714 612 913 649 intentione
936 612 1132 649 adversarii
1152 613 1208 649 is²

124 669 277 704 quocum
300 658 428 704 agitur,
454 658 538 703 quia
561 657 772 704 exceptione
794 659 919 693 utitur.

171 703 222 741 10
264 703 519 740 Moosssmros
562 703 653 740 libro
699 703 908 739 duodecimo
950 714 1208 759 responsorum

123 749 345 785 Modestinus
369 748 572 794 respondit:
604 759 662 784 res
694 749 789 784 inter
819 749 908 785 alios
939 749 1098 785 iudicata
1129 749 1207 785 aliis

122 806 194 830 non
225 795 364 837 obest³,
393 804 460 829 nec
492 793 523 830 si
551 794 600 837 is,
635 798 761 830 contra
792 805 896 840 quem
924 795 1119 830 iudicatum
1143 798 1207 837 est,

123 841 224 875 heres
249 839 423 875 exstiterit
446 839 497 882 ei,
531 843 657 875 contra
687 850 791 885 quem
820 839 909 874 nihil
939 840 1210 885 pronuntiatum

123 889 193 929 est,
223 885 476 920 hereditariam
508 885 540 919 ei
565 885 662 920 litem
685 884 852 920 inferenti
875 885 1074 930 praescribi
1098 895 1142 920 ex
1165 895 1209 921 ea

122 930 298 967 sententia
352 941 451 972 osse,
492 940 598 975 quam
635 930 781 976 proprio
818 930 961 966 nomine
993 930 1207 976 disceptans,

122 981 312 1022 antequam
361 986 438 1011 eres
464 975 650 1018 exstiterit,
676 975 827 1021 excepit.

170 1020 216 1057 11
253 1020 360 1056 IDEM
389 1021 481 1056 libro
518 1021 622 1056 tertio
658 1021 794 1057 decimo
828 1031 1084 1068 responsorum
1140 1021 1208 1066 Qui

121 1066 272 1111 adgnitis
298 1066 559 1108 instrumentis,
592 1066 695 1111 quasi
717 1075 802 1101 vera
826 1070 963 1109 essent,
996 1066 1102 1102 solvit
1125 1070 1209 1112 post

120 1111 333 1147 sententiam
355 1111 496 1154 iudicis,
523 1121 666 1157 quaero,
692 1111 723 1146 si
741 1114 868 1156 postea
888 1112 1031 1156 cognita
1047 1112 1098 1147 rei
1115 1111 1207 1147 veri-

120 1161 194 1192 tate
226 1160 262 1193 et
290 1167 328 1192 re
355 1157 441 1192 ertis
467 1156 570 1192 falsis
600 1156 845 1192 instrumentis
869 1167 1040 1192 accusare
1063 1157 1148 1194 velit
1173 1160 1208 1192 et

145 1202 274 1238 robare
297 1201 334 1237 fa
349 1212 389 1237 sa
414 1212 492 1237 esse
514 1202 768 1244 instrumenta,
798 1212 842 1237 ex
865 1202 995 1247 quibus
1021 1203 1206 1238 convenie-

146 1251 244 1291 atur,
277 1258 357 1283 cum
389 1248 633 1282 instrumentis
658 1247 922 1293 subscripserat
946 1258 990 1283 ex
1012 1251 1206 1293 praecepto

121 1294 192 1329 sive
214 1292 487 1328 interlocutione
509 1292 655 1334 iudicis,
687 1303 734 1327 an
757 1293 992 1338 praescriptio
1019 1293 1052 1329 ei
1075 1293 1209 1338 opponi

147 1338 259 1374 ossit‘?
296 1348 379 1373 cum
402 1341 438 1373 et
459 1337 718 1383 principalibus
748 1338 1065 1374 constitutionibus
1093 1339 1207 1374 mani-

131 1385 209 1419 'este
233 1387 390 1427 cavetur,
415 1383 482 1419 etsi
504 1393 562 1418 res
585 1383 743 1418 iudicata
768 1386 862 1418 esset
885 1393 930 1418 ex
952 1383 1054 1419 falsis
1073 1383 1207 1420 instru-

120 1429 256 1470 mentis,
282 1429 314 1464 si
336 1431 464 1475 postea
486 1427 580 1463 falsa
601 1428 839 1473 inveniantur,
863 1439 930 1464 nec
953 1429 1007 1464 rei
1026 1429 1208 1465 iudicatae

119 1474 434 1520 praescriptionem
451 1473 595 1519 opponi.
618 1474 845 1509 Modestinus
862 1474 1047 1521 respondit
1064 1475 1109 1511 ob
1126 1475 1207 1519 hoc,

120 1519 214 1565 quod
233 1529 298 1566 per
317 1529 474 1555 errorem
492 1519 622 1555 solutio
640 1519 738 1554 facta
756 1520 834 1555 est⁴
857 1520 913 1555 vel
932 1520 1051 1555 cautio
1070 1520 1115 1556 de
1134 1520 1206 1556 sol-

120 1565 231 1601 vendo
248 1565 461 1610 interposita
475 1564 688 1610 proponitur
705 1574 749 1600 ex
764 1564 820 1600 his
837 1564 1094 1608 instrumentis,
1115 1576 1206 1611 quae

120 1621 214 1646 nunc
237 1610 331 1646 falsa
349 1610 525 1654 dicuntur,
548 1610 823 1655 praescriptioni
839 1610 958 1646 locum
977 1622 1050 1647 non
1070 1622 1160 1647 esse.

168 1653 218 1692 12
251 1655 446 1692 mmm
474 1655 565 1691 libro
591 1656 799 1701 triqensimo
823 1658 950 1691 octavo
980 1656 1030 1691 ad
1052 1656 1206 1692 edictum

120 1701 340 1737 Generaliter
370 1700 408 1735 in
431 1700 660 1746 praeiudiciis
683 1701 713 1735 is
738 1700 872 1737 actoris
895 1704 1017 1746 partes
1042 1702 1206 1745 sustinet,

120 1747 179 1792 qui
210 1747 320 1782 habet
347 1746 580 1781 intentionem
612 1745 808 1781 secundum
835 1745 874 1781 id
897 1746 994 1792 quod
1016 1746 1170 1783 intendit
1181 1749 1204 1783 ⁵.

169 1789 217 1830 13
257 1791 450 1827 IULIANUS
489 1791 580 1828 libro
621 1792 946 1838 quinquaqensimo
986 1792 1206 1839 diqestorum

119 1837 157 1873 Si
180 1840 263 1883 post
286 1837 384 1872 litem
409 1836 452 1872 de
476 1836 675 1872 hereditate
699 1839 937 1872 contestatam
966 1847 1023 1873 res
1047 1838 1207 1883 singulae

120 1886 296 1928 petantur,
347 1882 441 1917 lacet
458 1892 531 1917 non
549 1882 693 1925 obstare
711 1882 957 1927 exceptionem
977 1883 1085 1928 ‘quod
1102 1894 1206 1929 prae-

120 1927 299 1963 ‘iudicium
342 1927 508 1963 ereditati
527 1938 599 1962 non
619 1927 712 1962 fiat':
737 1927 852 1962 futuri
867 1928 960 1963 enim
977 1928 1109 1974 iudicii,
1134 1939 1208 1964 non

119 1974 206 2009 facti
229 1973 372 2009 nomine
394 1972 598 2008 huiusmodi
616 1972 844 2018 exceptiones
865 1976 1094 2019 comparatae
1111 1978 1207 2010 sunt.

167 2017 218 2056 14
255 2018 459 2054 Armua&
499 2017 620 2054 mnas
655 2018 746 2053 libro
786 2019 945 2054 secundo
985 2019 1207 2066 diqestorum

119 2063 231 2100 Filius
263 2063 417 2098 familias
443 2063 659 2110 peculiarem
684 2073 823 2099 servum
846 2064 1021 2108 vendidit,
1053 2065 1208 2109 pretium

119 2109 310 2155 stipulatus
335 2112 407 2144 est:
432 2109 463 2144 is
487 2109 592 2144 homo
616 2108 815 2144 redhibitus
840 2112 876 2144 et
899 2113 1026 2154 postea
1044 2114 1207 2146 mortuus

119 2159 184 2191 est.
231 2158 267 2190 et
296 2157 398 2199 pater
428 2154 529 2189 eius⁷
560 2154 751 2199 pecuniam
782 2154 829 2189 ab
860 2158 1021 2201 emptore
1048 2155 1206 2201 petebat,

143 2211 226 2236 uam
248 2199 343 2235 filius
367 2199 559 2245 stipulatus
583 2202 672 2235 erat.
719 2199 856 2245 placuit
885 2210 928 2235 ae
953 2211 1039 2235 uum
1069 2211 1149 2237 esse
1170 2201 1208 2236 in

134 2248 255 2281 actum
278 2245 523 2290 exceptionem
546 2254 628 2279 eum
652 2244 811 2280 obicere:
846 2247 927 2290 ‘quo
983 2246 1137 2290 pecunia
1161 2247 1206 2282 ob

119 2290 309 2327 ‘hominem
331 2290 432 2325 illum
456 2300 499 2325 ex
525 2290 677 2326 romissa
705 2293 778 2334 est,
810 2290 871 2335 qui
899 2291 1098 2328 redhibitus
1128 2292 1205 2328 est’.

168 2334 218 2373 15
249 2335 442 2371 IULIANUS
473 2335 500 2371 lz·
521 2346 564 2370 ro
594 2339 725 2381 quarto
756 2335 806 2371 ad
842 2335 1004 2372 Urseium
1034 2337 1207 2374 Ferocem

119 2381 301 2417 Adversus
318 2380 563 2433 exceptionem
581 2380 812 2416 iurisiurandi
828 2381 1014 2426 replicatio
1034 2382 1108 2418 doli
1124 2383 1209 2418 mali

120 2438 193 2463 non
216 2427 323 2462 debet
346 2426 440 2469 dari,
470 2437 552 2461 cum
574 2429 721 2471 praetor
742 2426 780 2461 id
803 2436 908 2472 agere
933 2427 1057 2470 debet,
1087 2438 1133 2464 ne
1163 2429 1208 2464 de

119 2471 347 2508 iureiurando
372 2471 585 2516 cuiusquam
607 2475 811 2517 quaeratur.

169 2515 219 2555 16
244 2517 470 2552 AFRICANUS
498 2517 588 2552 libro
618 2528 714 2552 nono
745 2518 995 2563 quaestionum
1041 2517 1209 2554 Fundum

121 2563 303 2598 Titianum
325 2562 507 2608 possides,
541 2561 585 2597 de
610 2562 710 2598 cuius
735 2563 954 2608 proprietate
976 2563 1070 2601 inter
1091 2574 1149 2600 me
1173 2569 1209 2600 et

120 2612 156 2643 te
181 2608 424 2644 controversia
446 2611 517 2652 est,
547 2610 584 2643 et
612 2607 692 2643 dico
722 2611 910 2653 praeterea
940 2609 1034 2645 viam
1056 2609 1104 2645 ad
1128 2619 1207 2646 eum

121 2663 185 2699 per
207 2653 359 2688 fundum
382 2652 688 2699 Sempronianum,
715 2663 818 2698 quem
835 2657 938 2689 tuum
957 2664 1037 2690 esse
1055 2658 1207 2698 constat,

121 2699 252 2735 deberi.
300 2699 332 2734 si
354 2699 448 2733 viam
469 2701 601 2744 petam,
628 2698 872 2743 exceptionem
896 2698 1005 2743 ‘quod
1026 2700 1207 2745 praeiudi-

121 2744 226 2779 ‘cium
250 2743 397 2788 praedio
421 2753 494 2778 non
515 2742 591 2778 fiat'
616 2743 739 2778 utilem
756 2743 822 2779 tibi
841 2744 919 2779 fore
937 2745 1087 2789 putavit,
1111 2745 1207 2781 vide-

121 2790 203 2824 licet
234 2788 331 2834 quod
363 2798 436 2824 non
467 2787 570 2823 aliter
598 2787 692 2823 viam
723 2788 809 2823 mihi
839 2789 961 2824 deberi
988 2791 1207 2835 probaturus

120 2835 199 2875 sim,
223 2844 331 2879 quam
352 2833 452 2880 prius
475 2833 699 2878 probaverim
723 2833 875 2869 fundum
891 2834 1072 2870 Titianum
1091 2846 1208 2871 meum

122 2889 210 2916 esse.

169 2922 220 2962 17
246 2923 405 2960 PAULUS
431 2923 524 2960 libro
546 2933 585 2959 se
613 2925 837 2970 tuaqensimo
865 2925 915 2960 ad
937 2925 1089 2961 edictum
1137 2926 1208 2962 Sed

121 2970 152 3005 si
176 2972 259 3005 ante
281 2969 376 3005 viam
399 2995 409 3012 ,
434 2968 561 3004 deinde
582 2934 733 3005 {indum
756 2970 938 3005 Titianum
961 2974 1062 3017 petat
1072 2972 1095 3015 ⁸,
1124 2972 1208 3017 quia

122 3019 158 3051 et
180 3015 320 3051 diversa
344 3024 498 3060 corpora
522 3017 606 3049 sunt
633 3018 668 3049 et
692 3025 822 3050 causae
844 3016 1111 3052 restitutionum
1135 3017 1206 3053 dis-

122 3071 239 3107 pares,
262 3070 335 3095 non
358 3059 503 3095 nocebit
526 3060 687 3105 exceptio
699 3060 724 3095 ⁹.

170 3103 221 3144 18
254 3107 480 3141 AFRICANUS
513 3104 604 3140 libro
641 3114 736 3140 nono
772 3107 1020 3157 quaestionum
1075 3107 1206 3150 Fundi,

122 3161 227 3197 quem
248 3153 290 3185 tu
311 3150 496 3196 proprium
518 3153 621 3184 tuum
644 3159 724 3185 esse
747 3149 846 3193 dicis,
869 3154 1009 3197 partem
1028 3162 1051 3187 a
1067 3155 1104 3187 te
1122 3156 1206 3197 peto

122 3200 158 3232 et
193 3195 274 3232 volo
312 3195 418 3230 simul
455 3195 586 3230 iudicio
624 3205 765 3240 quoque
802 3197 979 3231 communi
1015 3197 1206 3233 dividundo

122 3252 227 3286 agere
258 3241 325 3276 sub
356 3240 481 3276 eodem
510 3240 646 3275 iudice:
679 3240 764 3275 item
793 3241 823 3276 si
852 3241 927 3277 eius
950 3241 1069 3285 fundi,
1125 3253 1207 3278 uem

122 3291 163 3323 tu
178 3285 364 3334 possideas
385 3289 420 3321 et
439 3296 504 3331 ego
522 3285 709 3331 proprium
725 3295 842 3321 meum
860 3297 938 3322 esse
955 3287 1082 3330 dicam,
1123 3299 1205 3324 ruc-

122 3335 180 3369 tus
204 3331 392 3373 condicere
423 3331 490 3366 tibi
517 3331 638 3366 velim:
672 3331 871 3375 quaesitum
894 3335 949 3368 est
972 3343 1019 3368 an
1042 3334 1205 3379 exceptio

123 3376 231 3423 ‘quod
248 3375 505 3422 praeiudicium
524 3375 637 3411 fundo
657 3376 792 3421 partive
811 3376 887 3412 eius
904 3387 976 3413 non
993 3377 1068 3413 fiat’
1088 3379 1208 3414 obstet

124 3433 170 3457 an
207 3421 415 3465 deneganda
451 3421 509 3457 sit.
557 3426 592 3456 et
627 3421 820 3466 utrubique
855 3425 961 3466 putat
993 3422 1207 3459 intervenire

148 3469 325 3503 raetorem
347 3465 476 3501 debere
497 3476 564 3502 nec
587 3466 791 3513 permittere
814 3467 973 3511 petitori,
997 3467 1206 3522 priusquam

123 3479 169 3548 ge
190 3511 409 3557 proprietate
433 3514 583 3555 constet,
606 3511 808 3547 huiusmodi
831 3512 972 3548 iudiciis
996 3514 1161 3559 experiri.

126 3625 166 3670 (ι)
191 3626 259 3659 sint
269 3626 322 3659 F·
430 3628 474 3666 (2)
497 3624 705 3658 adversarius
718 3626 753 3659 F
852 3626 895 3667 (3)
919 3635 972 3659 res
984 3650 992 3659 .
1001 3650 1009 3659 .
1018 3650 1027 3660 .
1039 3625 1131 3660 obest
1143 3627 1205 3661 del.

126 3673 168 3711 (4)
193 3674 242 3704 est
254 3672 314 3704 det.
386 3673 428 3714 (5)
452 3670 641 3704 intenditur
652 3684 714 3704 scr.
787 3672 829 3712 (6)
854 3670 994 3704 alflenus
1005 3672 1038 3704 F
1106 3676 1150 3714 (7)
1175 3674 1208 3704 et

125 3718 225 3759 patur
237 3715 319 3759 eius]
330 3718 426 3759 pater
435 3728 498 3750 scr.
583 3716 628 3758 (8)
651 3717 761 3759 petam
775 3715 825 3749 ΓΞ
911 3717 956 3758 (9)
980 3716 1031 3750 rei
1041 3716 1207 3750 iudicatae

128 3762 311 3800 addendum
323 3773 391 3796 esee
402 3762 485 3796 vidit
500 3761 652 3796 Guiacius

1196 124 1281 172 707

1984 132 2243 176 XXXXIIII
2279 137 2312 176 1.
2339 138 2363 176 2

1396 191 1447 198 ...-

1326 247 1377 288 19
1409 250 1647 287 MAROJANUS
1675 251 1765 288 libro
1797 254 1900 289 tertio
1933 254 2069 291 decimo
2101 256 2363 293 institutionum

1278 296 1409 332 Omnes
1434 295 1680 349 exceptiones,
1711 308 1802 342 quae
1825 309 1886 334 reo
1911 304 2133 346 competunt,
2164 302 2363 339 fideiussori

1277 352 1348 388 quo
1375 352 1419 378 ue
1442 342 1550 378 etiam
1572 345 1681 377 mwto
1705 353 1767 378 reo
1793 354 1870 379 com
1898 348 2010 380 etunt.

1323 352 1376 425 23
1404 386 1564 423 Pavum
1584 386 1676 439 fibro
1699 388 1878 434 sinqularz
1903 390 1947 425 de
1970 392 2200 438 conceptione
2221 393 2363 439 formu-

1277 432 1394 468 larum
1440 432 1683 477 Exceptiones
1708 438 1937 478 opponuntur
1965 439 2028 470 aut
2051 437 2135 482 quia
2158 437 2292 474 factum
2317 438 2364 474 sit

1276 477 1372 523 quod
1394 477 1473 513 fieri
1497 480 1649 524 oportet,
1674 481 1737 512 aut
1757 478 1840 523 quia
1860 479 1994 516 factum
2012 481 2059 517 sit
2102 483 2174 518 uod
2193 483 2271 519 fieri
2290 494 2363 519 non

1277 523 1454 568 oportuit,
1487 526 1551 558 aut
1580 522 1665 568 quia
1688 522 1824 558 factum
1847 534 1920 559 non
1943 526 1990 560 sit
2013 537 2081 571 quo
2130 527 2209 563 fieri
2231 528 2363 564 debue-

1276 571 1344 603 rat.
1393 567 1478 613 quia
1500 567 1637 604 factum
1662 571 1727 611 est,
1753 568 1850 613 quod
1872 569 1952 605 fieri
1975 572 2148 617 oportuit,
2173 573 2279 609 datur
2303 584 2362 609 cx-

1277 613 1395 659 ceptio
1419 613 1474 649 rei
1496 613 1660 649 venditae
1685 617 1721 648 et
1742 613 1897 649 traditae
1920 618 1956 649 et
1979 616 2030 651 rei
2053 617 2247 654 iudicatae:
2282 619 2364 664 quia

1275 658 1412 694 factum
1437 662 1511 702 est,
1543 658 1639 712 quod
1661 658 1739 695 fieri
1762 669 1836 694 non
1859 661 2036 704 oportuit,
2069 662 2174 698 datur
2201 665 2364 710 exceptio

1277 703 1351 739 doli
1366 704 1469 740 mali:
1495 715 1579 750 qula
1602 715 1675 740 non
1698 704 1836 740 factum
1859 708 1924 749 est,
1950 706 2045 751 quod
2068 706 2145 743 fleri
2168 708 2299 753 debuit,
2324 713 2365 745 ut

1275 749 1451 785 bonorum
1474 749 1713 795 possessionis
1741 760 1814 785 non
1839 749 1955 785 datae.

1323 792 1373 831 21
1409 794 1616 830 Nmmms
1651 795 1743 831 libro
1807 799 1914 831 uarto
1950 797 2237 833 membranarum
2297 799 2365 835 Rei

1276 839 1422 875 maioris
1445 840 1620 885 pecuniae
1642 840 1768 886 praeiu
1794 840 1901 876 icium
1924 840 2002 876 fieri
2033 841 2187 885 videtur,
2218 855 2298 879 cum
2322 855 2365 880 ea

1278 885 1441 930 quaestio
1465 885 1503 920 in
1525 885 1697 921 iudicium
1720 885 1925 930 deducitur,
1950 897 2041 932 quae
2064 888 2120 922 vel
2142 891 2219 924 tota
2240 890 2296 924 vel
2320 900 2363 925 ex

1278 931 1325 966 ali
1350 940 1398 966 ua
1452 934 1529 966 arte
1561 931 1758 967 communis
1789 935 1844 966 est
1876 932 2077 977 quaestioni
2100 932 2143 968 de
2165 943 2204 968 re
2226 935 2363 970 maiori.

1353 974 1378 1013 2
1441 985 1568 1012 amos
1599 976 1691 1013 libro
1723 976 1910 1023 sinqulari
1941 976 1987 1012 de
2015 978 2127 1013 variis
2158 979 2365 1015 lectionibus

1276 1021 1453 1067 Exceptio
1478 1025 1534 1057 est
1558 1022 1733 1064 condicio,
1759 1032 1850 1067 quae
1873 1022 1979 1058 modo
2005 1022 2127 1058 eximit
2145 1034 2245 1058 reum
2267 1024 2363 1059 dam-

1281 1071 1294 1102 l
1345 1067 1508 1109 natione,
1548 1067 1653 1103 modo
1685 1067 1813 1103 minuit
1844 1067 2118 1104 damnationem.
2166 1068 2364 1114 Replicatio

1278 1115 1332 1148 est
1356 1112 1540 1148 contraria
1563 1112 1737 1158 exceptio,
1763 1113 1867 1158 quasi
1891 1113 2111 1158 exceptionis
2135 1115 2307 1159 exceptio.

1323 1155 1375 1196 23
1402 1157 1536 1193 LABEO
1559 1157 1650 1194 libro
1673 1160 1780 1195 sexto
1797 1157 1982 1205 pithanon
2006 1170 2030 1193 a
2054 1158 2171 1194 Paulo
2195 1160 2364 1205 epitoma-

1278 1206 1395 1239 torum
1442 1203 1595 1239 Paulus:
1622 1203 1654 1239 si
1668 1203 1747 1257 quis
1762 1206 1919 1239 statuam
1933 1203 1972 1238 in
1984 1204 2177 1250 municipio
2193 1215 2236 1240 ea
2251 1208 2366 1240 mente

1276 1248 1415 1294 posuit,
1454 1252 1495 1283 ut
1523 1258 1568 1284 ea
1595 1248 1780 1295 mumcipii
1809 1252 1919 1291 esset,
1952 1252 1989 1284 et
2019 1260 2098 1285 eam
2129 1252 2250 1295 petere
2281 1250 2365 1293 vult,

1276 1294 1419 1329 excludi
1450 1304 1530 1329 eum
1563 1297 1705 1339 oportet
1735 1294 2017 1340 praescriptione
2045 1295 2083 1330 in
2110 1294 2246 1330 factum
2270 1295 2365 1330 data.

1323 1337 1377 1377 24
1401 1339 1748 1375 Hmuoeamazws
1770 1339 1861 1375 libro
1884 1343 1990 1376 sexto
2014 1341 2106 1375 iuris
2129 1341 2365 1387 epitomarum

1275 1385 1390 1420 Filius
1413 1384 1566 1420 familias
1586 1385 1834 1430 exceptionem
1851 1384 2082 1421 iurisiurandi
2101 1386 2196 1431 patri
2217 1385 2367 1431 quaerit,

1276 1430 1306 1466 si
1330 1440 1411 1466 eum
1435 1430 1521 1466 dare
1545 1440 1618 1465 non
1642 1434 1808 1476 oportere
1831 1430 2012 1467 iuraverit.

1775 1570 1867 1608 11¹⁰.

1435 1636 1497 1668 DE
1521 1634 1821 1669 EXCEPTIONE
1845 1635 1927 1668 REI
1949 1634 2211 1668 IUDICATAE.

1325 1700 1344 1738 1
1379 1700 1574 1738 ULPJANUS
1602 1702 1694 1738 libro
1725 1701 1883 1738 secundo
1917 1701 1967 1737 ad
1989 1701 2143 1737 edietum
2191 1701 2280 1737 Cum
2308 1713 2366 1738 res

1275 1747 1369 1782 inter
1389 1747 1478 1784 alios
1498 1746 1679 1783 iudicatae
1695 1747 1834 1783 nullum
1850 1747 1929 1783 aliis
1972 1746 2205 1782 raeiudicium
2221 1746 2366 1790 faciant,

1276 1803 1331 1846 ex·
1343 1803 1386 1829 eo
1409 1796 1643 1846 testamento,
1675 1793 1738 1829 ubi
1760 1793 1907 1845 libertas
1940 1796 2018 1846 ‘ata
2041 1793 2136 1828 est¹¹
2166 1792 2223 1828 vel
2237 1793 2367 1846 ‘legato

1277 1838 2115 1929 ὼὲἃὲἰιῗθὲἑέιαᾞὲἕῶἓξῗωέεέθέῑΙῗὲζῖῗᾶιῖῗ
2135 1845 2367 1929 &suffigi

1276 1928 1403 1971 tarius,
1427 1929 1687 1974 praeiudicium
1709 1929 1868 1965 libertati
1890 1928 1943 1964 fit.

1323 1971 1348 2011 2
1372 1974 1483 2009 IDEM
1508 1974 1600 2010 libro
1625 1975 1730 2010 tertio
1756 1975 1892 2010 decimo
1917 1973 1968 2009 ad
1990 1973 2144 2010 edictum
2194 1973 2262 2018 Qui
2287 1976 2368 2009 cum

1276 2018 1407 2055 herede
1430 2019 1506 2054 eius
1531 2020 1613 2065 egit,
1638 2020 1698 2065 qui
1721 2020 1875 2055 filium¹²
1897 2019 2143 2065 praeterierat,
2179 2023 2214 2054 et
2237 2029 2366 2064 excep-

1276 2065 1374 2099 tione
1398 2067 1596 2100 summotus
1620 2068 1676 2101 est
1700 2068 1755 2100 ‘ac
1779 2066 1809 2101 si
1832 2076 1904 2101 non
1923 2065 1962 2099 in
1981 2075 2024 2100 ea
2043 2075 2154 2101 causa
2171 2064 2243 2100 sint
2260 2064 2367 2099 tabu-

1278 2110 1345 2145 ‘lae
1365 2110 1583 2153 testamenti,
1607 2114 1648 2145 ut
1668 2114 1795 2146 contra
1814 2120 1874 2146 eas
1893 2110 2070 2146 bonorum
2090 2109 2270 2155 possessio
2290 2109 2368 2145 dari

1277 2155 1432 2200 ‘possit':
1465 2156 1650 2192 omittente
1680 2155 1903 2201 emancipato
1928 2155 2001 2191 filio
2025 2155 2201 2191 bonorum
2251 2165 2366 2191 osses-

1277 2201 1411 2237 sionem
1435 2211 1509 2236 non
1530 2201 1581 2236 ini
1606 2211 1651 2237 ue
1674 2201 1900 2243 restituetur,
1931 2204 1972 2236 ut
2004 2204 2087 2246 agat
2115 2211 2196 2236 cum
2245 2200 2366 2236 erede:

1277 2249 1313 2282 et
1337 2246 1388 2281 ita
1412 2246 1574 2282 Iulianus
1612 2247 1690 2282 ibro
1715 2250 1843 2292 quarto
1868 2246 2085 2291 digestorum
2100 2247 2127 2268 ¹³
2151 2246 2305 2292 scripsit.

1323 2289 1347 2329 3
1362 2292 1389 2313 ¹⁴
1413 2291 1521 2327 IDEM
1547 2292 1638 2328 libro
1668 2294 1794 2344 qui-nto
1818 2292 1955 2328 decimo
1985 2292 2035 2327 ad
2058 2291 2212 2328 edictum
2257 2291 2366 2326 Iulia-

1276 2347 1345 2372 nus
1375 2337 1467 2373 libro
1498 2337 1606 2373 tertio
1644 2337 1863 2383 ‹hgestorum
1901 2336 2086 2382 respondit
2123 2337 2367 2389 exceptionem

1276 2382 1330 2418 rei
1352 2382 1534 2418 iudicatae
1558 2383 1720 2425 obstare,
1753 2382 1918 2428 quotiens
1942 2382 2066 2418 eadem
2090 2386 2250 2428 quaest1o
2274 2381 2367 2417 inter

1276 2427 1421 2463 easdem
1449 2438 1623 2473 personas
1654 2431 1860 2464 revocatur:
1900 2431 1936 2463 et
1970 2427 2052 2463 ideo
2089 2431 2125 2463 et
2157 2428 2188 2463 si
2218 2426 2365 2472 singulis

1275 2473 1382 2509 rebus
1413 2473 1533 2519 petitis
1565 2473 1800 2509 hereditatem
1831 2476 1932 2519 petat
1969 2473 2024 2508 vel
2056 2476 2199 2516 contra,
2237 2482 2365 2517 excep-

1275 2519 1373 2555 tione
1397 2519 1686 2554 summovebitur.

1324 2562 1351 2600 4
1375 2563 1484 2599 IDEM
1511 2564 1603 2600 libro
1631 2564 1921 2611 septaaqensimo
1944 2563 2101 2599 secundo
2133 2563 2183 2598 ad
2212 2562 2365 2598 edictum

1276 2609 1344 2645 Rei
1365 2609 1547 2645 iudicatae
1569 2610 1732 2655 exceptio
1757 2609 1866 2645 tacite
1887 2609 2069 2645 continere
2086 2608 2225 2644 videtur
2244 2617 2365 2643 omnes

1275 2665 1461 2700 personas,
1487 2665 1579 2701 quae
1602 2665 1675 2690 rem
1698 2655 1736 2690 in
1758 2654 1929 2690 iudicium
1953 2654 2128 2690 deducere
2153 2653 2280 2689 solent.

1323 2699 1347 2737 5
1379 2700 1487 2735 IDEM
1520 2700 1612 2736 libro
1644 2700 1935 2747 septuaqensimo
1968 2704 2098 2746 quarto
2133 2699 2182 2734 ad
2211 2698 2364 2734 edictum

1274 2745 1332 2781 De
1356 2745 1480 2782 eadem
1503 2755 1543 2781 re
1566 2756 1673 2799 agere
1695 2745 1836 2781 videtur
1854 2748 1890 2780 et
1909 2745 1971 2791 qui
1989 2755 2062 2780 non
2082 2744 2205 2780 eadem
2224 2743 2365 2779 actione

1276 2794 1375 2836 agat,
1410 2801 1481 2836 qua
1512 2791 1558 2827 ab
1588 2791 1690 2827 initio
1713 2791 1860 2835 agebat,
1892 2790 1957 2826 sed
1980 2790 2087 2825 etiam
2110 2790 2141 2826 si
2165 2788 2234 2824 alia
2257 2799 2301 2824 ex
2327 2798 2363 2823 e-

1275 2836 1401 2879 riatur,
1426 2836 1470 2871 de
1495 2836 1617 2872 eadem
1640 2840 1761 2872 tamen
1784 2846 1841 2871 re:
1870 2839 1912 2871 ut
1934 2839 2023 2882 puta
2047 2835 2078 2871 si
2102 2834 2181 2880 quis
2204 2844 2288 2869 man
2313 2834 2364 2868 ati

1276 2885 1444 2923 acturus,
1480 2892 1561 2917 cum
1591 2882 1624 2918 ei
1654 2881 1878 2918 adversarius
1909 2880 2042 2916 iudicio
2074 2879 2223 2915 sistendi
2255 2889 2364 2914 causa

1274 2926 1514 2972 promisisset,
1551 2930 1698 2972 propter
1736 2927 1884 2962 eandem
1922 2936 1998 2961 rem
2028 2929 2111 2971 agat
2141 2924 2362 2969 negotiorum

1275 2976 1456 3017 gestorum
1485 2971 1542 3007 vel
1572 2972 1755 3014 condicat,
1787 2972 1831 3007 de
1856 2971 1981 3007 eadem
2003 2981 2043 3006 re
2066 2971 2150 3031 agit.
2196 2972 2361 3013 recteque

1275 3018 1326 3052 ita
1357 3017 1547 3053 definietur
1575 3027 1658 3054 eum
1689 3017 1830 3054 demum
1860 3017 1916 3052 ‘de
1946 3018 2028 3052 ea¹⁵
2056 3026 2096 3051 re
2142 3024 2215 3050 non
2246 3023 2359 3059 agere,

1276 3063 1338 3107 qui
1374 3073 1524 3108 prorsus
1561 3072 1637 3098 rem
1665 3062 1780 3108 ipsam
1814 3073 1887 3098 non
1918 3060 2162 3107 persequitur:
2204 3062 2360 3094 ceterum

1277 3118 1358 3142 cum
1382 3107 1461 3152 quis
1485 3107 1662 3143 actionem
1685 3111 1800 3143 mutat
1823 3111 1859 3143 et
1882 3107 2072 3152 experitur,
2102 3103 2289 3155 dummodo
2314 3103 2359 3155 de

1276 3152 1399 3188 eadem
1437 3161 1476 3186 re
1515 3153 1739 3198 experiatur,
1779 3153 1847 3188 etsi
1881 3153 2018 3188 diverso
2052 3159 2179 3195 genere
2210 3152 2359 3184 actioms

1275 3208 1381 3243 quam
1404 3197 1569 3239 instituit,
1594 3197 1734 3233 videtur
1758 3197 1814 3234 ‘de
1838 3208 1880 3233 ea
1903 3198 1953 3232 re'
1979 3206 2093 3241 agere.
2307 3236 2316 3246 ⁸

1321 3241 1346 3280 6
1370 3241 1530 3278 PAULUS
1557 3242 1649 3279 libro
1677 3244 1966 3290 septuaqensimo
1998 3241 2048 3276 ad
2075 3239 2227 3274 edictum
2267 3237 2358 3291 ,3¹4⁸

1273 3288 1365 3334 gulis
1402 3287 1651 3323 controversiis
1681 3289 1838 3369 sinffiilas
1870 3287 2027 3322 actiones
2057 3293 2236 3328 unumque
2265 3282 2356 3334 iudi-

1276 3333 1348 3369 cati
1366 3332 1474 3368 finem
1494 3331 1661 3369 sufficere
1677 3344 1743 3380 pro
1771 3333 1856 3369 abili
1873 3332 2008 3367 ratione
2025 3329 2172 3375 placuit,
2191 3338 2237 3363 ne
2256 3327 2359 3378 aliter

1274 3378 1402 3414 modus
1431 3377 1547 3413 litium
1578 3378 1834 3425 multiplicatus
1871 3385 2041 3427 summam
2070 3377 2178 3453 atatim
2207 3372 2356 3417 inexph-

1276 3423 1427 3459 cabilem
1458 3422 1570 3458 faciat
1600 3423 1859 3465 difficultatem,
1884 3430 2035 3455 maxune
2058 3429 2090 3454 si
2149 3427 2251 3452 versa
2274 3427 2356 3463 pro-

1275 3468 1537 3503 nuntiarentur.
1582 3478 1709 3515 parere
1734 3478 1816 3512 ergo
1839 3465 2082 3510 exceptionem
2104 3462 2156 3498 rei
2177 3461 2357 3498 iudicatae

1275 3512 1443 3557 frequens
1468 3516 1533 3549 est.

1322 3628 1380 3667 (ιο)
1401 3626 1466 3660 Ed.
1482 3633 1558 3660 1...7.
1574 3634 1601 3660 9.
1614 3631 1855 3661 11...15.17...19;
1872 3623 1951 3655 Sab.
1968 3629 1995 3656 s.
2010 3628 2052 3655 ιο.
2067 3628 2110 3654 16.
2124 3627 2251 3658 20...27;
2271 3620 2354 3663 Pap.

1277 3677 1392 3705 28...31.
1405 3689 1453 3697 —
1466 3672 1551 3704 Bas.
1565 3673 1619 3712 51,
1633 3679 1649 3704 2
1758 3669 1812 3710 (11)
1838 3667 1890 3700 vel
1901 3666 2059 3709 legatum,
2078 3666 2117 3698 de
2129 3665 2283 3698 libertate
2296 3667 2355 3699 ins.

1277 3716 1605 3802 {iijhemanoipatum
1618 3717 1678 3749 ins.
2163 3714 2220 3751 (ιιι)
2247 3712 2289 3755 cf.
2305 3711 2325 3743 l.
2340 3717 2355 3742 τ

1748 3714 1804 3756 (13)
1831 3714 1872 3756 cs.
1886 3712 1931 3745 D.
1945 3713 2000 3753 44,
2014 3718 2086 3754 7,14

1500 3763 1558 3805 (15)
1583 3770 1621 3794 ea
1633 3772 1691 3794 om.
1706 3759 1741 3792 F

2021 3811 2086 3847 89*
