<?xml version="1.0" encoding="UTF-8"?>
<!DOCTYPE html PUBLIC "-//W3C//DTD XHTML 1.0 Transitional//EN"
    "http://www.w3.org/TR/xhtml1/DTD/xhtml1-transitional.dtd">
<html xmlns="http://www.w3.org/1999/xhtml" xml:lang="en" lang="en">
 <head>
  <title>
</title>
<meta http-equiv="Content-Type" content="text/html;charset=utf-8" />
  <meta name='ocr-system' content='tesseract 3.04.00' />
  <meta name='ocr-capabilities' content='ocr_page ocr_carea ocr_par ocr_line ocrx_word'/>
</head>
<body>
  <div class='ocr_page' id='page_1' title='image "./corpusjuriscivil01krueuoft_0820.png"; bbox 0 0 2528 3918; ppageno 0'>
   <div class='ocr_carea' id='block_1_1' title="bbox 163 139 670 184">
    <p class='ocr_par' dir='ltr' id='par_1_1' title="bbox 163 139 670 184">
     <span class='ocr_line' id='line_1_1' title="bbox 163 139 670 184; baseline 0 -1"><span class='ocrx_word' id='word_1_1' title='bbox 163 139 400 183; x_wconf 74' lang='lat' dir='ltr'>XXXXIII</span> <span class='ocrx_word' id='word_1_2' title='bbox 430 142 497 184; x_wconf 88' lang='lat'>27.</span> <span class='ocrx_word' id='word_1_3' title='bbox 523 143 590 184; x_wconf 86' lang='lat'>28.</span> <span class='ocrx_word' id='word_1_4' title='bbox 616 143 670 183; x_wconf 85' lang='lat'>29</span> 
     </span>
    </p>
   </div>
   <div class='ocr_carea' id='block_1_2' title="bbox 122 265 1255 1893">
    <p class='ocr_par' dir='ltr' id='par_1_2' title="bbox 122 265 1255 1165">
     <span class='ocr_line' id='line_1_2' title="bbox 163 265 1251 304; baseline 0.001 -3"><span class='ocrx_word' id='word_1_5' title='bbox 163 270 182 301; x_wconf 82' lang='lat'>2</span> <span class='ocrx_word' id='word_1_6' title='bbox 254 266 505 303; x_wconf 88' lang='lat' dir='ltr'>rohibitorium</span> <span class='ocrx_word' id='word_1_7' title='bbox 526 268 594 302; x_wconf 88' lang='lat' dir='ltr'>est.</span> <span class='ocrx_word' id='word_1_8' title='bbox 642 265 682 303; x_wconf 89' lang='lat' dir='ltr'>Si</span> <span class='ocrx_word' id='word_1_9' title='bbox 711 267 822 303; x_wconf 88' lang='lat' dir='ltr'>arbor</span> <span class='ocrx_word' id='word_1_10' title='bbox 849 266 1000 304; x_wconf 88' lang='lat' dir='ltr'>aedibus</span> <span class='ocrx_word' id='word_1_11' title='bbox 1030 266 1156 303; x_wconf 87' lang='lat' dir='ltr'>alienis</span> <span class='ocrx_word' id='word_1_12' title='bbox 1185 266 1251 302; x_wconf 89' lang='lat' dir='ltr'>im-</span> 
     </span>
     <span class='ocr_line' id='line_1_3' title="bbox 161 311 1254 358; baseline -0.001 -10"><span class='ocrx_word' id='word_1_13' title='bbox 161 322 231 357; x_wconf 89' lang='lat' dir='ltr'>pen</span> <span class='ocrx_word' id='word_1_14' title='bbox 259 315 335 356; x_wconf 89' lang='lat' dir='ltr'>eat,</span> <span class='ocrx_word' id='word_1_15' title='bbox 359 315 480 348; x_wconf 88' lang='lat' dir='ltr'>utrum</span> <span class='ocrx_word' id='word_1_16' title='bbox 503 314 617 347; x_wconf 90' lang='lat' dir='ltr'>totam</span> <span class='ocrx_word' id='word_1_17' title='bbox 641 312 807 348; x_wconf 77' lang='lat' dir='ltr'><strong>arborem</strong></span> <span class='ocrx_word' id='word_1_18' title='bbox 830 312 954 349; x_wconf 87' lang='lat' dir='ltr'>iubeat</span> <span class='ocrx_word' id='word_1_19' title='bbox 975 316 1123 358; x_wconf 87' lang='lat' dir='ltr'>praetor</span> <span class='ocrx_word' id='word_1_20' title='bbox 1145 311 1254 347; x_wconf 81' lang='lat' dir='ltr'><strong>adimi</strong></span> 
     </span>
     <span class='ocr_line' id='line_1_4' title="bbox 161 356 1255 403; baseline 0.001 -11"><span class='ocrx_word' id='word_1_21' title='bbox 161 367 209 392; x_wconf 85' lang='lat' dir='ltr'>an</span> <span class='ocrx_word' id='word_1_22' title='bbox 231 367 314 392; x_wconf 83' lang='lat' dir='ltr'>vero</span> <span class='ocrx_word' id='word_1_23' title='bbox 336 356 375 392; x_wconf 91' lang='lat' dir='ltr'>id</span> <span class='ocrx_word' id='word_1_24' title='bbox 398 356 525 400; x_wconf 91' lang='lat' dir='ltr'>solum,</span> <span class='ocrx_word' id='word_1_25' title='bbox 551 357 648 403; x_wconf 87' lang='lat' dir='ltr'>quod</span> <span class='ocrx_word' id='word_1_26' title='bbox 671 368 715 393; x_wconf 90' lang='lat' dir='ltr'>su</span> <span class='ocrx_word' id='word_1_27' title='bbox 743 356 949 400; x_wconf 78' lang='lat' dir='ltr'>erexcurx&#39;it,</span> <span class='ocrx_word' id='word_1_28' title='bbox 974 357 1172 403; x_wconf 88' lang='lat' dir='ltr'>quaeritur.</span> <span class='ocrx_word' id='word_1_29' title='bbox 1218 359 1255 393; x_wconf 90' lang='lat' dir='ltr'>et</span> 
     </span>
     <span class='ocr_line' id='line_1_5' title="bbox 122 402 1254 456; baseline 0.001 -19"><span class='ocrx_word' id='word_1_30' title='bbox 122 427 124 429; x_wconf 78' lang='grc'><strong>-</strong></span> <span class='ocrx_word' id='word_1_31' title='bbox 161 402 320 437; x_wconf 88' lang='lat' dir='ltr'>Rutilius</span> <span class='ocrx_word' id='word_1_32' title='bbox 355 402 408 437; x_wconf 91' lang='lat' dir='ltr'>ait</span> <span class='ocrx_word' id='word_1_33' title='bbox 438 412 461 437; x_wconf 89' lang='lat' dir='ltr'>a</span> <span class='ocrx_word' id='word_1_34' title='bbox 491 402 604 456; x_wconf 75' lang='lat' dir='ltr'>stirpe</span> <span class='ocrx_word' id='word_1_35' title='bbox 637 403 718 438; x_wconf 88' lang='lat' dir='ltr'>exci</span> <span class='ocrx_word' id='word_1_36' title='bbox 742 403 894 439; x_wconf 89' lang='lat' dir='ltr'>endam¹</span> <span class='ocrx_word' id='word_1_37' title='bbox 932 403 1039 448; x_wconf 91' lang='lat' dir='ltr'>idque</span> <span class='ocrx_word' id='word_1_38' title='bbox 1074 402 1183 448; x_wconf 88' lang='lat' dir='ltr'>pleris</span> <span class='ocrx_word' id='word_1_39' title='bbox 1209 412 1254 438; x_wconf 91' lang='lat' dir='ltr'>ue</span> 
     </span>
     <span class='ocr_line' id='line_1_6' title="bbox 161 447 1253 491; baseline 0.001 -9"><span class='ocrx_word' id='word_1_40' title='bbox 161 447 301 483; x_wconf 84' lang='lat' dir='ltr'>videtur</span> <span class='ocrx_word' id='word_1_41' title='bbox 322 448 458 483; x_wconf 86' lang='lat' dir='ltr'>verius:</span> <span class='ocrx_word' id='word_1_42' title='bbox 483 451 521 483; x_wconf 88' lang='lat' dir='ltr'>et</span> <span class='ocrx_word' id='word_1_43' title='bbox 542 447 613 484; x_wconf 90' lang='lat' dir='ltr'>msi</span> <span class='ocrx_word' id='word_1_44' title='bbox 636 448 770 484; x_wconf 78' lang='lat' dir='ltr'><strong>adimet</strong></span> <span class='ocrx_word' id='word_1_45' title='bbox 792 448 955 484; x_wconf 90' lang='lat' dir='ltr'>dominus</span> <span class='ocrx_word' id='word_1_46' title='bbox 979 448 1157 491; x_wconf 80' lang='lat' dir='ltr'>arborem,</span> <span class='ocrx_word' id='word_1_47' title='bbox 1214 458 1253 483; x_wconf 88' lang='lat' dir='ltr'>a-</span> 
     </span>
     <span class='ocr_line' id='line_1_7' title="bbox 160 492 1255 536; baseline 0.001 -8"><span class='ocrx_word' id='word_1_48' title='bbox 160 493 229 529; x_wconf 85' lang='lat' dir='ltr'>beo</span> <span class='ocrx_word' id='word_1_49' title='bbox 253 493 305 528; x_wconf 87' lang='lat' dir='ltr'>ait</span> <span class='ocrx_word' id='word_1_50' title='bbox 353 492 484 528; x_wconf 90' lang='lat' dir='ltr'>ermitti</span> <span class='ocrx_word' id='word_1_51' title='bbox 508 492 559 535; x_wconf 90' lang='lat' dir='ltr'>ei,</span> <span class='ocrx_word' id='word_1_52' title='bbox 593 493 650 529; x_wconf 88' lang='lat' dir='ltr'>cui</span> <span class='ocrx_word' id='word_1_53' title='bbox 674 493 785 530; x_wconf 89' lang='lat' dir='ltr'>arbor</span> <span class='ocrx_word' id='word_1_54' title='bbox 808 493 989 536; x_wconf 90' lang='lat' dir='ltr'>officeret,</span> <span class='ocrx_word' id='word_1_55' title='bbox 1020 496 1062 528; x_wconf 91' lang='lat' dir='ltr'>ut</span> <span class='ocrx_word' id='word_1_56' title='bbox 1090 493 1121 529; x_wconf 91' lang='lat' dir='ltr'>si</span> <span class='ocrx_word' id='word_1_57' title='bbox 1148 493 1255 529; x_wconf 87' lang='lat' dir='ltr'>vellet</span> 
     </span>
     <span class='ocr_line' id='line_1_8' title="bbox 161 538 1253 585; baseline 0.001 -12"><span class='ocrx_word' id='word_1_58' title='bbox 161 541 181 573; x_wconf 89' lang='grc'>3</span> <span class='ocrx_word' id='word_1_59' title='bbox 228 538 328 574; x_wconf 88' lang='lat' dir='ltr'>succi</span> <span class='ocrx_word' id='word_1_60' title='bbox 354 542 430 574; x_wconf 89' lang='lat' dir='ltr'>eret</span> <span class='ocrx_word' id='word_1_61' title='bbox 449 548 528 574; x_wconf 90' lang='lat' dir='ltr'>eam</span> <span class='ocrx_word' id='word_1_62' title='bbox 547 538 715 585; x_wconf 83' lang='lat' dir='ltr'>lignaque</span> <span class='ocrx_word' id='word_1_63' title='bbox 731 539 882 575; x_wconf 91' lang='lat' dir='ltr'>tolleret.</span> <span class='ocrx_word' id='word_1_64' title='bbox 919 538 1070 575; x_wconf 85' lang='lat' dir='ltr'>Arboris</span> <span class='ocrx_word' id='word_1_65' title='bbox 1093 538 1253 584; x_wconf 87' lang='lat' dir='ltr'>appella-</span> 
     </span>
     <span class='ocr_line' id='line_1_9' title="bbox 161 583 1253 620; baseline 0.001 -2"><span class='ocrx_word' id='word_1_66' title='bbox 161 586 182 618; x_wconf 78' lang='lat'>4</span> <span class='ocrx_word' id='word_1_67' title='bbox 229 584 327 619; x_wconf 88' lang='lat' dir='ltr'>tione</span> <span class='ocrx_word' id='word_1_68' title='bbox 351 583 459 619; x_wconf 87' lang='lat' dir='ltr'>etiam</span> <span class='ocrx_word' id='word_1_69' title='bbox 481 584 573 620; x_wconf 86' lang='lat' dir='ltr'>vites</span> <span class='ocrx_word' id='word_1_70' title='bbox 597 585 837 620; x_wconf 89' lang='lat' dir='ltr'>continentur.</span> <span class='ocrx_word' id='word_1_71' title='bbox 885 583 969 620; x_wconf 87' lang='lat' dir='ltr'>Non</span> <span class='ocrx_word' id='word_1_72' title='bbox 993 584 1109 620; x_wconf 91' lang='lat' dir='ltr'>solum</span> <span class='ocrx_word' id='word_1_73' title='bbox 1132 587 1253 619; x_wconf 89' lang='lat' dir='ltr'>autem</span> 
     </span>
     <span class='ocr_line' id='line_1_10' title="bbox 160 628 1255 675; baseline 0.001 -11"><span class='ocrx_word' id='word_1_74' title='bbox 160 628 304 665; x_wconf 91' lang='lat' dir='ltr'>domino</span> <span class='ocrx_word' id='word_1_75' title='bbox 323 628 476 674; x_wconf 90' lang='lat' dir='ltr'>aedium,</span> <span class='ocrx_word' id='word_1_76' title='bbox 495 629 559 665; x_wconf 91' lang='lat' dir='ltr'>sed</span> <span class='ocrx_word' id='word_1_77' title='bbox 579 629 687 665; x_wconf 89' lang='lat' dir='ltr'>etiam</span> <span class='ocrx_word' id='word_1_78' title='bbox 706 630 739 666; x_wconf 89' lang='lat' dir='ltr'>ei</span> <span class='ocrx_word' id='word_1_79' title='bbox 750 631 764 650; x_wconf 83' lang='lat'><strong>²</strong></span> <span class='ocrx_word' id='word_1_80' title='bbox 785 629 847 675; x_wconf 91' lang='lat' dir='ltr'>qui</span> <span class='ocrx_word' id='word_1_81' title='bbox 864 628 1129 665; x_wconf 86' lang='lat' dir='ltr'>usumfructum</span> <span class='ocrx_word' id='word_1_82' title='bbox 1144 629 1255 665; x_wconf 89' lang='lat' dir='ltr'>habet</span> 
     </span>
     <span class='ocr_line' id='line_1_11' title="bbox 160 674 1252 720; baseline 0 -10"><span class='ocrx_word' id='word_1_83' title='bbox 160 674 332 719; x_wconf 89' lang='lat' dir='ltr'>competit</span> <span class='ocrx_word' id='word_1_84' title='bbox 353 675 424 710; x_wconf 91' lang='lat' dir='ltr'>hoc</span> <span class='ocrx_word' id='word_1_85' title='bbox 446 674 687 718; x_wconf 90' lang='lat' dir='ltr'>interdictum,</span> <span class='ocrx_word' id='word_1_86' title='bbox 740 674 801 710; x_wconf 87' lang='lat' dir='ltr'>uia</span> <span class='ocrx_word' id='word_1_87' title='bbox 825 679 861 710; x_wconf 87' lang='lat' dir='ltr'>et</span> <span class='ocrx_word' id='word_1_88' title='bbox 884 675 998 720; x_wconf 89' lang='lat' dir='ltr'>ipsius</span> <span class='ocrx_word' id='word_1_89' title='bbox 1021 675 1171 711; x_wconf 89' lang='lat' dir='ltr'>interest</span> <span class='ocrx_word' id='word_1_90' title='bbox 1194 685 1252 710; x_wconf 89' lang='lat' dir='ltr'>ar-</span> 
     </span>
     <span class='ocr_line' id='line_1_12' title="bbox 160 719 1252 766; baseline 0 -11"><span class='ocrx_word' id='word_1_91' title='bbox 160 723 180 754; x_wconf 84' lang='lat'>5</span> <span class='ocrx_word' id='word_1_92' title='bbox 229 720 354 756; x_wconf 86' lang='lat' dir='ltr'>borem</span> <span class='ocrx_word' id='word_1_93' title='bbox 376 719 484 756; x_wconf 86' lang='lat' dir='ltr'>istam</span> <span class='ocrx_word' id='word_1_94' title='bbox 507 731 582 756; x_wconf 91' lang='lat' dir='ltr'>non</span> <span class='ocrx_word' id='word_1_95' title='bbox 603 721 723 765; x_wconf 91' lang='lat' dir='ltr'>impen</span> <span class='ocrx_word' id='word_1_96' title='bbox 751 730 822 756; x_wconf 92' lang='lat' dir='ltr'>ere.</span> <span class='ocrx_word' id='word_1_97' title='bbox 869 720 1065 756; x_wconf 88' lang='lat' dir='ltr'>Praeterea</span> <span class='ocrx_word' id='word_1_98' title='bbox 1094 721 1252 766; x_wconf 88' lang='lat' dir='ltr'>proban-</span> 
     </span>
     <span class='ocr_line' id='line_1_13' title="bbox 160 765 1253 812; baseline 0 -12"><span class='ocrx_word' id='word_1_99' title='bbox 160 765 244 800; x_wconf 88' lang='lat' dir='ltr'>dum</span> <span class='ocrx_word' id='word_1_100' title='bbox 275 768 350 808; x_wconf 90' lang='lat' dir='ltr'>est,</span> <span class='ocrx_word' id='word_1_101' title='bbox 383 765 414 802; x_wconf 89' lang='lat' dir='ltr'>si</span> <span class='ocrx_word' id='word_1_102' title='bbox 446 766 556 802; x_wconf 87' lang='lat' dir='ltr'>arbor</span> <span class='ocrx_word' id='word_1_103' title='bbox 584 766 833 802; x_wconf 92' lang='lat' dir='ltr'>communibus</span> <span class='ocrx_word' id='word_1_104' title='bbox 862 765 1012 802; x_wconf 89' lang='lat' dir='ltr'>aedibus</span> <span class='ocrx_word' id='word_1_105' title='bbox 1035 765 1253 812; x_wconf 82' lang='lat' dir='ltr'><strong>impendeat,</strong></span> 
     </span>
     <span class='ocr_line' id='line_1_14' title="bbox 159 810 1253 856; baseline 0 -10"><span class='ocrx_word' id='word_1_106' title='bbox 159 810 318 856; x_wconf 84' lang='lat' dir='ltr'>singulos</span> <span class='ocrx_word' id='word_1_107' title='bbox 351 810 515 847; x_wconf 91' lang='lat' dir='ltr'>dominos</span> <span class='ocrx_word' id='word_1_108' title='bbox 545 811 679 846; x_wconf 89' lang='lat' dir='ltr'>habere</span> <span class='ocrx_word' id='word_1_109' title='bbox 707 811 777 846; x_wconf 90' lang='lat' dir='ltr'>hoc</span> <span class='ocrx_word' id='word_1_110' title='bbox 799 811 1028 847; x_wconf 91' lang='lat' dir='ltr'>interdictum</span> <span class='ocrx_word' id='word_1_111' title='bbox 1053 815 1090 847; x_wconf 92' lang='lat' dir='ltr'>et</span> <span class='ocrx_word' id='word_1_112' title='bbox 1113 811 1253 856; x_wconf 89' lang='lat' dir='ltr'>quidem</span> 
     </span>
     <span class='ocr_line' id='line_1_15' title="bbox 158 856 1253 902; baseline -0.001 -10"><span class='ocrx_word' id='word_1_113' title='bbox 158 856 196 891; x_wconf 88' lang='lat' dir='ltr'>in</span> <span class='ocrx_word' id='word_1_114' title='bbox 218 856 385 901; x_wconf 87' lang='lat' dir='ltr'>solidum,</span> <span class='ocrx_word' id='word_1_115' title='bbox 409 856 496 902; x_wconf 87' lang='lat' dir='ltr'>quia</span> <span class='ocrx_word' id='word_1_116' title='bbox 518 860 556 892; x_wconf 93' lang='lat' dir='ltr'>et</span> <span class='ocrx_word' id='word_1_117' title='bbox 580 856 805 892; x_wconf 90' lang='lat' dir='ltr'>servitutium</span> <span class='ocrx_word' id='word_1_118' title='bbox 827 856 1104 893; x_wconf 73' lang='lat' dir='ltr'>vindicationem</span> <span class='ocrx_word' id='word_1_119' title='bbox 1123 857 1253 902; x_wconf 86' lang='lat' dir='ltr'>singuli</span> 
     </span>
     <span class='ocr_line' id='line_1_16' title="bbox 160 901 1252 948; baseline 0.001 -12"><span class='ocrx_word' id='word_1_120' title='bbox 160 905 180 936; x_wconf 89' lang='grc'>6</span> <span class='ocrx_word' id='word_1_121' title='bbox 227 902 396 938; x_wconf 76' lang='lat' dir='ltr'>habeant.</span> <span class='ocrx_word' id='word_1_122' title='bbox 440 902 503 937; x_wconf 89' lang='lat' dir='ltr'>Ait</span> <span class='ocrx_word' id='word_1_123' title='bbox 524 905 691 947; x_wconf 87' lang='lat' dir='ltr'>praetor:</span> <span class='ocrx_word' id='word_1_124' title='bbox 718 901 761 938; x_wconf 88' lang='lat' dir='ltr'>‘si</span> <span class='ocrx_word' id='word_1_125' title='bbox 782 911 848 947; x_wconf 90' lang='lat' dir='ltr'>per</span> <span class='ocrx_word' id='word_1_126' title='bbox 871 905 907 937; x_wconf 84' lang='lat' dir='ltr'>te</span> <span class='ocrx_word' id='word_1_127' title='bbox 931 905 1014 945; x_wconf 86' lang='lat' dir='ltr'>stat,</span> <span class='ocrx_word' id='word_1_128' title='bbox 1040 913 1111 948; x_wconf 91' lang='lat' dir='ltr'>quo</span> <span class='ocrx_word' id='word_1_129' title='bbox 1135 902 1252 937; x_wconf 87' lang='lat' dir='ltr'>minus</span> 
     </span>
     <span class='ocr_line' id='line_1_17' title="bbox 159 946 1253 993; baseline 0.001 -11"><span class='ocrx_word' id='word_1_130' title='bbox 159 949 251 982; x_wconf 88' lang='lat' dir='ltr'>‘eam</span> <span class='ocrx_word' id='word_1_131' title='bbox 273 947 428 991; x_wconf 87' lang='lat' dir='ltr'>adimas,</span> <span class='ocrx_word' id='word_1_132' title='bbox 461 958 532 993; x_wconf 91' lang='lat' dir='ltr'>quo</span> <span class='ocrx_word' id='word_1_133' title='bbox 564 947 682 982; x_wconf 90' lang='lat' dir='ltr'>minus</span> <span class='ocrx_word' id='word_1_134' title='bbox 710 946 762 982; x_wconf 92' lang='lat' dir='ltr'>illi</span> <span class='ocrx_word' id='word_1_135' title='bbox 792 957 872 982; x_wconf 86' lang='lat' dir='ltr'>eam</span> <span class='ocrx_word' id='word_1_136' title='bbox 902 948 1068 983; x_wconf 84' lang='lat' dir='ltr'>arborem</span> <span class='ocrx_word' id='word_1_137' title='bbox 1095 947 1253 983; x_wconf 87' lang='lat' dir='ltr'>adimere</span> 
     </span>
     <span class='ocr_line' id='line_1_18' title="bbox 159 992 1251 1038; baseline 0.001 -11"><span class='ocrx_word' id='word_1_138' title='bbox 159 992 298 1036; x_wconf 90' lang='lat' dir='ltr'>‘liceat,</span> <span class='ocrx_word' id='word_1_139' title='bbox 330 993 400 1028; x_wconf 84' lang='lat' dir='ltr'>vim</span> <span class='ocrx_word' id='word_1_140' title='bbox 430 992 508 1028; x_wconf 89' lang='lat' dir='ltr'>fieri</span> <span class='ocrx_word' id='word_1_141' title='bbox 531 992 636 1029; x_wconf 80' lang='lat' dir='ltr'>veto&#39;.</span> <span class='ocrx_word' id='word_1_142' title='bbox 683 992 784 1038; x_wconf 89' lang='lat' dir='ltr'>prius</span> <span class='ocrx_word' id='word_1_143' title='bbox 808 993 931 1038; x_wconf 90' lang='lat' dir='ltr'>itaque</span> <span class='ocrx_word' id='word_1_144' title='bbox 953 993 1021 1028; x_wconf 90' lang='lat' dir='ltr'>tibi</span> <span class='ocrx_word' id='word_1_145' title='bbox 1045 993 1153 1029; x_wconf 90' lang='lat' dir='ltr'>datur</span> <span class='ocrx_word' id='word_1_146' title='bbox 1175 992 1251 1028; x_wconf 89' lang='lat' dir='ltr'>adi-</span> 
     </span>
     <span class='ocr_line' id='line_1_19' title="bbox 159 1037 1251 1084; baseline 0 -10"><span class='ocrx_word' id='word_1_147' title='bbox 159 1037 279 1074; x_wconf 88' lang='lat' dir='ltr'>mendi</span> <span class='ocrx_word' id='word_1_148' title='bbox 305 1038 481 1074; x_wconf 79' lang='lat' dir='ltr'>facultas:</span> <span class='ocrx_word' id='word_1_149' title='bbox 512 1038 544 1074; x_wconf 88' lang='lat' dir='ltr'>si</span> <span class='ocrx_word' id='word_1_150' title='bbox 574 1041 615 1073; x_wconf 91' lang='lat' dir='ltr'>tu</span> <span class='ocrx_word' id='word_1_151' title='bbox 645 1048 718 1073; x_wconf 92' lang='lat' dir='ltr'>non</span> <span class='ocrx_word' id='word_1_152' title='bbox 748 1037 883 1080; x_wconf 87' lang='lat' dir='ltr'>facias,</span> <span class='ocrx_word' id='word_1_153' title='bbox 914 1041 1002 1074; x_wconf 90' lang='lat' dir='ltr'>tunc</span> <span class='ocrx_word' id='word_1_154' title='bbox 1025 1038 1142 1074; x_wconf 87' lang='lat' dir='ltr'>vicino</span> <span class='ocrx_word' id='word_1_155' title='bbox 1166 1049 1251 1084; x_wconf 92' lang='lat' dir='ltr'>pro-</span> 
     </span>
     <span class='ocr_line' id='line_1_20' title="bbox 159 1082 1250 1165; baseline 0 -46"><span class='ocrx_word' id='word_1_156' title='bbox 159 1089 177 1147; x_wconf 66' lang='grc'>67</span> <span class='ocrx_word' id='word_1_157' title='bbox 224 1083 326 1120; x_wconf 93' lang='lat' dir='ltr'>hibet</span> <span class='ocrx_word' id='word_1_158' title='bbox 340 1095 411 1165; x_wconf 56' lang='lat' dir='ltr'>{im</span> <span class='ocrx_word' id='word_1_159' title='bbox 426 1083 503 1119; x_wconf 88' lang='lat' dir='ltr'>fieri</span> <span class='ocrx_word' id='word_1_160' title='bbox 519 1082 833 1164; x_wconf 58' lang='grc' dir='ltr'>αᾱίιέιοξὲονῴειιὲἰ.</span> <span class='ocrx_word' id='word_1_161' title='bbox 865 1083 1250 1165; x_wconf 46' lang='grc' dir='ltr'>Ἓιῇἰὶἳιὲἰξῶιῖἓῗᾶε</span> 
     </span>
     <span class='ocr_line' id='line_1_21' title="bbox 300 1139 766 1164; baseline 0 0"><span class='ocrx_word' id='word_1_162' title='bbox 300 1139 342 1164; x_wconf 90' lang='lat' dir='ltr'>ar</span> <span class='ocrx_word' id='word_1_163' title='bbox 391 1140 409 1164; x_wconf 95' lang='lat' dir='ltr'>r</span> <span class='ocrx_word' id='word_1_164' title='bbox 440 1139 484 1164; x_wconf 87' lang='lat' dir='ltr'>ex</span> <span class='ocrx_word' id='word_1_165' title='bbox 514 1139 536 1164; x_wconf 91' lang='lat' dir='ltr'>a</span> <span class='ocrx_word' id='word_1_166' title='bbox 728 1140 766 1164; x_wconf 87' lang='lat'>111</span> 
     </span>
    </p>

    <p class='ocr_par' dir='ltr' id='par_1_3' title="bbox 151 1129 1253 1665">
     <span class='ocr_line' id='line_1_22' title="bbox 158 1129 1253 1256; baseline 0 -46"><span class='ocrx_word' id='word_1_167' title='bbox 158 1129 349 1255; x_wconf 52' lang='lat' dir='ltr'>:gussgzlttle</span> <span class='ocrx_word' id='word_1_168' title='bbox 368 1140 462 1217; x_wconf 55' lang='lat' dir='ltr'>(stat,</span> <span class='ocrx_word' id='word_1_169' title='bbox 493 1139 578 1254; x_wconf 49' lang='lat' dir='ltr'>qu?</span> <span class='ocrx_word' id='word_1_170' title='bbox 594 1174 712 1253; x_wconf 63' lang='lat' dir='ltr'>mtinus</span> <span class='ocrx_word' id='word_1_171' title='bbox 742 1139 1133 1255; x_wconf 55' lang='lat' dir='ltr'>peldgguquindffilimt}</span> <span class='ocrx_word' id='word_1_172' title='bbox 1155 1156 1253 1256; x_wconf 55' lang='lat' dir='ltr'>terga</span> 
     </span>
     <span class='ocr_line' id='line_1_23' title="bbox 158 1229 1251 1346; baseline 0 -45"><span class='ocrx_word' id='word_1_173' title='bbox 158 1230 251 1301; x_wconf 55' lang='lat'>332.</span> <span class='ocrx_word' id='word_1_174' title='bbox 284 1229 730 1346; x_wconf 46' lang='grc' dir='ltr'>ιιὲἒὲᾳὲῗξῗωείαὲἓὲε</span> <span class='ocrx_word' id='word_1_175' title='bbox 756 1230 992 1308; x_wconf 53' lang='grc' dir='ltr'>ἒοὲαέωέἒῗη</span> <span class='ocrx_word' id='word_1_176' title='bbox 1028 1232 1108 1301; x_wconf 63' lang='lat' dir='ltr'>fielri</span> <span class='ocrx_word' id='word_1_177' title='bbox 1144 1231 1251 1302; x_wconf 59' lang='grc' dir='ltr'>ἔξιθ’.</span> 
     </span>
     <span class='ocr_line' id='line_1_24' title="bbox 157 1310 1252 1356; baseline -0.001 -9"><span class='ocrx_word' id='word_1_178' title='bbox 157 1314 177 1346; x_wconf 89' lang='grc'>8</span> <span class='ocrx_word' id='word_1_179' title='bbox 225 1310 303 1356; x_wconf 79' lang='lat' dir='ltr'>Quo</span> <span class='ocrx_word' id='word_1_180' title='bbox 364 1314 417 1346; x_wconf 77' lang='lat' dir='ltr'>ait</span> <span class='ocrx_word' id='word_1_181' title='bbox 451 1314 618 1356; x_wconf 90' lang='lat' dir='ltr'>praetor,</span> <span class='ocrx_word' id='word_1_182' title='bbox 656 1314 693 1346; x_wconf 94' lang='lat' dir='ltr'>et</span> <span class='ocrx_word' id='word_1_183' title='bbox 728 1311 786 1346; x_wconf 87' lang='lat' dir='ltr'>lex</span> <span class='ocrx_word' id='word_1_184' title='bbox 823 1310 1013 1347; x_wconf 88' lang='lat' dir='ltr'>duodecim</span> <span class='ocrx_word' id='word_1_185' title='bbox 1046 1311 1252 1347; x_wconf 88' lang='lat' dir='ltr'>tabularum</span> 
     </span>
     <span class='ocr_line' id='line_1_25' title="bbox 156 1355 1250 1402; baseline 0.001 -10"><span class='ocrx_word' id='word_1_186' title='bbox 156 1355 299 1392; x_wconf 84' lang='lat' dir='ltr'>efficere</span> <span class='ocrx_word' id='word_1_187' title='bbox 323 1356 447 1398; x_wconf 87' lang='lat' dir='ltr'>voluit,</span> <span class='ocrx_word' id='word_1_188' title='bbox 474 1359 516 1391; x_wconf 95' lang='lat' dir='ltr'>ut</span> <span class='ocrx_word' id='word_1_189' title='bbox 539 1355 741 1402; x_wconf 89' lang='lat' dir='ltr'>quindecim</span> <span class='ocrx_word' id='word_1_190' title='bbox 791 1356 874 1392; x_wconf 89' lang='lat' dir='ltr'>edes</span> <span class='ocrx_word' id='word_1_191' title='bbox 898 1356 1006 1392; x_wconf 88' lang='lat' dir='ltr'>altius</span> <span class='ocrx_word' id='word_1_192' title='bbox 1029 1357 1121 1392; x_wconf 92' lang='lat' dir='ltr'>rami</span> <span class='ocrx_word' id='word_1_193' title='bbox 1144 1357 1250 1393; x_wconf 88' lang='lat' dir='ltr'>arbo-</span> 
     </span>
     <span class='ocr_line' id='line_1_26' title="bbox 151 1401 1252 1446; baseline 0.001 -9"><span class='ocrx_word' id='word_1_194' title='bbox 151 1402 205 1438; x_wconf 78' lang='lat' dir='ltr'>ris</span> <span class='ocrx_word' id='word_1_195' title='bbox 231 1401 551 1437; x_wconf 82' lang='lat' dir='ltr'>circumcidantur:</span> <span class='ocrx_word' id='word_1_196' title='bbox 585 1404 622 1437; x_wconf 93' lang='lat' dir='ltr'>et</span> <span class='ocrx_word' id='word_1_197' title='bbox 648 1401 719 1438; x_wconf 91' lang='lat' dir='ltr'>hoc</span> <span class='ocrx_word' id='word_1_198' title='bbox 748 1402 761 1437; x_wconf 92' lang='lat' dir='ltr'>i</span> <span class='ocrx_word' id='word_1_199' title='bbox 788 1402 884 1437; x_wconf 88' lang='lat' dir='ltr'>circo</span> <span class='ocrx_word' id='word_1_200' title='bbox 912 1401 1079 1438; x_wconf 88' lang='lat' dir='ltr'>effectum</span> <span class='ocrx_word' id='word_1_201' title='bbox 1102 1406 1176 1446; x_wconf 88' lang='lat' dir='ltr'>est,</span> <span class='ocrx_word' id='word_1_202' title='bbox 1206 1413 1252 1438; x_wconf 89' lang='lat' dir='ltr'>ne</span> 
     </span>
     <span class='ocr_line' id='line_1_27' title="bbox 156 1447 1252 1502; baseline 0 -19"><span class='ocrx_word' id='word_1_203' title='bbox 156 1450 177 1482; x_wconf 85' lang='grc'><strong>9</strong></span> <span class='ocrx_word' id='word_1_204' title='bbox 224 1448 354 1483; x_wconf 88' lang='lat' dir='ltr'>umbra</span> <span class='ocrx_word' id='word_1_205' title='bbox 376 1447 518 1483; x_wconf 85' lang='lat' dir='ltr'>arboris</span> <span class='ocrx_word' id='word_1_206' title='bbox 537 1447 655 1483; x_wconf 85' lang='lat' dir='ltr'>vicino</span> <span class='ocrx_word' id='word_1_207' title='bbox 674 1447 824 1502; x_wconf 85' lang='lat' dir='ltr'>praedio</span> <span class='ocrx_word' id='word_1_208' title='bbox 844 1450 1004 1483; x_wconf 89' lang='lat' dir='ltr'>noceret.</span> <span class='ocrx_word' id='word_1_209' title='bbox 1039 1447 1252 1484; x_wconf 87' lang='lat' dir='ltr'>Differentia</span> 
     </span>
     <span class='ocr_line' id='line_1_28' title="bbox 156 1492 1251 1539; baseline 0.001 -11"><span class='ocrx_word' id='word_1_210' title='bbox 156 1493 307 1529; x_wconf 90' lang='lat' dir='ltr'>duorum</span> <span class='ocrx_word' id='word_1_211' title='bbox 332 1493 491 1538; x_wconf 85' lang='lat' dir='ltr'>capitum</span> <span class='ocrx_word' id='word_1_212' title='bbox 513 1492 695 1529; x_wconf 76' lang='lat' dir='ltr'>interdicti</span> <span class='ocrx_word' id='word_1_213' title='bbox 718 1492 809 1529; x_wconf 86' lang='lat' dir='ltr'>haec</span> <span class='ocrx_word' id='word_1_214' title='bbox 829 1497 902 1529; x_wconf 89' lang='lat' dir='ltr'>est:</span> <span class='ocrx_word' id='word_1_215' title='bbox 927 1493 959 1529; x_wconf 91' lang='lat' dir='ltr'>si</span> <span class='ocrx_word' id='word_1_216' title='bbox 980 1493 1122 1539; x_wconf 90' lang='lat' dir='ltr'>quidem</span> <span class='ocrx_word' id='word_1_217' title='bbox 1142 1494 1251 1529; x_wconf 91' lang='lat' dir='ltr'>arbor</span> 
     </span>
     <span class='ocr_line' id='line_1_29' title="bbox 155 1537 1250 1584; baseline 0.002 -11"><span class='ocrx_word' id='word_1_218' title='bbox 155 1538 304 1575; x_wconf 86' lang='lat' dir='ltr'>aedibus</span> <span class='ocrx_word' id='word_1_219' title='bbox 327 1538 548 1584; x_wconf 84' lang='lat' dir='ltr'>impendeat,</span> <span class='ocrx_word' id='word_1_220' title='bbox 576 1537 715 1574; x_wconf 82' lang='lat' dir='ltr'>succidi</span> <span class='ocrx_word' id='word_1_221' title='bbox 738 1548 818 1574; x_wconf 91' lang='lat' dir='ltr'>eam</span> <span class='ocrx_word' id='word_1_222' title='bbox 841 1539 1082 1584; x_wconf 86' lang='lat' dir='ltr'>praecipitur,</span> <span class='ocrx_word' id='word_1_223' title='bbox 1112 1539 1143 1575; x_wconf 92' lang='lat' dir='ltr'>si</span> <span class='ocrx_word' id='word_1_224' title='bbox 1166 1549 1250 1575; x_wconf 88' lang='lat' dir='ltr'>vero</span> 
     </span>
     <span class='ocr_line' id='line_1_30' title="bbox 155 1583 1250 1664; baseline 0.002 -45"><span class='ocrx_word' id='word_1_225' title='bbox 155 1594 241 1664; x_wconf 57' lang='grc' dir='ltr'>αςξο</span> <span class='ocrx_word' id='word_1_226' title='bbox 265 1583 486 1637; x_wconf 71' lang='lat' dir='ltr'>impendeat,</span> <span class='ocrx_word' id='word_1_227' title='bbox 517 1587 658 1619; x_wconf 87' lang='lat' dir='ltr'>tantum</span> <span class='ocrx_word' id='word_1_228' title='bbox 686 1594 801 1629; x_wconf 87' lang='lat' dir='ltr'>usque</span> <span class='ocrx_word' id='word_1_229' title='bbox 832 1584 879 1620; x_wconf 82' lang='lat' dir='ltr'>ad</span> <span class='ocrx_word' id='word_1_230' title='bbox 908 1584 1112 1630; x_wconf 87' lang='lat' dir='ltr'>quindecim</span> <span class='ocrx_word' id='word_1_231' title='bbox 1140 1584 1250 1631; x_wconf 89' lang='lat' dir='ltr'>pedes</span> 
     </span>
     <span class='ocr_line' id='line_1_31' title="bbox 155 1639 493 1665; baseline 0.003 -1"><span class='ocrx_word' id='word_1_232' title='bbox 155 1640 178 1664; x_wconf 87' lang='lat' dir='ltr'>a</span> <span class='ocrx_word' id='word_1_233' title='bbox 216 1639 297 1665; x_wconf 89' lang='lat' dir='ltr'>erra</span> <span class='ocrx_word' id='word_1_234' title='bbox 321 1639 407 1665; x_wconf 90' lang='lat' dir='ltr'>coer</span> <span class='ocrx_word' id='word_1_235' title='bbox 429 1640 493 1665; x_wconf 84' lang='lat' dir='ltr'>en.</span> 
     </span>
    </p>

    <p class='ocr_par' dir='ltr' id='par_1_4' title="bbox 153 1639 1251 1893">
     <span class='ocr_line' id='line_1_32' title="bbox 201 1639 1250 1728; baseline -0.001 -17"><span class='ocrx_word' id='word_1_236' title='bbox 201 1673 227 1712; x_wconf 87' lang='lat'><strong>2</strong></span> <span class='ocrx_word' id='word_1_237' title='bbox 252 1639 481 1711; x_wconf 64' lang='lat' dir='ltr'>Poupozvcws</span> <span class='ocrx_word' id='word_1_238' title='bbox 503 1675 595 1711; x_wconf 74' lang='lat' dir='ltr'>libro</span> <span class='ocrx_word' id='word_1_239' title='bbox 619 1674 830 1721; x_wconf 75' lang='lat' dir='ltr'>triqensimo</span> <span class='ocrx_word' id='word_1_240' title='bbox 851 1681 984 1728; x_wconf 75' lang='lat' dir='ltr'>quarto</span> <span class='ocrx_word' id='word_1_241' title='bbox 1008 1675 1059 1711; x_wconf 86' lang='lat' dir='ltr'>ad</span> <span class='ocrx_word' id='word_1_242' title='bbox 1074 1674 1250 1712; x_wconf 81' lang='lat' dir='ltr'>Sabinum</span> 
     </span>
     <span class='ocr_line' id='line_1_33' title="bbox 155 1719 1251 1756; baseline 0 0"><span class='ocrx_word' id='word_1_243' title='bbox 155 1720 192 1756; x_wconf 90' lang='lat' dir='ltr'>Si</span> <span class='ocrx_word' id='word_1_244' title='bbox 224 1721 334 1756; x_wconf 87' lang='lat' dir='ltr'>arbor</span> <span class='ocrx_word' id='word_1_245' title='bbox 364 1730 410 1756; x_wconf 90' lang='lat' dir='ltr'>ex</span> <span class='ocrx_word' id='word_1_246' title='bbox 438 1720 546 1756; x_wconf 87' lang='lat' dir='ltr'>vicini</span> <span class='ocrx_word' id='word_1_247' title='bbox 575 1719 689 1755; x_wconf 85' lang='lat' dir='ltr'>fundo</span> <span class='ocrx_word' id='word_1_248' title='bbox 721 1723 827 1756; x_wconf 81' lang='lat' dir='ltr'>vento</span> <span class='ocrx_word' id='word_1_249' title='bbox 859 1721 1057 1756; x_wconf 68' lang='lat' dir='ltr'>inclinata-‘¹</span> <span class='ocrx_word' id='word_1_250' title='bbox 1086 1720 1125 1756; x_wconf 92' lang='lat' dir='ltr'>in</span> <span class='ocrx_word' id='word_1_251' title='bbox 1148 1724 1251 1756; x_wconf 89' lang='lat' dir='ltr'>tuum</span> 
     </span>
     <span class='ocr_line' id='line_1_34' title="bbox 153 1765 1251 1812; baseline 0.001 -11"><span class='ocrx_word' id='word_1_252' title='bbox 153 1766 306 1801; x_wconf 87' lang='lat' dir='ltr'>fundum</span> <span class='ocrx_word' id='word_1_253' title='bbox 324 1765 383 1808; x_wconf 90' lang='lat' dir='ltr'>sit,</span> <span class='ocrx_word' id='word_1_254' title='bbox 403 1776 450 1802; x_wconf 91' lang='lat' dir='ltr'>ex</span> <span class='ocrx_word' id='word_1_255' title='bbox 468 1766 546 1812; x_wconf 87' lang='lat' dir='ltr'>lege</span> <span class='ocrx_word' id='word_1_256' title='bbox 565 1765 757 1802; x_wconf 89' lang='lat' dir='ltr'>duodecim</span> <span class='ocrx_word' id='word_1_257' title='bbox 773 1766 979 1802; x_wconf 86' lang='lat' dir='ltr'>tabularum</span> <span class='ocrx_word' id='word_1_258' title='bbox 998 1766 1042 1802; x_wconf 90' lang='lat' dir='ltr'>de</span> <span class='ocrx_word' id='word_1_259' title='bbox 1062 1766 1251 1802; x_wconf 88' lang='lat' dir='ltr'>adimenda</span> 
     </span>
     <span class='ocr_line' id='line_1_35' title="bbox 154 1811 1250 1892; baseline 0.001 -46"><span class='ocrx_word' id='word_1_260' title='bbox 154 1815 326 1892; x_wconf 77' lang='lat' dir='ltr'>cabrecte</span> <span class='ocrx_word' id='word_1_261' title='bbox 355 1821 460 1857; x_wconf 82' lang='lat' dir='ltr'>agere</span> <span class='ocrx_word' id='word_1_262' title='bbox 491 1815 596 1855; x_wconf 87' lang='lat' dir='ltr'>potes</span> <span class='ocrx_word' id='word_1_263' title='bbox 626 1811 684 1847; x_wconf 90' lang='lat' dir='ltr'>ius</span> <span class='ocrx_word' id='word_1_264' title='bbox 716 1811 749 1847; x_wconf 91' lang='lat' dir='ltr'>ei</span> <span class='ocrx_word' id='word_1_265' title='bbox 784 1821 858 1848; x_wconf 92' lang='lat' dir='ltr'>non</span> <span class='ocrx_word' id='word_1_266' title='bbox 893 1822 973 1848; x_wconf 88' lang='lat' dir='ltr'>esse</span> <span class='ocrx_word' id='word_1_267' title='bbox 1004 1812 1056 1847; x_wconf 89' lang='lat' dir='ltr'>ita</span> <span class='ocrx_word' id='word_1_268' title='bbox 1086 1813 1250 1848; x_wconf 88' lang='lat' dir='ltr'>arborem</span> 
     </span>
     <span class='ocr_line' id='line_1_36' title="bbox 156 1858 297 1893; baseline 0 -1"><span class='ocrx_word' id='word_1_269' title='bbox 156 1858 202 1892; x_wconf 86' lang='lat' dir='ltr'>ba</span> <span class='ocrx_word' id='word_1_270' title='bbox 228 1866 297 1893; x_wconf 92' lang='lat' dir='ltr'>ere.</span> 
     </span>
    </p>
   </div>
   <div class='ocr_carea' id='block_1_3' title="bbox 433 2018 969 2130">
    <p class='ocr_par' dir='ltr' id='par_1_5' title="bbox 433 2018 969 2130">
     <span class='ocr_line' id='line_1_37' title="bbox 599 2018 810 2058; baseline 0.005 -1"><span class='ocrx_word' id='word_1_271' title='bbox 599 2018 774 2057; x_wconf 86' lang='lat' dir='ltr'>XXVIII</span> <span class='ocrx_word' id='word_1_272' title='bbox 782 2018 810 2058; x_wconf 80' lang='lat'>⁴.</span> 
     </span>
     <span class='ocr_line' id='line_1_38' title="bbox 433 2094 969 2130; baseline 0.006 -3"><span class='ocrx_word' id='word_1_273' title='bbox 433 2094 496 2128; x_wconf 84' lang='lat' dir='ltr'>DE</span> <span class='ocrx_word' id='word_1_274' title='bbox 521 2094 712 2128; x_wconf 77' lang='lat' dir='ltr'><strong>GLANDE</strong></span> <span class='ocrx_word' id='word_1_275' title='bbox 734 2095 969 2130; x_wconf 84' lang='lat' dir='ltr'>LEGENDA.</span> 
     </span>
    </p>
   </div>
   <div class='ocr_carea' id='block_1_4' title="bbox 153 2172 1251 2391">
    <p class='ocr_par' dir='ltr' id='par_1_6' title="bbox 153 2172 1251 2391">
     <span class='ocr_line' id='line_1_39' title="bbox 204 2172 1249 2220; baseline 0 -11"><span class='ocrx_word' id='word_1_276' title='bbox 204 2172 223 2209; x_wconf 90' lang='lat'>1</span> <span class='ocrx_word' id='word_1_277' title='bbox 251 2172 447 2209; x_wconf 74' lang='lat' dir='ltr'>ULPIANUS</span> <span class='ocrx_word' id='word_1_278' title='bbox 461 2173 554 2209; x_wconf 74' lang='lat' dir='ltr'>libro</span> <span class='ocrx_word' id='word_1_279' title='bbox 572 2173 867 2220; x_wconf 76' lang='lat' dir='ltr'>septuaqensimo</span> <span class='ocrx_word' id='word_1_280' title='bbox 880 2175 1006 2219; x_wconf 78' lang='lat' dir='ltr'>primo</span> <span class='ocrx_word' id='word_1_281' title='bbox 1026 2174 1077 2210; x_wconf 84' lang='lat' dir='ltr'>ad</span> <span class='ocrx_word' id='word_1_282' title='bbox 1095 2174 1249 2211; x_wconf 81' lang='lat' dir='ltr'>edictum</span> 
     </span>
     <span class='ocr_line' id='line_1_40' title="bbox 153 2217 1250 2271; baseline 0.002 -18"><span class='ocrx_word' id='word_1_283' title='bbox 153 2217 218 2252; x_wconf 85' lang='lat' dir='ltr'>Ait</span> <span class='ocrx_word' id='word_1_284' title='bbox 239 2221 403 2264; x_wconf 87' lang='lat' dir='ltr'>praetor:</span> <span class='ocrx_word' id='word_1_285' title='bbox 436 2217 640 2263; x_wconf 60' lang='lat' dir='ltr'>mandem,</span> <span class='ocrx_word' id='word_1_286' title='bbox 671 2228 765 2271; x_wconf 81' lang='lat' dir='ltr'>quae</span> <span class='ocrx_word' id='word_1_287' title='bbox 788 2229 832 2254; x_wconf 91' lang='lat' dir='ltr'>ex</span> <span class='ocrx_word' id='word_1_288' title='bbox 856 2219 952 2255; x_wconf 85' lang='lat' dir='ltr'>illius</span> <span class='ocrx_word' id='word_1_289' title='bbox 975 2230 1062 2265; x_wconf 83' lang='lat' dir='ltr'>agro</span> <span class='ocrx_word' id='word_1_290' title='bbox 1086 2220 1124 2255; x_wconf 89' lang='lat' dir='ltr'>in</span> <span class='ocrx_word' id='word_1_291' title='bbox 1147 2223 1250 2255; x_wconf 87' lang='lat' dir='ltr'>tuum</span> 
     </span>
     <span class='ocr_line' id='line_1_41' title="bbox 157 2259 1251 2310; baseline 0.004 -12"><span class='ocrx_word' id='word_1_292' title='bbox 157 2259 286 2307; x_wconf 47' lang='lat' dir='ltr'>radat,</span> <span class='ocrx_word' id='word_1_293' title='bbox 311 2273 383 2309; x_wconf 90' lang='lat' dir='ltr'>quo</span> <span class='ocrx_word' id='word_1_294' title='bbox 402 2263 519 2299; x_wconf 89' lang='lat' dir='ltr'>minus</span> <span class='ocrx_word' id='word_1_295' title='bbox 534 2263 588 2299; x_wconf 90' lang='lat' dir='ltr'>illi</span> <span class='ocrx_word' id='word_1_296' title='bbox 603 2267 710 2300; x_wconf 78' lang='lat' dir='ltr'>tertio</span> <span class='ocrx_word' id='word_1_297' title='bbox 731 2274 874 2310; x_wconf 91' lang='lat' dir='ltr'>quoque</span> <span class='ocrx_word' id='word_1_298' title='bbox 893 2264 950 2301; x_wconf 91' lang='lat' dir='ltr'>die</span> <span class='ocrx_word' id='word_1_299' title='bbox 969 2264 1088 2310; x_wconf 87' lang='lat' dir='ltr'>legere</span> <span class='ocrx_word' id='word_1_300' title='bbox 1105 2265 1251 2302; x_wconf 84' lang='lat' dir='ltr'>auferre</span> 
     </span>
     <span class='ocr_line' id='line_1_42' title="bbox 157 2308 1249 2352; baseline -0.001 -4"><span class='ocrx_word' id='word_1_301' title='bbox 157 2316 173 2348; x_wconf 86' lang='lat'>1</span> <span class='ocrx_word' id='word_1_302' title='bbox 223 2309 358 2352; x_wconf 51' lang='lat' dir='ltr'>‘lineam</span> <span class='ocrx_word' id='word_1_303' title='bbox 393 2309 469 2344; x_wconf 86' lang='lat' dir='ltr'>vim</span> <span class='ocrx_word' id='word_1_304' title='bbox 501 2308 580 2345; x_wconf 90' lang='lat' dir='ltr'>fieri</span> <span class='ocrx_word' id='word_1_305' title='bbox 613 2310 720 2346; x_wconf 84' lang='lat' dir='ltr'>veto’.</span> <span class='ocrx_word' id='word_1_306' title='bbox 769 2309 918 2346; x_wconf 87' lang='lat' dir='ltr'>Glandis</span> <span class='ocrx_word' id='word_1_307' title='bbox 950 2310 1094 2347; x_wconf 90' lang='lat' dir='ltr'>nomine</span> <span class='ocrx_word' id='word_1_308' title='bbox 1127 2322 1249 2347; x_wconf 87' lang='lat' dir='ltr'>omnes</span> 
     </span>
     <span class='ocr_line' id='line_1_43' title="bbox 155 2355 557 2391; baseline 0.002 -2"><span class='ocrx_word' id='word_1_309' title='bbox 155 2356 294 2391; x_wconf 76' lang='lat' dir='ltr'>fructus</span> <span class='ocrx_word' id='word_1_310' title='bbox 318 2355 557 2390; x_wconf 89' lang='lat' dir='ltr'>continentur.</span> 
     </span>
    </p>
   </div>
   <div class='ocr_carea' id='block_1_5' title="bbox 311 2517 1092 2628">
    <p class='ocr_par' dir='ltr' id='par_1_7' title="bbox 311 2517 1092 2628">
     <span class='ocr_line' id='line_1_44' title="bbox 586 2517 815 2556; baseline 0 0"><span class='ocrx_word' id='word_1_311' title='bbox 586 2517 780 2556; x_wconf 89' lang='lat' dir='ltr'>XXVIIII</span> <span class='ocrx_word' id='word_1_312' title='bbox 789 2517 815 2556; x_wconf 80' lang='lat'>⁵.</span> 
     </span>
     <span class='ocr_line' id='line_1_45' title="bbox 311 2593 1092 2628; baseline 0.001 -2"><span class='ocrx_word' id='word_1_313' title='bbox 311 2594 372 2626; x_wconf 84' lang='lat' dir='ltr'>DE</span> <span class='ocrx_word' id='word_1_314' title='bbox 396 2593 585 2628; x_wconf 83' lang='lat' dir='ltr'>HOMINE</span> <span class='ocrx_word' id='word_1_315' title='bbox 607 2593 778 2628; x_wconf 86' lang='lat' dir='ltr'>LIBERO</span> <span class='ocrx_word' id='word_1_316' title='bbox 801 2594 1092 2628; x_wconf 85' lang='lat' dir='ltr'>EXHIBENDO.</span> 
     </span>
    </p>
   </div>
   <div class='ocr_carea' id='block_1_6' title="bbox 152 2668 1248 3579">
    <p class='ocr_par' dir='ltr' id='par_1_8' title="bbox 152 2668 1248 3034">
     <span class='ocr_line' id='line_1_46' title="bbox 203 2668 1247 2725; baseline 0 -18"><span class='ocrx_word' id='word_1_317' title='bbox 203 2668 222 2707; x_wconf 90' lang='lat'>1</span> <span class='ocrx_word' id='word_1_318' title='bbox 254 2671 447 2708; x_wconf 56' lang='lat' dir='ltr'>Ulmanus</span> <span class='ocrx_word' id='word_1_319' title='bbox 463 2671 555 2709; x_wconf 80' lang='lat' dir='ltr'>libro</span> <span class='ocrx_word' id='word_1_320' title='bbox 572 2682 592 2707; x_wconf 80' lang='lat' dir='ltr'>s</span> <span class='ocrx_word' id='word_1_321' title='bbox 640 2673 865 2719; x_wconf 72' lang='lat' dir='ltr'>tuaqensimo</span> <span class='ocrx_word' id='word_1_322' title='bbox 877 2673 1004 2719; x_wconf 79' lang='lat' dir='ltr'>primo</span> <span class='ocrx_word' id='word_1_323' title='bbox 1023 2673 1075 2725; x_wconf 74' lang='grc' dir='ltr'>ιιιζ</span> <span class='ocrx_word' id='word_1_324' title='bbox 1093 2673 1247 2709; x_wconf 79' lang='lat' dir='ltr'>edictum</span> 
     </span>
     <span class='ocr_line' id='line_1_47' title="bbox 154 2682 1246 2769; baseline 0.003 -18"><span class='ocrx_word' id='word_1_325' title='bbox 154 2716 216 2752; x_wconf 84' lang='lat' dir='ltr'>Ait</span> <span class='ocrx_word' id='word_1_326' title='bbox 246 2720 410 2769; x_wconf 86' lang='lat' dir='ltr'>praetor:</span> <span class='ocrx_word' id='word_1_327' title='bbox 443 2717 568 2762; x_wconf 80' lang='lat' dir='ltr'>‘Quem</span> <span class='ocrx_word' id='word_1_328' title='bbox 592 2682 749 2753; x_wconf 41' lang='lat' dir='ltr'>&amp;berum</span> <span class='ocrx_word' id='word_1_329' title='bbox 780 2717 863 2754; x_wconf 88' lang='lat' dir='ltr'>dolo</span> <span class='ocrx_word' id='word_1_330' title='bbox 887 2718 981 2754; x_wconf 90' lang='lat' dir='ltr'>malo</span> <span class='ocrx_word' id='word_1_331' title='bbox 1004 2721 1155 2761; x_wconf 79' lang='lat' dir='ltr'>retines,</span> <span class='ocrx_word' id='word_1_332' title='bbox 1186 2728 1246 2754; x_wconf 86' lang='lat' dir='ltr'>ex-</span> 
     </span>
     <span class='ocr_line' id='line_1_48' title="bbox 158 2761 1247 2810; baseline 0.003 -14"><span class='ocrx_word' id='word_1_333' title='bbox 158 2765 172 2796; x_wconf 86' lang='lat'>1</span> <span class='ocrx_word' id='word_1_334' title='bbox 222 2761 371 2797; x_wconf 82' lang='lat' dir='ltr'>lubeas’.</span> <span class='ocrx_word' id='word_1_335' title='bbox 404 2762 484 2798; x_wconf 94' lang='lat' dir='ltr'>Hoc</span> <span class='ocrx_word' id='word_1_336' title='bbox 496 2762 726 2799; x_wconf 87' lang='lat' dir='ltr'>interdictum</span> <span class='ocrx_word' id='word_1_337' title='bbox 740 2764 956 2810; x_wconf 86' lang='lat' dir='ltr'>proponitur</span> <span class='ocrx_word' id='word_1_338' title='bbox 968 2763 1126 2799; x_wconf 88' lang='lat' dir='ltr'>tuendae</span> <span class='ocrx_word' id='word_1_339' title='bbox 1140 2763 1247 2799; x_wconf 88' lang='lat' dir='ltr'>liber-</span> 
     </span>
     <span class='ocr_line' id='line_1_49' title="bbox 152 2806 1248 2850; baseline 0.004 -9"><span class='ocrx_word' id='word_1_340' title='bbox 152 2806 239 2842; x_wconf 82' lang='lat' dir='ltr'>tatis</span> <span class='ocrx_word' id='word_1_341' title='bbox 265 2817 387 2850; x_wconf 90' lang='lat' dir='ltr'>causa‚</span> <span class='ocrx_word' id='word_1_342' title='bbox 410 2807 575 2844; x_wconf 85' lang='lat' dir='ltr'>videlicet</span> <span class='ocrx_word' id='word_1_343' title='bbox 598 2818 644 2845; x_wconf 92' lang='lat' dir='ltr'>ne</span> <span class='ocrx_word' id='word_1_344' title='bbox 666 2808 829 2845; x_wconf 91' lang='lat' dir='ltr'>homines</span> <span class='ocrx_word' id='word_1_345' title='bbox 853 2809 957 2845; x_wconf 89' lang='lat' dir='ltr'>liberi</span> <span class='ocrx_word' id='word_1_346' title='bbox 980 2809 1203 2845; x_wconf 86' lang='lat' dir='ltr'>retineantur</span> <span class='ocrx_word' id='word_1_347' title='bbox 1225 2820 1248 2845; x_wconf 91' lang='lat' dir='ltr'>a</span> 
     </span>
     <span class='ocr_line' id='line_1_50' title="bbox 158 2861 1247 2953; baseline 0.003 -20"><span class='ocrx_word' id='word_1_348' title='bbox 158 2861 490 2951; x_wconf 41' lang='lat' dir='ltr'>qussqlssgffvzmvs</span> <span class='ocrx_word' id='word_1_349' title='bbox 524 2899 616 2952; x_wconf 73' lang='lat' dir='ltr'>libr-p</span> <span class='ocrx_word' id='word_1_350' title='bbox 653 2902 785 2953; x_wconf 55' lang='lat' dir='ltr'>quas-to</span> <span class='ocrx_word' id='word_1_351' title='bbox 800 2899 1093 2953; x_wconf 41' lang='lat' dir='ltr'>‚interdictorum</span> <span class='ocrx_word' id='word_1_352' title='bbox 1146 2900 1247 2953; x_wconf 83' lang='lat' dir='ltr'>(nihil</span> 
     </span>
     <span class='ocr_line' id='line_1_51' title="bbox 156 2942 1246 2992; baseline 0.003 -14"><span class='ocrx_word' id='word_1_353' title='bbox 156 2953 250 2978; x_wconf 91' lang='lat' dir='ltr'>emm</span> <span class='ocrx_word' id='word_1_354' title='bbox 279 2942 432 2979; x_wconf 89' lang='lat' dir='ltr'>multum</span> <span class='ocrx_word' id='word_1_355' title='bbox 455 2953 478 2978; x_wconf 90' lang='lat' dir='ltr'>a</span> <span class='ocrx_word' id='word_1_356' title='bbox 500 2954 621 2990; x_wconf 77' lang='lat' dir='ltr'>specle</span> <span class='ocrx_word' id='word_1_357' title='bbox 644 2947 872 2980; x_wconf 76' lang='lat' dir='ltr'>servientium</span> <span class='ocrx_word' id='word_1_358' title='bbox 896 2945 1083 2987; x_wconf 78' lang='lat' dir='ltr'>differunt,</span> <span class='ocrx_word' id='word_1_359' title='bbox 1116 2946 1246 2992; x_wconf 79' lang='lat' dir='ltr'>quibus</span> 
     </span>
     <span class='ocr_line' id='line_1_52' title="bbox 155 2987 784 3034; baseline 0.005 -11"><span class='ocrx_word' id='word_1_360' title='bbox 155 2987 312 3024; x_wconf 78' lang='lat' dir='ltr'>facultas</span> <span class='ocrx_word' id='word_1_361' title='bbox 335 2998 409 3025; x_wconf 92' lang='lat' dir='ltr'>non</span> <span class='ocrx_word' id='word_1_362' title='bbox 433 2988 540 3024; x_wconf 87' lang='lat' dir='ltr'>datur</span> <span class='ocrx_word' id='word_1_363' title='bbox 561 2990 784 3034; x_wconf 85' lang='lat' dir='ltr'>recedendi):</span> 
     </span>
    </p>

    <p class='ocr_par' dir='ltr' id='par_1_9' title="bbox 154 3031 1247 3579">
     <span class='ocr_line' id='line_1_53' title="bbox 201 3031 1245 3082; baseline 0.001 -11"><span class='ocrx_word' id='word_1_364' title='bbox 201 3031 226 3071; x_wconf 91' lang='lat'><strong>3</strong></span> <span class='ocrx_word' id='word_1_365' title='bbox 251 3032 448 3070; x_wconf 66' lang='lat' dir='ltr'>Uhnaa&#39;vs</span> <span class='ocrx_word' id='word_1_366' title='bbox 463 3034 554 3069; x_wconf 81' lang='lat' dir='ltr'>libro</span> <span class='ocrx_word' id='word_1_367' title='bbox 572 3036 864 3082; x_wconf 73' lang='lat' dir='ltr'>septuaqensimo</span> <span class='ocrx_word' id='word_1_368' title='bbox 878 3036 1002 3082; x_wconf 82' lang='lat' dir='ltr'>primo</span> <span class='ocrx_word' id='word_1_369' title='bbox 1023 3036 1074 3072; x_wconf 83' lang='lat' dir='ltr'>ad</span> <span class='ocrx_word' id='word_1_370' title='bbox 1091 3036 1245 3072; x_wconf 76' lang='lat' dir='ltr'>edictum</span> 
     </span>
     <span class='ocr_line' id='line_1_54' title="bbox 154 3078 1246 3126; baseline 0.003 -12"><span class='ocrx_word' id='word_1_371' title='bbox 154 3078 252 3123; x_wconf 92' lang='lat' dir='ltr'>quod</span> <span class='ocrx_word' id='word_1_372' title='bbox 275 3081 312 3115; x_wconf 91' lang='lat' dir='ltr'>et</span> <span class='ocrx_word' id='word_1_373' title='bbox 332 3078 392 3114; x_wconf 87' lang='lat' dir='ltr'>lex</span> <span class='ocrx_word' id='word_1_374' title='bbox 413 3078 530 3115; x_wconf 89' lang='lat' dir='ltr'>Fabia</span> <span class='ocrx_word' id='word_1_375' title='bbox 552 3080 750 3126; x_wconf 80' lang='lat' dir='ltr'>prospexit.</span> <span class='ocrx_word' id='word_1_376' title='bbox 786 3091 902 3126; x_wconf 91' lang='lat' dir='ltr'>neque</span> <span class='ocrx_word' id='word_1_377' title='bbox 925 3080 995 3117; x_wconf 88' lang='lat' dir='ltr'>hoc</span> <span class='ocrx_word' id='word_1_378' title='bbox 1018 3081 1246 3117; x_wconf 85' lang='lat' dir='ltr'>interdictum</span> 
     </span>
     <span class='ocr_line' id='line_1_55' title="bbox 155 3123 1245 3170; baseline 0.003 -10"><span class='ocrx_word' id='word_1_379' title='bbox 155 3124 276 3160; x_wconf 80' lang='lat' dir='ltr'>aufert</span> <span class='ocrx_word' id='word_1_380' title='bbox 296 3123 386 3170; x_wconf 80' lang='lat' dir='ltr'>legis</span> <span class='ocrx_word' id='word_1_381' title='bbox 408 3123 546 3160; x_wconf 81' lang='lat' dir='ltr'>Fabiae</span> <span class='ocrx_word' id='word_1_382' title='bbox 569 3126 851 3162; x_wconf 80' lang='lat' dir='ltr'>exsecutionem:</span> <span class='ocrx_word' id='word_1_383' title='bbox 876 3136 959 3162; x_wconf 89' lang='lat' dir='ltr'>nam</span> <span class='ocrx_word' id='word_1_384' title='bbox 983 3130 1020 3162; x_wconf 93' lang='lat' dir='ltr'>et</span> <span class='ocrx_word' id='word_1_385' title='bbox 1042 3127 1112 3163; x_wconf 92' lang='lat' dir='ltr'>hoc</span> <span class='ocrx_word' id='word_1_386' title='bbox 1134 3127 1245 3163; x_wconf 88' lang='lat' dir='ltr'>inter-</span> 
     </span>
     <span class='ocr_line' id='line_1_56' title="bbox 154 3169 1245 3218; baseline 0.003 -13"><span class='ocrx_word' id='word_1_387' title='bbox 154 3170 251 3206; x_wconf 87' lang='lat' dir='ltr'>dicto</span> <span class='ocrx_word' id='word_1_388' title='bbox 275 3169 333 3215; x_wconf 78' lang='lat' dir='ltr'>agi</span> <span class='ocrx_word' id='word_1_389' title='bbox 355 3169 489 3215; x_wconf 88' lang='lat' dir='ltr'>poterit</span> <span class='ocrx_word' id='word_1_390' title='bbox 510 3172 548 3205; x_wconf 89' lang='lat' dir='ltr'>et</span> <span class='ocrx_word' id='word_1_391' title='bbox 570 3170 681 3206; x_wconf 86' lang='lat' dir='ltr'>nihilo</span> <span class='ocrx_word' id='word_1_392' title='bbox 705 3171 822 3207; x_wconf 88' lang='lat' dir='ltr'>minus</span> <span class='ocrx_word' id='word_1_393' title='bbox 847 3172 1031 3207; x_wconf 86' lang='lat' dir='ltr'>accusatio</span> <span class='ocrx_word' id='word_1_394' title='bbox 1062 3172 1150 3218; x_wconf 78' lang='lat' dir='ltr'>legis</span> <span class='ocrx_word' id='word_1_395' title='bbox 1174 3172 1245 3208; x_wconf 89' lang='lat' dir='ltr'>Fa-</span> 
     </span>
     <span class='ocr_line' id='line_1_57' title="bbox 155 3214 1247 3263; baseline 0.003 -13"><span class='ocrx_word' id='word_1_396' title='bbox 155 3216 236 3251; x_wconf 87' lang='lat' dir='ltr'>biae</span> <span class='ocrx_word' id='word_1_397' title='bbox 267 3214 421 3250; x_wconf 87' lang='lat' dir='ltr'>institui:</span> <span class='ocrx_word' id='word_1_398' title='bbox 450 3218 489 3251; x_wconf 90' lang='lat' dir='ltr'>et</span> <span class='ocrx_word' id='word_1_399' title='bbox 515 3224 620 3251; x_wconf 83' lang='lat' dir='ltr'>versa</span> <span class='ocrx_word' id='word_1_400' title='bbox 648 3216 725 3252; x_wconf 86' lang='lat' dir='ltr'>vice</span> <span class='ocrx_word' id='word_1_401' title='bbox 778 3216 815 3252; x_wconf 86' lang='lat' dir='ltr'>ui</span> <span class='ocrx_word' id='word_1_402' title='bbox 847 3217 919 3261; x_wconf 80' lang='lat' dir='ltr'>egit</span> <span class='ocrx_word' id='word_1_403' title='bbox 949 3216 1081 3260; x_wconf 85' lang='lat' dir='ltr'>Fabia,</span> <span class='ocrx_word' id='word_1_404' title='bbox 1112 3217 1247 3263; x_wconf 91' lang='lat' dir='ltr'>poterit</span> 
     </span>
     <span class='ocr_line' id='line_1_58' title="bbox 155 3259 1246 3308; baseline 0.004 -13"><span class='ocrx_word' id='word_1_405' title='bbox 155 3260 267 3296; x_wconf 89' lang='lat' dir='ltr'>nihilo</span> <span class='ocrx_word' id='word_1_406' title='bbox 290 3260 409 3296; x_wconf 90' lang='lat' dir='ltr'>minus</span> <span class='ocrx_word' id='word_1_407' title='bbox 433 3259 541 3296; x_wconf 88' lang='lat' dir='ltr'>etiam</span> <span class='ocrx_word' id='word_1_408' title='bbox 562 3260 633 3296; x_wconf 90' lang='lat' dir='ltr'>hoc</span> <span class='ocrx_word' id='word_1_409' title='bbox 654 3260 748 3296; x_wconf 92' lang='lat' dir='ltr'>inter</span> <span class='ocrx_word' id='word_1_410' title='bbox 776 3263 884 3298; x_wconf 87' lang='lat' dir='ltr'>&#39;ctum</span> <span class='ocrx_word' id='word_1_411' title='bbox 907 3262 1058 3306; x_wconf 88' lang='lat' dir='ltr'>habere,</span> <span class='ocrx_word' id='word_1_412' title='bbox 1081 3272 1246 3308; x_wconf 86' lang='lat' dir='ltr'>praeser-</span> 
     </span>
     <span class='ocr_line' id='line_1_59' title="bbox 155 3305 1245 3349; baseline 0.004 -9"><span class='ocrx_word' id='word_1_413' title='bbox 155 3306 219 3340; x_wconf 87' lang='lat' dir='ltr'>tim</span> <span class='ocrx_word' id='word_1_414' title='bbox 251 3316 331 3341; x_wconf 89' lang='lat' dir='ltr'>cum</span> <span class='ocrx_word' id='word_1_415' title='bbox 363 3306 456 3342; x_wconf 90' lang='lat' dir='ltr'>alius</span> <span class='ocrx_word' id='word_1_416' title='bbox 485 3305 732 3349; x_wconf 90' lang='lat' dir='ltr'>interdictum,</span> <span class='ocrx_word' id='word_1_417' title='bbox 775 3307 867 3343; x_wconf 86' lang='lat' dir='ltr'>alius</span> <span class='ocrx_word' id='word_1_418' title='bbox 898 3306 1035 3343; x_wconf 85' lang='lat' dir='ltr'>Fabiae</span> <span class='ocrx_word' id='word_1_419' title='bbox 1068 3307 1245 3344; x_wconf 85' lang='lat' dir='ltr'>actionem</span> 
     </span>
     <span class='ocr_line' id='line_1_60' title="bbox 160 3350 1245 3398; baseline 0.005 -14"><span class='ocrx_word' id='word_1_420' title='bbox 160 3354 171 3384; x_wconf 91' lang='grc'><strong>1</strong></span> <span class='ocrx_word' id='word_1_421' title='bbox 224 3351 359 3387; x_wconf 88' lang='lat' dir='ltr'>habere</span> <span class='ocrx_word' id='word_1_422' title='bbox 386 3350 513 3397; x_wconf 84' lang='lat' dir='ltr'>possit.</span> <span class='ocrx_word' id='word_1_423' title='bbox 565 3351 666 3387; x_wconf 85' lang='lat' dir='ltr'>Haec</span> <span class='ocrx_word' id='word_1_424' title='bbox 704 3352 815 3387; x_wconf 86' lang='lat' dir='ltr'>verba</span> <span class='ocrx_word' id='word_1_425' title='bbox 852 3354 968 3398; x_wconf 87' lang='lat' dir='ltr'>‘quem</span> <span class='ocrx_word' id='word_1_426' title='bbox 1003 3353 1166 3389; x_wconf 88' lang='lat' dir='ltr'>liberum’</span> <span class='ocrx_word' id='word_1_427' title='bbox 1197 3353 1245 3389; x_wconf 88' lang='lat' dir='ltr'>ad</span> 
     </span>
     <span class='ocr_line' id='line_1_61' title="bbox 156 3396 1245 3443; baseline 0.003 -12"><span class='ocrx_word' id='word_1_428' title='bbox 156 3406 297 3431; x_wconf 90' lang='lat' dir='ltr'>omnem</span> <span class='ocrx_word' id='word_1_429' title='bbox 328 3396 480 3432; x_wconf 88' lang='lat' dir='ltr'>liberum</span> <span class='ocrx_word' id='word_1_430' title='bbox 507 3396 708 3442; x_wconf 83' lang='lat' dir='ltr'>pertinent,</span> <span class='ocrx_word' id='word_1_431' title='bbox 746 3397 820 3432; x_wconf 80' lang='lat' dir='ltr'>sive</span> <span class='ocrx_word' id='word_1_432' title='bbox 853 3397 968 3443; x_wconf 86' lang='lat' dir='ltr'>pubes</span> <span class='ocrx_word' id='word_1_433' title='bbox 999 3398 1046 3434; x_wconf 88' lang='lat' dir='ltr'>sit</span> <span class='ocrx_word' id='word_1_434' title='bbox 1075 3398 1150 3434; x_wconf 80' lang='lat' dir='ltr'>sive</span> <span class='ocrx_word' id='word_1_435' title='bbox 1179 3398 1245 3434; x_wconf 89' lang='lat' dir='ltr'>im-</span> 
     </span>
     <span class='ocr_line' id='line_1_62' title="bbox 156 3440 1246 3486; baseline 0.003 -10"><span class='ocrx_word' id='word_1_436' title='bbox 156 3441 290 3486; x_wconf 86' lang='lat' dir='ltr'>pubes,</span> <span class='ocrx_word' id='word_1_437' title='bbox 321 3441 395 3477; x_wconf 88' lang='lat' dir='ltr'>sive</span> <span class='ocrx_word' id='word_1_438' title='bbox 423 3442 608 3478; x_wconf 84' lang='lat' dir='ltr'>masculus</span> <span class='ocrx_word' id='word_1_439' title='bbox 638 3441 714 3478; x_wconf 84' lang='lat' dir='ltr'>sive</span> <span class='ocrx_word' id='word_1_440' title='bbox 741 3440 892 3485; x_wconf 77' lang='lat' dir='ltr'>femina,</span> <span class='ocrx_word' id='word_1_441' title='bbox 924 3443 1000 3479; x_wconf 78' lang='lat' dir='ltr'>sive</span> <span class='ocrx_word' id='word_1_442' title='bbox 1029 3453 1122 3479; x_wconf 86' lang='lat' dir='ltr'>unus</span> <span class='ocrx_word' id='word_1_443' title='bbox 1147 3443 1246 3480; x_wconf 80' lang='lat' dir='ltr'>sive⁸</span> 
     </span>
     <span class='ocr_line' id='line_1_63' title="bbox 155 3485 1244 3532; baseline 0.003 -11"><span class='ocrx_word' id='word_1_444' title='bbox 155 3486 296 3532; x_wconf 86' lang='lat' dir='ltr'>plures,</span> <span class='ocrx_word' id='word_1_445' title='bbox 328 3486 401 3524; x_wconf 87' lang='lat' dir='ltr'>sive</span> <span class='ocrx_word' id='word_1_446' title='bbox 423 3485 482 3523; x_wconf 87' lang='lat' dir='ltr'>sui</span> <span class='ocrx_word' id='word_1_447' title='bbox 502 3486 591 3523; x_wconf 90' lang='lat' dir='ltr'>iuris</span> <span class='ocrx_word' id='word_1_448' title='bbox 614 3486 663 3523; x_wconf 89' lang='lat' dir='ltr'>sit</span> <span class='ocrx_word' id='word_1_449' title='bbox 684 3486 759 3523; x_wconf 83' lang='lat' dir='ltr'>sive</span> <span class='ocrx_word' id='word_1_450' title='bbox 781 3486 906 3522; x_wconf 88' lang='lat' dir='ltr'>alieni:</span> <span class='ocrx_word' id='word_1_451' title='bbox 940 3489 1010 3524; x_wconf 93' lang='lat' dir='ltr'>hoc</span> <span class='ocrx_word' id='word_1_452' title='bbox 1040 3489 1134 3524; x_wconf 92' lang='lat' dir='ltr'>enim</span> <span class='ocrx_word' id='word_1_453' title='bbox 1164 3493 1244 3524; x_wconf 87' lang='lat' dir='ltr'>tan-</span> 
     </span>
     <span class='ocr_line' id='line_1_64' title="bbox 157 3531 1244 3579; baseline 0.003 -13"><span class='ocrx_word' id='word_1_454' title='bbox 157 3535 177 3566; x_wconf 84' lang='lat'>2</span> <span class='ocrx_word' id='word_1_455' title='bbox 225 3535 302 3567; x_wconf 88' lang='lat' dir='ltr'>tum</span> <span class='ocrx_word' id='word_1_456' title='bbox 333 3534 556 3576; x_wconf 80' lang='lat' dir='ltr'>spectamus,</span> <span class='ocrx_word' id='word_1_457' title='bbox 587 3542 632 3567; x_wconf 81' lang='lat' dir='ltr'>an</span> <span class='ocrx_word' id='word_1_458' title='bbox 663 3531 755 3568; x_wconf 84' lang='lat' dir='ltr'>liber</span> <span class='ocrx_word' id='word_1_459' title='bbox 786 3532 842 3567; x_wconf 92' lang='lat' dir='ltr'>sit.</span> <span class='ocrx_word' id='word_1_460' title='bbox 890 3532 926 3568; x_wconf 89' lang='lat' dir='ltr'>Is</span> <span class='ocrx_word' id='word_1_461' title='bbox 953 3536 1092 3576; x_wconf 87' lang='lat' dir='ltr'>tamen,</span> <span class='ocrx_word' id='word_1_462' title='bbox 1124 3533 1185 3579; x_wconf 90' lang='lat' dir='ltr'>qui</span> <span class='ocrx_word' id='word_1_463' title='bbox 1207 3534 1244 3569; x_wconf 94' lang='lat' dir='ltr'>in</span> 
     </span>
    </p>
   </div>
   <div class='ocr_carea' id='block_1_7' title="bbox 157 3645 1112 3826">
    <p class='ocr_par' dir='ltr' id='par_1_10' title="bbox 157 3645 1112 3826">
     <span class='ocr_line' id='line_1_65' title="bbox 157 3645 1112 3691; baseline -0.002 -9"><span class='ocrx_word' id='word_1_464' title='bbox 157 3648 196 3689; x_wconf 83' lang='lat'>(¹)</span> <span class='ocrx_word' id='word_1_465' title='bbox 221 3646 458 3681; x_wconf 79' lang='lat' dir='ltr'>excindendam</span> <span class='ocrx_word' id='word_1_466' title='bbox 472 3647 508 3681; x_wconf 78' lang='lat' dir='ltr'><em>F</em></span> <span class='ocrx_word' id='word_1_467' title='bbox 590 3648 636 3691; x_wconf 80' lang='lat'>(2)</span> <span class='ocrx_word' id='word_1_468' title='bbox 660 3646 744 3682; x_wconf 72' lang='lat' dir='ltr'>otF</span> <span class='ocrx_word' id='word_1_469' title='bbox 826 3648 870 3689; x_wconf 77' lang='lat'>(³)</span> <span class='ocrx_word' id='word_1_470' title='bbox 894 3645 1112 3680; x_wconf 67' lang='lat' dir='ltr'>inclanatar</span> 
     </span>
     <span class='ocr_line' id='line_1_66' title="bbox 202 3692 855 3737; baseline 0 -11"><span class='ocrx_word' id='word_1_471' title='bbox 202 3693 245 3733; x_wconf 78' lang='grc'>(4)</span> <span class='ocrx_word' id='word_1_472' title='bbox 270 3693 337 3727; x_wconf 78' lang='lat' dir='ltr'>Ed.</span> <span class='ocrx_word' id='word_1_473' title='bbox 348 3711 393 3717; x_wconf 90' lang='lat'><em>—</em></span> <span class='ocrx_word' id='word_1_474' title='bbox 406 3693 493 3727; x_wconf 73' lang='lat' dir='ltr'>Bac.</span> <span class='ocrx_word' id='word_1_475' title='bbox 505 3692 567 3726; x_wconf 84' lang='lat' dir='ltr'>vol.</span> <span class='ocrx_word' id='word_1_476' title='bbox 582 3700 599 3727; x_wconf 75' lang='lat'><strong>⁶</strong></span> <span class='ocrx_word' id='word_1_477' title='bbox 607 3704 645 3737; x_wconf 83' lang='lat' dir='ltr'>p.</span> <span class='ocrx_word' id='word_1_478' title='bbox 657 3699 715 3727; x_wconf 79' lang='lat'>222</span> <span class='ocrx_word' id='word_1_479' title='bbox 727 3692 855 3727; x_wconf 73' lang='lat' dir='ltr'>Heimb.</span> 
     </span>
     <span class='ocr_line' id='line_1_67' title="bbox 203 3738 990 3782; baseline -0.004 -9"><span class='ocrx_word' id='word_1_480' title='bbox 203 3740 246 3779; x_wconf 61' lang='grc' dir='ltr'>(Β)</span> <span class='ocrx_word' id='word_1_481' title='bbox 271 3739 337 3772; x_wconf 79' lang='lat' dir='ltr'>Ed,</span> <span class='ocrx_word' id='word_1_482' title='bbox 350 3745 375 3772; x_wconf 86' lang='grc' dir='ltr'>ι.</span> <span class='ocrx_word' id='word_1_483' title='bbox 388 3745 423 3777; x_wconf 75' lang='lat'>³3</span> <span class='ocrx_word' id='word_1_484' title='bbox 448 3739 535 3782; x_wconf 76' lang='lat' dir='ltr'>App.</span> <span class='ocrx_word' id='word_1_485' title='bbox 550 3745 579 3772; x_wconf 84' lang='lat'>2.</span> <span class='ocrx_word' id='word_1_486' title='bbox 592 3744 620 3772; x_wconf 79' lang='grc'>4.</span> <span class='ocrx_word' id='word_1_487' title='bbox 638 3755 686 3762; x_wconf 89' lang='lat'>——</span> <span class='ocrx_word' id='word_1_488' title='bbox 705 3738 790 3771; x_wconf 72' lang='lat' dir='ltr'>Bas.</span> <span class='ocrx_word' id='word_1_489' title='bbox 805 3738 862 3779; x_wconf 84' lang='lat'>60,</span> <span class='ocrx_word' id='word_1_490' title='bbox 879 3743 926 3772; x_wconf 69' lang='grc' dir='ltr'>ιτ.</span> <span class='ocrx_word' id='word_1_491' title='bbox 941 3754 990 3762; x_wconf 93' lang='grc'>-</span> 
     </span>
     <span class='ocr_line' id='line_1_68' title="bbox 157 3782 722 3826; baseline -0.002 -9"><span class='ocrx_word' id='word_1_492' title='bbox 157 3784 201 3826; x_wconf 81' lang='grc'>(6)</span> <span class='ocrx_word' id='word_1_493' title='bbox 226 3793 315 3816; x_wconf 75' lang='lat' dir='ltr'>unns</span> <span class='ocrx_word' id='word_1_494' title='bbox 331 3783 400 3817; x_wconf 77' lang='lat' dir='ltr'>sive</span> <span class='ocrx_word' id='word_1_495' title='bbox 418 3783 447 3816; x_wconf 87' lang='lat' dir='ltr'><strong><em>S</em></strong></span> <span class='ocrx_word' id='word_1_496' title='bbox 464 3795 531 3817; x_wconf 82' lang='lat' dir='ltr'>cum</span> <span class='ocrx_word' id='word_1_497' title='bbox 550 3783 596 3824; x_wconf 85' lang='grc' dir='ltr'>Β,</span> <span class='ocrx_word' id='word_1_498' title='bbox 616 3794 674 3815; x_wconf 78' lang='lat' dir='ltr'>om.</span> <span class='ocrx_word' id='word_1_499' title='bbox 689 3782 722 3816; x_wconf 69' lang='grc' dir='ltr'>Γ</span> 
     </span>
    </p>
   </div>
   <div class='ocr_carea' id='block_1_8' title="bbox 1013 3736 1240 3782">
    <p class='ocr_par' dir='ltr' id='par_1_11' title="bbox 1013 3736 1240 3782">
     <span class='ocr_line' id='line_1_69' title="bbox 1013 3736 1240 3782; baseline 0.004 -11"><span class='ocrx_word' id='word_1_500' title='bbox 1013 3736 1065 3782; x_wconf 59' lang='lat' dir='ltr'>(J.</span> <span class='ocrx_word' id='word_1_501' title='bbox 1081 3737 1158 3771; x_wconf 82' lang='lat' dir='ltr'>cod.</span> <span class='ocrx_word' id='word_1_502' title='bbox 1173 3739 1206 3780; x_wconf 88' lang='lat'>8,</span> <span class='ocrx_word' id='word_1_503' title='bbox 1222 3745 1240 3772; x_wconf 79' lang='grc'><strong>8</strong></span> 
     </span>
    </p>
   </div>
   <div class='ocr_carea' id='block_1_9' title="bbox 1244 139 1332 186">
    <p class='ocr_par' dir='ltr' id='par_1_12' title="bbox 1244 139 1332 186">
     <span class='ocr_line' id='line_1_70' title="bbox 1244 139 1332 186; baseline 0 0"><span class='ocrx_word' id='word_1_504' title='bbox 1244 139 1332 186; x_wconf 82' lang='grc'>704</span> 
     </span>
    </p>
   </div>
   <div class='ocr_carea' id='block_1_10' title="bbox 1480 0 1590 123">
    <p class='ocr_par' dir='ltr' id='par_1_13' title="bbox 1480 0 1590 123">
     <span class='ocr_line' id='line_1_71' title="bbox 1480 0 1590 123; baseline 0 -106"><span class='ocrx_word' id='word_1_505' title='bbox 1480 0 1590 123; x_wconf 33' lang='grc' dir='ltr'>ἶ</span> 
     </span>
    </p>
   </div>
   <div class='ocr_carea' id='block_1_11' title="bbox 1544 155 2407 189">
    <p class='ocr_par' dir='ltr' id='par_1_14' title="bbox 1544 155 2407 189">
     <span class='ocr_line' id='line_1_72' title="bbox 1544 155 2407 189; baseline 0.005 -4"><span class='ocrx_word' id='word_1_506' title='bbox 1544 155 1607 185; x_wconf 77' lang='lat' dir='ltr'>DE</span> <span class='ocrx_word' id='word_1_507' title='bbox 1623 155 1808 186; x_wconf 75' lang='lat' dir='ltr'>GLANDE</span> <span class='ocrx_word' id='word_1_508' title='bbox 1821 156 1923 187; x_wconf 79' lang='lat' dir='ltr'>LEG.</span> <span class='ocrx_word' id='word_1_509' title='bbox 1955 157 2016 187; x_wconf 69' lang='lat' dir='ltr'>DE</span> <span class='ocrx_word' id='word_1_510' title='bbox 2033 158 2145 188; x_wconf 76' lang='lat' dir='ltr'>Hom.</span> <span class='ocrx_word' id='word_1_511' title='bbox 2156 158 2407 189; x_wconf 56' lang='lat' dir='ltr'>mulsimus.</span> 
     </span>
    </p>
   </div>
   <div class='ocr_carea' id='block_1_12' title="bbox 1312 267 2414 3537">
    <p class='ocr_par' dir='ltr' id='par_1_15' title="bbox 1315 267 2414 2993">
     <span class='ocr_line' id='line_1_73' title="bbox 1322 267 2410 347; baseline 0.005 -45"><span class='ocrx_word' id='word_1_512' title='bbox 1322 269 1504 347; x_wconf 58' lang='lat' dir='ltr'>gotestate</span> <span class='ocrx_word' id='word_1_513' title='bbox 1526 267 1653 312; x_wconf 90' lang='lat' dir='ltr'>habet,</span> <span class='ocrx_word' id='word_1_514' title='bbox 1683 269 1753 305; x_wconf 88' lang='lat' dir='ltr'>hoc</span> <span class='ocrx_word' id='word_1_515' title='bbox 1785 270 1975 307; x_wconf 88' lang='lat' dir='ltr'>interdicto</span> <span class='ocrx_word' id='word_1_516' title='bbox 2005 280 2078 306; x_wconf 89' lang='lat' dir='ltr'>non</span> <span class='ocrx_word' id='word_1_517' title='bbox 2101 270 2297 316; x_wconf 85' lang='lat' dir='ltr'>tenebitur,</span> <span class='ocrx_word' id='word_1_518' title='bbox 2327 272 2410 318; x_wconf 86' lang='lat' dir='ltr'>quia</span> 
     </span>
     <span class='ocr_line' id='line_1_74' title="bbox 1348 312 2408 361; baseline 0.004 -13"><span class='ocrx_word' id='word_1_519' title='bbox 1348 312 1405 348; x_wconf 91' lang='lat' dir='ltr'>olo</span> <span class='ocrx_word' id='word_1_520' title='bbox 1438 313 1532 348; x_wconf 89' lang='lat' dir='ltr'>malo</span> <span class='ocrx_word' id='word_1_521' title='bbox 1563 323 1637 349; x_wconf 90' lang='lat' dir='ltr'>non</span> <span class='ocrx_word' id='word_1_522' title='bbox 1663 314 1805 351; x_wconf 79' lang='lat' dir='ltr'>videtur</span> <span class='ocrx_word' id='word_1_523' title='bbox 1835 316 1969 351; x_wconf 89' lang='lat' dir='ltr'>habere</span> <span class='ocrx_word' id='word_1_524' title='bbox 1997 316 2059 361; x_wconf 90' lang='lat' dir='ltr'>qui</span> <span class='ocrx_word' id='word_1_525' title='bbox 2089 326 2156 352; x_wconf 89' lang='lat' dir='ltr'>suo</span> <span class='ocrx_word' id='word_1_526' title='bbox 2183 316 2263 352; x_wconf 88' lang='lat' dir='ltr'>iure</span> <span class='ocrx_word' id='word_1_527' title='bbox 2283 317 2408 353; x_wconf 88' lang='lat' dir='ltr'>utitur.</span> 
     </span>
     <span class='ocr_line' id='line_1_75' title="bbox 1323 356 2409 411; baseline 0.005 -19"><span class='ocrx_word' id='word_1_528' title='bbox 1323 360 1343 411; x_wconf 61' lang='grc' dir='ltr'>ξι</span> <span class='ocrx_word' id='word_1_529' title='bbox 1390 356 1429 393; x_wconf 90' lang='lat' dir='ltr'>Si</span> <span class='ocrx_word' id='word_1_530' title='bbox 1453 358 1532 402; x_wconf 88' lang='lat' dir='ltr'>quis</span> <span class='ocrx_word' id='word_1_531' title='bbox 1555 368 1648 402; x_wconf 81' lang='lat' dir='ltr'>eum,</span> <span class='ocrx_word' id='word_1_532' title='bbox 1673 370 1777 405; x_wconf 89' lang='lat' dir='ltr'>quem</span> <span class='ocrx_word' id='word_1_533' title='bbox 1801 361 1848 396; x_wconf 89' lang='lat' dir='ltr'>ab</span> <span class='ocrx_word' id='word_1_534' title='bbox 1871 361 2035 397; x_wconf 84' lang='lat' dir='ltr'>hostibus</span> <span class='ocrx_word' id='word_1_535' title='bbox 2058 360 2219 405; x_wconf 89' lang='lat' dir='ltr'>redemit,</span> <span class='ocrx_word' id='word_1_536' title='bbox 2249 362 2409 404; x_wconf 87' lang='lat' dir='ltr'>retineat,</span> 
     </span>
     <span class='ocr_line' id='line_1_76' title="bbox 1320 405 2410 447; baseline 0.005 -10"><span class='ocrx_word' id='word_1_537' title='bbox 1320 412 1359 437; x_wconf 87' lang='lat' dir='ltr'>m</span> <span class='ocrx_word' id='word_1_538' title='bbox 1389 412 1433 438; x_wconf 90' lang='lat' dir='ltr'>ea</span> <span class='ocrx_word' id='word_1_539' title='bbox 1463 413 1574 439; x_wconf 89' lang='lat' dir='ltr'>causa</span> <span class='ocrx_word' id='word_1_540' title='bbox 1605 408 1678 447; x_wconf 89' lang='lat' dir='ltr'>est,</span> <span class='ocrx_word' id='word_1_541' title='bbox 1718 409 1758 440; x_wconf 89' lang='lat' dir='ltr'>ut</span> <span class='ocrx_word' id='word_1_542' title='bbox 1790 405 1980 442; x_wconf 86' lang='lat' dir='ltr'>interdicto</span> <span class='ocrx_word' id='word_1_543' title='bbox 2015 416 2089 442; x_wconf 88' lang='lat' dir='ltr'>non</span> <span class='ocrx_word' id='word_1_544' title='bbox 2118 409 2300 442; x_wconf 88' lang='lat' dir='ltr'>teneatur:</span> <span class='ocrx_word' id='word_1_545' title='bbox 2338 417 2410 443; x_wconf 90' lang='lat' dir='ltr'>non</span> 
     </span>
     <span class='ocr_line' id='line_1_77' title="bbox 1321 447 2410 498; baseline 0.005 -16"><span class='ocrx_word' id='word_1_546' title='bbox 1321 448 1416 483; x_wconf 90' lang='lat' dir='ltr'>enim</span> <span class='ocrx_word' id='word_1_547' title='bbox 1456 447 1538 484; x_wconf 91' lang='lat' dir='ltr'>dolo</span> <span class='ocrx_word' id='word_1_548' title='bbox 1573 449 1669 485; x_wconf 88' lang='lat' dir='ltr'>malo</span> <span class='ocrx_word' id='word_1_549' title='bbox 1706 450 1805 486; x_wconf 84' lang='lat' dir='ltr'>facit.</span> <span class='ocrx_word' id='word_1_550' title='bbox 1851 452 1959 498; x_wconf 85' lang='lat' dir='ltr'>plane</span> <span class='ocrx_word' id='word_1_551' title='bbox 1998 452 2031 487; x_wconf 93' lang='lat' dir='ltr'>si</span> <span class='ocrx_word' id='word_1_552' title='bbox 2063 450 2214 487; x_wconf 85' lang='lat' dir='ltr'>offertur</span> <span class='ocrx_word' id='word_1_553' title='bbox 2245 452 2410 498; x_wconf 86' lang='lat' dir='ltr'>pretinm,</span> 
     </span>
     <span class='ocr_line' id='line_1_78' title="bbox 1321 492 2411 533; baseline 0.005 -6"><span class='ocrx_word' id='word_1_554' title='bbox 1321 492 1552 529; x_wconf 88' lang='lat' dir='ltr'>interdictum</span> <span class='ocrx_word' id='word_1_555' title='bbox 1588 494 1709 530; x_wconf 88' lang='lat' dir='ltr'>locum</span> <span class='ocrx_word' id='word_1_556' title='bbox 1745 496 1868 532; x_wconf 88' lang='lat' dir='ltr'>habet.</span> <span class='ocrx_word' id='word_1_557' title='bbox 1915 496 1977 532; x_wconf 89' lang='lat' dir='ltr'>sed</span> <span class='ocrx_word' id='word_1_558' title='bbox 2015 500 2052 532; x_wconf 91' lang='lat' dir='ltr'>et</span> <span class='ocrx_word' id='word_1_559' title='bbox 2089 496 2122 533; x_wconf 89' lang='lat' dir='ltr'>si</span> <span class='ocrx_word' id='word_1_560' title='bbox 2157 507 2239 532; x_wconf 89' lang='lat' dir='ltr'>eum</span> <span class='ocrx_word' id='word_1_561' title='bbox 2277 497 2411 533; x_wconf 85' lang='lat' dir='ltr'>remisit</span> 
     </span>
     <span class='ocr_line' id='line_1_79' title="bbox 1347 538 2410 585; baseline 0.004 -12"><span class='ocrx_word' id='word_1_562' title='bbox 1347 538 1437 574; x_wconf 86' lang='lat' dir='ltr'>retio</span> <span class='ocrx_word' id='word_1_563' title='bbox 1469 549 1543 574; x_wconf 89' lang='lat' dir='ltr'>non</span> <span class='ocrx_word' id='word_1_564' title='bbox 1573 544 1743 585; x_wconf 84' lang='lat' dir='ltr'>accepto,</span> <span class='ocrx_word' id='word_1_565' title='bbox 1776 541 1967 577; x_wconf 90' lang='lat' dir='ltr'>dicendum</span> <span class='ocrx_word' id='word_1_566' title='bbox 1996 546 2052 578; x_wconf 87' lang='lat' dir='ltr'>est</span> <span class='ocrx_word' id='word_1_567' title='bbox 2079 541 2271 578; x_wconf 87' lang='lat' dir='ltr'>interdicto</span> <span class='ocrx_word' id='word_1_568' title='bbox 2294 542 2410 578; x_wconf 91' lang='lat' dir='ltr'>locum</span> 
     </span>
     <span class='ocr_line' id='line_1_80' title="bbox 1322 549 2412 668; baseline 0.005 -5"><span class='ocrx_word' id='word_1_569' title='bbox 1322 549 1429 664; x_wconf 54' lang='lat' dir='ltr'>{msa</span> <span class='ocrx_word' id='word_1_570' title='bbox 1452 584 2105 668; x_wconf 55' lang='lat' dir='ltr'>{km1’03ffi23ffl232313250m13222</span> <span class='ocrx_word' id='word_1_571' title='bbox 2131 587 2217 668; x_wconf 54' lang='lat'>:322⁸</span> <span class='ocrx_word' id='word_1_572' title='bbox 2235 588 2412 668; x_wconf 48' lang='lat' dir='ltr'>{aare</span> 
     </span>
     <span class='ocr_line' id='line_1_81' title="bbox 1321 641 2410 728; baseline 0.003 -19"><span class='ocrx_word' id='word_1_573' title='bbox 1321 641 1746 728; x_wconf 36' lang='lat' dir='ltr'>potestate-pigrumque</span> <span class='ocrx_word' id='word_1_574' title='bbox 1762 677 1839 713; x_wconf 90' lang='lat' dir='ltr'>sine</span> <span class='ocrx_word' id='word_1_575' title='bbox 1858 677 1942 714; x_wconf 93' lang='lat' dir='ltr'>dolo</span> <span class='ocrx_word' id='word_1_576' title='bbox 1958 659 2020 713; x_wconf 70' lang='lat' dir='ltr'>’ma</span> <span class='ocrx_word' id='word_1_577' title='bbox 2035 688 2055 714; x_wconf 96' lang='grc' dir='ltr'>ο</span> <span class='ocrx_word' id='word_1_578' title='bbox 2077 678 2199 714; x_wconf 77' lang='lat' dir='ltr'>facere</span> <span class='ocrx_word' id='word_1_579' title='bbox 2215 678 2410 714; x_wconf 80' lang='lat' dir='ltr'>videbitur:</span> 
     </span>
     <span class='ocr_line' id='line_1_82' title="bbox 1321 722 2412 766; baseline 0.004 -11"><span class='ocrx_word' id='word_1_580' title='bbox 1321 723 1438 765; x_wconf 79' lang='lat' dir='ltr'>pietas</span> <span class='ocrx_word' id='word_1_581' title='bbox 1470 730 1564 756; x_wconf 90' lang='lat' dir='ltr'>emm</span> <span class='ocrx_word' id='word_1_582' title='bbox 1591 722 1746 766; x_wconf 86' lang='lat' dir='ltr'>genuina</span> <span class='ocrx_word' id='word_1_583' title='bbox 1775 722 1886 758; x_wconf 85' lang='lat' dir='ltr'>efficit</span> <span class='ocrx_word' id='word_1_584' title='bbox 1915 723 1992 759; x_wconf 88' lang='lat' dir='ltr'>sine</span> <span class='ocrx_word' id='word_1_585' title='bbox 2021 723 2103 759; x_wconf 92' lang='lat' dir='ltr'>dolo</span> <span class='ocrx_word' id='word_1_586' title='bbox 2132 723 2227 759; x_wconf 90' lang='lat' dir='ltr'>malo</span> <span class='ocrx_word' id='word_1_587' title='bbox 2254 723 2412 766; x_wconf 88' lang='lat' dir='ltr'>retineri,</span> 
     </span>
     <span class='ocr_line' id='line_1_83' title="bbox 1322 764 2414 814; baseline 0.004 -14"><span class='ocrx_word' id='word_1_588' title='bbox 1322 764 1391 800; x_wconf 93' lang='lat' dir='ltr'>nisi</span> <span class='ocrx_word' id='word_1_589' title='bbox 1419 765 1450 801; x_wconf 87' lang='lat' dir='ltr'>si</span> <span class='ocrx_word' id='word_1_590' title='bbox 1479 766 1623 802; x_wconf 87' lang='lat' dir='ltr'>evidens</span> <span class='ocrx_word' id='word_1_591' title='bbox 1652 766 1756 803; x_wconf 90' lang='lat' dir='ltr'>dolus</span> <span class='ocrx_word' id='word_1_592' title='bbox 1787 768 1902 803; x_wconf 88' lang='lat' dir='ltr'>malus</span> <span class='ocrx_word' id='word_1_593' title='bbox 1935 768 2145 804; x_wconf 85' lang='lat' dir='ltr'>intercedat.</span> <span class='ocrx_word' id='word_1_594' title='bbox 2192 768 2343 814; x_wconf 85' lang='lat' dir='ltr'>proinde</span> <span class='ocrx_word' id='word_1_595' title='bbox 2378 772 2414 804; x_wconf 87' lang='lat' dir='ltr'>et</span> 
     </span>
     <span class='ocr_line' id='line_1_84' title="bbox 1322 810 2412 850; baseline 0.005 -5"><span class='ocrx_word' id='word_1_596' title='bbox 1322 810 1353 846; x_wconf 88' lang='lat' dir='ltr'>si</span> <span class='ocrx_word' id='word_1_597' title='bbox 1380 810 1550 846; x_wconf 88' lang='lat' dir='ltr'>libertum</span> <span class='ocrx_word' id='word_1_598' title='bbox 1580 821 1685 847; x_wconf 88' lang='lat' dir='ltr'>suum</span> <span class='ocrx_word' id='word_1_599' title='bbox 1713 812 1769 848; x_wconf 86' lang='lat' dir='ltr'>vel</span> <span class='ocrx_word' id='word_1_600' title='bbox 1797 813 1980 848; x_wconf 89' lang='lat' dir='ltr'>alumnum</span> <span class='ocrx_word' id='word_1_601' title='bbox 2010 814 2067 850; x_wconf 89' lang='lat' dir='ltr'>vel</span> <span class='ocrx_word' id='word_1_602' title='bbox 2102 824 2218 850; x_wconf 87' lang='lat' dir='ltr'>noxae</span> <span class='ocrx_word' id='word_1_603' title='bbox 2255 814 2412 850; x_wconf 88' lang='lat' dir='ltr'>deditum</span> 
     </span>
     <span class='ocr_line' id='line_1_85' title="bbox 1321 855 2412 905; baseline 0.005 -14"><span class='ocrx_word' id='word_1_604' title='bbox 1321 855 1441 892; x_wconf 86' lang='lat' dir='ltr'>adhuc</span> <span class='ocrx_word' id='word_1_605' title='bbox 1464 856 1686 902; x_wconf 90' lang='lat' dir='ltr'>impuberem</span> <span class='ocrx_word' id='word_1_606' title='bbox 1696 858 1721 902; x_wconf 84' lang='lat'>⁷,</span> <span class='ocrx_word' id='word_1_607' title='bbox 1749 857 1844 894; x_wconf 90' lang='lat' dir='ltr'>idem</span> <span class='ocrx_word' id='word_1_608' title='bbox 1868 858 1937 894; x_wconf 90' lang='lat' dir='ltr'>erit</span> <span class='ocrx_word' id='word_1_609' title='bbox 1959 858 2157 895; x_wconf 89' lang='lat' dir='ltr'>dicendum.</span> <span class='ocrx_word' id='word_1_610' title='bbox 2205 863 2242 895; x_wconf 90' lang='lat' dir='ltr'>et</span> <span class='ocrx_word' id='word_1_611' title='bbox 2263 869 2412 905; x_wconf 85' lang='lat' dir='ltr'>genera-</span> 
     </span>
     <span class='ocr_line' id='line_1_86' title="bbox 1319 901 2413 951; baseline 0.005 -15"><span class='ocrx_word' id='word_1_612' title='bbox 1319 901 1403 937; x_wconf 89' lang='lat' dir='ltr'>liter</span> <span class='ocrx_word' id='word_1_613' title='bbox 1434 902 1495 947; x_wconf 92' lang='lat' dir='ltr'>qui</span> <span class='ocrx_word' id='word_1_614' title='bbox 1527 902 1659 938; x_wconf 88' lang='lat' dir='ltr'>iustam</span> <span class='ocrx_word' id='word_1_615' title='bbox 1689 912 1836 939; x_wconf 88' lang='lat' dir='ltr'>causam</span> <span class='ocrx_word' id='word_1_616' title='bbox 1864 904 1975 939; x_wconf 86' lang='lat' dir='ltr'>habet</span> <span class='ocrx_word' id='word_1_617' title='bbox 2002 904 2155 941; x_wconf 90' lang='lat' dir='ltr'>hominis</span> <span class='ocrx_word' id='word_1_618' title='bbox 2183 904 2287 941; x_wconf 89' lang='lat' dir='ltr'>liberi</span> <span class='ocrx_word' id='word_1_619' title='bbox 2316 905 2413 951; x_wconf 87' lang='lat' dir='ltr'>apud</span> 
     </span>
     <span class='ocr_line' id='line_1_87' title="bbox 1321 947 2413 991; baseline 0.005 -10"><span class='ocrx_word' id='word_1_620' title='bbox 1321 950 1341 981; x_wconf 88' lang='lat'>5</span> <span class='ocrx_word' id='word_1_621' title='bbox 1389 956 1428 982; x_wconf 91' lang='lat' dir='ltr'>se</span> <span class='ocrx_word' id='word_1_622' title='bbox 1459 947 1655 991; x_wconf 88' lang='lat' dir='ltr'>retinendi,</span> <span class='ocrx_word' id='word_1_623' title='bbox 1688 959 1761 984; x_wconf 90' lang='lat' dir='ltr'>non</span> <span class='ocrx_word' id='word_1_624' title='bbox 1788 949 1929 984; x_wconf 84' lang='lat' dir='ltr'>videtur</span> <span class='ocrx_word' id='word_1_625' title='bbox 1959 949 2042 985; x_wconf 92' lang='lat' dir='ltr'>dolo</span> <span class='ocrx_word' id='word_1_626' title='bbox 2074 950 2169 986; x_wconf 90' lang='lat' dir='ltr'>malo</span> <span class='ocrx_word' id='word_1_627' title='bbox 2198 949 2330 986; x_wconf 84' lang='lat' dir='ltr'>facere.</span> <span class='ocrx_word' id='word_1_628' title='bbox 2376 950 2413 985; x_wconf 91' lang='lat' dir='ltr'>Si</span> 
     </span>
     <span class='ocr_line' id='line_1_88' title="bbox 1321 992 2412 1038; baseline 0.003 -11"><span class='ocrx_word' id='word_1_629' title='bbox 1321 992 1401 1037; x_wconf 91' lang='lat' dir='ltr'>quis</span> <span class='ocrx_word' id='word_1_630' title='bbox 1425 992 1602 1029; x_wconf 86' lang='lat' dir='ltr'>volentem</span> <span class='ocrx_word' id='word_1_631' title='bbox 1625 993 1794 1038; x_wconf 88' lang='lat' dir='ltr'>retineat,</span> <span class='ocrx_word' id='word_1_632' title='bbox 1825 1005 1899 1030; x_wconf 90' lang='lat' dir='ltr'>non</span> <span class='ocrx_word' id='word_1_633' title='bbox 1928 994 2070 1030; x_wconf 85' lang='lat' dir='ltr'>videtur</span> <span class='ocrx_word' id='word_1_634' title='bbox 2098 995 2180 1031; x_wconf 93' lang='lat' dir='ltr'>dolo</span> <span class='ocrx_word' id='word_1_635' title='bbox 2208 996 2303 1031; x_wconf 86' lang='lat' dir='ltr'>malo</span> <span class='ocrx_word' id='word_1_636' title='bbox 2328 996 2412 1032; x_wconf 90' lang='lat' dir='ltr'>reti-</span> 
     </span>
     <span class='ocr_line' id='line_1_89' title="bbox 1322 1038 2413 1085; baseline 0.005 -13"><span class='ocrx_word' id='word_1_637' title='bbox 1322 1047 1418 1073; x_wconf 89' lang='lat' dir='ltr'>nere.</span> <span class='ocrx_word' id='word_1_638' title='bbox 1466 1038 1531 1074; x_wconf 90' lang='lat' dir='ltr'>sed</span> <span class='ocrx_word' id='word_1_639' title='bbox 1568 1038 1654 1084; x_wconf 89' lang='lat' dir='ltr'>quid</span> <span class='ocrx_word' id='word_1_640' title='bbox 1689 1039 1721 1075; x_wconf 91' lang='lat' dir='ltr'>si</span> <span class='ocrx_word' id='word_1_641' title='bbox 1750 1039 1928 1075; x_wconf 85' lang='lat' dir='ltr'>volentem</span> <span class='ocrx_word' id='word_1_642' title='bbox 1957 1040 2100 1085; x_wconf 88' lang='lat' dir='ltr'>quidem</span> <span class='ocrx_word' id='word_1_643' title='bbox 2130 1041 2301 1084; x_wconf 87' lang='lat' dir='ltr'>retineat,</span> <span class='ocrx_word' id='word_1_644' title='bbox 2340 1052 2413 1077; x_wconf 88' lang='lat' dir='ltr'>non</span> 
     </span>
     <span class='ocr_line' id='line_1_90' title="bbox 1322 1083 2413 1122; baseline 0.004 -4"><span class='ocrx_word' id='word_1_645' title='bbox 1322 1086 1444 1118; x_wconf 85' lang='lat' dir='ltr'>tamen</span> <span class='ocrx_word' id='word_1_646' title='bbox 1467 1083 1543 1120; x_wconf 88' lang='lat' dir='ltr'>sine</span> <span class='ocrx_word' id='word_1_647' title='bbox 1568 1084 1765 1120; x_wconf 87' lang='lat' dir='ltr'>calliditate</span> <span class='ocrx_word' id='word_1_648' title='bbox 1784 1085 2064 1121; x_wconf 88' lang='lat' dir='ltr'>circumventum</span> <span class='ocrx_word' id='word_1_649' title='bbox 2080 1086 2136 1122; x_wconf 85' lang='lat' dir='ltr'>vel</span> <span class='ocrx_word' id='word_1_650' title='bbox 2154 1086 2339 1122; x_wconf 90' lang='lat' dir='ltr'>seductum</span> <span class='ocrx_word' id='word_1_651' title='bbox 2359 1087 2413 1122; x_wconf 88' lang='lat' dir='ltr'>vel</span> 
     </span>
     <span class='ocr_line' id='line_1_91' title="bbox 1322 1128 2413 1177; baseline 0.004 -14"><span class='ocrx_word' id='word_1_652' title='bbox 1322 1128 1573 1173; x_wconf 88' lang='lat' dir='ltr'>sollicitatum,</span> <span class='ocrx_word' id='word_1_653' title='bbox 1605 1140 1722 1175; x_wconf 91' lang='lat' dir='ltr'>neque</span> <span class='ocrx_word' id='word_1_654' title='bbox 1752 1130 1849 1166; x_wconf 88' lang='lat' dir='ltr'>bona</span> <span class='ocrx_word' id='word_1_655' title='bbox 1879 1130 1936 1167; x_wconf 84' lang='lat' dir='ltr'>vel</span> <span class='ocrx_word' id='word_1_656' title='bbox 1966 1131 2146 1177; x_wconf 89' lang='lat' dir='ltr'>probabili</span> <span class='ocrx_word' id='word_1_657' title='bbox 2175 1132 2315 1168; x_wconf 88' lang='lat' dir='ltr'>ratione</span> <span class='ocrx_word' id='word_1_658' title='bbox 2343 1132 2413 1168; x_wconf 93' lang='lat' dir='ltr'>hoc</span> 
     </span>
     <span class='ocr_line' id='line_1_92' title="bbox 1322 1173 2413 1223; baseline 0.004 -14"><span class='ocrx_word' id='word_1_659' title='bbox 1322 1177 1341 1209; x_wconf 87' lang='grc'><strong>6</strong></span> <span class='ocrx_word' id='word_1_660' title='bbox 1388 1173 1504 1210; x_wconf 80' lang='lat' dir='ltr'>facit?</span> <span class='ocrx_word' id='word_1_661' title='bbox 1542 1178 1641 1211; x_wconf 89' lang='lat' dir='ltr'>recte</span> <span class='ocrx_word' id='word_1_662' title='bbox 1665 1175 1806 1211; x_wconf 87' lang='lat' dir='ltr'>dicetur</span> <span class='ocrx_word' id='word_1_663' title='bbox 1829 1175 1912 1212; x_wconf 91' lang='lat' dir='ltr'>dolo</span> <span class='ocrx_word' id='word_1_664' title='bbox 1934 1177 2029 1212; x_wconf 87' lang='lat' dir='ltr'>malo</span> <span class='ocrx_word' id='word_1_665' title='bbox 2053 1176 2219 1213; x_wconf 88' lang='lat' dir='ltr'>retinere.</span> <span class='ocrx_word' id='word_1_666' title='bbox 2267 1178 2320 1220; x_wconf 90' lang='lat' dir='ltr'>Is,</span> <span class='ocrx_word' id='word_1_667' title='bbox 2353 1178 2413 1223; x_wconf 90' lang='lat' dir='ltr'>qui</span> 
     </span>
     <span class='ocr_line' id='line_1_93' title="bbox 1320 1219 2412 1266; baseline 0.004 -12"><span class='ocrx_word' id='word_1_668' title='bbox 1320 1219 1437 1254; x_wconf 88' lang='lat' dir='ltr'>nescit</span> <span class='ocrx_word' id='word_1_669' title='bbox 1466 1220 1565 1266; x_wconf 90' lang='lat' dir='ltr'>apud</span> <span class='ocrx_word' id='word_1_670' title='bbox 1593 1231 1633 1256; x_wconf 88' lang='lat' dir='ltr'>se</span> <span class='ocrx_word' id='word_1_671' title='bbox 1661 1231 1740 1257; x_wconf 88' lang='lat' dir='ltr'>esse</span> <span class='ocrx_word' id='word_1_672' title='bbox 1775 1221 1955 1257; x_wconf 88' lang='lat' dir='ltr'>hominem</span> <span class='ocrx_word' id='word_1_673' title='bbox 1991 1222 2160 1265; x_wconf 89' lang='lat' dir='ltr'>liberum,</span> <span class='ocrx_word' id='word_1_674' title='bbox 2200 1222 2289 1259; x_wconf 83' lang='lat' dir='ltr'>dolo·</span> <span class='ocrx_word' id='word_1_675' title='bbox 2318 1223 2412 1258; x_wconf 91' lang='lat' dir='ltr'>malo</span> 
     </span>
     <span class='ocr_line' id='line_1_94' title="bbox 1321 1265 2413 1311; baseline 0.004 -11"><span class='ocrx_word' id='word_1_676' title='bbox 1321 1268 1439 1300; x_wconf 84' lang='lat' dir='ltr'>caret:</span> <span class='ocrx_word' id='word_1_677' title='bbox 1480 1265 1544 1301; x_wconf 90' lang='lat' dir='ltr'>sed</span> <span class='ocrx_word' id='word_1_678' title='bbox 1575 1265 1638 1301; x_wconf 93' lang='lat' dir='ltr'>ubi</span> <span class='ocrx_word' id='word_1_679' title='bbox 1670 1266 1885 1302; x_wconf 86' lang='lat' dir='ltr'>certioratus</span> <span class='ocrx_word' id='word_1_680' title='bbox 1914 1267 2064 1311; x_wconf 88' lang='lat' dir='ltr'>retinet,</span> <span class='ocrx_word' id='word_1_681' title='bbox 2103 1267 2185 1303; x_wconf 92' lang='lat' dir='ltr'>dolo</span> <span class='ocrx_word' id='word_1_682' title='bbox 2215 1269 2309 1304; x_wconf 88' lang='lat' dir='ltr'>malo</span> <span class='ocrx_word' id='word_1_683' title='bbox 2341 1279 2413 1303; x_wconf 92' lang='lat' dir='ltr'>non</span> 
     </span>
     <span class='ocr_line' id='line_1_95' title="bbox 1321 1310 2412 1355; baseline 0.004 -10"><span class='ocrx_word' id='word_1_684' title='bbox 1321 1313 1339 1344; x_wconf 86' lang='lat'><strong>7</strong></span> <span class='ocrx_word' id='word_1_685' title='bbox 1389 1314 1500 1346; x_wconf 86' lang='lat' dir='ltr'>caret.</span> <span class='ocrx_word' id='word_1_686' title='bbox 1547 1310 1661 1347; x_wconf 86' lang='lat' dir='ltr'>Plane</span> <span class='ocrx_word' id='word_1_687' title='bbox 1684 1312 1715 1347; x_wconf 90' lang='lat' dir='ltr'>si</span> <span class='ocrx_word' id='word_1_688' title='bbox 1747 1311 1904 1355; x_wconf 90' lang='lat' dir='ltr'>dubitat,</span> <span class='ocrx_word' id='word_1_689' title='bbox 1936 1321 2059 1348; x_wconf 85' lang='lat' dir='ltr'>utrum</span> <span class='ocrx_word' id='word_1_690' title='bbox 2087 1312 2181 1348; x_wconf 88' lang='lat' dir='ltr'>liber</span> <span class='ocrx_word' id='word_1_691' title='bbox 2211 1323 2259 1349; x_wconf 89' lang='lat' dir='ltr'>an</span> <span class='ocrx_word' id='word_1_692' title='bbox 2289 1324 2412 1350; x_wconf 89' lang='lat' dir='ltr'>servus</span> 
     </span>
     <span class='ocr_line' id='line_1_96' title="bbox 1320 1355 2414 1402; baseline 0.005 -12"><span class='ocrx_word' id='word_1_693' title='bbox 1320 1355 1382 1398; x_wconf 92' lang='lat' dir='ltr'>sit,</span> <span class='ocrx_word' id='word_1_694' title='bbox 1411 1356 1469 1391; x_wconf 89' lang='lat' dir='ltr'>vel</span> <span class='ocrx_word' id='word_1_695' title='bbox 1497 1356 1587 1392; x_wconf 84' lang='lat' dir='ltr'>facit</span> <span class='ocrx_word' id='word_1_696' title='bbox 1610 1360 1727 1393; x_wconf 90' lang='lat' dir='ltr'>status</span> <span class='ocrx_word' id='word_1_697' title='bbox 1752 1359 2050 1402; x_wconf 84' lang='lat' dir='ltr'>controversiam,</span> <span class='ocrx_word' id='word_1_698' title='bbox 2082 1358 2322 1395; x_wconf 89' lang='lat' dir='ltr'>recedendum</span> <span class='ocrx_word' id='word_1_699' title='bbox 2345 1359 2414 1395; x_wconf 89' lang='lat' dir='ltr'>erit</span> 
     </span>
     <span class='ocr_line' id='line_1_97' title="bbox 1321 1401 2412 1449; baseline 0.005 -14"><span class='ocrx_word' id='word_1_700' title='bbox 1321 1401 1368 1436; x_wconf 87' lang='lat' dir='ltr'>ab</span> <span class='ocrx_word' id='word_1_701' title='bbox 1392 1401 1463 1437; x_wconf 86' lang='lat' dir='ltr'>hoc</span> <span class='ocrx_word' id='word_1_702' title='bbox 1486 1402 1678 1441; x_wconf 89' lang='lat' dir='ltr'>interdicto</span> <span class='ocrx_word' id='word_1_703' title='bbox 1703 1407 1740 1438; x_wconf 88' lang='lat' dir='ltr'>et</span> <span class='ocrx_word' id='word_1_704' title='bbox 1763 1403 1902 1449; x_wconf 85' lang='lat' dir='ltr'>agenda</span> <span class='ocrx_word' id='word_1_705' title='bbox 1927 1413 2037 1439; x_wconf 86' lang='lat' dir='ltr'>causa</span> <span class='ocrx_word' id='word_1_706' title='bbox 2058 1403 2246 1440; x_wconf 85' lang='lat' dir='ltr'>libertatis.</span> <span class='ocrx_word' id='word_1_707' title='bbox 2284 1405 2412 1440; x_wconf 86' lang='lat' dir='ltr'>etenim</span> 
     </span>
     <span class='ocr_line' id='line_1_98' title="bbox 1320 1447 2413 1493; baseline 0.004 -12"><span class='ocrx_word' id='word_1_708' title='bbox 1320 1450 1418 1482; x_wconf 90' lang='lat' dir='ltr'>recte</span> <span class='ocrx_word' id='word_1_709' title='bbox 1455 1447 1594 1493; x_wconf 91' lang='lat' dir='ltr'>placuit</span> <span class='ocrx_word' id='word_1_710' title='bbox 1628 1452 1716 1484; x_wconf 90' lang='lat' dir='ltr'>tunc</span> <span class='ocrx_word' id='word_1_711' title='bbox 1755 1448 1897 1484; x_wconf 91' lang='lat' dir='ltr'>demum</span> <span class='ocrx_word' id='word_1_712' title='bbox 1933 1449 2004 1485; x_wconf 90' lang='lat' dir='ltr'>hoc</span> <span class='ocrx_word' id='word_1_713' title='bbox 2035 1449 2264 1486; x_wconf 90' lang='lat' dir='ltr'>interdictum</span> <span class='ocrx_word' id='word_1_714' title='bbox 2294 1450 2413 1486; x_wconf 90' lang='lat' dir='ltr'>locum</span> 
     </span>
     <span class='ocr_line' id='line_1_99' title="bbox 1320 1492 2413 1539; baseline 0.003 -12"><span class='ocrx_word' id='word_1_715' title='bbox 1320 1492 1465 1536; x_wconf 87' lang='lat' dir='ltr'>habere,</span> <span class='ocrx_word' id='word_1_716' title='bbox 1490 1494 1654 1538; x_wconf 85' lang='lat' dir='ltr'>quotiens</span> <span class='ocrx_word' id='word_1_717' title='bbox 1678 1493 1758 1539; x_wconf 88' lang='lat' dir='ltr'>quis</span> <span class='ocrx_word' id='word_1_718' title='bbox 1780 1505 1848 1539; x_wconf 89' lang='lat' dir='ltr'>pro</span> <span class='ocrx_word' id='word_1_719' title='bbox 1873 1498 1970 1530; x_wconf 88' lang='lat' dir='ltr'>certo</span> <span class='ocrx_word' id='word_1_720' title='bbox 1993 1494 2085 1531; x_wconf 92' lang='lat' dir='ltr'>liber</span> <span class='ocrx_word' id='word_1_721' title='bbox 2102 1499 2175 1531; x_wconf 86' lang='lat' dir='ltr'>est:</span> <span class='ocrx_word' id='word_1_722' title='bbox 2201 1498 2358 1531; x_wconf 88' lang='lat' dir='ltr'>ceterum</span> <span class='ocrx_word' id='word_1_723' title='bbox 2382 1496 2413 1531; x_wconf 91' lang='lat' dir='ltr'>si</span> 
     </span>
     <span class='ocr_line' id='line_1_100' title="bbox 1321 1538 2414 1586; baseline 0.003 -13"><span class='ocrx_word' id='word_1_724' title='bbox 1321 1541 1519 1583; x_wconf 85' lang='lat' dir='ltr'>quaeratur</span> <span class='ocrx_word' id='word_1_725' title='bbox 1549 1538 1594 1574; x_wconf 89' lang='lat' dir='ltr'>de</span> <span class='ocrx_word' id='word_1_726' title='bbox 1626 1543 1742 1583; x_wconf 88' lang='lat' dir='ltr'>statu,</span> <span class='ocrx_word' id='word_1_727' title='bbox 1773 1550 1847 1575; x_wconf 92' lang='lat' dir='ltr'>non</span> <span class='ocrx_word' id='word_1_728' title='bbox 1876 1543 2020 1586; x_wconf 90' lang='lat' dir='ltr'>oportet</span> <span class='ocrx_word' id='word_1_729' title='bbox 2047 1540 2304 1586; x_wconf 83' lang='lat' dir='ltr'>praeiudicium</span> <span class='ocrx_word' id='word_1_730' title='bbox 2335 1541 2414 1577; x_wconf 86' lang='lat' dir='ltr'>fieri</span> 
     </span>
     <span class='ocr_line' id='line_1_101' title="bbox 1321 1583 2411 1631; baseline 0.004 -13"><span class='ocrx_word' id='word_1_731' title='bbox 1321 1586 1341 1618; x_wconf 89' lang='lat'>8</span> <span class='ocrx_word' id='word_1_732' title='bbox 1389 1583 1528 1620; x_wconf 87' lang='lat' dir='ltr'>alienae</span> <span class='ocrx_word' id='word_1_733' title='bbox 1559 1585 1762 1630; x_wconf 83' lang='lat' dir='ltr'>cognitioni.</span> <span class='ocrx_word' id='word_1_734' title='bbox 1817 1585 1880 1620; x_wconf 91' lang='lat' dir='ltr'>Ait</span> <span class='ocrx_word' id='word_1_735' title='bbox 1913 1588 2062 1631; x_wconf 88' lang='lat' dir='ltr'>praetor</span> <span class='ocrx_word' id='word_1_736' title='bbox 2095 1586 2302 1622; x_wconf 84' lang='lat' dir='ltr'>‘exhibeas’.</span> <span class='ocrx_word' id='word_1_737' title='bbox 2350 1597 2411 1622; x_wconf 87' lang='lat' dir='ltr'>ex·</span> 
     </span>
     <span class='ocr_line' id='line_1_102' title="bbox 1319 1628 2412 1677; baseline 0.004 -13"><span class='ocrx_word' id='word_1_738' title='bbox 1319 1628 1445 1665; x_wconf 91' lang='lat' dir='ltr'>hibere</span> <span class='ocrx_word' id='word_1_739' title='bbox 1469 1632 1525 1665; x_wconf 88' lang='lat' dir='ltr'>est</span> <span class='ocrx_word' id='word_1_740' title='bbox 1546 1630 1584 1665; x_wconf 93' lang='lat' dir='ltr'>in</span> <span class='ocrx_word' id='word_1_741' title='bbox 1606 1630 1791 1675; x_wconf 89' lang='lat' dir='ltr'>publicum</span> <span class='ocrx_word' id='word_1_742' title='bbox 1813 1630 2015 1676; x_wconf 90' lang='lat' dir='ltr'>producere</span> <span class='ocrx_word' id='word_1_743' title='bbox 2038 1634 2076 1667; x_wconf 91' lang='lat' dir='ltr'>et</span> <span class='ocrx_word' id='word_1_744' title='bbox 2097 1631 2240 1667; x_wconf 82' lang='lat' dir='ltr'>videndi</span> <span class='ocrx_word' id='word_1_745' title='bbox 2262 1635 2412 1677; x_wconf 86' lang='lat' dir='ltr'>tangen-</span> 
     </span>
     <span class='ocr_line' id='line_1_103' title="bbox 1321 1674 2413 1722; baseline 0.003 -12"><span class='ocrx_word' id='word_1_746' title='bbox 1321 1674 1428 1719; x_wconf 86' lang='lat' dir='ltr'>dique</span> <span class='ocrx_word' id='word_1_747' title='bbox 1456 1675 1609 1711; x_wconf 89' lang='lat' dir='ltr'>hominis</span> <span class='ocrx_word' id='word_1_748' title='bbox 1639 1675 1849 1711; x_wconf 85' lang='lat' dir='ltr'>facultatem</span> <span class='ocrx_word' id='word_1_749' title='bbox 1876 1677 2070 1722; x_wconf 86' lang='lat' dir='ltr'>praebere:</span> <span class='ocrx_word' id='word_1_750' title='bbox 2108 1677 2254 1722; x_wconf 81' lang='lat' dir='ltr'>proprie</span> <span class='ocrx_word' id='word_1_751' title='bbox 2293 1682 2413 1713; x_wconf 85' lang='lat' dir='ltr'>autem</span> 
     </span>
     <span class='ocr_line' id='line_1_104' title="bbox 1321 1719 2412 1759; baseline 0.003 -4"><span class='ocrx_word' id='word_1_752' title='bbox 1321 1722 1341 1755; x_wconf 88' lang='grc'>9</span> <span class='ocrx_word' id='word_1_753' title='bbox 1388 1719 1557 1756; x_wconf 88' lang='lat' dir='ltr'>exhibere</span> <span class='ocrx_word' id='word_1_754' title='bbox 1587 1723 1644 1756; x_wconf 91' lang='lat' dir='ltr'>est</span> <span class='ocrx_word' id='word_1_755' title='bbox 1674 1724 1777 1757; x_wconf 88' lang='lat' dir='ltr'>extra</span> <span class='ocrx_word' id='word_1_756' title='bbox 1807 1725 1985 1757; x_wconf 86' lang='lat' dir='ltr'>secretum</span> <span class='ocrx_word' id='word_1_757' title='bbox 2009 1723 2152 1758; x_wconf 86' lang='lat' dir='ltr'>habere.</span> <span class='ocrx_word' id='word_1_758' title='bbox 2199 1722 2279 1759; x_wconf 92' lang='lat' dir='ltr'>Hoc</span> <span class='ocrx_word' id='word_1_759' title='bbox 2301 1723 2412 1758; x_wconf 90' lang='lat' dir='ltr'>inter-</span> 
     </span>
     <span class='ocr_line' id='line_1_105' title="bbox 1320 1765 2412 1814; baseline 0.005 -14"><span class='ocrx_word' id='word_1_760' title='bbox 1320 1765 1455 1801; x_wconf 90' lang='lat' dir='ltr'>dictum</span> <span class='ocrx_word' id='word_1_761' title='bbox 1486 1766 1652 1802; x_wconf 89' lang='lat' dir='ltr'>omnibus</span> <span class='ocrx_word' id='word_1_762' title='bbox 1685 1767 1873 1812; x_wconf 90' lang='lat' dir='ltr'>competit:</span> <span class='ocrx_word' id='word_1_763' title='bbox 1906 1778 2009 1803; x_wconf 89' lang='lat' dir='ltr'>nemo</span> <span class='ocrx_word' id='word_1_764' title='bbox 2043 1767 2136 1803; x_wconf 91' lang='lat' dir='ltr'>enim</span> <span class='ocrx_word' id='word_1_765' title='bbox 2166 1768 2412 1814; x_wconf 86' lang='lat' dir='ltr'>prohibendus</span> 
     </span>
     <span class='ocr_line' id='line_1_106' title="bbox 1323 1811 2413 1859; baseline 0.004 -13"><span class='ocrx_word' id='word_1_766' title='bbox 1323 1814 1364 1846; x_wconf 86' lang='lat'>10</span> <span class='ocrx_word' id='word_1_767' title='bbox 1411 1814 1467 1846; x_wconf 89' lang='lat' dir='ltr'>est</span> <span class='ocrx_word' id='word_1_768' title='bbox 1494 1811 1655 1847; x_wconf 87' lang='lat' dir='ltr'>libertati</span> <span class='ocrx_word' id='word_1_769' title='bbox 1683 1811 1815 1848; x_wconf 85' lang='lat' dir='ltr'>favere.</span> <span class='ocrx_word' id='word_1_770' title='bbox 1863 1812 1976 1848; x_wconf 88' lang='lat' dir='ltr'>Plane</span> <span class='ocrx_word' id='word_1_771' title='bbox 2008 1823 2051 1849; x_wconf 86' lang='lat' dir='ltr'>ex</span> <span class='ocrx_word' id='word_1_772' title='bbox 2082 1823 2193 1849; x_wconf 86' lang='lat' dir='ltr'>causa</span> <span class='ocrx_word' id='word_1_773' title='bbox 2223 1818 2413 1859; x_wconf 90' lang='lat' dir='ltr'>suspectae</span> 
     </span>
     <span class='ocr_line' id='line_1_107' title="bbox 1318 1857 2412 1905; baseline 0.002 -13"><span class='ocrx_word' id='word_1_774' title='bbox 1318 1866 1496 1903; x_wconf 88' lang='lat' dir='ltr'>personae</span> <span class='ocrx_word' id='word_1_775' title='bbox 1518 1857 1755 1894; x_wconf 88' lang='lat' dir='ltr'>removendae</span> <span class='ocrx_word' id='word_1_776' title='bbox 1774 1860 1875 1901; x_wconf 85' lang='lat' dir='ltr'>sunt,</span> <span class='ocrx_word' id='word_1_777' title='bbox 1900 1858 1932 1894; x_wconf 91' lang='lat' dir='ltr'>si</span> <span class='ocrx_word' id='word_1_778' title='bbox 1953 1858 2047 1894; x_wconf 82' lang='lat' dir='ltr'>forte</span> <span class='ocrx_word' id='word_1_779' title='bbox 2070 1858 2153 1895; x_wconf 85' lang='lat' dir='ltr'>talis</span> <span class='ocrx_word' id='word_1_780' title='bbox 2175 1869 2332 1905; x_wconf 90' lang='lat' dir='ltr'>persona</span> <span class='ocrx_word' id='word_1_781' title='bbox 2354 1860 2412 1902; x_wconf 92' lang='lat' dir='ltr'>sit,</span> 
     </span>
     <span class='ocr_line' id='line_1_108' title="bbox 1326 1902 2413 1947; baseline 0.005 -11"><span class='ocrx_word' id='word_1_782' title='bbox 1326 1905 1360 1937; x_wconf 82' lang='lat'>11</span> <span class='ocrx_word' id='word_1_783' title='bbox 1411 1912 1520 1947; x_wconf 89' lang='lat' dir='ltr'>quam</span> <span class='ocrx_word' id='word_1_784' title='bbox 1535 1902 1726 1938; x_wconf 85' lang='lat' dir='ltr'>verisimile</span> <span class='ocrx_word' id='word_1_785' title='bbox 1744 1906 1799 1939; x_wconf 91' lang='lat' dir='ltr'>est</span> <span class='ocrx_word' id='word_1_786' title='bbox 1816 1903 1996 1939; x_wconf 90' lang='lat' dir='ltr'>coHudere</span> <span class='ocrx_word' id='word_1_787' title='bbox 2012 1904 2070 1940; x_wconf 82' lang='lat' dir='ltr'>vel</span> <span class='ocrx_word' id='word_1_788' title='bbox 2087 1903 2308 1940; x_wconf 86' lang='lat' dir='ltr'>calumniari.</span> <span class='ocrx_word' id='word_1_789' title='bbox 2341 1904 2413 1941; x_wconf 89' lang='lat' dir='ltr'>Sed</span> 
     </span>
     <span class='ocr_line' id='line_1_109' title="bbox 1321 1947 2412 1994; baseline 0.004 -12"><span class='ocrx_word' id='word_1_790' title='bbox 1321 1950 1356 1982; x_wconf 88' lang='lat' dir='ltr'>et</span> <span class='ocrx_word' id='word_1_791' title='bbox 1379 1948 1410 1983; x_wconf 87' lang='lat' dir='ltr'>si</span> <span class='ocrx_word' id='word_1_792' title='bbox 1432 1947 1559 1983; x_wconf 90' lang='lat' dir='ltr'>mulier</span> <span class='ocrx_word' id='word_1_793' title='bbox 1582 1948 1639 1983; x_wconf 88' lang='lat' dir='ltr'>vel</span> <span class='ocrx_word' id='word_1_794' title='bbox 1660 1948 1819 1994; x_wconf 89' lang='lat' dir='ltr'>pupillus</span> <span class='ocrx_word' id='word_1_795' title='bbox 1843 1949 1914 1985; x_wconf 90' lang='lat' dir='ltr'>hoc</span> <span class='ocrx_word' id='word_1_796' title='bbox 1936 1949 2167 1985; x_wconf 87' lang='lat' dir='ltr'>interdictum</span> <span class='ocrx_word' id='word_1_797' title='bbox 2187 1949 2412 1986; x_wconf 72' lang='lat' dir='ltr'>desiderent¹3</span> 
     </span>
     <span class='ocr_line' id='line_1_110' title="bbox 1345 1993 2410 2039; baseline 0.004 -11"><span class='ocrx_word' id='word_1_798' title='bbox 1345 2003 1385 2028; x_wconf 91' lang='lat' dir='ltr'>ro</span> <span class='ocrx_word' id='word_1_799' title='bbox 1410 1996 1564 2038; x_wconf 77' lang='lat' dir='ltr'>cognato</span> <span class='ocrx_word' id='word_1_800' title='bbox 1586 1993 1644 2029; x_wconf 79' lang='lat' dir='ltr'>vel</span> <span class='ocrx_word' id='word_1_801' title='bbox 1666 1998 1817 2039; x_wconf 88' lang='lat' dir='ltr'>parente</span> <span class='ocrx_word' id='word_1_802' title='bbox 1839 1994 1897 2030; x_wconf 82' lang='lat' dir='ltr'>vel</span> <span class='ocrx_word' id='word_1_803' title='bbox 1920 1994 2038 2030; x_wconf 90' lang='lat' dir='ltr'>adfine</span> <span class='ocrx_word' id='word_1_804' title='bbox 2056 2005 2124 2032; x_wconf 89' lang='lat' dir='ltr'>suo</span> <span class='ocrx_word' id='word_1_805' title='bbox 2141 1995 2297 2038; x_wconf 86' lang='lat' dir='ltr'>solliciti,</span> <span class='ocrx_word' id='word_1_806' title='bbox 2322 1996 2410 2032; x_wconf 91' lang='lat' dir='ltr'>dan—</span> 
     </span>
     <span class='ocr_line' id='line_1_111' title="bbox 1320 2004 2411 2087; baseline 0.004 -14"><span class='ocrx_word' id='word_1_807' title='bbox 1320 2004 1405 2073; x_wconf 57' lang='lat' dir='ltr'>gum</span> <span class='ocrx_word' id='word_1_808' title='bbox 1428 2048 1510 2074; x_wconf 85' lang='lat' dir='ltr'>esse</span> <span class='ocrx_word' id='word_1_809' title='bbox 1532 2039 1584 2075; x_wconf 91' lang='lat' dir='ltr'>eis</span> <span class='ocrx_word' id='word_1_810' title='bbox 1607 2039 1837 2075; x_wconf 88' lang='lat' dir='ltr'>interdictum</span> <span class='ocrx_word' id='word_1_811' title='bbox 1861 2039 2052 2076; x_wconf 90' lang='lat' dir='ltr'>dicendum</span> <span class='ocrx_word' id='word_1_812' title='bbox 2075 2045 2149 2076; x_wconf 85' lang='lat' dir='ltr'>est:</span> <span class='ocrx_word' id='word_1_813' title='bbox 2178 2051 2262 2076; x_wconf 90' lang='lat' dir='ltr'>nam</span> <span class='ocrx_word' id='word_1_814' title='bbox 2285 2044 2322 2077; x_wconf 93' lang='lat' dir='ltr'>et</span> <span class='ocrx_word' id='word_1_815' title='bbox 2343 2052 2411 2087; x_wconf 89' lang='lat' dir='ltr'>pu-</span> 
     </span>
     <span class='ocr_line' id='line_1_112' title="bbox 1318 2083 2410 2131; baseline 0.003 -12"><span class='ocrx_word' id='word_1_816' title='bbox 1318 2083 1415 2119; x_wconf 87' lang='lat' dir='ltr'>blico</span> <span class='ocrx_word' id='word_1_817' title='bbox 1438 2083 1572 2120; x_wconf 90' lang='lat' dir='ltr'>iudicio</span> <span class='ocrx_word' id='word_1_818' title='bbox 1596 2094 1678 2120; x_wconf 89' lang='lat' dir='ltr'>reos</span> <span class='ocrx_word' id='word_1_819' title='bbox 1701 2084 1822 2121; x_wconf 84' lang='lat' dir='ltr'>facere</span> <span class='ocrx_word' id='word_1_820' title='bbox 1846 2089 2009 2131; x_wconf 85' lang='lat' dir='ltr'>possunt,</span> <span class='ocrx_word' id='word_1_821' title='bbox 2034 2086 2120 2121; x_wconf 90' lang='lat' dir='ltr'>dum</span> <span class='ocrx_word' id='word_1_822' title='bbox 2142 2096 2229 2122; x_wconf 89' lang='lat' dir='ltr'>suas</span> <span class='ocrx_word' id='word_1_823' title='bbox 2247 2096 2410 2122; x_wconf 89' lang='lat' dir='ltr'>suorum-</span> 
     </span>
     <span class='ocr_line' id='line_1_113' title="bbox 1325 2129 2411 2177; baseline 0.005 -14"><span class='ocrx_word' id='word_1_824' title='bbox 1325 2132 1363 2164; x_wconf 87' lang='lat'>12</span> <span class='ocrx_word' id='word_1_825' title='bbox 1412 2139 1482 2175; x_wconf 88' lang='lat' dir='ltr'>que</span> <span class='ocrx_word' id='word_1_826' title='bbox 1504 2129 1655 2166; x_wconf 85' lang='lat' dir='ltr'>iniurias</span> <span class='ocrx_word' id='word_1_827' title='bbox 1679 2134 1936 2176; x_wconf 89' lang='lat' dir='ltr'>exsequuntur.</span> <span class='ocrx_word' id='word_1_828' title='bbox 1973 2131 2011 2166; x_wconf 88' lang='lat' dir='ltr'>Si</span> <span class='ocrx_word' id='word_1_829' title='bbox 2033 2135 2154 2168; x_wconf 90' lang='lat' dir='ltr'>tamen</span> <span class='ocrx_word' id='word_1_830' title='bbox 2171 2131 2294 2177; x_wconf 87' lang='lat' dir='ltr'>plures</span> <span class='ocrx_word' id='word_1_831' title='bbox 2314 2136 2411 2175; x_wconf 85' lang='lat' dir='ltr'>sunt,</span> 
     </span>
     <span class='ocr_line' id='line_1_114' title="bbox 1319 2174 2411 2223; baseline 0.003 -13"><span class='ocrx_word' id='word_1_832' title='bbox 1319 2174 1380 2220; x_wconf 90' lang='lat' dir='ltr'>qui</span> <span class='ocrx_word' id='word_1_833' title='bbox 1397 2174 1553 2220; x_wconf 87' lang='lat' dir='ltr'>experiri</span> <span class='ocrx_word' id='word_1_834' title='bbox 1573 2175 1706 2219; x_wconf 87' lang='lat' dir='ltr'>volent,</span> <span class='ocrx_word' id='word_1_835' title='bbox 1730 2175 1913 2221; x_wconf 85' lang='lat' dir='ltr'>eligendus</span> <span class='ocrx_word' id='word_1_836' title='bbox 1931 2180 1987 2212; x_wconf 89' lang='lat' dir='ltr'>est</span> <span class='ocrx_word' id='word_1_837' title='bbox 2003 2187 2027 2212; x_wconf 89' lang='lat' dir='ltr'>a</span> <span class='ocrx_word' id='word_1_838' title='bbox 2042 2180 2221 2223; x_wconf 90' lang='lat' dir='ltr'>praetore,</span> <span class='ocrx_word' id='word_1_839' title='bbox 2243 2177 2290 2212; x_wconf 87' lang='lat' dir='ltr'>ad</span> <span class='ocrx_word' id='word_1_840' title='bbox 2307 2188 2411 2223; x_wconf 89' lang='lat' dir='ltr'>quem</span> 
     </span>
     <span class='ocr_line' id='line_1_115' title="bbox 1318 2220 2412 2267; baseline 0.004 -12"><span class='ocrx_word' id='word_1_841' title='bbox 1318 2220 1472 2256; x_wconf 90' lang='lat' dir='ltr'>maxime</span> <span class='ocrx_word' id='word_1_842' title='bbox 1494 2231 1554 2256; x_wconf 88' lang='lat' dir='ltr'>res</span> <span class='ocrx_word' id='word_1_843' title='bbox 1576 2221 1734 2267; x_wconf 90' lang='lat' dir='ltr'>pertinet</span> <span class='ocrx_word' id='word_1_844' title='bbox 1754 2221 1811 2257; x_wconf 80' lang='lat' dir='ltr'>vel</span> <span class='ocrx_word' id='word_1_845' title='bbox 1833 2222 1863 2258; x_wconf 89' lang='lat' dir='ltr'>is</span> <span class='ocrx_word' id='word_1_846' title='bbox 1887 2221 1950 2267; x_wconf 89' lang='lat' dir='ltr'>qui</span> <span class='ocrx_word' id='word_1_847' title='bbox 1972 2221 2160 2259; x_wconf 82' lang='lat' dir='ltr'>idoneior⁹</span> <span class='ocrx_word' id='word_1_848' title='bbox 2187 2226 2260 2258; x_wconf 90' lang='lat' dir='ltr'>est:</span> <span class='ocrx_word' id='word_1_849' title='bbox 2291 2227 2328 2258; x_wconf 90' lang='lat' dir='ltr'>et</span> <span class='ocrx_word' id='word_1_850' title='bbox 2357 2227 2412 2259; x_wconf 86' lang='lat' dir='ltr'>est</span> 
     </span>
     <span class='ocr_line' id='line_1_116' title="bbox 1319 2265 2409 2313; baseline 0.004 -13"><span class='ocrx_word' id='word_1_851' title='bbox 1319 2265 1492 2311; x_wconf 83' lang='lat' dir='ltr'>optimum</span> <span class='ocrx_word' id='word_1_852' title='bbox 1517 2276 1562 2301; x_wconf 86' lang='lat' dir='ltr'>ex</span> <span class='ocrx_word' id='word_1_853' title='bbox 1585 2266 1848 2310; x_wconf 86' lang='lat' dir='ltr'>coniunctione,</span> <span class='ocrx_word' id='word_1_854' title='bbox 1873 2278 1918 2303; x_wconf 86' lang='lat' dir='ltr'>ex</span> <span class='ocrx_word' id='word_1_855' title='bbox 1941 2266 2022 2312; x_wconf 91' lang='lat' dir='ltr'>fide,</span> <span class='ocrx_word' id='word_1_856' title='bbox 2046 2278 2092 2304; x_wconf 85' lang='lat' dir='ltr'>ex</span> <span class='ocrx_word' id='word_1_857' title='bbox 2115 2267 2287 2313; x_wconf 84' lang='lat' dir='ltr'>dignitate</span> <span class='ocrx_word' id='word_1_858' title='bbox 2310 2272 2409 2304; x_wconf 87' lang='lat' dir='ltr'>acto-</span> 
     </span>
     <span class='ocr_line' id='line_1_117' title="bbox 1322 2311 2410 2359; baseline 0.004 -13"><span class='ocrx_word' id='word_1_859' title='bbox 1322 2314 1362 2346; x_wconf 88' lang='grc'>13</span> <span class='ocrx_word' id='word_1_860' title='bbox 1408 2321 1485 2346; x_wconf 90' lang='lat' dir='ltr'>rem</span> <span class='ocrx_word' id='word_1_861' title='bbox 1503 2311 1574 2347; x_wconf 91' lang='lat' dir='ltr'>hoc</span> <span class='ocrx_word' id='word_1_862' title='bbox 1591 2311 1783 2348; x_wconf 86' lang='lat' dir='ltr'>interdicto</span> <span class='ocrx_word' id='word_1_863' title='bbox 1805 2312 2016 2358; x_wconf 88' lang='lat' dir='ltr'>eligendum.</span> <span class='ocrx_word' id='word_1_864' title='bbox 2052 2313 2092 2349; x_wconf 89' lang='lat' dir='ltr'>Si</span> <span class='ocrx_word' id='word_1_865' title='bbox 2110 2316 2242 2357; x_wconf 88' lang='lat' dir='ltr'>tamen,</span> <span class='ocrx_word' id='word_1_866' title='bbox 2266 2317 2410 2359; x_wconf 87' lang='lat' dir='ltr'>postea-</span> 
     </span>
     <span class='ocr_line' id='line_1_118' title="bbox 1319 2356 2410 2401; baseline 0.004 -10"><span class='ocrx_word' id='word_1_867' title='bbox 1319 2366 1426 2401; x_wconf 86' lang='lat' dir='ltr'>quam</span> <span class='ocrx_word' id='word_1_868' title='bbox 1448 2356 1519 2392; x_wconf 91' lang='lat' dir='ltr'>hoc</span> <span class='ocrx_word' id='word_1_869' title='bbox 1540 2356 1734 2393; x_wconf 89' lang='lat' dir='ltr'>interdicto</span> <span class='ocrx_word' id='word_1_870' title='bbox 1757 2361 1880 2393; x_wconf 87' lang='lat' dir='ltr'>actum</span> <span class='ocrx_word' id='word_1_871' title='bbox 1903 2362 1976 2401; x_wconf 88' lang='lat' dir='ltr'>est,</span> <span class='ocrx_word' id='word_1_872' title='bbox 2009 2358 2100 2394; x_wconf 86' lang='lat' dir='ltr'>alius</span> <span class='ocrx_word' id='word_1_873' title='bbox 2125 2359 2196 2395; x_wconf 91' lang='lat' dir='ltr'>hoc</span> <span class='ocrx_word' id='word_1_874' title='bbox 2218 2359 2410 2395; x_wconf 85' lang='lat' dir='ltr'>interdicto</span> 
     </span>
     <span class='ocr_line' id='line_1_119' title="bbox 1317 2401 2411 2449; baseline 0.003 -12"><span class='ocrx_word' id='word_1_875' title='bbox 1317 2411 1423 2447; x_wconf 82' lang='lat' dir='ltr'>agere</span> <span class='ocrx_word' id='word_1_876' title='bbox 1454 2401 1650 2444; x_wconf 89' lang='lat' dir='ltr'>desideret,</span> <span class='ocrx_word' id='word_1_877' title='bbox 1713 2402 1807 2438; x_wconf 91' lang='lat' dir='ltr'>alam</span> <span class='ocrx_word' id='word_1_878' title='bbox 1843 2403 1913 2438; x_wconf 91' lang='lat' dir='ltr'>erit</span> <span class='ocrx_word' id='word_1_879' title='bbox 1947 2407 2076 2449; x_wconf 89' lang='lat' dir='ltr'>postea</span> <span class='ocrx_word' id='word_1_880' title='bbox 2107 2404 2169 2439; x_wconf 89' lang='lat' dir='ltr'>alii</span> <span class='ocrx_word' id='word_1_881' title='bbox 2198 2415 2271 2441; x_wconf 90' lang='lat' dir='ltr'>non</span> <span class='ocrx_word' id='word_1_882' title='bbox 2304 2404 2411 2440; x_wconf 85' lang='lat' dir='ltr'>facile</span> 
     </span>
     <span class='ocr_line' id='line_1_120' title="bbox 1318 2446 2411 2495; baseline 0.003 -13"><span class='ocrx_word' id='word_1_883' title='bbox 1318 2446 1491 2490; x_wconf 88' lang='lat' dir='ltr'>dandum,</span> <span class='ocrx_word' id='word_1_884' title='bbox 1520 2446 1591 2484; x_wconf 85' lang='lat' dir='ltr'>nisi</span> <span class='ocrx_word' id='word_1_885' title='bbox 1621 2447 1654 2483; x_wconf 87' lang='lat' dir='ltr'>si</span> <span class='ocrx_word' id='word_1_886' title='bbox 1708 2458 1728 2484; x_wconf 92' lang='lat' dir='ltr'>e</span> <span class='ocrx_word' id='word_1_887' title='bbox 1759 2448 1910 2493; x_wconf 89' lang='lat' dir='ltr'>perfidia</span> <span class='ocrx_word' id='word_1_888' title='bbox 1939 2449 2070 2494; x_wconf 84' lang='lat' dir='ltr'>prioris</span> <span class='ocrx_word' id='word_1_889' title='bbox 2093 2450 2254 2494; x_wconf 87' lang='lat' dir='ltr'>potuerit</span> <span class='ocrx_word' id='word_1_890' title='bbox 2275 2450 2411 2495; x_wconf 88' lang='lat' dir='ltr'>aliquid</span> 
     </span>
     <span class='ocr_line' id='line_1_121' title="bbox 1318 2492 2409 2540; baseline 0.004 -13"><span class='ocrx_word' id='word_1_891' title='bbox 1318 2492 1400 2528; x_wconf 89' lang='lat' dir='ltr'>dici.</span> <span class='ocrx_word' id='word_1_892' title='bbox 1446 2492 1569 2538; x_wconf 90' lang='lat' dir='ltr'>itaque</span> <span class='ocrx_word' id='word_1_893' title='bbox 1601 2503 1712 2528; x_wconf 89' lang='lat' dir='ltr'>causa</span> <span class='ocrx_word' id='word_1_894' title='bbox 1744 2494 1887 2539; x_wconf 88' lang='lat' dir='ltr'>cognita</span> <span class='ocrx_word' id='word_1_895' title='bbox 1915 2494 2068 2540; x_wconf 89' lang='lat' dir='ltr'>amplius</span> <span class='ocrx_word' id='word_1_896' title='bbox 2092 2504 2198 2540; x_wconf 88' lang='lat' dir='ltr'>quam</span> <span class='ocrx_word' id='word_1_897' title='bbox 2222 2495 2333 2531; x_wconf 90' lang='lat' dir='ltr'>semel</span> <span class='ocrx_word' id='word_1_898' title='bbox 2354 2496 2409 2531; x_wconf 89' lang='lat' dir='ltr'>in-</span> 
     </span>
     <span class='ocr_line' id='line_1_122' title="bbox 1317 2537 2410 2577; baseline 0.004 -5"><span class='ocrx_word' id='word_1_899' title='bbox 1317 2537 1509 2573; x_wconf 88' lang='lat' dir='ltr'>terdictum</span> <span class='ocrx_word' id='word_1_900' title='bbox 1532 2537 1603 2574; x_wconf 90' lang='lat' dir='ltr'>hoc</span> <span class='ocrx_word' id='word_1_901' title='bbox 1627 2538 1696 2574; x_wconf 87' lang='lat' dir='ltr'>erit</span> <span class='ocrx_word' id='word_1_902' title='bbox 1718 2538 1943 2575; x_wconf 84' lang='lat' dir='ltr'>movendum.</span> <span class='ocrx_word' id='word_1_903' title='bbox 1990 2549 2075 2575; x_wconf 86' lang='lat' dir='ltr'>nam</span> <span class='ocrx_word' id='word_1_904' title='bbox 2103 2550 2170 2576; x_wconf 92' lang='lat' dir='ltr'>nec</span> <span class='ocrx_word' id='word_1_905' title='bbox 2192 2540 2232 2575; x_wconf 89' lang='lat' dir='ltr'>in</span> <span class='ocrx_word' id='word_1_906' title='bbox 2281 2540 2410 2577; x_wconf 89' lang='lat' dir='ltr'>ublicis</span> 
     </span>
     <span class='ocr_line' id='line_1_123' title="bbox 1316 2582 2409 2630; baseline 0.003 -12"><span class='ocrx_word' id='word_1_907' title='bbox 1316 2582 1459 2619; x_wconf 88' lang='lat' dir='ltr'>iudiciis</span> <span class='ocrx_word' id='word_1_908' title='bbox 1490 2583 1712 2629; x_wconf 90' lang='lat' dir='ltr'>permittitur</span> <span class='ocrx_word' id='word_1_909' title='bbox 1743 2584 1896 2630; x_wconf 86' lang='lat' dir='ltr'>amplius</span> <span class='ocrx_word' id='word_1_910' title='bbox 1924 2584 1984 2630; x_wconf 81' lang='lat' dir='ltr'>agi</span> <span class='ocrx_word' id='word_1_911' title='bbox 2012 2595 2119 2630; x_wconf 87' lang='lat' dir='ltr'>quam</span> <span class='ocrx_word' id='word_1_912' title='bbox 2149 2595 2225 2621; x_wconf 89' lang='lat' dir='ltr'>sem</span> <span class='ocrx_word' id='word_1_913' title='bbox 2287 2590 2409 2622; x_wconf 87' lang='lat' dir='ltr'>actum</span> 
     </span>
     <span class='ocr_line' id='line_1_124' title="bbox 1318 2629 2410 2677; baseline 0.004 -14"><span class='ocrx_word' id='word_1_914' title='bbox 1318 2630 1374 2664; x_wconf 91' lang='lat' dir='ltr'>est</span> <span class='ocrx_word' id='word_1_915' title='bbox 1385 2629 1414 2649; x_wconf 90' lang='lat'>¹⁰</span> <span class='ocrx_word' id='word_1_916' title='bbox 1437 2639 1545 2673; x_wconf 89' lang='lat' dir='ltr'>quam</span> <span class='ocrx_word' id='word_1_917' title='bbox 1568 2629 1600 2665; x_wconf 89' lang='lat' dir='ltr'>si</span> <span class='ocrx_word' id='word_1_918' title='bbox 1621 2629 1942 2675; x_wconf 85' lang='lat' dir='ltr'>praevaricationis</span> <span class='ocrx_word' id='word_1_919' title='bbox 1964 2629 2076 2666; x_wconf 81' lang='lat' dir='ltr'>fuerit</span> <span class='ocrx_word' id='word_1_920' title='bbox 2098 2630 2287 2667; x_wconf 86' lang='lat' dir='ltr'>damnatus</span> <span class='ocrx_word' id='word_1_921' title='bbox 2308 2632 2410 2677; x_wconf 92' lang='lat' dir='ltr'>prior</span> 
     </span>
     <span class='ocr_line' id='line_1_125' title="bbox 1317 2675 2409 2712; baseline 0.003 -3"><span class='ocrx_word' id='word_1_922' title='bbox 1317 2677 1520 2710; x_wconf 87' lang='lat' dir='ltr'>accusator.</span> <span class='ocrx_word' id='word_1_923' title='bbox 1568 2675 1600 2710; x_wconf 87' lang='lat' dir='ltr'>si</span> <span class='ocrx_word' id='word_1_924' title='bbox 1629 2678 1751 2711; x_wconf 89' lang='lat' dir='ltr'>tamen</span> <span class='ocrx_word' id='word_1_925' title='bbox 1781 2686 1866 2711; x_wconf 89' lang='lat' dir='ltr'>reus</span> <span class='ocrx_word' id='word_1_926' title='bbox 1903 2675 2162 2712; x_wconf 86' lang='lat' dir='ltr'>condemnatus</span> <span class='ocrx_word' id='word_1_927' title='bbox 2199 2676 2302 2711; x_wconf 90' lang='lat' dir='ltr'>malit</span> <span class='ocrx_word' id='word_1_928' title='bbox 2336 2676 2409 2712; x_wconf 90' lang='lat' dir='ltr'>litis</span> 
     </span>
     <span class='ocr_line' id='line_1_126' title="bbox 1317 2719 2407 2766; baseline 0.003 -12"><span class='ocrx_word' id='word_1_929' title='bbox 1317 2719 1599 2755; x_wconf 88' lang='lat' dir='ltr'>aestimationem</span> <span class='ocrx_word' id='word_1_930' title='bbox 1623 2720 1774 2756; x_wconf 88' lang='lat' dir='ltr'>sufferre</span> <span class='ocrx_word' id='word_1_931' title='bbox 1797 2731 1906 2766; x_wconf 87' lang='lat' dir='ltr'>quam</span> <span class='ocrx_word' id='word_1_932' title='bbox 1927 2721 2107 2757; x_wconf 90' lang='lat' dir='ltr'>hominem</span> <span class='ocrx_word' id='word_1_933' title='bbox 2132 2721 2311 2766; x_wconf 85' lang='lat' dir='ltr'>exhibere,</span> <span class='ocrx_word' id='word_1_934' title='bbox 2335 2732 2407 2758; x_wconf 90' lang='lat' dir='ltr'>non</span> 
     </span>
     <span class='ocr_line' id='line_1_127' title="bbox 1316 2763 2408 2819; baseline 0.004 -20"><span class='ocrx_word' id='word_1_935' title='bbox 1316 2768 1372 2800; x_wconf 90' lang='lat' dir='ltr'>est</span> <span class='ocrx_word' id='word_1_936' title='bbox 1393 2763 1445 2800; x_wconf 92' lang='lat' dir='ltr'>ini</span> <span class='ocrx_word' id='word_1_937' title='bbox 1469 2775 1556 2800; x_wconf 89' lang='lat' dir='ltr'>uum</span> <span class='ocrx_word' id='word_1_938' title='bbox 1579 2766 1724 2811; x_wconf 89' lang='lat' dir='ltr'>saepius</span> <span class='ocrx_word' id='word_1_939' title='bbox 1746 2766 1786 2801; x_wconf 91' lang='lat' dir='ltr'>in</span> <span class='ocrx_word' id='word_1_940' title='bbox 1810 2777 1891 2801; x_wconf 89' lang='lat' dir='ltr'>eum</span> <span class='ocrx_word' id='word_1_941' title='bbox 1913 2766 2102 2802; x_wconf 86' lang='lat' dir='ltr'>interdicto</span> <span class='ocrx_word' id='word_1_942' title='bbox 2127 2766 2284 2819; x_wconf 88' lang='lat' dir='ltr'>experiri</span> <span class='ocrx_word' id='word_1_943' title='bbox 2298 2769 2325 2789; x_wconf 90' lang='lat'>¹¹</span> <span class='ocrx_word' id='word_1_944' title='bbox 2353 2767 2408 2803; x_wconf 88' lang='lat' dir='ltr'>vel</span> 
     </span>
     <span class='ocr_line' id='line_1_128' title="bbox 1320 2810 2407 2857; baseline 0.003 -12"><span class='ocrx_word' id='word_1_945' title='bbox 1320 2813 1360 2845; x_wconf 84' lang='lat'>14</span> <span class='ocrx_word' id='word_1_946' title='bbox 1407 2810 1441 2846; x_wconf 92' lang='lat' dir='ltr'>ei</span> <span class='ocrx_word' id='word_1_947' title='bbox 1466 2820 1522 2846; x_wconf 90' lang='lat' dir='ltr'>em</span> <span class='ocrx_word' id='word_1_948' title='bbox 1546 2811 1623 2847; x_wconf 92' lang='lat' dir='ltr'>sine</span> <span class='ocrx_word' id='word_1_949' title='bbox 1647 2812 1857 2857; x_wconf 87' lang='lat' dir='ltr'>exceptione</span> <span class='ocrx_word' id='word_1_950' title='bbox 1879 2811 1936 2847; x_wconf 86' lang='lat' dir='ltr'>vel</span> <span class='ocrx_word' id='word_1_951' title='bbox 1958 2811 2029 2847; x_wconf 89' lang='lat' dir='ltr'>alii.</span> <span class='ocrx_word' id='word_1_952' title='bbox 2077 2812 2156 2848; x_wconf 91' lang='lat' dir='ltr'>Hoc</span> <span class='ocrx_word' id='word_1_953' title='bbox 2179 2811 2407 2848; x_wconf 81' lang='lat' dir='ltr'>interdictum</span> 
     </span>
     <span class='ocr_line' id='line_1_129' title="bbox 1315 2855 2407 2901; baseline 0.001 -10"><span class='ocrx_word' id='word_1_954' title='bbox 1315 2858 1354 2891; x_wconf 94' lang='lat' dir='ltr'>et</span> <span class='ocrx_word' id='word_1_955' title='bbox 1375 2855 1414 2891; x_wconf 91' lang='lat' dir='ltr'>in</span> <span class='ocrx_word' id='word_1_956' title='bbox 1436 2855 1623 2892; x_wconf 81' lang='lat' dir='ltr'>absentem</span> <span class='ocrx_word' id='word_1_957' title='bbox 1646 2867 1726 2892; x_wconf 90' lang='lat' dir='ltr'>esse</span> <span class='ocrx_word' id='word_1_958' title='bbox 1748 2856 1946 2901; x_wconf 87' lang='lat' dir='ltr'>rogandum</span> <span class='ocrx_word' id='word_1_959' title='bbox 1968 2857 2093 2893; x_wconf 89' lang='lat' dir='ltr'>Labeo</span> <span class='ocrx_word' id='word_1_960' title='bbox 2117 2857 2262 2900; x_wconf 86' lang='lat' dir='ltr'>scribit,</span> <span class='ocrx_word' id='word_1_961' title='bbox 2289 2857 2353 2894; x_wconf 89' lang='lat' dir='ltr'>sed</span> <span class='ocrx_word' id='word_1_962' title='bbox 2377 2858 2407 2894; x_wconf 86' lang='lat' dir='ltr'>si</span> 
     </span>
     <span class='ocr_line' id='line_1_130' title="bbox 1319 2900 2406 2945; baseline 0.002 -9"><span class='ocrx_word' id='word_1_963' title='bbox 1319 2904 1360 2936; x_wconf 85' lang='lat'>15</span> <span class='ocrx_word' id='word_1_964' title='bbox 1406 2911 1482 2937; x_wconf 91' lang='lat' dir='ltr'>non</span> <span class='ocrx_word' id='word_1_965' title='bbox 1504 2900 1734 2945; x_wconf 83' lang='lat' dir='ltr'>defendatur,</span> <span class='ocrx_word' id='word_1_966' title='bbox 1757 2902 1796 2937; x_wconf 90' lang='lat' dir='ltr'>in</span> <span class='ocrx_word' id='word_1_967' title='bbox 1818 2902 1915 2938; x_wconf 87' lang='lat' dir='ltr'>bona</span> <span class='ocrx_word' id='word_1_968' title='bbox 1938 2901 2015 2938; x_wconf 87' lang='lat' dir='ltr'>eius</span> <span class='ocrx_word' id='word_1_969' title='bbox 2038 2903 2195 2939; x_wconf 86' lang='lat' dir='ltr'>eundum</span> <span class='ocrx_word' id='word_1_970' title='bbox 2217 2902 2279 2938; x_wconf 86' lang='lat' dir='ltr'>ait.</span> <span class='ocrx_word' id='word_1_971' title='bbox 2327 2903 2406 2939; x_wconf 91' lang='lat' dir='ltr'>Hoc</span> 
     </span>
     <span class='ocr_line' id='line_1_131' title="bbox 1315 2945 1872 2993; baseline 0 -11"><span class='ocrx_word' id='word_1_972' title='bbox 1315 2945 1547 2982; x_wconf 88' lang='lat' dir='ltr'>interdictum</span> <span class='ocrx_word' id='word_1_973' title='bbox 1567 2950 1782 2993; x_wconf 88' lang='lat' dir='ltr'>perpetuum</span> <span class='ocrx_word' id='word_1_974' title='bbox 1805 2950 1872 2983; x_wconf 90' lang='lat' dir='ltr'>est.</span> 
     </span>
    </p>

    <p class='ocr_par' dir='ltr' id='par_1_16' title="bbox 1314 2990 2405 3401">
     <span class='ocr_line' id='line_1_132' title="bbox 1361 2990 2405 3039; baseline 0 -10"><span class='ocrx_word' id='word_1_975' title='bbox 1361 2990 1389 3029; x_wconf 88' lang='lat'>4</span> <span class='ocrx_word' id='word_1_976' title='bbox 1421 2991 1652 3028; x_wconf 66' lang='lat' dir='ltr'>Vruvrms</span> <span class='ocrx_word' id='word_1_977' title='bbox 1671 2992 1763 3029; x_wconf 78' lang='lat' dir='ltr'>libro</span> <span class='ocrx_word' id='word_1_978' title='bbox 1788 2996 1920 3039; x_wconf 81' lang='lat' dir='ltr'>quarto</span> <span class='ocrx_word' id='word_1_979' title='bbox 1944 2993 2216 3030; x_wconf 76' lang='lat' dir='ltr'>interdictorum</span> <span class='ocrx_word' id='word_1_980' title='bbox 2261 2993 2299 3029; x_wconf 92' lang='lat' dir='ltr'>Si</span> <span class='ocrx_word' id='word_1_981' title='bbox 2326 2993 2405 3039; x_wconf 87' lang='lat' dir='ltr'>quis</span> 
     </span>
     <span class='ocr_line' id='line_1_133' title="bbox 1314 3036 2404 3083; baseline 0.001 -10"><span class='ocrx_word' id='word_1_982' title='bbox 1314 3036 1468 3073; x_wconf 88' lang='lat' dir='ltr'>liberum</span> <span class='ocrx_word' id='word_1_983' title='bbox 1509 3036 1689 3073; x_wconf 89' lang='lat' dir='ltr'>hominem</span> <span class='ocrx_word' id='word_1_984' title='bbox 1730 3037 1955 3083; x_wconf 80' lang='lat' dir='ltr'>ignorantem</span> <span class='ocrx_word' id='word_1_985' title='bbox 1998 3048 2103 3074; x_wconf 88' lang='lat' dir='ltr'>suum</span> <span class='ocrx_word' id='word_1_986' title='bbox 2144 3041 2278 3074; x_wconf 85' lang='lat' dir='ltr'>statum</span> <span class='ocrx_word' id='word_1_987' title='bbox 2320 3039 2404 3074; x_wconf 90' lang='lat' dir='ltr'>reti-</span> 
     </span>
     <span class='ocr_line' id='line_1_134' title="bbox 1315 3082 2404 3129; baseline 0.002 -11"><span class='ocrx_word' id='word_1_988' title='bbox 1315 3085 1411 3125; x_wconf 90' lang='lat' dir='ltr'>neat,</span> <span class='ocrx_word' id='word_1_989' title='bbox 1434 3085 1555 3118; x_wconf 87' lang='lat' dir='ltr'>tamen</span> <span class='ocrx_word' id='word_1_990' title='bbox 1567 3083 1596 3104; x_wconf 85' lang='lat'>¹²</span> <span class='ocrx_word' id='word_1_991' title='bbox 1618 3083 1649 3119; x_wconf 90' lang='lat' dir='ltr'>si</span> <span class='ocrx_word' id='word_1_992' title='bbox 1673 3082 1756 3119; x_wconf 91' lang='lat' dir='ltr'>dolo</span> <span class='ocrx_word' id='word_1_993' title='bbox 1780 3082 1875 3119; x_wconf 87' lang='lat' dir='ltr'>malo</span> <span class='ocrx_word' id='word_1_994' title='bbox 1897 3082 2039 3127; x_wconf 88' lang='lat' dir='ltr'>retinet,</span> <span class='ocrx_word' id='word_1_995' title='bbox 2064 3083 2204 3129; x_wconf 80' lang='lat' dir='ltr'>cogitur</span> <span class='ocrx_word' id='word_1_996' title='bbox 2225 3084 2404 3120; x_wconf 84' lang='lat' dir='ltr'>exhibere.</span> 
     </span>
     <span class='ocr_line' id='line_1_135' title="bbox 1321 3127 2404 3174; baseline 0.002 -11"><span class='ocrx_word' id='word_1_997' title='bbox 1321 3131 1332 3162; x_wconf 87' lang='lat'><em>1</em></span> <span class='ocrx_word' id='word_1_998' title='bbox 1383 3127 1576 3163; x_wconf 82' lang='lat' dir='ltr'>Trebatius</span> <span class='ocrx_word' id='word_1_999' title='bbox 1605 3138 1748 3174; x_wconf 86' lang='lat' dir='ltr'>quoque</span> <span class='ocrx_word' id='word_1_1000' title='bbox 1777 3128 1829 3164; x_wconf 90' lang='lat' dir='ltr'>ait</span> <span class='ocrx_word' id='word_1_1001' title='bbox 1858 3139 1933 3165; x_wconf 92' lang='lat' dir='ltr'>non</span> <span class='ocrx_word' id='word_1_1002' title='bbox 1960 3128 2075 3165; x_wconf 88' lang='lat' dir='ltr'>teneri</span> <span class='ocrx_word' id='word_1_1003' title='bbox 2103 3139 2201 3172; x_wconf 90' lang='lat' dir='ltr'>eum,</span> <span class='ocrx_word' id='word_1_1004' title='bbox 2233 3129 2295 3174; x_wconf 86' lang='lat' dir='ltr'>qui</span> <span class='ocrx_word' id='word_1_1005' title='bbox 2316 3129 2404 3165; x_wconf 90' lang='lat' dir='ltr'>libe-</span> 
     </span>
     <span class='ocr_line' id='line_1_136' title="bbox 1314 3172 2403 3218; baseline 0.001 -10"><span class='ocrx_word' id='word_1_1006' title='bbox 1314 3183 1394 3208; x_wconf 91' lang='lat' dir='ltr'>rum</span> <span class='ocrx_word' id='word_1_1007' title='bbox 1416 3172 1596 3209; x_wconf 85' lang='lat' dir='ltr'>hominem</span> <span class='ocrx_word' id='word_1_1008' title='bbox 1619 3184 1686 3218; x_wconf 90' lang='lat' dir='ltr'>pro</span> <span class='ocrx_word' id='word_1_1009' title='bbox 1711 3184 1814 3210; x_wconf 87' lang='lat' dir='ltr'>servo</span> <span class='ocrx_word' id='word_1_1010' title='bbox 1838 3173 1935 3210; x_wconf 88' lang='lat' dir='ltr'>bona</span> <span class='ocrx_word' id='word_1_1011' title='bbox 1951 3173 2023 3210; x_wconf 81' lang='lat' dir='ltr'>fide</span> <span class='ocrx_word' id='word_1_1012' title='bbox 2041 3175 2165 3210; x_wconf 90' lang='lat' dir='ltr'>emerit</span> <span class='ocrx_word' id='word_1_1013' title='bbox 2184 3178 2220 3210; x_wconf 93' lang='lat' dir='ltr'>et</span> <span class='ocrx_word' id='word_1_1014' title='bbox 2237 3175 2403 3211; x_wconf 84' lang='lat' dir='ltr'>retineat.</span> 
     </span>
     <span class='ocr_line' id='line_1_137' title="bbox 1315 3217 2403 3264; baseline 0.002 -11"><span class='ocrx_word' id='word_1_1015' title='bbox 1315 3221 1334 3253; x_wconf 93' lang='lat'>2</span> <span class='ocrx_word' id='word_1_1016' title='bbox 1382 3217 1490 3254; x_wconf 84' lang='lat' dir='ltr'>Nullo</span> <span class='ocrx_word' id='word_1_1017' title='bbox 1518 3221 1680 3264; x_wconf 86' lang='lat' dir='ltr'>tempore</span> <span class='ocrx_word' id='word_1_1018' title='bbox 1704 3218 1787 3255; x_wconf 92' lang='lat' dir='ltr'>dolo</span> <span class='ocrx_word' id='word_1_1019' title='bbox 1810 3219 1906 3255; x_wconf 90' lang='lat' dir='ltr'>malo</span> <span class='ocrx_word' id='word_1_1020' title='bbox 1929 3218 2075 3255; x_wconf 77' lang='lat' dir='ltr'>retineri</span> <span class='ocrx_word' id='word_1_1021' title='bbox 2098 3219 2205 3255; x_wconf 91' lang='lat' dir='ltr'>homo</span> <span class='ocrx_word' id='word_1_1022' title='bbox 2228 3219 2320 3255; x_wconf 87' lang='lat' dir='ltr'>liber</span> <span class='ocrx_word' id='word_1_1023' title='bbox 2343 3219 2403 3255; x_wconf 87' lang='lat' dir='ltr'>de·</span> 
     </span>
     <span class='ocr_line' id='line_1_138' title="bbox 1314 3262 2404 3311; baseline 0.002 -13"><span class='ocrx_word' id='word_1_1024' title='bbox 1314 3263 1386 3307; x_wconf 88' lang='lat' dir='ltr'>bet,</span> <span class='ocrx_word' id='word_1_1025' title='bbox 1410 3262 1503 3299; x_wconf 90' lang='lat' dir='ltr'>adeo</span> <span class='ocrx_word' id='word_1_1026' title='bbox 1526 3266 1568 3298; x_wconf 91' lang='lat' dir='ltr'>ut</span> <span class='ocrx_word' id='word_1_1027' title='bbox 1591 3263 1734 3309; x_wconf 87' lang='lat' dir='ltr'>quidam</span> <span class='ocrx_word' id='word_1_1028' title='bbox 1782 3263 1962 3300; x_wconf 84' lang='lat' dir='ltr'>utaverint</span> <span class='ocrx_word' id='word_1_1029' title='bbox 1980 3274 2048 3299; x_wconf 90' lang='lat' dir='ltr'>nec</span> <span class='ocrx_word' id='word_1_1030' title='bbox 2065 3265 2244 3301; x_wconf 89' lang='lat' dir='ltr'>modicum</span> <span class='ocrx_word' id='word_1_1031' title='bbox 2264 3268 2404 3311; x_wconf 89' lang='lat' dir='ltr'>tempus</span> 
     </span>
     <span class='ocr_line' id='line_1_139' title="bbox 1314 3308 2404 3356; baseline 0.002 -12"><span class='ocrx_word' id='word_1_1032' title='bbox 1314 3308 1362 3344; x_wconf 91' lang='lat' dir='ltr'>ad</span> <span class='ocrx_word' id='word_1_1033' title='bbox 1380 3318 1462 3344; x_wconf 92' lang='lat' dir='ltr'>eum</span> <span class='ocrx_word' id='word_1_1034' title='bbox 1482 3308 1722 3345; x_wconf 87' lang='lat' dir='ltr'>exhibendum</span> <span class='ocrx_word' id='word_1_1035' title='bbox 1763 3309 1907 3353; x_wconf 87' lang='lat' dir='ltr'>andum,</span> <span class='ocrx_word' id='word_1_1036' title='bbox 1954 3310 2100 3345; x_wconf 89' lang='lat' dir='ltr'>uoniam</span> <span class='ocrx_word' id='word_1_1037' title='bbox 2114 3310 2300 3356; x_wconf 84' lang='lat' dir='ltr'>praeteriti</span> <span class='ocrx_word' id='word_1_1038' title='bbox 2316 3310 2404 3346; x_wconf 81' lang='lat' dir='ltr'>facti</span> 
     </span>
     <span class='ocr_line' id='line_1_140' title="bbox 1314 3354 2403 3401; baseline 0.002 -13"><span class='ocrx_word' id='word_1_1039' title='bbox 1314 3356 1334 3389; x_wconf 88' lang='lat'>3</span> <span class='ocrx_word' id='word_1_1040' title='bbox 1431 3363 1500 3389; x_wconf 86' lang='lat' dir='ltr'>ena</span> <span class='ocrx_word' id='word_1_1041' title='bbox 1522 3354 1741 3399; x_wconf 88' lang='lat' dir='ltr'>praestanda</span> <span class='ocrx_word' id='word_1_1042' title='bbox 1764 3357 1830 3391; x_wconf 85' lang='lat' dir='ltr'>est.</span> <span class='ocrx_word' id='word_1_1043' title='bbox 1965 3354 2047 3391; x_wconf 84' lang='lat' dir='ltr'>‘tori</span> <span class='ocrx_word' id='word_1_1044' title='bbox 2066 3365 2140 3391; x_wconf 90' lang='lat' dir='ltr'>non</span> <span class='ocrx_word' id='word_1_1045' title='bbox 2161 3355 2331 3401; x_wconf 88' lang='lat' dir='ltr'>competit</span> <span class='ocrx_word' id='word_1_1046' title='bbox 2348 3355 2403 3390; x_wconf 92' lang='lat' dir='ltr'>in-</span> 
     </span>
    </p>

    <p class='ocr_par' dir='ltr' id='par_1_17' title="bbox 1312 3399 2403 3537">
     <span class='ocr_line' id='line_1_141' title="bbox 1407 3399 2402 3443; baseline 0.002 -9"><span class='ocrx_word' id='word_1_1047' title='bbox 1407 3401 1514 3443; x_wconf 87' lang='lat' dir='ltr'>ctum,</span> <span class='ocrx_word' id='word_1_1048' title='bbox 1539 3403 1580 3434; x_wconf 93' lang='lat' dir='ltr'>ut</span> <span class='ocrx_word' id='word_1_1049' title='bbox 1603 3399 1744 3437; x_wconf 89' lang='lat' dir='ltr'>debitor</span> <span class='ocrx_word' id='word_1_1050' title='bbox 1766 3399 2011 3436; x_wconf 87' lang='lat' dir='ltr'>exhiberetur:</span> <span class='ocrx_word' id='word_1_1051' title='bbox 2042 3410 2110 3436; x_wconf 89' lang='lat' dir='ltr'>nec</span> <span class='ocrx_word' id='word_1_1052' title='bbox 2142 3400 2235 3436; x_wconf 90' lang='lat' dir='ltr'>enim</span> <span class='ocrx_word' id='word_1_1053' title='bbox 2264 3399 2402 3436; x_wconf 90' lang='lat' dir='ltr'>debito-</span> 
     </span>
     <span class='ocr_line' id='line_1_142' title="bbox 1312 3443 2403 3499; baseline 0.002 -20"><span class='ocrx_word' id='word_1_1054' title='bbox 1312 3454 1389 3479; x_wconf 91' lang='lat' dir='ltr'>rem</span> <span class='ocrx_word' id='word_1_1055' title='bbox 1418 3443 1618 3480; x_wconf 87' lang='lat' dir='ltr'>latitantem</span> <span class='ocrx_word' id='word_1_1056' title='bbox 1653 3445 1822 3482; x_wconf 85' lang='lat' dir='ltr'>exhibere</span> <span class='ocrx_word' id='word_1_1057' title='bbox 1856 3445 2044 3499; x_wconf 74' lang='lat' dir='ltr'>quisquam</span> <span class='ocrx_word' id='word_1_1058' title='bbox 2073 3446 2227 3491; x_wconf 86' lang='lat' dir='ltr'>cogitur,</span> <span class='ocrx_word' id='word_1_1059' title='bbox 2266 3445 2329 3481; x_wconf 89' lang='lat' dir='ltr'>sed</span> <span class='ocrx_word' id='word_1_1060' title='bbox 2365 3445 2403 3481; x_wconf 90' lang='lat' dir='ltr'>in</span> 
     </span>
     <span class='ocr_line' id='line_1_143' title="bbox 1312 3488 2023 3537; baseline 0.001 -12"><span class='ocrx_word' id='word_1_1061' title='bbox 1312 3489 1409 3525; x_wconf 89' lang='lat' dir='ltr'>bona</span> <span class='ocrx_word' id='word_1_1062' title='bbox 1431 3488 1507 3525; x_wconf 88' lang='lat' dir='ltr'>eius</span> <span class='ocrx_word' id='word_1_1063' title='bbox 1531 3499 1576 3525; x_wconf 89' lang='lat' dir='ltr'>ex</span> <span class='ocrx_word' id='word_1_1064' title='bbox 1599 3490 1716 3527; x_wconf 89' lang='lat' dir='ltr'>edicto</span> <span class='ocrx_word' id='word_1_1065' title='bbox 1739 3490 1917 3537; x_wconf 83' lang='lat' dir='ltr'>praetoris</span> <span class='ocrx_word' id='word_1_1066' title='bbox 1939 3494 2023 3527; x_wconf 79' lang='lat' dir='ltr'>itur.</span> 
     </span>
    </p>
   </div>
   <div class='ocr_carea' id='block_1_13' title="bbox 1309 3645 2399 3691">
    <p class='ocr_par' dir='ltr' id='par_1_18' title="bbox 1309 3645 2399 3691">
     <span class='ocr_line' id='line_1_144' title="bbox 1309 3645 2399 3691; baseline -0.001 -10"><span class='ocrx_word' id='word_1_1067' title='bbox 1309 3645 1515 3691; x_wconf 86' lang='lat' dir='ltr'>impuberem</span> <span class='ocrx_word' id='word_1_1068' title='bbox 1535 3647 1589 3681; x_wconf 82' lang='lat' dir='ltr'>vel</span> <span class='ocrx_word' id='word_1_1069' title='bbox 1609 3658 1715 3683; x_wconf 82' lang='lat' dir='ltr'>noxae</span> <span class='ocrx_word' id='word_1_1070' title='bbox 1735 3647 1885 3682; x_wconf 83' lang='lat' dir='ltr'>deditum</span> <span class='ocrx_word' id='word_1_1071' title='bbox 1904 3659 1968 3683; x_wconf 68' lang='lat' dir='ltr'>m.</span> <span class='ocrx_word' id='word_1_1072' title='bbox 1990 3654 2052 3682; x_wconf 72' lang='lat' dir='ltr'>aar</span> <span class='ocrx_word' id='word_1_1073' title='bbox 2067 3647 2177 3681; x_wconf 83' lang='lat' dir='ltr'>adhuc</span> <span class='ocrx_word' id='word_1_1074' title='bbox 2196 3647 2399 3691; x_wconf 85' lang='lat' dir='ltr'>impuberem</span> 
     </span>
    </p>
   </div>
   <div class='ocr_carea' id='block_1_14' title="bbox 1311 3692 2166 3782">
    <p class='ocr_par' dir='ltr' id='par_1_19' title="bbox 1311 3692 2166 3782">
     <span class='ocr_line' id='line_1_145' title="bbox 1311 3692 2110 3733; baseline 0 -7"><span class='ocrx_word' id='word_1_1075' title='bbox 1311 3692 1374 3726; x_wconf 76' lang='lat' dir='ltr'>del.</span> <span class='ocrx_word' id='word_1_1076' title='bbox 1468 3694 1514 3733; x_wconf 80' lang='grc'>(8)</span> <span class='ocrx_word' id='word_1_1077' title='bbox 1539 3693 1703 3728; x_wconf 83' lang='lat' dir='ltr'>desideret</span> <span class='ocrx_word' id='word_1_1078' title='bbox 1720 3693 1756 3727; x_wconf 76' lang='lat' dir='ltr'><em>F</em></span> <span class='ocrx_word' id='word_1_1079' title='bbox 1850 3694 1895 3733; x_wconf 76' lang='grc'>(9)</span> <span class='ocrx_word' id='word_1_1080' title='bbox 1918 3692 2059 3727; x_wconf 87' lang='lat' dir='ltr'>idoneor</span> <span class='ocrx_word' id='word_1_1081' title='bbox 2076 3694 2110 3726; x_wconf 82' lang='lat' dir='ltr'><em>F</em></span> 
     </span>
     <span class='ocr_line' id='line_1_146' title="bbox 1311 3737 2166 3782; baseline 0.002 -12"><span class='ocrx_word' id='word_1_1082' title='bbox 1311 3737 1371 3780; x_wconf 68' lang='lat' dir='ltr'>est]</span> <span class='ocrx_word' id='word_1_1083' title='bbox 1388 3739 1520 3781; x_wconf 70' lang='lat' dir='ltr'>praeter</span> <span class='ocrx_word' id='word_1_1084' title='bbox 1538 3750 1603 3772; x_wconf 71' lang='lat' dir='ltr'>ser.</span> <span class='ocrx_word' id='word_1_1085' title='bbox 1704 3742 1761 3781; x_wconf 80' lang='lat' dir='ltr'>(n)</span> <span class='ocrx_word' id='word_1_1086' title='bbox 1783 3738 1934 3782; x_wconf 82' lang='lat' dir='ltr'>permitti</span> <span class='ocrx_word' id='word_1_1087' title='bbox 1953 3739 2013 3772; x_wconf 71' lang='grc' dir='ltr'>ἔω.</span> <span class='ocrx_word' id='word_1_1088' title='bbox 2032 3738 2166 3772; x_wconf 73' lang='lat' dir='ltr'>Potln&#39;aer</span> 
     </span>
    </p>
   </div>
   <div class='ocr_carea' id='block_1_15' title="bbox 2202 3694 2398 3780">
    <p class='ocr_par' dir='ltr' id='par_1_20' title="bbox 2202 3694 2398 3780">
     <span class='ocr_line' id='line_1_147' title="bbox 2202 3694 2398 3734; baseline -0.005 -7"><span class='ocrx_word' id='word_1_1089' title='bbox 2202 3695 2263 3734; x_wconf 82' lang='grc'>(10)</span> <span class='ocrx_word' id='word_1_1090' title='bbox 2288 3694 2398 3726; x_wconf 73' lang='lat' dir='ltr'>aetum</span> 
     </span>
     <span class='ocr_line' id='line_1_148' title="bbox 2264 3739 2398 3780; baseline -0.015 -7"><span class='ocrx_word' id='word_1_1091' title='bbox 2264 3739 2323 3780; x_wconf 66' lang='grc' dir='ltr'>(ιι)</span> <span class='ocrx_word' id='word_1_1092' title='bbox 2348 3739 2398 3771; x_wconf 80' lang='lat' dir='ltr'>ta-</span> 
     </span>
    </p>
   </div>
   <div class='ocr_carea' id='block_1_16' title="bbox 809 3781 1460 3826">
    <p class='ocr_par' dir='ltr' id='par_1_21' title="bbox 809 3781 1460 3826">
     <span class='ocr_line' id='line_1_149' title="bbox 809 3781 1460 3826; baseline 0.002 -9"><span class='ocrx_word' id='word_1_1093' title='bbox 809 3783 853 3826; x_wconf 72' lang='grc'>(7)</span> <span class='ocrx_word' id='word_1_1094' title='bbox 876 3781 930 3817; x_wconf 78' lang='lat' dir='ltr'>vel</span> <span class='ocrx_word' id='word_1_1095' title='bbox 943 3781 1115 3815; x_wconf 81' lang='lat' dir='ltr'>almnnnm</span> <span class='ocrx_word' id='word_1_1096' title='bbox 1131 3782 1241 3815; x_wconf 81' lang='lat' dir='ltr'>adhue</span> <span class='ocrx_word' id='word_1_1097' title='bbox 1308 3791 1387 3816; x_wconf 81' lang='lat' dir='ltr'>men</span> <span class='ocrx_word' id='word_1_1098' title='bbox 1398 3782 1460 3818; x_wconf 72' lang='lat' dir='ltr'>aaz.</span> 
     </span>
    </p>
   </div>
   <div class='ocr_carea' id='block_1_17' title="bbox 2493 2775 2528 3918">
    <p class='ocr_par' dir='ltr' id='par_1_22' title="bbox 2493 2775 2528 3918">
     <span class='ocr_line' id='line_1_150' title="bbox 2493 2775 2528 3918; baseline 0 0"><span class='ocrx_word' id='word_1_1099' title='bbox 2493 2775 2528 3918; x_wconf 95' lang='lat' dir='ltr'> </span> 
     </span>
    </p>
   </div>
  </div>
 </body>
</html>
