2528 3918
165 89 313 136 INST.
343 90 378 146 Ι,
410 91 548 134 8—10

159 212 223 248 ‘ita
259 214 300 247 ut
328 210 366 246 in
396 211 612 263 potestatem
643 207 789 261 domini·
806 217 879 243 non
908 210 1143 261 revertantur.
1187 207 1250 261 qui

158 257 325 293 ‘Sabinus
337 257 356 298 ¹,
382 266 413 292 si
433 265 531 291 meae
547 257 793 290 constitutiom
814 252 977 290 fraudem
1000 253 1135 296 fecerit,
1159 256 1250 290 sciet

158 303 261 339 ‘me¹·
284 301 478 338 admissum
501 299 657 336 severius
682 299 956 335 exsecuturum)

634 415 748 454 V1111
757 413 773 435 ²

428 482 490 514 DE
513 481 680 514 PATRJA
703 481 973 515 POTESTATE.

203 551 278 587 ³'In
301 551 480 603 potestate
512 551 639 584 nostra
669 551 755 584 sunt
784 547 887 584 liberi
917 547 1050 590 nostri,
1084 557 1172 592 quos
1205 557 1249 583 ex

160 601 175 633 1
226 597 338 632 ’iustis
374 594 508 640 nuptiis
542 593 870 640 procreaverimus.⁴
927 593 1086 638 Nuptiae
1129 595 1249 628 autem

157 643 230 678 sive
253 639 516 676 matrimonium
539 643 594 675 est
616 639 682 675 viri
705 642 742 675 et
764 638 920 674 mulieris
946 637 1170 681 coniunctio,
1193 638 1247 673 in-

157 691 177 723 2
225 685 403 722 dividuam
419 684 711 722 consuetudinem
725 685 818 720 vitae
835 684 1032 720 continens.
1070 684 1163 719 ⁴'Ius
1184 693 1247 719 au-

156 733 238 768 'tem
261 730 470 784 potestatis,
502 730 599 777 quod
621 731 659 766 in
682 730 814 766 liberos
838 730 1031 773 habemus,
1063 740 1129 774 pro
1157 729 1248 765 rium

157 778 222 813 'est
245 777 373 812 civium
395 776 658 813 Romanorum:
692 775 781 811 nulli
812 775 904 811 enim
936 775 997 810 alii
1027 777 1112 810 sunt
1161 774 1247 810 omi-

157 824 250 864 ’nes‚
283 822 346 868 qui
367 822 476 858 talem
498 822 536 857 in
559 822 689 857 liberos
712 821 871 856 habeant
893 822 1127 865 potestatem,
1159 830 1247 866 qua-

156 871 176 904 3
225 868 303 903 'lem
326 878 393 904 nos
423 867 620 903 habemus.⁴
669 867 758 911 ⁵Qui
789 866 897 912 igitur
927 876 972 901 ex
1002 868 1039 901 te
1070 868 1107 901 et
1136 876 1249 901 uxore

155 917 221 949 tua
243 913 424 956 nascitur,
456 913 493 948 in
517 916 581 948 tua
603 915 783 958 potestate
807 914 879 947 est:
912 911 996 946 item
1021 910 1083 956 qui
1107 921 1151 947 ex
1174 910 1247 947 filio

154 963 219 995 tuo
244 962 280 995 et
301 969 415 995 uxore
437 958 515 994 eius
538 958 709 1000 nascitur,
734 957 771 992 id
795 960 848 992 est
872 966 983 1002 nepos
1007 960 1091 992 tuus
1108 960 1144 992 et
1162 967 1247 1002 nep-

155 1004 213 1047 tis,
238 1014 352 1050 aeque
374 1004 412 1039 in
434 1007 498 1040 tua
521 1007 606 1039 sunt
628 1006 816 1049 potestate,
843 1005 878 1037 et
901 1012 1081 1047 pronepos
1105 1005 1142 1038 et
1163 1013 1246 1048 pro-

155 1050 274 1095 neptis
299 1052 336 1086 et
358 1049 526 1095 deinceps
543 1048 661 1085 ceteri.
687 1048 749 1094 qui
764 1051 885 1084 tamen
901 1057 946 1083 ex
960 1047 1034 1083 filia
1052 1050 1116 1083 tua
1130 1047 1247 1083 nasci-

155 1098 226 1139 tur,
250 1095 288 1131 in
311 1098 375 1132 tua
396 1098 576 1142 potestate
599 1105 673 1130 non
699 1097 764 1137 est,
789 1092 853 1129 sed
876 1093 914 1128 in
937 1093 1050 1139 patris
1076 1092 1163 1129 eius.

671 1210 708 1249 X
717 1208 732 1230 ο

559 1277 620 1309 DE
644 1276 676 1309 N
679 1276 839 1309 UPTIIS.

199 1346 321 1382 Iustas
351 1347 471 1380 autem
502 1354 551 1378 nu
579 1343 647 1379 tias
679 1343 773 1379 inter
803 1353 843 1378 se
867 1342 960 1378 cives
984 1341 1140 1377 Romani
1164 1352 1249 1377 con-

155 1391 317 1433 trahunt,
341 1390 402 1436 qui
425 1400 534 1425 secun
561 1400 619 1424 um
643 1391 838 1433 praecepta
851 1387 969 1433 legum
985 1390 1129 1430 coeunt,
1154 1397 1249 1422 mas-

156 1437 228 1472 culi
252 1435 394 1482 quidem
417 1435 581 1480 puberes,
605 1433 759 1469 feminae
775 1437 895 1469 autem
911 1433 1153 1479 viripotentes,
1178 1432 1251 1468 sive

182 1486 277 1518 atres
299 1480 455 1516 familias
479 1479 551 1515 sint
574 1479 647 1515 sive
669 1479 733 1514 filii
755 1478 921 1521 familias,
947 1478 1032 1513 dum
1049 1481 1171 1513 tamen
1187 1477 1250 1513 filii

172 1527 310 1563 amilias
335 1529 370 1562 et
394 1535 608 1561 consensum
630 1525 789 1560 habeant
812 1527 1013 1570 parentum,
1039 1534 1190 1569 quorum
1212 1523 1250 1558 in

156 1575 335 1619 potestate
358 1573 453 1607 sunt.
489 1580 572 1605 nam
595 1570 665 1606 hoc
687 1569 766 1605 fieri
790 1569 920 1605 debere
944 1572 981 1605 et
1004 1568 1117 1604 civilis
1134 1572 1170 1604 et
1184 1579 1248 1604 na-

158 1617 282 1654 turalis
313 1616 405 1653 ratio
437 1615 566 1651 suadet
595 1615 632 1651 in
661 1618 820 1658 tantum,
852 1618 893 1649 ut
921 1614 1059 1650 iussum
1089 1614 1249 1660 parentis

180 1662 371 1699 raecedere
403 1661 542 1697 debeat.
579 1660 676 1696 unde
707 1660 909 1706 quaesitum
940 1663 1013 1703 est,
1046 1670 1094 1695 an
1123 1659 1250 1695 furiosi

156 1674 230 1745 fllia
252 1708 387 1743 nubere
411 1710 475 1742 aut
496 1706 623 1742 furiosi
646 1706 740 1742 filius
765 1716 914 1742 uxorem
946 1705 1078 1741 ducere
1108 1705 1249 1751 possit?

156 1763 308 1799 cumque
332 1762 440 1798 super
462 1751 536 1787 filio
567 1751 794 1794 variabatur,
826 1754 950 1787 nostra
979 1751 1158 1796 processit
1188 1750 1248 1786 de-

156 1800 243 1836 cisio
254 1800 279 1842 ⁷,
305 1808 376 1844 qua
398 1797 611 1844 permissum
635 1800 689 1833 est
713 1797 759 1833 ad
783 1796 983 1849 exemplum
1005 1796 1102 1832 filiae
1123 1796 1251 1832 furiosi

155 1845 268 1881 filium
291 1854 361 1890 quo
388 1854 434 1879 ue
456 1853 564 1888 posse
588 1846 625 1878 et
648 1842 724 1878 sine
773 1842 862 1878 atris
893 1845 1095 1877 interventu
1126 1842 1248 1877 matri-

155 1891 314 1926 monium
337 1855 406 1924 sigi
429 1888 599 1934 copulare
623 1898 733 1924 secun
758 1899 818 1923 um
843 1887 966 1923 datum
999 1898 1043 1923 ex
1075 1887 1248 1923 constitu-

155 1936 252 1972 tione
274 1934 429 1970 modum.

159 1985 175 2017 1
273 1980 400 2025 ⁸'Ergo
425 1989 499 2014 non
530 1989 653 2014 omnes
685 1978 789 2014 nobis
819 1988 950 2014 uxores
983 1977 1115 2014 ducere
1145 1977 1248 2013 licet:

157 2027 250 2062 'nam
274 2024 498 2072 quarundam
521 2024 654 2070 nuptiis
678 2023 931 2059 abstinendum
954 2026 1010 2060 est
1019 2023 1044 2059 ⁹.
1076 2023 1171 2058 inter
1188 2033 1249 2059 eas

157 2072 261 2108 'enim
291 2080 484 2116 personas,
524 2080 616 2115 quae
646 2072 836 2114 parentum
865 2069 1101 2104 liberorumve
1130 2069 1250 2105 locum

157 2118 259 2153 'inter
270 2127 310 2153 se
320 2116 493 2161 optinent,
518 2115 664 2167 nuptiae
685 2114 850 2151 contrahi
865 2125 938 2150 non
952 2117 1116 2160 possunt,
1140 2114 1251 2150 veluti

166 2166 260 2198 inter
317 2171 338 2196 a
354 2172 430 2197 rem
462 2171 482 2196 e
581 2171 639 2195 am
661 2171 683 2196 v
741 2170 846 2196 avum
871 2170 890 2196 e
929 2170 999 2205 nep
1017 2170 1073 2195 em
1094 2170 1137 2195 ve
1173 2170 1248 2195 ma-

158 2163 177 2177 '’
289 2173 314 2208 p
338 2165 355 2196 t
483 2164 499 2196 t
528 2160 579 2196 fili
685 2160 718 2196 el
891 2163 907 2195 t
1001 2163 1016 2195 t
1137 2159 1150 2195 1

158 2209 258 2244 'trem
290 2210 326 2242 et
355 2206 468 2242 filium
497 2206 554 2242 vel
585 2206 701 2241 aviam
733 2209 768 2241 et
799 2208 967 2250 nepotem
998 2209 1035 2241 et
1064 2215 1179 2251 usque
1203 2205 1250 2240 ad

158 2252 362 2289 'infinitumz
388 2255 424 2287 et
447 2251 478 2287 si
499 2251 590 2287 tales
613 2261 791 2297 personae
813 2250 907 2286 inter
930 2261 969 2286 se
993 2251 1162 2293 coierint,
1186 2261 1248 2286 ne-

156 2295 278 2334 'farias
309 2300 419 2343 atque
447 2296 605 2332 incestas
635 2296 781 2342 nuptias
813 2295 1036 2332 contraxisse
1067 2296 1247 2332 dicuntur.

158 2345 204 2380 ’et
225 2344 316 2379 haec
339 2342 430 2378 adeo
453 2342 505 2377 ita
528 2345 631 2385 sunt,
656 2346 715 2385 ut,
748 2341 908 2388 quamvis
931 2351 997 2386 per
1020 2341 1249 2387 adoptionem

157 2390 356 2436 'parentum
378 2387 617 2424 liberorumve
640 2387 720 2424 loco
745 2387 813 2423 sibi
837 2396 915 2423 esse
940 2387 1144 2432 coeperint,
1176 2397 1249 2422 non

158 2435 166 2449 '
193 2434 308 2471 ossint
329 2433 424 2469 inter
447 2443 486 2469 se
500 2433 725 2468 matrimonio
741 2432 840 2478 iungi
854 2432 892 2468 in
908 2435 1060 2475 tantum,
1085 2435 1126 2468 ut
1142 2432 1249 2468 etiam

155 2445 341 2516 'gissoluta
363 2478 557 2524 adoptione
579 2478 674 2514 idem
695 2478 783 2514 iuris
814 2481 975 2514 maneat:
1006 2477 1129 2523 itaque
1160 2488 1249 2521 eam,

158 2524 260 2571 ‘quae
289 2524 356 2560 tibi
385 2534 452 2570 per
481 2523 713 2569 adoptionem
742 2523 818 2559 filia
841 2526 905 2559 aut
927 2523 1044 2568 neptis
1069 2533 1147 2559 esse
1171 2533 1250 2559 coe-

158 2571 270 2631 perit,
294 2580 368 2623 non
382 2569 517 2616 poteris
532 2580 681 2605 uxorem
697 2568 836 2612 ducere,
854 2569 1015 2615 quamvis
1033 2579 1111 2605 eam
1128 2579 1249 2605 eman-

168 2627 202 2652 οι
228 2625 353 2651 avens.

158 2664 179 2697 2
201 2626 226 2662 P
271 2661 379 2696 'Inter
402 2669 463 2695 eas
487 2670 628 2712 quoque
650 2669 835 2705 personas,
860 2669 952 2705 quae
977 2669 1022 2695 ex
1044 2661 1249 2695 transverso

159 2705 282 2752 ’gradu
307 2705 528 2750 cognatioms
551 2705 758 2750 iunguntur,
783 2708 839 2740 est
853 2704 1030 2750 quaedam
1046 2704 1168 2740 similis
1184 2705 1249 2740 ob-

158 2751 341 2794 'servatio‚
384 2750 447 2786 sed
476 2761 550 2786 non
579 2753 692 2786 tanta.
739 2760 826 2787 sane
857 2750 950 2786 enim
980 2750 1073 2786 inter
1103 2749 1250 2786 fratrem

159 2798 327 2833 'sororem
352 2805 398 2831 ue
422 2796 568 2841 nuptiae
590 2796 792 2841 prohibitae
815 2799 918 2839 sunt,
951 2795 1025 2832 sive
1055 2795 1101 2831 ab
1127 2795 1251 2831 eodem

159 2844 272 2888 'patre
294 2851 337 2878 ea
364 2850 488 2887 emque
509 2844 622 2876 matre
646 2841 722 2876 nati
743 2841 888 2884 fuerint,
913 2841 987 2877 sive
1010 2851 1055 2877 ex
1078 2840 1249 2877 alterutro

160 2889 304 2924 ’eorum.
341 2886 406 2923 sed
419 2888 446 2908 ¹⁰
468 2886 500 2922 si
523 2896 594 2931 qua
646 2897 684 2921 er
706 2886 935 2932 adoptionem
958 2896 1061 2923 soror
1082 2886 1149 2922 tibi
1173 2896 1251 2922 esse

161 2932 339 2979 ’coeperit,
364 2931 533 2978 quamdiu
557 2897 699 2977 quigem
715 2935 858 2968 constat
873 2931 1030 2978 adoptio,
1055 2942 1142 2968 sane
1156 2931 1251 2968 inter

161 2979 207 3015 'te
229 2982 265 3014 et
288 2987 368 3013 eam
391 2977 539 3023 nuptiae
563 2977 759 3013 consistere
775 2988 847 3013 non
862 2981 1034 3023 possunt:
1060 2988 1143 3013 cum
1164 2988 1248 3013 vero

161 3025 236 3070 'per
269 3023 590 3068 emancipationem
625 3022 769 3068 adoptio
805 3022 981 3059 dissoluta
1015 3023 1081 3066 sit,
1114 3023 1249 3068 poteris

160 3070 250 3105 'eam
272 3078 421 3104 uxorem
444 3067 592 3103 ducere:
617 3068 682 3104 sed
706 3071 742 3103 et
758 3068 844 3104 situ
865 3070 1111 3114 emancipatus
1126 3070 1249 3111 fueris,

160 3114 259 3150 'nihil
290 3117 346 3150 est
374 3113 625 3159 impedimento
656 3113 812 3166 nuptiis!
848 3118 883 3149 et
913 3114 992 3150 ideo
1025 3116 1186 3156 constat,
1219 3114 1251 3150 si

160 3159 240 3207 quis
262 3169 431 3205 generum
455 3158 629 3204 adoptare
650 3159 752 3202 velit,
777 3159 906 3195 debere
929 3170 1011 3195 euin
1033 3162 1118 3196 ante
1139 3158 1251 3195 filiam

160 3214 263 3242 suam
293 3204 536 3250 emancipare:
569 3207 606 3240 et
635 3204 666 3240 si
697 3204 776 3250 quis
806 3204 891 3240 velit
912 3216 1042 3241 nurum
1065 3204 1238 3258 adoptare

161 3254 182 3287 3
229 3249 360 3287 debere
390 3260 468 3286 eum
501 3253 586 3286 ante
607 3248 719 3285 filium
742 3250 977 3303 emancipare.
1025 3250 1163 3286 Fratris
1194 3231 1251 3286 vei

160 3295 293 3333 sororis
315 3294 426 3331 filiam
447 3305 595 3332 uxorein
619 3295 748 3331 ducere
770 3306 844 3332 non
866 3295 960 3332 licet.
997 3296 1062 3332 sed
1077 3306 1144 3332 nec
1162 3305 1249 3342 nep·

164 3458 204 3498 (1)
228 3456 366 3490 sabinus
375 3456 437 3490 del.
449 3468 518 3490 cum
527 3456 605 3500 Diq.
625 3455 704 3490 0011.

163 3503 226 3535 hoc
235 3502 266 3536 A
277 3501 326 3543 W,
335 3511 388 3535 me
396 3501 570 3534 adversum
580 3511 615 3533 se
624 3500 661 3534 B

209 3550 252 3588 (²)
281 3547 332 3590 Cf:
342 3547 423 3591 Diq.
435 3548 464 3589 1,
476 3553 494 3581 s
509 3546 586 3580 Cod.
597 3546 628 3587 8,
639 3553 674 3580 46
685 3546 746 3588 (4·1)
863 3547 905 3586 (3)
935 3544 1011 3579 Gai.
1026 3546 1054 3586 1,
1066 3553 1100 3580 55
1111 3546 1205 3591 (Diy.
1218 3547 1248 3587 1,

165 3595 232 3635 σ,3)
326 3593 369 3634 (4)
398 3591 474 3626 Gai.
484 3592 505 3627 1.
517 3603 543 3626 c.
632 3591 675 3634 (⁵)
703 3595 747 3630 §a
758 3603 797 3624 ex
810 3590 884 3634 Ulp.
897 3591 916 3624 l.
928 3597 940 3624 ι
950 3591 1024 3624 ime.
1037 3591 1129 3634 (Diq.
1141 3593 1170 3633 1,
1181 3598 1210 3632 o,
1219 3592 1248 3634 4)

211 3639 255 3678 (ο)
284 3638 334 3681 Cfi
349 3636 425 3671 Gai.
439 3638 468 3678 1,
478 3643 576 3671 sats
586 3636 666 3681 Diy.
677 3636 731 3676 23,
742 3643 759 3670 2
772 3636 849 3669 Cod.
860 3638 891 3676 5,
901 3643 917 3670 4
1018 3637 1062 3677 (¹1)
1091 3636 1168 3670 Cod.
1179 3638 1211 3677 5,
1221 3643 1249 3677 4,

165 3685 325 3761 {iam-‘⁸'
355 3682 430 3769 ⁶323·
444 3684 646 3769 ἲεῗῆῐῖψο
654 3680 1250 3767 ‘citssfflfifflb'finffl‘2535'ssss

283 3753 289 3760 ·
728 3750 747 3768 -ι
1240 3751 1248 3768 ι

806 3456 858 3497 (1“)
881 3457 947 3497 me]
956 3456 992 3489 Ε
997 3456 1079 3501 Diq.
1093 3456 1186 3498 Call„
1195 3465 1248 3489 me

1867 75 1930 131 nn
1957 98 2121 131 mrim
2148 99 2407 133 romeu-rs

1317 210 1389 245 tem
1411 208 1534 244 fratris
1557 208 1612 244 vel
1635 209 1768 245 sororis
1801 208 1932 247 ducere
1963 210 2043 256 quis
2073 213 2211 256 potest,
2247 211 2407 257 quamvis

1318 257 1447 300 quarto
1470 252 1585 299 gradu
1608 254 1731 290 sint¹¹.
1769 254 1872 291 cuius
1897 255 1990 292 enim
2021 254 2130 292 filiam
2161 266 2309 292 uxorem
2341 255 2406 293 du-

1318 309 1398 335 cere
1421 309 1495 335 non
1517 299 1619 342 licet,
1651 300 1728 336 eius
1758 310 1874 346 neque
1905 304 2047 347 neptem
2069 301 2295 347 permittitur.
2332 301 2408 338 eius

1316 355 1400 381 vero
1424 344 1593 387 mulieris,
1618 355 1726 390 quam
1749 349 1852 391 pater
1874 348 1959 382 tuus
1983 346 2178 399 adoptavit,
2202 345 2312 384 filiam
2334 357 2407 383 non

1317 389 1445 426 videris
1467 389 1630 435 impediri
1651 401 1800 427 uxorem
1823 390 1973 434 ducere,
2006 402 2090 437 quia
2112 402 2230 438 neque
2253 392 2408 429 naturali

1318 438 1339 470 4
1386 445 1501 481 neque
1525 434 1618 471 civili
1640 435 1717 472 iure
1740 436 1806 471 tibi
1830 436 1936 472 coniu
1986 436 2066 472 'tur.
2115 437 2278 473 Duorum
2288 441 2407 473 autem

1317 480 1470 516 fratrum
1493 480 1549 516 vel
1572 491 1735 517 sororum
1758 481 1860 517 liberi
1883 482 1940 517 vel
1978 482 2084 518 ratris
2108 486 2144 518 et
2159 483 2293 518 sororis
2310 482 2407 528 iungi

1319 529 1338 561 5
1386 529 1548 572 possunt.
1597 526 1687 562 Item
1722 527 1867 562 amitam
1902 526 1988 563 licet
2021 527 2225 573 adoptivam
2261 538 2408 564 uxorem

1319 571 1450 607 ducere
1474 582 1547 607 non
1578 571 1679 615 licet,
1711 571 1796 608 item
1827 575 2073 615 materteram,
2107 573 2191 618 quia
2221 577 2408 619 parentum

1318 617 1398 652 loco
1423 617 1602 669 habentur
1615 617 1655 652 ¹².
1692 628 1764 662 qua
1775 617 1914 654 ratione
1925 628 2048 654 verum
2066 621 2121 653 est
2137 628 2301 671 magnam
2321 630 2408 664 quo-

1319 665 1557 743 iuedffi?
1577 663 2409 761 ffffliiiiirffioffinffl'ffiffinffiffffl

1319 752 1401 788 dam
1425 752 1558 798 nuptiis
1581 753 1762 789 abstinere
1785 764 1932 790 necesse
1955 757 2020 790 est.
2053 758 2094 790 ut
2113 764 2197 790 ecce
2215 754 2410 800 privignam

1319 802 1383 833 aut
1405 809 1535 834 nurum
1558 809 1708 834 uxorem
1731 798 1863 835 ducere
1886 810 1959 835 non
1988 799 2090 842 licet,
2123 799 2207 845 quia
2237 803 2411 845 utraeque

1307 843 1413 879 filiae
1435 843 1516 880 loco
1541 847 1636 880 sunt.
1673 844 1770 896 quod
1800 845 1939 880 scilicet
1968 845 2020 880 ita
2051 844 2169 890 accipi
2200 844 2348 888 debeat,
2381 845 2411 881 si

1318 888 1387 924 fuit
1409 899 1521 924 nurus
1546 892 1610 925 aut
1631 900 1810 935 privigna:
1836 900 1918 925 nam
1942 890 1972 925 si
1996 889 2115 926 adhuc
2139 901 2250 926 nurus
2275 893 2350 933 est,
2374 890 2411 926 id

1320 938 1374 970 est
1397 934 1428 970 si
1451 934 1570 970 adhuc
1594 938 1708 980 nupta
1731 938 1787 970 est
1809 934 1882 971 filio
1906 939 1969 971 tuo
1984 936 2030 978 ¹³,
2062 935 2134 971 alia
2156 935 2298 972 ratione
2319 946 2409 972 uxo-

1319 990 1394 1015 rem
1406 989 1485 1016 eam
1497 979 1629 1015 ducere
1648 990 1721 1016 non
1740 980 1870 1026 possis,
1891 980 1976 1026 quia
1995 980 2119 1017 eadem
2137 980 2279 1017 duobus
2298 984 2412 1027 nupta

1319 1035 1398 1061 esse
1420 1036 1494 1061 non
1516 1028 1654 1071 potest:
1679 1025 1764 1061 item
1788 1025 1819 1061 si
1841 1025 1960 1062 adhuc
1983 1026 2144 1073 privigna
2163 1029 2228 1061 tua
2247 1029 2302 1062 est
2314 1026 2352 1070 ¹⁴,
2375 1026 2412 1062 id

1319 1073 1374 1106 est
1396 1070 1426 1106 si
1449 1074 1565 1106 mater
1588 1070 1664 1106 eius
1695 1071 1761 1106 tibi
1791 1074 1905 1116 nupta
1936 1074 2008 1114 est,
2040 1071 2120 1108 ideo
2153 1080 2233 1107 eam
2263 1081 2412 1108 uxorem

1319 1115 1452 1152 ducere
1474 1126 1547 1152 non
1570 1116 1716 1161 poteris,
1742 1116 1826 1162 quia
1850 1116 1940 1153 duas
1960 1127 2091 1152 uxores
2110 1115 2233 1153 eodem
2252 1119 2412 1162 tempore

1320 1164 1338 1196 7
1387 1161 1522 1197 habere
1552 1172 1626 1197 non
1656 1161 1752 1197 licet.
1801 1161 1951 1198 Socrum
1982 1172 2123 1208 quoque
2155 1165 2192 1198 et
2223 1172 2410 1198 novercam

1319 1206 1537 1252 prohibitum
1561 1210 1616 1242 est
1635 1217 1783 1243 uxorem
1803 1207 1945 1251 ducere,
1970 1207 2054 1253 quia
2073 1207 2195 1243 matris
2214 1207 2295 1243 loco
2315 1211 2400 1243 sunt

1320 1252 1416 1297 quod
1447 1256 1483 1288 et
1512 1252 1630 1297 ipsum
1654 1252 1828 1288 dissoluta
1854 1252 1996 1288 demum
2019 1252 2206 1289 adfinitate
2253 1251 2411 1289 rocedit:

1320 1297 1478 1343 alioquin
1502 1298 1533 1333 si
1556 1297 1676 1333 adhuc
1699 1308 1853 1334 noverca
1877 1302 1950 1341 est,
1982 1298 2021 1334 id
2044 1301 2099 1334 est
2121 1298 2153 1333 si
2175 1307 2198 1332 a
2247 1308 2294 1334 uc
2343 1298 2413 1333 atri

1319 1346 1382 1379 tuo
1407 1346 1521 1388 nupta
1545 1346 1615 1386 est,
1648 1343 1827 1379 communi
1856 1343 1934 1379 iure
1963 1343 2155 1389 impeditur
2177 1342 2243 1378 tibi
2266 1354 2316 1378 nu
2342 1354 2412 1386 ere,

1319 1388 1404 1433 quia
1428 1388 1551 1424 eadem
1576 1388 1716 1424 duobus
1741 1391 1854 1434 nupta
1885 1399 1964 1425 esse
1994 1399 2067 1424 non
2097 1391 2234 1434 potest:
2266 1388 2352 1424 item
2382 1388 2413 1424 si

1319 1433 1438 1469 adhuc
1462 1444 1588 1470 socrus
1612 1437 1677 1477 est,
1700 1433 1738 1469 id
1762 1437 1817 1470 est
1840 1434 1870 1469 si
1893 1434 2010 1470 adhuc
2034 1433 2108 1470 filia
2125 1433 2200 1469 eius
2216 1433 2281 1469 tibi
2298 1445 2346 1469 nu
2373 1436 2411 1469 ta

1320 1482 1386 1522 est,
1410 1478 1490 1515 ideo
1514 1479 1756 1525 impediuntur
1779 1479 1946 1524 nuptiae,
1970 1479 2056 1525 quia
2079 1478 2169 1514 duas
2192 1489 2322 1515 uxores
2373 1489 2412 1514 a·

1321 1527 1340 1559 8
1387 1524 1474 1560 bere
1497 1535 1569 1560 non
1593 1524 1720 1570 possis.
1769 1524 1892 1560 Mariti
1907 1528 2028 1560 tamen
2043 1523 2138 1560 filius
2155 1534 2199 1560 ex
2215 1524 2286 1560 alia
2301 1535 2413 1560 uxore

1321 1573 1356 1604 et
1379 1569 1502 1605 uxoris
1525 1569 1599 1611 filia
1622 1579 1667 1605 ex
1690 1570 1759 1605 alio
1784 1570 1913 1605 marito
1937 1570 1992 1605 vel
2008 1573 2135 1614 contra
2150 1569 2413 1605 matrimonium

1319 1618 1416 1650 recte
1441 1615 1671 1658 contrahunt,
1695 1615 1780 1651 licet
1801 1615 1960 1650 habeant
1981 1614 2129 1650 fratrem
2152 1625 2353 1655 sororemve
2369 1625 2413 1651 ex

1320 1664 1340 1696 9
1387 1660 1613 1696 matrimonio
1646 1664 1774 1706 postea
1798 1664 1985 1697 contracto
2009 1663 2126 1697 natos.
2174 1659 2212 1695 Si
2235 1671 2327 1696 uxor
2349 1664 2413 1696 tua

1319 1709 1402 1751 post
1426 1705 1616 1742 divortium
1640 1716 1684 1740 ex
1707 1705 1777 1742 alio
1801 1705 1911 1741 filiam
1960 1705 2194 1749 rocreaverit‚
2225 1705 2316 1742 haec
2340 1717 2413 1742 non

1320 1754 1376 1787 est
1408 1751 1550 1804 quidem
1581 1751 1743 1797 privigna
1774 1754 1858 1787 tua:
1892 1762 1931 1787 se
1979 1751 2139 1787 Iulianus
2153 1752 2180 1773 '⁵
2209 1751 2412 1787 huiusmodi

1320 1797 1454 1842 nuptiis
1478 1797 1658 1832 abstinere
1682 1797 1811 1832 debere
1834 1797 1902 1832 ait:
1935 1807 2020 1832 nam
2050 1806 2118 1833 nec
2149 1806 2320 1842 sponsam
2350 1796 2411 1833 filiae·

1320 1853 1451 1878 nurum
1464 1852 1542 1878 esse
1553 1852 1619 1878 nec
1638 1842 1750 1887 patris
1771 1852 1940 1887 sponsam
1959 1852 2150 1878 novercam
2170 1852 2260 1884 esse,
2279 1841 2411 1878 rectius

1320 1891 1440 1923 tamen
1464 1891 1500 1923 et
1522 1887 1600 1923 iure
1623 1886 1784 1923 facturos
1809 1898 1882 1930 eos,
1907 1887 1968 1933 qui
1990 1885 2194 1923 huiusmodi
2217 1886 2351 1932 nuptiis
2375 1897 2413 1922 se

1322 1936 1364 1968 10
1411 1932 1660 1969 abstinuerint.
1716 1932 1810 1968 Illud
1842 1936 1978 1968 certum
2010 1935 2065 1968 est
2095 1932 2240 1968 serviles
2271 1942 2413 1978 quoque

1321 1978 1550 2024 cognationes
1574 1977 1825 2023 impedimento
1850 1988 1929 2014 esse
1952 1977 2107 2024 nuptiis,
2139 1977 2171 2013 si
2193 1976 2288 2013 forte
2309 1981 2413 2024 pater

1323 2026 1360 2058 11
1411 2027 1448 2059 et
1463 2023 1537 2059 filia
1553 2026 1616 2059 aut
1629 2022 1743 2059 frater
1759 2027 1794 2059 et
1809 2034 1912 2059 soror
1927 2023 2135 2059 manumissi
2144 2021 2288 2058 fuerint.
2321 2022 2413 2058 Sunt

1320 2072 1356 2104 et
1379 2069 1471 2105 aliae
1493 2078 1679 2115 personae,
1705 2079 1797 2114 quae
1819 2072 1968 2115 propter
1990 2068 2148 2105 diversas
2171 2068 2329 2104 rationes
2345 2079 2412 2104 nu-

1319 2114 1414 2160 ptias
1440 2114 1651 2150 contrahere
1674 2114 1927 2160 prohibentur,
1959 2124 2049 2160 quas
2072 2114 2110 2150 in
2133 2113 2233 2150 libris
2258 2113 2410 2160 digesto-

1319 2171 1398 2195 rum
1422 2170 1486 2213 seu
1508 2159 1768 2213 pandectarum
1791 2170 1835 2195 ex
1858 2160 1968 2196 veteri
1982 2160 2061 2196 iure
2078 2159 2309 2196 collectarum
2325 2169 2411 2195 enu-

1319 2215 1708 2304 gerarislieffizsgggg.
1728 2260 1771 2286 ea
1802 2260 1897 2303 quae
1925 2249 1998 2285 dixi‘
1988 2250 2078 2286 ‘mus
2110 2249 2219 2303 aliqui
2250 2249 2411 2302 coierint,

1319 2306 1386 2332 nec
1417 2307 1471 2332 vir
1501 2306 1568 2332 nec
1591 2306 1683 2332 uxor
1705 2305 1773 2331 nec
1796 2299 1943 2341 nuptiae
1967 2306 2034 2332 nec
2057 2298 2321 2332 matrimonium
2344 2306 2411 2331 nec

1319 2341 1384 2377 dos
1407 2341 1633 2387 intellegitur.
1657 2341 1780 2386 itaque
1801 2341 1838 2384 ii,
1863 2340 1924 2386 qui
1947 2351 1991 2377 ex
2015 2351 2056 2377 eo
2081 2341 2178 2377 coitu
2200 2344 2410 2384 nascuntur,

1318 2387 1554 2478 {ffipss‘ssissi‘ffi
1565 2386 1779 2478 ,mm
1799 2386 1982 2478 ἷέἲὲἰῃὲῗᾱ
1999 2386 2412 2478 ἑῖᾼῖἔιὲῖξίθὲηἶῗέἐ

1966 2458 1975 2475 2
2287 2457 2297 2475 9

1319 2481 1434 2514 mater
1463 2477 1568 2523 vulgo
1601 2477 1775 2523 concepit.
1815 2477 1945 2514 wnam
1968 2487 2035 2514 nec
2058 2477 2095 2513 hi
2117 2480 2256 2523 patrem
2278 2477 2328 2512 ha
2353 2487 2412 2513 ere

1319 2523 1428 2558 'intell
1522 2527 1600 2566 tur,
1633 2534 1715 2559 cum
1744 2523 1776 2559 is
1806 2525 1914 2559 etiam
1946 2523 2105 2559 incertus
2129 2525 2201 2558 est:
2233 2522 2329 2559 unde
2351 2532 2411 2559 so-

1320 2568 1404 2629 :lent
1438 2611 1449 2625 e
1513 2568 1626 2614 spurii
1657 2568 1849 2621 appellari,
1882 2568 1938 2620 vel
1955 2578 1992 2621 'a
2016 2568 2158 2604 Graeca
2186 2578 2275 2627 voce
2307 2567 2412 2620 quasi

1319 2612 1654 2712 t‘ijiqrwgiqggvuzosstoe
1671 2613 1912 2711 iglsgleiiltgltlglsil
1918 2624 2015 2695 οῗίῐὲιῖ
2030 2612 2411 2711 iffggotifignexazetaeilii

1319 2705 1422 2740 locus
1446 2708 1503 2741 sit.
1541 2715 1601 2750 qui
1633 2708 1753 2740 autem
1784 2704 1985 2750 prohibitas
2015 2705 2161 2749 nuptias
2193 2706 2342 2746 coeunt,
2374 2706 2412 2740 et

1319 2750 1409 2786 alias
1432 2759 1568 2796 poenas
1591 2750 1797 2796 patiuntur,
1829 2759 1922 2795 quae
1952 2749 2065 2786 sacris
2096 2749 2411 2786 constitutionibus

1321 2795 1558 2832 continentur.

1322 2843 1363 2876 13
1460 2842 1487 2863 ¹⁷
1497 2840 1708 2886 'Aliquando
1733 2843 1854 2876 autem
1878 2839 2005 2883 evenit,
2029 2842 2071 2875 ut
2083 2839 2196 2884 liberi,
2212 2839 2274 2886 qui
2287 2839 2409 2876 statim

1320 2886 1371 2922 'ut
1382 2887 1411 2908 ¹⁸
1428 2886 1505 2922 nati
1523 2889 1609 2922 sunt
1626 2886 1664 2922 in
1682 2888 1861 2931 potestate
1878 2887 2068 2931 parentum
2079 2895 2153 2922 non
2162 2883 2263 2929 fiant,
2282 2888 2410 2931 postea

1320 2932 1450 2968 'tamen
1462 2932 1492 2954 ¹⁹
1509 2931 1716 2977 redigantur
1734 2931 1771 2966 in
1790 2931 2028 2977 potestatem.⁴
2060 2930 2175 2976 qualis
2195 2933 2252 2967 est
2267 2929 2311 2973 is,
2335 2930 2408 2976 qui,

1320 2977 1403 3013 dum
1425 2977 1599 3013 naturalis
1621 2976 1758 3020 fuerat,
1789 2979 1918 3022 postea
1949 2976 2071 3013 curiae
2102 2975 2208 3012 datus
2239 2975 2409 3021 potestati

1318 3022 1432 3069 patris
1462 3022 1647 3059 subicitur.
1692 3032 1759 3058 uec
1789 3032 1863 3058 non
1894 3021 1944 3065 is,
1976 3021 2037 3068 qui
2067 3031 2090 3057 a
2119 3020 2267 3057 muliere
2294 3020 2408 3074 libera

1344 3071 1540 3111 rocreatus,
1565 3067 1667 3104 cuius
1691 3067 1954 3104 matrimonium
1976 3067 2119 3103 minime
2139 3065 2276 3112 legibus
2298 3069 2408 3103 inter-

1346 3113 1455 3149 ‘ctum
1488 3113 1626 3156 fuerat,
1662 3112 1725 3149 sed
1760 3112 1806 3148 ad
1841 3123 1949 3158 quam
1978 3115 2082 3158 pater
2115 3110 2408 3148 consuetudinem

1318 3159 1514 3202 habuerat,
1547 3161 1675 3205 postea
1698 3169 1742 3195 ex
1764 3161 1890 3194 nostra
1913 3156 2166 3195 constitutione
2175 3155 2207 3178 ²⁰
2230 3155 2407 3193 dotalibus

1318 3204 1564 3241 instrumentis
1597 3203 1804 3249 compositis
1833 3204 1872 3239 in
1894 3205 2074 3249 potestate
2095 3201 2209 3248 patris
2233 3201 2405 3238 efficitur:

1319 3249 1416 3296 quod
1439 3253 1476 3286 et
1498 3249 1588 3293 aliis,
1613 3249 1644 3286 si
1666 3259 1712 3286 ex
1735 3248 1859 3286 eodem
1880 3247 2145 3285 matrimonio²¹
2166 3246 2302 3284 fuerint
2322 3257 2407 3294 pro-

1292 3297 1294 3299 '
1321 3295 1442 3338 creati,
1467 3294 1627 3331 similiter
1649 3298 1775 3331 nostra
1798 3293 2005 3331 constitutio
2015 3293 2047 3315 ²²
2069 3292 2246 3340 praebuit.

1318 3457 1458 3497 quartus
1466 3454 1590 3497 gradus
1599 3454 1646 3487 sit
1651 3454 1732 3494 AB,
1766 3456 1863 3486 uarto
1871 3452 1980 3496 gradu
1987 3451 2034 3486 sit
2040 3453 2077 3487 Ε
2188 3454 2247 3493 (12)
2271 3453 2320 3487 cic
2328 3453 2403 3486 dau.

1318 3511 1386 3534 cum
1399 3500 1438 3542 Θ,
1448 3499 1593 3533 habetur
1601 3499 1706 3533 ABE
1769 3523 1778 3540 ‚
1788 3497 1953 3531 habeatnr
1969 3497 2028 3533 W·
2148 3500 2206 3538 (18)
2231 3499 2303 3540 tuo]
2312 3498 2348 3532 Ε
2355 3499 2403 3542 W,

1318 3545 1391 3579 eius
1399 3545 1441 3585 A,
1452 3557 1510 3578 om.
1522 3545 1558 3578 B
1740 3546 1799 3587 (14)
1825 3546 1884 3576 tus.
1892 3544 1955 3585 est]
1964 3542 2000 3577 Ε
2006 3542 2056 3583 W,
2065 3542 2166 3576 mevii
2177 3545 2228 3576 est
2237 3543 2279 3584 A,
2290 3555 2352 3577 om.
2366 3543 2404 3578 B

1319 3592 1377 3631 (ιο)
1402 3591 1444 3633 ct:
1453 3590 1536 3634 Diq.
1545 3591 1599 3633 23,
1610 3597 1637 3631 2,
1647 3596 1691 3631 ιι,
1700 3596 1717 3624 s
1811 3590 1870 3631 (io)
1899 3588 1976 3624 Gai.
1987 3588 2018 3628 1,
2027 3594 2064 3622 44
2149 3589 2208 3630 (ι-ι)
2237 3588 2313 3623 Gai.
2327 3590 2355 3629 1,
2366 3595 2402 3623 ⁶⁵

1318 3637 1379 3678 (18)
1403 3636 1454 3677 ut]
1464 3635 1499 3669 Ε
1508 3635 1623 3670 Wcum
1634 3635 1674 3676 Θ,
1683 3647 1744 3670 om.
1753 3634 1823 3668 AB
1863 3666 1867 3670 ,
1971 3634 2031 3675 (ιο)
2055 3634 2181 3675 tamen]
2194 3633 2281 3676 Gai„
2291 3636 2401 3667 autem

1319 3681 1399 3716 lw'bn'
1497 3682 1560 3722 (20)
1590 3681 1666 3715 Cod.
1677 3681 1708 3721 5,
1719 3686 1810 3721 27,1o
1910 3680 1968 3719 (81)
1993 3677 2022 3711 si
2031 3688 2071 3711 ex
2079 3688 2105 3712 s.
2117 3679 2174 3721 ιιι]
2183 3678 2225 3721 A,
2234 3689 2274 3713 ex
2283 3689 2309 3713 e.
2319 3689 2362 3712 m.
2371 3679 2400 3713 si

1320 3726 1391 3760 BP
1397 3726 1464 3767 ΠΝ,
1473 3726 1580 3768 quiex
1589 3735 1616 3759 e.
1627 3735 1670 3759 m.
1679 3726 1715 3760 Ε
1804 3728 1867 3766 (22)
1895 3725 1973 3759 God.
1981 3725 2014 3768 ⁵,
2024 3730 2109 3766 27,11
