<?xml version="1.0" encoding="UTF-8"?>
<!DOCTYPE html PUBLIC "-//W3C//DTD XHTML 1.0 Transitional//EN"
    "http://www.w3.org/TR/xhtml1/DTD/xhtml1-transitional.dtd">
<html xmlns="http://www.w3.org/1999/xhtml" xml:lang="en" lang="en">
 <head>
  <title>
</title>
<meta http-equiv="Content-Type" content="text/html;charset=utf-8" />
  <meta name='ocr-system' content='tesseract 3.04.00' />
  <meta name='ocr-capabilities' content='ocr_page ocr_carea ocr_par ocr_line ocrx_word'/>
</head>
<body>
  <div class='ocr_page' id='page_1' title='image "./corpusjuriscivil01krueuoft_0847.png"; bbox 0 0 2528 3918; ppageno 0'>
   <div class='ocr_carea' id='block_1_1' title="bbox 140 126 515 157">
    <p class='ocr_par' dir='ltr' id='par_1_1' title="bbox 140 126 515 157">
     <span class='ocr_line' id='line_1_1' title="bbox 140 126 515 157; baseline 0 -1"><span class='ocrx_word' id='word_1_1' title='bbox 140 126 515 157; x_wconf 80' lang='lat' dir='ltr'>OBLIGATIONIBUS</span> 
     </span>
    </p>
   </div>
   <div class='ocr_carea' id='block_1_2' title="bbox 131 233 1218 3346">
    <p class='ocr_par' dir='ltr' id='par_1_2' title="bbox 137 233 1218 407">
     <span class='ocr_line' id='line_1_2' title="bbox 189 233 1217 286; baseline -0.004 -14"><span class='ocrx_word' id='word_1_2' title='bbox 189 234 263 272; x_wconf 84' lang='lat'>119</span> <span class='ocrx_word' id='word_1_3' title='bbox 301 235 405 271; x_wconf 73' lang='lat' dir='ltr'><em>IDEM</em></span> <span class='ocrx_word' id='word_1_4' title='bbox 446 235 536 271; x_wconf 81' lang='lat' dir='ltr'>libro</span> <span class='ocrx_word' id='word_1_5' title='bbox 580 234 787 286; x_wconf 70' lang='lat' dir='ltr'>triqensimo</span> <span class='ocrx_word' id='word_1_6' title='bbox 824 236 929 268; x_wconf 78' lang='lat' dir='ltr'>sexto</span> <span class='ocrx_word' id='word_1_7' title='bbox 970 233 1217 286; x_wconf 67' lang='lat' dir='ltr'><em>quaestionum</em></span> 
     </span>
     <span class='ocr_line' id='line_1_3' title="bbox 141 278 1218 325; baseline -0.002 -9"><span class='ocrx_word' id='word_1_8' title='bbox 141 282 220 317; x_wconf 89' lang='lat' dir='ltr'>Doli</span> <span class='ocrx_word' id='word_1_9' title='bbox 251 281 426 323; x_wconf 80' lang='lat' dir='ltr'>clausula,</span> <span class='ocrx_word' id='word_1_10' title='bbox 466 290 556 325; x_wconf 88' lang='lat' dir='ltr'>quae</span> <span class='ocrx_word' id='word_1_11' title='bbox 591 278 880 323; x_wconf 79' lang='lat' dir='ltr'>stipulationibus</span> <span class='ocrx_word' id='word_1_12' title='bbox 913 278 1105 321; x_wconf 81' lang='lat' dir='ltr'>subicitur,</span> <span class='ocrx_word' id='word_1_13' title='bbox 1144 289 1218 314; x_wconf 91' lang='lat' dir='ltr'>non</span> 
     </span>
     <span class='ocr_line' id='line_1_4' title="bbox 138 323 1216 372; baseline -0.003 -10"><span class='ocrx_word' id='word_1_14' title='bbox 138 326 289 372; x_wconf 83' lang='lat' dir='ltr'><strong>pertinet</strong></span> <span class='ocrx_word' id='word_1_15' title='bbox 312 326 359 361; x_wconf 87' lang='lat' dir='ltr'>ad</span> <span class='ocrx_word' id='word_1_16' title='bbox 382 336 442 361; x_wconf 89' lang='grc'>000</span> <span class='ocrx_word' id='word_1_17' title='bbox 466 328 587 370; x_wconf 91' lang='lat' dir='ltr'>partes</span> <span class='ocrx_word' id='word_1_18' title='bbox 608 323 857 369; x_wconf 83' lang='lat' dir='ltr'>stipulationis,</span> <span class='ocrx_word' id='word_1_19' title='bbox 883 323 926 358; x_wconf 92' lang='lat' dir='ltr'>de</span> <span class='ocrx_word' id='word_1_20' title='bbox 951 324 1080 368; x_wconf 91' lang='lat' dir='ltr'>quibus</span> <span class='ocrx_word' id='word_1_21' title='bbox 1104 323 1216 359; x_wconf 92' lang='lat' dir='ltr'>nomi-</span> 
     </span>
     <span class='ocr_line' id='line_1_5' title="bbox 137 372 425 407; baseline -0.003 0"><span class='ocrx_word' id='word_1_22' title='bbox 137 372 247 407; x_wconf 84' lang='lat' dir='ltr'>natim</span> <span class='ocrx_word' id='word_1_23' title='bbox 271 375 425 406; x_wconf 85' lang='lat' dir='ltr'>cavetur.</span> 
     </span>
    </p>

    <p class='ocr_par' dir='ltr' id='par_1_3' title="bbox 134 414 1218 820">
     <span class='ocr_line' id='line_1_6' title="bbox 185 414 1217 460; baseline -0.006 -7"><span class='ocrx_word' id='word_1_24' title='bbox 185 414 261 454; x_wconf 86' lang='lat'>120</span> <span class='ocrx_word' id='word_1_25' title='bbox 293 415 397 451; x_wconf 72' lang='lat' dir='ltr'><em>IDEM</em></span> <span class='ocrx_word' id='word_1_26' title='bbox 424 415 514 451; x_wconf 76' lang='lat' dir='ltr'>libro</span> <span class='ocrx_word' id='word_1_27' title='bbox 547 414 753 460; x_wconf 73' lang='lat' dir='ltr'>triqensimo</span> <span class='ocrx_word' id='word_1_28' title='bbox 786 414 936 459; x_wconf 76' lang='lat' dir='ltr'>septimo</span> <span class='ocrx_word' id='word_1_29' title='bbox 969 414 1217 459; x_wconf 79' lang='lat' dir='ltr'>quaestionum</span> 
     </span>
     <span class='ocr_line' id='line_1_7' title="bbox 137 459 1216 505; baseline -0.004 -8"><span class='ocrx_word' id='word_1_30' title='bbox 137 461 174 496; x_wconf 92' lang='lat' dir='ltr'>Si</span> <span class='ocrx_word' id='word_1_31' title='bbox 189 461 240 497; x_wconf 89' lang='lat' dir='ltr'>ita</span> <span class='ocrx_word' id='word_1_32' title='bbox 257 460 447 505; x_wconf 88' lang='lat' dir='ltr'>stipulatus</span> <span class='ocrx_word' id='word_1_33' title='bbox 463 459 584 495; x_wconf 89' lang='lat' dir='ltr'>fuero:</span> <span class='ocrx_word' id='word_1_34' title='bbox 612 459 714 493; x_wconf 89' lang='lat' dir='ltr'>‘hanc</span> <span class='ocrx_word' id='word_1_35' title='bbox 733 469 905 494; x_wconf 90' lang='lat' dir='ltr'>summam</span> <span class='ocrx_word' id='word_1_36' title='bbox 927 463 1069 494; x_wconf 90' lang='lat' dir='ltr'>centum</span> <span class='ocrx_word' id='word_1_37' title='bbox 1090 469 1216 493; x_wconf 89' lang='grc' dir='ltr'><strong>0111·οο-</strong></span> 
     </span>
     <span class='ocr_line' id='line_1_8' title="bbox 138 503 1218 550; baseline -0.003 -9"><span class='ocrx_word' id='word_1_38' title='bbox 138 511 228 541; x_wconf 78' lang='lat' dir='ltr'>‘rum</span> <span class='ocrx_word' id='word_1_39' title='bbox 250 506 327 541; x_wconf 86' lang='lat' dir='ltr'>dari</span> <span class='ocrx_word' id='word_1_40' title='bbox 351 505 504 550; x_wconf 79' lang='lat' dir='ltr'>spondes</span> <span class='ocrx_word' id='word_1_41' title='bbox 513 505 552 548; x_wconf 83' lang='lat'>?&#39;,</span> <span class='ocrx_word' id='word_1_42' title='bbox 585 504 652 539; x_wconf 88' lang='lat' dir='ltr'>etsi</span> <span class='ocrx_word' id='word_1_43' title='bbox 675 504 826 538; x_wconf 84' lang='lat' dir='ltr'>maxime</span> <span class='ocrx_word' id='word_1_44' title='bbox 850 504 901 538; x_wconf 90' lang='lat' dir='ltr'>ita</span> <span class='ocrx_word' id='word_1_45' title='bbox 925 503 1136 539; x_wconf 84' lang='lat' dir='ltr'>exaudiatur</span> <span class='ocrx_word' id='word_1_46' title='bbox 1159 504 1218 538; x_wconf 91' lang='lat' dir='ltr'>ille</span> 
     </span>
     <span class='ocr_line' id='line_1_9' title="bbox 136 548 1218 591; baseline -0.004 -4"><span class='ocrx_word' id='word_1_47' title='bbox 136 561 270 587; x_wconf 82' lang='lat' dir='ltr'>sermo:</span> <span class='ocrx_word' id='word_1_48' title='bbox 311 550 354 587; x_wconf 88' lang='lat' dir='ltr'>‘si</span> <span class='ocrx_word' id='word_1_49' title='bbox 380 550 486 585; x_wconf 91' lang='lat' dir='ltr'>modo</span> <span class='ocrx_word' id='word_1_50' title='bbox 520 554 661 584; x_wconf 90' lang='lat' dir='ltr'>centum</span> <span class='ocrx_word' id='word_1_51' title='bbox 693 559 882 584; x_wconf 89' lang='lat' dir='ltr'>aureorum</span> <span class='ocrx_word' id='word_1_52' title='bbox 915 549 991 591; x_wconf 90' lang='lat' dir='ltr'>est&#39;,</span> <span class='ocrx_word' id='word_1_53' title='bbox 1027 559 1100 584; x_wconf 92' lang='lat' dir='ltr'>non</span> <span class='ocrx_word' id='word_1_54' title='bbox 1131 548 1218 584; x_wconf 86' lang='lat' dir='ltr'>facit</span> 
     </span>
     <span class='ocr_line' id='line_1_10' title="bbox 137 594 1218 639; baseline -0.003 -8"><span class='ocrx_word' id='word_1_55' title='bbox 137 596 379 631; x_wconf 89' lang='lat' dir='ltr'>condicionem</span> <span class='ocrx_word' id='word_1_56' title='bbox 410 595 499 630; x_wconf 90' lang='lat' dir='ltr'>haec</span> <span class='ocrx_word' id='word_1_57' title='bbox 530 594 702 638; x_wconf 89' lang='lat' dir='ltr'>adiectio,</span> <span class='ocrx_word' id='word_1_58' title='bbox 734 595 899 639; x_wconf 89' lang='lat' dir='ltr'>quoniam</span> <span class='ocrx_word' id='word_1_59' title='bbox 925 594 955 629; x_wconf 92' lang='lat' dir='ltr'>si</span> <span class='ocrx_word' id='word_1_60' title='bbox 979 598 1121 629; x_wconf 89' lang='lat' dir='ltr'>centum</span> <span class='ocrx_word' id='word_1_61' title='bbox 1144 604 1218 628; x_wconf 92' lang='lat' dir='ltr'>non</span> 
     </span>
     <span class='ocr_line' id='line_1_11' title="bbox 137 639 1218 686; baseline -0.003 -10"><span class='ocrx_word' id='word_1_62' title='bbox 137 641 223 683; x_wconf 88' lang='lat' dir='ltr'>sint,</span> <span class='ocrx_word' id='word_1_63' title='bbox 254 640 434 686; x_wconf 81' lang='lat' dir='ltr'>stipulatio</span> <span class='ocrx_word' id='word_1_64' title='bbox 459 640 558 674; x_wconf 91' lang='lat' dir='ltr'>nulla</span> <span class='ocrx_word' id='word_1_65' title='bbox 582 643 653 674; x_wconf 89' lang='lat' dir='ltr'>est:</span> <span class='ocrx_word' id='word_1_66' title='bbox 686 650 752 674; x_wconf 89' lang='lat' dir='ltr'>nec</span> <span class='ocrx_word' id='word_1_67' title='bbox 781 639 918 684; x_wconf 87' lang='lat' dir='ltr'>placuit</span> <span class='ocrx_word' id='word_1_68' title='bbox 949 639 1063 674; x_wconf 87' lang='lat' dir='ltr'>instar</span> <span class='ocrx_word' id='word_1_69' title='bbox 1086 639 1218 674; x_wconf 88' lang='lat' dir='ltr'>habere</span> 
     </span>
     <span class='ocr_line' id='line_1_12' title="bbox 136 683 1218 729; baseline -0.003 -8"><span class='ocrx_word' id='word_1_70' title='bbox 136 685 353 722; x_wconf 89' lang='lat' dir='ltr'>condicionis</span> <span class='ocrx_word' id='word_1_71' title='bbox 377 695 591 727; x_wconf 82' lang='lat' dir='ltr'>sermonem,</span> <span class='ocrx_word' id='word_1_72' title='bbox 624 684 685 729; x_wconf 90' lang='lat' dir='ltr'>qui</span> <span class='ocrx_word' id='word_1_73' title='bbox 709 695 779 719; x_wconf 90' lang='lat' dir='ltr'>non</span> <span class='ocrx_word' id='word_1_74' title='bbox 803 684 850 719; x_wconf 89' lang='lat' dir='ltr'>ad</span> <span class='ocrx_word' id='word_1_75' title='bbox 873 684 1053 726; x_wconf 86' lang='lat' dir='ltr'>futurum,</span> <span class='ocrx_word' id='word_1_76' title='bbox 1086 684 1148 719; x_wconf 88' lang='lat' dir='ltr'>sed</span> <span class='ocrx_word' id='word_1_77' title='bbox 1172 683 1218 718; x_wconf 89' lang='lat' dir='ltr'>ad</span> 
     </span>
     <span class='ocr_line' id='line_1_13' title="bbox 134 728 1217 776; baseline -0.003 -10"><span class='ocrx_word' id='word_1_78' title='bbox 134 742 303 776; x_wconf 80' lang='lat' dir='ltr'>praesens</span> <span class='ocrx_word' id='word_1_79' title='bbox 327 735 466 775; x_wconf 91' lang='lat' dir='ltr'>tempus</span> <span class='ocrx_word' id='word_1_80' title='bbox 490 730 662 772; x_wconf 88' lang='lat' dir='ltr'>refertur,</span> <span class='ocrx_word' id='word_1_81' title='bbox 688 730 755 765; x_wconf 90' lang='lat' dir='ltr'>etsi</span> <span class='ocrx_word' id='word_1_82' title='bbox 780 729 1030 765; x_wconf 87' lang='lat' dir='ltr'>contrahentes</span> <span class='ocrx_word' id='word_1_83' title='bbox 1053 728 1104 764; x_wconf 87' lang='lat' dir='ltr'>rei</span> <span class='ocrx_word' id='word_1_84' title='bbox 1127 729 1217 764; x_wconf 82' lang='lat' dir='ltr'>veri-</span> 
     </span>
     <span class='ocr_line' id='line_1_14' title="bbox 136 776 441 820; baseline -0.007 -9"><span class='ocrx_word' id='word_1_85' title='bbox 136 780 243 811; x_wconf 90' lang='lat' dir='ltr'>tatem</span> <span class='ocrx_word' id='word_1_86' title='bbox 266 776 441 820; x_wconf 84' lang='lat' dir='ltr'>ignorant.</span> 
     </span>
    </p>

    <p class='ocr_par' dir='ltr' id='par_1_4' title="bbox 132 819 1218 1533">
     <span class='ocr_line' id='line_1_15' title="bbox 183 819 1218 866; baseline -0.005 -8"><span class='ocrx_word' id='word_1_87' title='bbox 183 819 257 858; x_wconf 84' lang='lat'>121</span> <span class='ocrx_word' id='word_1_88' title='bbox 297 821 403 855; x_wconf 75' lang='lat' dir='ltr'><em>IDEM</em></span> <span class='ocrx_word' id='word_1_89' title='bbox 436 820 526 856; x_wconf 74' lang='lat' dir='ltr'>libro</span> <span class='ocrx_word' id='word_1_90' title='bbox 560 820 746 855; x_wconf 71' lang='lat' dir='ltr'>undecimo</span> <span class='ocrx_word' id='word_1_91' title='bbox 778 830 1031 866; x_wconf 80' lang='lat' dir='ltr'>responsorum</span> <span class='ocrx_word' id='word_1_92' title='bbox 1085 819 1143 853; x_wconf 86' lang='lat' dir='ltr'>Ex</span> <span class='ocrx_word' id='word_1_93' title='bbox 1175 829 1218 854; x_wconf 88' lang='lat' dir='ltr'>ea</span> 
     </span>
     <span class='ocr_line' id='line_1_16' title="bbox 134 863 1216 912; baseline -0.003 -11"><span class='ocrx_word' id='word_1_94' title='bbox 134 871 236 912; x_wconf 90' lang='lat' dir='ltr'>parte</span> <span class='ocrx_word' id='word_1_95' title='bbox 273 865 466 901; x_wconf 88' lang='lat' dir='ltr'>cautionis:</span> <span class='ocrx_word' id='word_1_96' title='bbox 511 865 714 909; x_wconf 88' lang='lat' dir='ltr'>‘dolumque</span> <span class='ocrx_word' id='word_1_97' title='bbox 749 865 881 899; x_wconf 90' lang='lat' dir='ltr'>malum</span> <span class='ocrx_word' id='word_1_98' title='bbox 917 864 1000 899; x_wconf 92' lang='lat' dir='ltr'>huic</span> <span class='ocrx_word' id='word_1_99' title='bbox 1041 863 1094 899; x_wconf 92' lang='lat' dir='ltr'>rei</span> <span class='ocrx_word' id='word_1_100' title='bbox 1132 875 1216 909; x_wconf 91' lang='lat' dir='ltr'>pro-</span> 
     </span>
     <span class='ocr_line' id='line_1_17' title="bbox 136 909 1218 955; baseline -0.003 -9"><span class='ocrx_word' id='word_1_101' title='bbox 136 911 373 955; x_wconf 89' lang='lat' dir='ltr'>‘missionique</span> <span class='ocrx_word' id='word_1_102' title='bbox 403 911 530 946; x_wconf 89' lang='lat' dir='ltr'>abesse</span> <span class='ocrx_word' id='word_1_103' title='bbox 561 910 814 954; x_wconf 87' lang='lat' dir='ltr'>afuturumque</span> <span class='ocrx_word' id='word_1_104' title='bbox 847 919 923 945; x_wconf 91' lang='lat' dir='ltr'>esse</span> <span class='ocrx_word' id='word_1_105' title='bbox 948 909 1139 955; x_wconf 88' lang='lat' dir='ltr'>stipulatus</span> <span class='ocrx_word' id='word_1_106' title='bbox 1164 913 1218 944; x_wconf 92' lang='lat' dir='ltr'>est</span> 
     </span>
     <span class='ocr_line' id='line_1_18' title="bbox 139 954 1216 1008; baseline -0.003 -17"><span class='ocrx_word' id='word_1_107' title='bbox 139 961 150 991; x_wconf 82' lang='grc'>1</span> <span class='ocrx_word' id='word_1_108' title='bbox 201 957 289 998; x_wconf 62' lang='grc'>61110,</span> <span class='ocrx_word' id='word_1_109' title='bbox 325 956 516 1008; x_wconf 87' lang='lat' dir='ltr'>spopondit</span> <span class='ocrx_word' id='word_1_110' title='bbox 546 956 628 999; x_wconf 83' lang='lat' dir='ltr'>ille’,</span> <span class='ocrx_word' id='word_1_111' title='bbox 658 955 786 990; x_wconf 85' lang='lat' dir='ltr'>incerti</span> <span class='ocrx_word' id='word_1_112' title='bbox 817 959 951 1000; x_wconf 88' lang='lat' dir='ltr'>agetur.</span> <span class='ocrx_word' id='word_1_113' title='bbox 1009 954 1216 999; x_wconf 89' lang='lat' dir='ltr'>Stipulatio-</span> 
     </span>
     <span class='ocr_line' id='line_1_19' title="bbox 134 999 1217 1046; baseline -0.003 -9"><span class='ocrx_word' id='word_1_114' title='bbox 134 1002 188 1037; x_wconf 92' lang='lat' dir='ltr'>nis</span> <span class='ocrx_word' id='word_1_115' title='bbox 223 1002 356 1037; x_wconf 87' lang='lat' dir='ltr'>utiliter</span> <span class='ocrx_word' id='word_1_116' title='bbox 390 1000 669 1046; x_wconf 77' lang='lat' dir='ltr'>interponendae</span> <span class='ocrx_word' id='word_1_117' title='bbox 701 1000 817 1045; x_wconf 89' lang='lat' dir='ltr'>gratia</span> <span class='ocrx_word' id='word_1_118' title='bbox 852 999 979 1034; x_wconf 91' lang='lat' dir='ltr'>mulier</span> <span class='ocrx_word' id='word_1_119' title='bbox 1008 1000 1054 1034; x_wconf 91' lang='lat' dir='ltr'>ab</span> <span class='ocrx_word' id='word_1_120' title='bbox 1085 1010 1143 1041; x_wconf 93' lang='lat' dir='ltr'>eo,</span> <span class='ocrx_word' id='word_1_121' title='bbox 1181 1000 1217 1034; x_wconf 90' lang='lat' dir='ltr'>in</span> 
     </span>
     <span class='ocr_line' id='line_1_20' title="bbox 135 1045 1218 1090; baseline -0.003 -8"><span class='ocrx_word' id='word_1_122' title='bbox 135 1047 235 1082; x_wconf 86' lang='lat' dir='ltr'>cuius</span> <span class='ocrx_word' id='word_1_123' title='bbox 275 1046 538 1081; x_wconf 84' lang='lat' dir='ltr'>matrimonium</span> <span class='ocrx_word' id='word_1_124' title='bbox 579 1045 828 1087; x_wconf 88' lang='lat' dir='ltr'>conveniebat,</span> <span class='ocrx_word' id='word_1_125' title='bbox 883 1045 1053 1090; x_wconf 88' lang='lat' dir='ltr'>stipulata</span> <span class='ocrx_word' id='word_1_126' title='bbox 1099 1045 1218 1080; x_wconf 88' lang='lat' dir='ltr'>fuerat</span> 
     </span>
     <span class='ocr_line' id='line_1_21' title="bbox 134 1090 1215 1135; baseline -0.003 -8"><span class='ocrx_word' id='word_1_127' title='bbox 134 1092 303 1134; x_wconf 88' lang='lat' dir='ltr'>ducenta,</span> <span class='ocrx_word' id='word_1_128' title='bbox 348 1092 378 1126; x_wconf 87' lang='lat' dir='ltr'>si</span> <span class='ocrx_word' id='word_1_129' title='bbox 420 1091 639 1127; x_wconf 87' lang='lat' dir='ltr'>concubinae</span> <span class='ocrx_word' id='word_1_130' title='bbox 678 1095 836 1135; x_wconf 90' lang='lat' dir='ltr'>tempore</span> <span class='ocrx_word' id='word_1_131' title='bbox 874 1090 1090 1125; x_wconf 88' lang='lat' dir='ltr'>matrimonii</span> <span class='ocrx_word' id='word_1_132' title='bbox 1131 1101 1215 1125; x_wconf 93' lang='lat' dir='ltr'>con-</span> 
     </span>
     <span class='ocr_line' id='line_1_22' title="bbox 134 1135 1215 1181; baseline -0.002 -9"><span class='ocrx_word' id='word_1_133' title='bbox 134 1137 356 1173; x_wconf 86' lang='lat' dir='ltr'>suetudinem</span> <span class='ocrx_word' id='word_1_134' title='bbox 395 1137 590 1181; x_wconf 91' lang='lat' dir='ltr'>repetisset.</span> <span class='ocrx_word' id='word_1_135' title='bbox 643 1135 731 1170; x_wconf 85' lang='lat' dir='ltr'>nihil</span> <span class='ocrx_word' id='word_1_136' title='bbox 765 1145 897 1171; x_wconf 91' lang='lat' dir='ltr'>causae</span> <span class='ocrx_word' id='word_1_137' title='bbox 929 1146 1006 1170; x_wconf 91' lang='lat' dir='ltr'>esse</span> <span class='ocrx_word' id='word_1_138' title='bbox 1037 1135 1215 1180; x_wconf 86' lang='lat' dir='ltr'>respondi,</span> 
     </span>
     <span class='ocr_line' id='line_1_23' title="bbox 135 1180 1217 1226; baseline -0.002 -9"><span class='ocrx_word' id='word_1_139' title='bbox 135 1194 198 1218; x_wconf 89' lang='lat' dir='ltr'>cur</span> <span class='ocrx_word' id='word_1_140' title='bbox 222 1193 266 1217; x_wconf 88' lang='lat' dir='ltr'>ex</span> <span class='ocrx_word' id='word_1_141' title='bbox 291 1182 462 1226; x_wconf 90' lang='lat' dir='ltr'>stipulatu</span> <span class='ocrx_word' id='word_1_142' title='bbox 477 1184 495 1225; x_wconf 90' lang='lat'>¹,</span> <span class='ocrx_word' id='word_1_143' title='bbox 530 1191 622 1226; x_wconf 90' lang='lat' dir='ltr'>quae</span> <span class='ocrx_word' id='word_1_144' title='bbox 650 1191 695 1216; x_wconf 84' lang='lat' dir='ltr'>ex</span> <span class='ocrx_word' id='word_1_145' title='bbox 726 1181 828 1217; x_wconf 91' lang='lat' dir='ltr'>bonis</span> <span class='ocrx_word' id='word_1_146' title='bbox 858 1180 1019 1216; x_wconf 90' lang='lat' dir='ltr'>moribus</span> <span class='ocrx_word' id='word_1_147' title='bbox 1044 1184 1217 1226; x_wconf 89' lang='lat' dir='ltr'>concepta</span> 
     </span>
     <span class='ocr_line' id='line_1_24' title="bbox 133 1225 1217 1272; baseline -0.002 -10"><span class='ocrx_word' id='word_1_148' title='bbox 133 1228 266 1270; x_wconf 85' lang='lat' dir='ltr'>fuerat,</span> <span class='ocrx_word' id='word_1_149' title='bbox 299 1227 425 1261; x_wconf 88' lang='lat' dir='ltr'>mulier</span> <span class='ocrx_word' id='word_1_150' title='bbox 453 1227 598 1272; x_wconf 88' lang='lat' dir='ltr'>impleta</span> <span class='ocrx_word' id='word_1_151' title='bbox 627 1226 834 1262; x_wconf 87' lang='lat' dir='ltr'>condicione</span> <span class='ocrx_word' id='word_1_152' title='bbox 857 1226 1045 1271; x_wconf 87' lang='lat' dir='ltr'>pecuniam</span> <span class='ocrx_word' id='word_1_153' title='bbox 1069 1225 1217 1271; x_wconf 89' lang='lat' dir='ltr'>adsequi</span> 
     </span>
     <span class='ocr_line' id='line_1_25' title="bbox 134 1271 1215 1324; baseline -0.002 -16"><span class='ocrx_word' id='word_1_154' title='bbox 134 1277 152 1308; x_wconf 82' lang='lat'>2</span> <span class='ocrx_word' id='word_1_155' title='bbox 200 1283 270 1308; x_wconf 91' lang='lat' dir='ltr'>non</span> <span class='ocrx_word' id='word_1_156' title='bbox 301 1272 424 1324; x_wconf 82' lang='lat' dir='ltr'>possit.</span> <span class='ocrx_word' id='word_1_157' title='bbox 481 1272 522 1306; x_wconf 89' lang='lat' dir='ltr'>In</span> <span class='ocrx_word' id='word_1_158' title='bbox 559 1272 713 1307; x_wconf 88' lang='lat' dir='ltr'>insulam</span> <span class='ocrx_word' id='word_1_159' title='bbox 749 1271 937 1317; x_wconf 89' lang='lat' dir='ltr'>deportato</span> <span class='ocrx_word' id='word_1_160' title='bbox 973 1281 1035 1307; x_wconf 91' lang='lat' dir='ltr'>reo</span> <span class='ocrx_word' id='word_1_161' title='bbox 1067 1271 1215 1316; x_wconf 91' lang='lat' dir='ltr'>promit-</span> 
     </span>
     <span class='ocr_line' id='line_1_26' title="bbox 132 1316 1214 1362; baseline -0.002 -9"><span class='ocrx_word' id='word_1_162' title='bbox 132 1318 228 1353; x_wconf 90' lang='lat' dir='ltr'>tendi</span> <span class='ocrx_word' id='word_1_163' title='bbox 265 1317 446 1361; x_wconf 82' lang='lat' dir='ltr'>stipulatio</span> <span class='ocrx_word' id='word_1_164' title='bbox 470 1317 521 1351; x_wconf 89' lang='lat' dir='ltr'>ita</span> <span class='ocrx_word' id='word_1_165' title='bbox 545 1320 735 1362; x_wconf 88' lang='lat' dir='ltr'>concepta:</span> <span class='ocrx_word' id='word_1_166' title='bbox 771 1320 865 1351; x_wconf 87' lang='lat' dir='ltr'>‘cum</span> <span class='ocrx_word' id='word_1_167' title='bbox 886 1316 1067 1359; x_wconf 91' lang='lat' dir='ltr'>morieris,</span> <span class='ocrx_word' id='word_1_168' title='bbox 1101 1316 1178 1351; x_wconf 89' lang='lat' dir='ltr'>dari</span> <span class='ocrx_word' id='word_1_169' title='bbox 1187 1317 1214 1351; x_wconf 84' lang='lat'>?‘</span> 
     </span>
     <span class='ocr_line' id='line_1_27' title="bbox 133 1361 1217 1398; baseline -0.002 0"><span class='ocrx_word' id='word_1_170' title='bbox 133 1366 151 1397; x_wconf 84' lang='lat'>3</span> <span class='ocrx_word' id='word_1_171' title='bbox 199 1374 271 1398; x_wconf 92' lang='lat' dir='ltr'>non</span> <span class='ocrx_word' id='word_1_172' title='bbox 295 1362 363 1397; x_wconf 91' lang='lat' dir='ltr'>nisi</span> <span class='ocrx_word' id='word_1_173' title='bbox 386 1362 557 1397; x_wconf 90' lang='lat' dir='ltr'>moriente</span> <span class='ocrx_word' id='word_1_174' title='bbox 582 1373 623 1397; x_wconf 93' lang='lat' dir='ltr'>eo</span> <span class='ocrx_word' id='word_1_175' title='bbox 649 1362 890 1397; x_wconf 89' lang='lat' dir='ltr'>committitur.</span> <span class='ocrx_word' id='word_1_176' title='bbox 937 1361 996 1396; x_wconf 87' lang='lat' dir='ltr'>Ex</span> <span class='ocrx_word' id='word_1_177' title='bbox 1030 1361 1127 1397; x_wconf 89' lang='lat' dir='ltr'>facto</span> <span class='ocrx_word' id='word_1_178' title='bbox 1165 1362 1217 1396; x_wconf 90' lang='lat' dir='ltr'>rei</span> 
     </span>
     <span class='ocr_line' id='line_1_28' title="bbox 132 1406 1215 1453; baseline 0 -11"><span class='ocrx_word' id='word_1_179' title='bbox 132 1407 358 1453; x_wconf 88' lang='lat' dir='ltr'>promittendi</span> <span class='ocrx_word' id='word_1_180' title='bbox 391 1407 462 1441; x_wconf 90' lang='lat' dir='ltr'>doli</span> <span class='ocrx_word' id='word_1_181' title='bbox 494 1406 675 1452; x_wconf 82' lang='lat' dir='ltr'>stipulatio</span> <span class='ocrx_word' id='word_1_182' title='bbox 707 1406 872 1442; x_wconf 87' lang='lat' dir='ltr'>heredem</span> <span class='ocrx_word' id='word_1_183' title='bbox 907 1406 983 1442; x_wconf 90' lang='lat' dir='ltr'>eius</span> <span class='ocrx_word' id='word_1_184' title='bbox 1013 1411 1128 1450; x_wconf 92' lang='lat' dir='ltr'>tenet,</span> <span class='ocrx_word' id='word_1_185' title='bbox 1169 1407 1215 1442; x_wconf 89' lang='lat' dir='ltr'>si-</span> 
     </span>
     <span class='ocr_line' id='line_1_29' title="bbox 132 1452 1215 1495; baseline 0 -7"><span class='ocrx_word' id='word_1_186' title='bbox 132 1458 192 1488; x_wconf 92' lang='lat' dir='ltr'>cut</span> <span class='ocrx_word' id='word_1_187' title='bbox 221 1463 265 1488; x_wconf 89' lang='lat' dir='ltr'>ex</span> <span class='ocrx_word' id='word_1_188' title='bbox 296 1452 423 1488; x_wconf 91' lang='lat' dir='ltr'>ceteris</span> <span class='ocrx_word' id='word_1_189' title='bbox 455 1453 532 1487; x_wconf 89' lang='lat' dir='ltr'>aliis</span> <span class='ocrx_word' id='word_1_190' title='bbox 561 1452 816 1495; x_wconf 90' lang='lat' dir='ltr'>contractibus,</span> <span class='ocrx_word' id='word_1_191' title='bbox 841 1452 948 1487; x_wconf 91' lang='lat' dir='ltr'>veluti</span> <span class='ocrx_word' id='word_1_192' title='bbox 972 1452 1131 1487; x_wconf 90' lang='lat' dir='ltr'>mandati</span> <span class='ocrx_word' id='word_1_193' title='bbox 1155 1452 1215 1488; x_wconf 91' lang='lat' dir='ltr'>de-</span> 
     </span>
     <span class='ocr_line' id='line_1_30' title="bbox 157 1498 249 1533; baseline -0.011 0"><span class='ocrx_word' id='word_1_194' title='bbox 157 1498 249 1533; x_wconf 89' lang='lat' dir='ltr'>ositi.</span> 
     </span>
    </p>

    <p class='ocr_par' dir='ltr' id='par_1_5' title="bbox 131 1510 1217 3346">
     <span class='ocr_line' id='line_1_31' title="bbox 131 1510 1215 1588; baseline -0.003 -8"><span class='ocrx_word' id='word_1_195' title='bbox 131 1510 153 1544; x_wconf 78' lang='lat' dir='ltr'>p</span> <span class='ocrx_word' id='word_1_196' title='bbox 182 1541 259 1580; x_wconf 83' lang='lat'>122</span> <span class='ocrx_word' id='word_1_197' title='bbox 284 1542 486 1578; x_wconf 70' lang='lat' dir='ltr'>SCAEVOLA</span> <span class='ocrx_word' id='word_1_198' title='bbox 518 1543 608 1578; x_wconf 74' lang='lat' dir='ltr'>libro</span> <span class='ocrx_word' id='word_1_199' title='bbox 632 1543 820 1577; x_wconf 78' lang='lat' dir='ltr'>vicensimo</span> <span class='ocrx_word' id='word_1_200' title='bbox 846 1546 970 1578; x_wconf 83' lang='lat' dir='ltr'>octavo</span> <span class='ocrx_word' id='word_1_201' title='bbox 995 1542 1215 1588; x_wconf 75' lang='lat' dir='ltr'>diqestorum</span> 
     </span>
     <span class='ocr_line' id='line_1_32' title="bbox 134 1587 1215 1632; baseline -0.001 -9"><span class='ocrx_word' id='word_1_202' title='bbox 134 1589 203 1632; x_wconf 79' lang='lat' dir='ltr'>Qui</span> <span class='ocrx_word' id='word_1_203' title='bbox 221 1589 355 1624; x_wconf 88' lang='lat' dir='ltr'>Romae</span> <span class='ocrx_word' id='word_1_204' title='bbox 379 1592 538 1623; x_wconf 91' lang='lat' dir='ltr'>mutuam</span> <span class='ocrx_word' id='word_1_205' title='bbox 561 1587 748 1632; x_wconf 90' lang='lat' dir='ltr'>pecuniam</span> <span class='ocrx_word' id='word_1_206' title='bbox 774 1591 962 1632; x_wconf 87' lang='lat' dir='ltr'>acceperat</span> <span class='ocrx_word' id='word_1_207' title='bbox 985 1587 1215 1623; x_wconf 84' lang='lat' dir='ltr'>solvendam²</span> 
     </span>
     <span class='ocr_line' id='line_1_33' title="bbox 131 1633 1215 1679; baseline -0.001 -11"><span class='ocrx_word' id='word_1_208' title='bbox 131 1634 168 1668; x_wconf 91' lang='lat' dir='ltr'>in</span> <span class='ocrx_word' id='word_1_209' title='bbox 191 1634 383 1679; x_wconf 90' lang='lat' dir='ltr'>longinqua</span> <span class='ocrx_word' id='word_1_210' title='bbox 406 1633 589 1678; x_wconf 89' lang='lat' dir='ltr'>provincia</span> <span class='ocrx_word' id='word_1_211' title='bbox 612 1633 699 1678; x_wconf 85' lang='lat' dir='ltr'>per³</span> <span class='ocrx_word' id='word_1_212' title='bbox 728 1643 866 1668; x_wconf 88' lang='lat' dir='ltr'>menses</span> <span class='ocrx_word' id='word_1_213' title='bbox 896 1636 968 1668; x_wconf 88' lang='lat' dir='ltr'>tres</span> <span class='ocrx_word' id='word_1_214' title='bbox 994 1643 1072 1667; x_wconf 90' lang='lat' dir='ltr'>eam</span> <span class='ocrx_word' id='word_1_215' title='bbox 1097 1643 1142 1668; x_wconf 91' lang='lat' dir='ltr'>ue</span> <span class='ocrx_word' id='word_1_216' title='bbox 1165 1633 1215 1668; x_wconf 91' lang='lat' dir='ltr'>ibi</span> 
     </span>
     <span class='ocr_line' id='line_1_34' title="bbox 132 1678 1215 1724; baseline -0.001 -10"><span class='ocrx_word' id='word_1_217' title='bbox 132 1679 207 1714; x_wconf 89' lang='lat' dir='ltr'>dari</span> <span class='ocrx_word' id='word_1_218' title='bbox 231 1679 416 1724; x_wconf 82' lang='lat' dir='ltr'>stipulanti</span> <span class='ocrx_word' id='word_1_219' title='bbox 436 1690 500 1724; x_wconf 88' lang='lat' dir='ltr'>spo</span> <span class='ocrx_word' id='word_1_220' title='bbox 529 1678 697 1721; x_wconf 88' lang='lat' dir='ltr'>ondisset,</span> <span class='ocrx_word' id='word_1_221' title='bbox 722 1682 805 1722; x_wconf 90' lang='lat' dir='ltr'>post</span> <span class='ocrx_word' id='word_1_222' title='bbox 828 1688 962 1723; x_wconf 86' lang='lat' dir='ltr'>paucos</span> <span class='ocrx_word' id='word_1_223' title='bbox 985 1678 1058 1713; x_wconf 90' lang='lat' dir='ltr'>dies</span> <span class='ocrx_word' id='word_1_224' title='bbox 1114 1688 1215 1713; x_wconf 88' lang='lat' dir='ltr'>omae</span> 
     </span>
     <span class='ocr_line' id='line_1_35' title="bbox 132 1723 1215 1768; baseline -0.001 -9"><span class='ocrx_word' id='word_1_225' title='bbox 132 1728 262 1759; x_wconf 90' lang='lat' dir='ltr'>testato</span> <span class='ocrx_word' id='word_1_226' title='bbox 295 1724 461 1759; x_wconf 87' lang='lat' dir='ltr'>creditori</span> <span class='ocrx_word' id='word_1_227' title='bbox 516 1724 582 1758; x_wconf 83' lang='lat' dir='ltr'>ixit</span> <span class='ocrx_word' id='word_1_228' title='bbox 611 1727 777 1768; x_wconf 89' lang='lat' dir='ltr'>paratum</span> <span class='ocrx_word' id='word_1_229' title='bbox 801 1733 839 1758; x_wconf 92' lang='lat' dir='ltr'>se</span> <span class='ocrx_word' id='word_1_230' title='bbox 868 1733 946 1758; x_wconf 91' lang='lat' dir='ltr'>esse</span> <span class='ocrx_word' id='word_1_231' title='bbox 977 1723 1113 1758; x_wconf 89' lang='lat' dir='ltr'>Romae</span> <span class='ocrx_word' id='word_1_232' title='bbox 1136 1734 1215 1759; x_wconf 90' lang='lat' dir='ltr'>eam</span> 
     </span>
     <span class='ocr_line' id='line_1_36' title="bbox 133 1768 1213 1812; baseline 0 -8"><span class='ocrx_word' id='word_1_233' title='bbox 133 1780 318 1804; x_wconf 91' lang='lat' dir='ltr'>numerare</span> <span class='ocrx_word' id='word_1_234' title='bbox 351 1769 511 1804; x_wconf 90' lang='lat' dir='ltr'>detracta</span> <span class='ocrx_word' id='word_1_235' title='bbox 543 1779 585 1804; x_wconf 91' lang='lat' dir='ltr'>ea</span> <span class='ocrx_word' id='word_1_236' title='bbox 617 1779 773 1812; x_wconf 90' lang='lat' dir='ltr'>summa,</span> <span class='ocrx_word' id='word_1_237' title='bbox 813 1779 919 1812; x_wconf 90' lang='lat' dir='ltr'>quam</span> <span class='ocrx_word' id='word_1_238' title='bbox 951 1768 1117 1804; x_wconf 91' lang='lat' dir='ltr'>creditori</span> <span class='ocrx_word' id='word_1_239' title='bbox 1148 1779 1213 1804; x_wconf 90' lang='lat' dir='ltr'>suo</span> 
     </span>
     <span class='ocr_line' id='line_1_37' title="bbox 132 1814 1215 1858; baseline -0.001 -9"><span class='ocrx_word' id='word_1_240' title='bbox 132 1825 320 1849; x_wconf 89' lang='lat' dir='ltr'>usurarum</span> <span class='ocrx_word' id='word_1_241' title='bbox 348 1815 488 1849; x_wconf 91' lang='lat' dir='ltr'>nomine</span> <span class='ocrx_word' id='word_1_242' title='bbox 524 1814 680 1849; x_wconf 88' lang='lat' dir='ltr'>dederat.</span> <span class='ocrx_word' id='word_1_243' title='bbox 729 1814 927 1858; x_wconf 88' lang='lat' dir='ltr'>quaesitum</span> <span class='ocrx_word' id='word_1_244' title='bbox 959 1817 1032 1856; x_wconf 90' lang='lat' dir='ltr'>est,</span> <span class='ocrx_word' id='word_1_245' title='bbox 1066 1824 1147 1848; x_wconf 92' lang='lat' dir='ltr'>cum</span> <span class='ocrx_word' id='word_1_246' title='bbox 1178 1814 1215 1848; x_wconf 92' lang='lat' dir='ltr'>in</span> 
     </span>
     <span class='ocr_line' id='line_1_38' title="bbox 132 1859 1214 1904; baseline -0.001 -10"><span class='ocrx_word' id='word_1_247' title='bbox 132 1861 330 1904; x_wconf 68' lang='lat' dir='ltr'>integrum⁴</span> <span class='ocrx_word' id='word_1_248' title='bbox 361 1870 553 1902; x_wconf 87' lang='lat' dir='ltr'>summam,</span> <span class='ocrx_word' id='word_1_249' title='bbox 585 1869 656 1904; x_wconf 88' lang='lat' dir='ltr'>qua</span> <span class='ocrx_word' id='word_1_250' title='bbox 687 1859 916 1903; x_wconf 87' lang='lat' dir='ltr'>stipulatione</span> <span class='ocrx_word' id='word_1_251' title='bbox 949 1859 1125 1903; x_wconf 90' lang='lat' dir='ltr'>obligatus</span> <span class='ocrx_word' id='word_1_252' title='bbox 1150 1863 1214 1901; x_wconf 89' lang='lat' dir='ltr'>est,</span> 
     </span>
     <span class='ocr_line' id='line_1_39' title="bbox 133 1904 1214 1950; baseline -0.001 -11"><span class='ocrx_word' id='word_1_253' title='bbox 133 1905 319 1950; x_wconf 88' lang='lat' dir='ltr'>optulerit,</span> <span class='ocrx_word' id='word_1_254' title='bbox 345 1915 390 1939; x_wconf 90' lang='lat' dir='ltr'>an</span> <span class='ocrx_word' id='word_1_255' title='bbox 414 1915 456 1940; x_wconf 92' lang='lat' dir='ltr'>eo</span> <span class='ocrx_word' id='word_1_256' title='bbox 480 1905 579 1947; x_wconf 92' lang='lat' dir='ltr'>loco,</span> <span class='ocrx_word' id='word_1_257' title='bbox 603 1904 641 1939; x_wconf 93' lang='lat' dir='ltr'>in</span> <span class='ocrx_word' id='word_1_258' title='bbox 665 1915 734 1949; x_wconf 92' lang='lat' dir='ltr'>quo</span> <span class='ocrx_word' id='word_1_259' title='bbox 760 1904 927 1939; x_wconf 88' lang='lat' dir='ltr'>solvenda</span> <span class='ocrx_word' id='word_1_260' title='bbox 950 1904 1126 1949; x_wconf 88' lang='lat' dir='ltr'>promissa</span> <span class='ocrx_word' id='word_1_261' title='bbox 1149 1908 1214 1948; x_wconf 89' lang='lat' dir='ltr'>est,</span> 
     </span>
     <span class='ocr_line' id='line_1_40' title="bbox 133 1949 1214 2001; baseline -0.001 -16"><span class='ocrx_word' id='word_1_262' title='bbox 133 1961 197 1985; x_wconf 89' lang='lat' dir='ltr'>sua</span> <span class='ocrx_word' id='word_1_263' title='bbox 229 1950 285 1985; x_wconf 90' lang='lat' dir='ltr'>die</span> <span class='ocrx_word' id='word_1_264' title='bbox 315 1950 453 1995; x_wconf 89' lang='lat' dir='ltr'>integra</span> <span class='ocrx_word' id='word_1_265' title='bbox 482 1950 555 1995; x_wconf 90' lang='lat' dir='ltr'>peti</span> <span class='ocrx_word' id='word_1_266' title='bbox 579 1953 712 1994; x_wconf 89' lang='lat' dir='ltr'>posset.</span> <span class='ocrx_word' id='word_1_267' title='bbox 758 1949 941 1993; x_wconf 88' lang='lat' dir='ltr'>respondit</span> <span class='ocrx_word' id='word_1_268' title='bbox 971 1959 1078 2001; x_wconf 86' lang='lat' dir='ltr'>posse</span> <span class='ocrx_word' id='word_1_269' title='bbox 1102 1949 1214 1994; x_wconf 90' lang='lat' dir='ltr'>stipu-</span> 
     </span>
     <span class='ocr_line' id='line_1_41' title="bbox 131 1994 1214 2039; baseline -0.002 -9"><span class='ocrx_word' id='word_1_270' title='bbox 131 1996 282 2031; x_wconf 88' lang='lat' dir='ltr'>latorem</span> <span class='ocrx_word' id='word_1_271' title='bbox 313 2005 379 2030; x_wconf 92' lang='lat' dir='ltr'>sua</span> <span class='ocrx_word' id='word_1_272' title='bbox 411 1995 467 2030; x_wconf 92' lang='lat' dir='ltr'>die</span> <span class='ocrx_word' id='word_1_273' title='bbox 490 1995 556 2036; x_wconf 91' lang='lat' dir='ltr'>ibi,</span> <span class='ocrx_word' id='word_1_274' title='bbox 589 1995 650 2030; x_wconf 92' lang='lat' dir='ltr'>ubi</span> <span class='ocrx_word' id='word_1_275' title='bbox 675 1994 904 2030; x_wconf 86' lang='lat' dir='ltr'>solvendam⁵</span> <span class='ocrx_word' id='word_1_276' title='bbox 935 1994 1127 2039; x_wconf 83' lang='lat' dir='ltr'>stipulatus</span> <span class='ocrx_word' id='word_1_277' title='bbox 1152 1998 1214 2038; x_wconf 88' lang='lat' dir='ltr'>est,</span> 
     </span>
     <span class='ocr_line' id='line_1_42' title="bbox 137 2039 1216 2085; baseline 0 -11"><span class='ocrx_word' id='word_1_278' title='bbox 137 2046 145 2074; x_wconf 82' lang='grc'>1</span> <span class='ocrx_word' id='word_1_279' title='bbox 200 2044 329 2085; x_wconf 91' lang='lat' dir='ltr'>petere.</span> <span class='ocrx_word' id='word_1_280' title='bbox 380 2040 616 2075; x_wconf 84' lang='lat' dir='ltr'>Callimachus</span> <span class='ocrx_word' id='word_1_281' title='bbox 640 2044 801 2074; x_wconf 91' lang='lat' dir='ltr'>mutuam</span> <span class='ocrx_word' id='word_1_282' title='bbox 823 2040 1012 2084; x_wconf 89' lang='lat' dir='ltr'>pecuniam</span> <span class='ocrx_word' id='word_1_283' title='bbox 1035 2039 1216 2075; x_wconf 87' lang='lat' dir='ltr'>nauticam</span> 
     </span>
     <span class='ocr_line' id='line_1_43' title="bbox 132 2084 1214 2137; baseline -0.002 -16"><span class='ocrx_word' id='word_1_284' title='bbox 132 2086 272 2131; x_wconf 81' lang='lat' dir='ltr'>accepit</span> <span class='ocrx_word' id='word_1_285' title='bbox 302 2096 323 2120; x_wconf 88' lang='lat' dir='ltr'>a</span> <span class='ocrx_word' id='word_1_286' title='bbox 354 2085 476 2120; x_wconf 84' lang='lat' dir='ltr'>Sticho</span> <span class='ocrx_word' id='word_1_287' title='bbox 507 2095 607 2120; x_wconf 87' lang='lat' dir='ltr'>servo</span> <span class='ocrx_word' id='word_1_288' title='bbox 633 2084 705 2119; x_wconf 90' lang='lat' dir='ltr'>Seii</span> <span class='ocrx_word' id='word_1_289' title='bbox 727 2085 764 2119; x_wconf 93' lang='lat' dir='ltr'>in</span> <span class='ocrx_word' id='word_1_290' title='bbox 798 2085 981 2129; x_wconf 89' lang='lat' dir='ltr'>provincia</span> <span class='ocrx_word' id='word_1_291' title='bbox 1005 2084 1108 2137; x_wconf 77' lang='lat' dir='ltr'>Syria</span> <span class='ocrx_word' id='word_1_292' title='bbox 1133 2085 1214 2120; x_wconf 89' lang='lat' dir='ltr'>civi-</span> 
     </span>
     <span class='ocr_line' id='line_1_44' title="bbox 133 2129 1215 2176; baseline 0 -11"><span class='ocrx_word' id='word_1_293' title='bbox 133 2135 206 2165; x_wconf 83' lang='lat' dir='ltr'>tate</span> <span class='ocrx_word' id='word_1_294' title='bbox 230 2132 361 2176; x_wconf 82' lang='lat' dir='ltr'>Beryto</span> <span class='ocrx_word' id='word_1_295' title='bbox 392 2141 505 2174; x_wconf 91' lang='lat' dir='ltr'>usque</span> <span class='ocrx_word' id='word_1_296' title='bbox 529 2130 770 2165; x_wconf 88' lang='lat' dir='ltr'>Brentesium:</span> <span class='ocrx_word' id='word_1_297' title='bbox 803 2129 909 2174; x_wconf 90' lang='lat' dir='ltr'>idque</span> <span class='ocrx_word' id='word_1_298' title='bbox 941 2129 1113 2165; x_wconf 81' lang='lat' dir='ltr'>creditum</span> <span class='ocrx_word' id='word_1_299' title='bbox 1138 2140 1215 2165; x_wconf 90' lang='lat' dir='ltr'>esse</span> 
     </span>
     <span class='ocr_line' id='line_1_45' title="bbox 131 2175 1217 2220; baseline -0.001 -9"><span class='ocrx_word' id='word_1_300' title='bbox 131 2177 168 2211; x_wconf 91' lang='lat' dir='ltr'>in</span> <span class='ocrx_word' id='word_1_301' title='bbox 198 2187 319 2211; x_wconf 91' lang='lat' dir='ltr'>omnes</span> <span class='ocrx_word' id='word_1_302' title='bbox 349 2176 476 2219; x_wconf 88' lang='lat' dir='ltr'>navigii</span> <span class='ocrx_word' id='word_1_303' title='bbox 508 2175 582 2210; x_wconf 90' lang='lat' dir='ltr'>dies</span> <span class='ocrx_word' id='word_1_304' title='bbox 614 2175 806 2217; x_wconf 88' lang='lat' dir='ltr'>ducentos,</span> <span class='ocrx_word' id='word_1_305' title='bbox 845 2175 911 2210; x_wconf 91' lang='lat' dir='ltr'>sub</span> <span class='ocrx_word' id='word_1_306' title='bbox 943 2175 1150 2220; x_wconf 89' lang='lat' dir='ltr'>pignoribus</span> <span class='ocrx_word' id='word_1_307' title='bbox 1181 2179 1217 2210; x_wconf 90' lang='lat' dir='ltr'>et</span> 
     </span>
     <span class='ocr_line' id='line_1_46' title="bbox 132 2221 1215 2267; baseline -0.002 -11"><span class='ocrx_word' id='word_1_308' title='bbox 132 2221 341 2267; x_wconf 88' lang='lat' dir='ltr'>hypothecis</span> <span class='ocrx_word' id='word_1_309' title='bbox 365 2221 543 2256; x_wconf 90' lang='lat' dir='ltr'>mercibus</span> <span class='ocrx_word' id='word_1_310' title='bbox 568 2231 590 2255; x_wconf 86' lang='lat' dir='ltr'>a</span> <span class='ocrx_word' id='word_1_311' title='bbox 614 2221 664 2255; x_wconf 90' lang='lat' dir='ltr'>Be</span> <span class='ocrx_word' id='word_1_312' title='bbox 707 2224 744 2255; x_wconf 93' lang='lat' dir='ltr'>to</span> <span class='ocrx_word' id='word_1_313' title='bbox 770 2221 984 2265; x_wconf 89' lang='lat' dir='ltr'>comparatis</span> <span class='ocrx_word' id='word_1_314' title='bbox 1009 2225 1045 2255; x_wconf 92' lang='lat' dir='ltr'>et</span> <span class='ocrx_word' id='word_1_315' title='bbox 1067 2221 1215 2256; x_wconf 91' lang='lat' dir='ltr'>Brente-</span> 
     </span>
     <span class='ocr_line' id='line_1_47' title="bbox 132 2265 1217 2311; baseline 0 -10"><span class='ocrx_word' id='word_1_316' title='bbox 132 2267 222 2301; x_wconf 91' lang='lat' dir='ltr'>sium</span> <span class='ocrx_word' id='word_1_317' title='bbox 251 2265 470 2311; x_wconf 87' lang='lat' dir='ltr'>perferendis</span> <span class='ocrx_word' id='word_1_318' title='bbox 502 2270 538 2300; x_wconf 93' lang='lat' dir='ltr'>et</span> <span class='ocrx_word' id='word_1_319' title='bbox 567 2276 655 2310; x_wconf 86' lang='lat' dir='ltr'>quas</span> <span class='ocrx_word' id='word_1_320' title='bbox 717 2266 869 2301; x_wconf 90' lang='lat' dir='ltr'>rentesio</span> <span class='ocrx_word' id='word_1_321' title='bbox 907 2270 1090 2310; x_wconf 91' lang='lat' dir='ltr'>empturus</span> <span class='ocrx_word' id='word_1_322' title='bbox 1123 2269 1217 2301; x_wconf 88' lang='lat' dir='ltr'>esset</span> 
     </span>
     <span class='ocr_line' id='line_1_48' title="bbox 133 2311 1216 2356; baseline -0.001 -10"><span class='ocrx_word' id='word_1_323' title='bbox 133 2316 168 2346; x_wconf 92' lang='lat' dir='ltr'>et</span> <span class='ocrx_word' id='word_1_324' title='bbox 198 2322 263 2356; x_wconf 89' lang='lat' dir='ltr'>per</span> <span class='ocrx_word' id='word_1_325' title='bbox 294 2321 420 2346; x_wconf 90' lang='lat' dir='ltr'>navem</span> <span class='ocrx_word' id='word_1_326' title='bbox 443 2311 575 2356; x_wconf 84' lang='lat' dir='ltr'>Beryto</span> <span class='ocrx_word' id='word_1_327' title='bbox 606 2311 829 2345; x_wconf 86' lang='lat' dir='ltr'>invecturus:</span> <span class='ocrx_word' id='word_1_328' title='bbox 867 2311 1100 2356; x_wconf 90' lang='lat' dir='ltr'>convenitque</span> <span class='ocrx_word' id='word_1_329' title='bbox 1124 2311 1216 2346; x_wconf 90' lang='lat' dir='ltr'>inter</span> 
     </span>
     <span class='ocr_line' id='line_1_49' title="bbox 134 2356 1214 2401; baseline 0 -11"><span class='ocrx_word' id='word_1_330' title='bbox 134 2367 211 2398; x_wconf 89' lang='lat' dir='ltr'>eos,</span> <span class='ocrx_word' id='word_1_331' title='bbox 248 2357 319 2398; x_wconf 85' lang='lat' dir='ltr'>uti,</span> <span class='ocrx_word' id='word_1_332' title='bbox 356 2367 437 2391; x_wconf 90' lang='lat' dir='ltr'>cum</span> <span class='ocrx_word' id='word_1_333' title='bbox 468 2356 706 2391; x_wconf 88' lang='lat' dir='ltr'>Callimachus</span> <span class='ocrx_word' id='word_1_334' title='bbox 730 2356 954 2391; x_wconf 89' lang='lat' dir='ltr'>Brentesium</span> <span class='ocrx_word' id='word_1_335' title='bbox 985 2357 1214 2401; x_wconf 90' lang='lat' dir='ltr'>pervenisset,</span> 
     </span>
     <span class='ocr_line' id='line_1_50' title="bbox 133 2401 1215 2447; baseline -0.001 -11"><span class='ocrx_word' id='word_1_336' title='bbox 133 2402 214 2436; x_wconf 89' lang='lat' dir='ltr'>inde</span> <span class='ocrx_word' id='word_1_337' title='bbox 252 2401 347 2436; x_wconf 90' lang='lat' dir='ltr'>intra</span> <span class='ocrx_word' id='word_1_338' title='bbox 385 2401 465 2437; x_wconf 86' lang='lat' dir='ltr'>idus</span> <span class='ocrx_word' id='word_1_339' title='bbox 504 2401 746 2446; x_wconf 87' lang='lat' dir='ltr'>Septembres,</span> <span class='ocrx_word' id='word_1_340' title='bbox 787 2411 876 2445; x_wconf 90' lang='lat' dir='ltr'>quae</span> <span class='ocrx_word' id='word_1_341' title='bbox 907 2405 994 2436; x_wconf 89' lang='lat' dir='ltr'>tunc</span> <span class='ocrx_word' id='word_1_342' title='bbox 1033 2401 1215 2447; x_wconf 86' lang='lat' dir='ltr'>proximae</span> 
     </span>
     <span class='ocr_line' id='line_1_51' title="bbox 132 2446 1215 2499; baseline -0.001 -17"><span class='ocrx_word' id='word_1_343' title='bbox 132 2447 275 2482; x_wconf 80' lang='lat' dir='ltr'>futurae</span> <span class='ocrx_word' id='word_1_344' title='bbox 305 2450 441 2489; x_wconf 90' lang='lat' dir='ltr'>essent,</span> <span class='ocrx_word' id='word_1_345' title='bbox 478 2447 556 2481; x_wconf 89' lang='lat' dir='ltr'>aliis</span> <span class='ocrx_word' id='word_1_346' title='bbox 588 2447 765 2481; x_wconf 86' lang='lat' dir='ltr'>mercibus</span> <span class='ocrx_word' id='word_1_347' title='bbox 798 2446 924 2499; x_wconf 83' lang='lat' dir='ltr'>emptis</span> <span class='ocrx_word' id='word_1_348' title='bbox 957 2451 992 2481; x_wconf 91' lang='lat' dir='ltr'>et</span> <span class='ocrx_word' id='word_1_349' title='bbox 1022 2447 1059 2481; x_wconf 91' lang='lat' dir='ltr'>in</span> <span class='ocrx_word' id='word_1_350' title='bbox 1090 2457 1215 2481; x_wconf 89' lang='lat' dir='ltr'>navem</span> 
     </span>
     <span class='ocr_line' id='line_1_52' title="bbox 133 2491 1214 2537; baseline -0.001 -10"><span class='ocrx_word' id='word_1_351' title='bbox 133 2492 259 2527; x_wconf 90' lang='lat' dir='ltr'>mercis</span> <span class='ocrx_word' id='word_1_352' title='bbox 290 2492 390 2537; x_wconf 78' lang='lat' dir='ltr'>ipseG</span> <span class='ocrx_word' id='word_1_353' title='bbox 419 2491 456 2526; x_wconf 90' lang='lat' dir='ltr'>in</span> <span class='ocrx_word' id='word_1_354' title='bbox 481 2491 618 2537; x_wconf 84' lang='lat' dir='ltr'>Syriam</span> <span class='ocrx_word' id='word_1_355' title='bbox 651 2502 716 2536; x_wconf 91' lang='lat' dir='ltr'>per</span> <span class='ocrx_word' id='word_1_356' title='bbox 746 2492 922 2536; x_wconf 79' lang='lat' dir='ltr'>navigium</span> <span class='ocrx_word' id='word_1_357' title='bbox 953 2491 1214 2536; x_wconf 90' lang='lat' dir='ltr'>proficiscatur,</span> 
     </span>
     <span class='ocr_line' id='line_1_53' title="bbox 133 2537 1216 2582; baseline -0.002 -10"><span class='ocrx_word' id='word_1_358' title='bbox 133 2541 214 2579; x_wconf 90' lang='grc'><strong>001,</strong></span> <span class='ocrx_word' id='word_1_359' title='bbox 253 2537 283 2572; x_wconf 88' lang='grc'>01</span> <span class='ocrx_word' id='word_1_360' title='bbox 311 2537 406 2571; x_wconf 87' lang='grc'><strong>111110</strong></span> <span class='ocrx_word' id='word_1_361' title='bbox 438 2537 530 2572; x_wconf 87' lang='grc'><strong>(110111</strong></span> <span class='ocrx_word' id='word_1_362' title='bbox 561 2547 669 2582; x_wconf 87' lang='lat' dir='ltr'>supra</span> <span class='ocrx_word' id='word_1_363' title='bbox 701 2537 870 2581; x_wconf 89' lang='lat' dir='ltr'>scriptam</span> <span class='ocrx_word' id='word_1_364' title='bbox 902 2548 974 2572; x_wconf 92' lang='lat' dir='ltr'>non</span> <span class='ocrx_word' id='word_1_365' title='bbox 1011 2541 1216 2582; x_wconf 88' lang='lat' dir='ltr'>reparasset</span> 
     </span>
     <span class='ocr_line' id='line_1_54' title="bbox 132 2581 1214 2626; baseline -0.001 -9"><span class='ocrx_word' id='word_1_366' title='bbox 132 2592 267 2617; x_wconf 89' lang='lat' dir='ltr'>merces</span> <span class='ocrx_word' id='word_1_367' title='bbox 291 2592 356 2616; x_wconf 90' lang='grc'><strong>1100</strong></span> <span class='ocrx_word' id='word_1_368' title='bbox 381 2582 603 2626; x_wconf 87' lang='lat' dir='ltr'>enavigasset</span> <span class='ocrx_word' id='word_1_369' title='bbox 626 2582 670 2616; x_wconf 91' lang='lat' dir='ltr'>de</span> <span class='ocrx_word' id='word_1_370' title='bbox 694 2592 736 2616; x_wconf 92' lang='lat' dir='ltr'>ea</span> <span class='ocrx_word' id='word_1_371' title='bbox 760 2581 918 2624; x_wconf 89' lang='lat' dir='ltr'>civitate,</span> <span class='ocrx_word' id='word_1_372' title='bbox 950 2581 1113 2617; x_wconf 87' lang='lat' dir='ltr'>redderet</span> <span class='ocrx_word' id='word_1_373' title='bbox 1137 2583 1214 2616; x_wconf 91' lang='lat' dir='ltr'>uni-</span> 
     </span>
     <span class='ocr_line' id='line_1_55' title="bbox 133 2626 1215 2671; baseline 0 -9"><span class='ocrx_word' id='word_1_374' title='bbox 133 2638 269 2663; x_wconf 89' lang='lat' dir='ltr'>versam</span> <span class='ocrx_word' id='word_1_375' title='bbox 295 2627 463 2662; x_wconf 91' lang='lat' dir='ltr'>continuo</span> <span class='ocrx_word' id='word_1_376' title='bbox 494 2627 683 2671; x_wconf 89' lang='lat' dir='ltr'>pecuniam</span> <span class='ocrx_word' id='word_1_377' title='bbox 707 2627 809 2670; x_wconf 90' lang='lat' dir='ltr'>quasi</span> <span class='ocrx_word' id='word_1_378' title='bbox 833 2626 991 2671; x_wconf 86' lang='lat' dir='ltr'>perfecto</span> <span class='ocrx_word' id='word_1_379' title='bbox 1017 2627 1155 2671; x_wconf 89' lang='lat' dir='ltr'>navigio</span> <span class='ocrx_word' id='word_1_380' title='bbox 1180 2633 1215 2662; x_wconf 87' lang='lat' dir='ltr'>et</span> 
     </span>
     <span class='ocr_line' id='line_1_56' title="bbox 133 2672 1214 2718; baseline 0 -11"><span class='ocrx_word' id='word_1_381' title='bbox 133 2677 331 2718; x_wconf 88' lang='lat' dir='ltr'>praestaret</span> <span class='ocrx_word' id='word_1_382' title='bbox 362 2676 525 2716; x_wconf 89' lang='lat' dir='ltr'>sumptus</span> <span class='ocrx_word' id='word_1_383' title='bbox 558 2682 678 2707; x_wconf 91' lang='lat' dir='ltr'>omnes</span> <span class='ocrx_word' id='word_1_384' title='bbox 714 2672 1011 2716; x_wconf 87' lang='lat' dir='ltr'>prosequentibus</span> <span class='ocrx_word' id='word_1_385' title='bbox 1043 2682 1121 2707; x_wconf 90' lang='lat' dir='ltr'>eam</span> <span class='ocrx_word' id='word_1_386' title='bbox 1152 2682 1214 2717; x_wconf 92' lang='lat' dir='ltr'>pe-</span> 
     </span>
     <span class='ocr_line' id='line_1_57' title="bbox 135 2716 1212 2761; baseline 0 -10"><span class='ocrx_word' id='word_1_387' title='bbox 135 2718 291 2759; x_wconf 88' lang='lat' dir='ltr'>cuniam,</span> <span class='ocrx_word' id='word_1_388' title='bbox 335 2721 375 2751; x_wconf 90' lang='lat' dir='ltr'>ut</span> <span class='ocrx_word' id='word_1_389' title='bbox 416 2717 453 2751; x_wconf 91' lang='lat' dir='ltr'>in</span> <span class='ocrx_word' id='word_1_390' title='bbox 497 2717 621 2751; x_wconf 92' lang='lat' dir='ltr'>urbem</span> <span class='ocrx_word' id='word_1_391' title='bbox 656 2716 806 2751; x_wconf 88' lang='lat' dir='ltr'>Romam</span> <span class='ocrx_word' id='word_1_392' title='bbox 846 2726 924 2751; x_wconf 91' lang='lat' dir='ltr'>eam</span> <span class='ocrx_word' id='word_1_393' title='bbox 964 2716 1212 2761; x_wconf 86' lang='lat' dir='ltr'>deportarent:</span> 
     </span>
     <span class='ocr_line' id='line_1_58' title="bbox 134 2761 1213 2806; baseline 0 -9"><span class='ocrx_word' id='word_1_394' title='bbox 134 2773 246 2806; x_wconf 89' lang='lat' dir='ltr'>eaque</span> <span class='ocrx_word' id='word_1_395' title='bbox 279 2762 329 2796; x_wconf 87' lang='lat' dir='ltr'>sic</span> <span class='ocrx_word' id='word_1_396' title='bbox 360 2766 456 2797; x_wconf 89' lang='lat' dir='ltr'>recte</span> <span class='ocrx_word' id='word_1_397' title='bbox 490 2762 566 2795; x_wconf 88' lang='lat' dir='ltr'>dari</span> <span class='ocrx_word' id='word_1_398' title='bbox 596 2761 674 2795; x_wconf 88' lang='lat' dir='ltr'>fieri</span> <span class='ocrx_word' id='word_1_399' title='bbox 704 2761 774 2796; x_wconf 88' lang='lat' dir='ltr'>fide</span> <span class='ocrx_word' id='word_1_400' title='bbox 806 2762 944 2806; x_wconf 87' lang='lat' dir='ltr'>roganti</span> <span class='ocrx_word' id='word_1_401' title='bbox 968 2762 1089 2797; x_wconf 89' lang='lat' dir='ltr'>Sticho</span> <span class='ocrx_word' id='word_1_402' title='bbox 1114 2773 1213 2798; x_wconf 90' lang='lat' dir='ltr'>servo</span> 
     </span>
     <span class='ocr_line' id='line_1_59' title="bbox 135 2806 1214 2850; baseline 0.002 -10"><span class='ocrx_word' id='word_1_403' title='bbox 135 2807 239 2841; x_wconf 83' lang='lat' dir='ltr'>Lucii</span> <span class='ocrx_word' id='word_1_404' title='bbox 263 2806 349 2840; x_wconf 88' lang='lat' dir='ltr'>Titii</span> <span class='ocrx_word' id='word_1_405' title='bbox 382 2806 545 2850; x_wconf 90' lang='lat' dir='ltr'>promisit</span> <span class='ocrx_word' id='word_1_406' title='bbox 569 2806 816 2842; x_wconf 85' lang='lat' dir='ltr'>Callimachus.</span> <span class='ocrx_word' id='word_1_407' title='bbox 864 2810 901 2841; x_wconf 91' lang='lat' dir='ltr'>et</span> <span class='ocrx_word' id='word_1_408' title='bbox 925 2817 1004 2841; x_wconf 91' lang='lat' dir='ltr'>cum</span> <span class='ocrx_word' id='word_1_409' title='bbox 1029 2811 1111 2842; x_wconf 90' lang='lat' dir='ltr'>ante</span> <span class='ocrx_word' id='word_1_410' title='bbox 1133 2807 1214 2843; x_wconf 91' lang='lat' dir='ltr'>idus</span> 
     </span>
     <span class='ocr_line' id='line_1_60' title="bbox 134 2851 1216 2896; baseline 0 -9"><span class='ocrx_word' id='word_1_411' title='bbox 134 2862 243 2896; x_wconf 88' lang='lat' dir='ltr'>supra</span> <span class='ocrx_word' id='word_1_412' title='bbox 274 2851 426 2895; x_wconf 88' lang='lat' dir='ltr'>scriptas</span> <span class='ocrx_word' id='word_1_413' title='bbox 457 2851 649 2886; x_wconf 90' lang='lat' dir='ltr'>secundum</span> <span class='ocrx_word' id='word_1_414' title='bbox 681 2851 948 2886; x_wconf 89' lang='lat' dir='ltr'>conventionem</span> <span class='ocrx_word' id='word_1_415' title='bbox 978 2852 1154 2887; x_wconf 89' lang='lat' dir='ltr'>mercibus</span> <span class='ocrx_word' id='word_1_416' title='bbox 1178 2853 1216 2887; x_wconf 92' lang='lat' dir='ltr'>in</span> 
     </span>
     <span class='ocr_line' id='line_1_61' title="bbox 135 2897 1215 2942; baseline 0 -10"><span class='ocrx_word' id='word_1_417' title='bbox 135 2907 258 2932; x_wconf 90' lang='lat' dir='ltr'>navem</span> <span class='ocrx_word' id='word_1_418' title='bbox 280 2897 454 2940; x_wconf 87' lang='lat' dir='ltr'>impositis</span> <span class='ocrx_word' id='word_1_419' title='bbox 480 2907 559 2931; x_wconf 91' lang='grc'><strong>00111</strong></span> <span class='ocrx_word' id='word_1_420' title='bbox 582 2897 694 2932; x_wconf 90' lang='lat' dir='ltr'>Erote</span> <span class='ocrx_word' id='word_1_421' title='bbox 725 2907 893 2932; x_wconf 90' lang='lat' dir='ltr'>conservo</span> <span class='ocrx_word' id='word_1_422' title='bbox 919 2897 1030 2932; x_wconf 89' lang='lat' dir='ltr'>Stichi</span> <span class='ocrx_word' id='word_1_423' title='bbox 1054 2898 1156 2942; x_wconf 90' lang='lat' dir='ltr'>quasi</span> <span class='ocrx_word' id='word_1_424' title='bbox 1178 2897 1215 2932; x_wconf 92' lang='lat' dir='ltr'>in</span> 
     </span>
     <span class='ocr_line' id='line_1_62' title="bbox 135 2941 1214 2987; baseline 0 -10"><span class='ocrx_word' id='word_1_425' title='bbox 135 2942 350 2987; x_wconf 90' lang='lat' dir='ltr'>provinciam</span> <span class='ocrx_word' id='word_1_426' title='bbox 382 2941 519 2986; x_wconf 83' lang='lat' dir='ltr'>Syriam</span> <span class='ocrx_word' id='word_1_427' title='bbox 558 2945 790 2986; x_wconf 89' lang='lat' dir='ltr'>perventurus</span> <span class='ocrx_word' id='word_1_428' title='bbox 823 2942 1035 2987; x_wconf 86' lang='lat' dir='ltr'>enavigavit:</span> <span class='ocrx_word' id='word_1_429' title='bbox 1074 2942 1214 2987; x_wconf 88' lang='lat' dir='ltr'>quaesi-</span> 
     </span>
     <span class='ocr_line' id='line_1_63' title="bbox 134 2987 1214 3027; baseline 0.001 -6"><span class='ocrx_word' id='word_1_430' title='bbox 134 2992 207 3021; x_wconf 90' lang='lat' dir='ltr'>tum</span> <span class='ocrx_word' id='word_1_431' title='bbox 239 2991 293 3022; x_wconf 90' lang='lat' dir='ltr'>est</span> <span class='ocrx_word' id='word_1_432' title='bbox 323 2997 412 3021; x_wconf 90' lang='lat' dir='ltr'>nave</span> <span class='ocrx_word' id='word_1_433' title='bbox 442 2987 642 3027; x_wconf 87' lang='lat' dir='ltr'>submersa,</span> <span class='ocrx_word' id='word_1_434' title='bbox 676 2997 755 3021; x_wconf 92' lang='lat' dir='ltr'>cum</span> <span class='ocrx_word' id='word_1_435' title='bbox 788 2987 983 3022; x_wconf 90' lang='lat' dir='ltr'>secundum</span> <span class='ocrx_word' id='word_1_436' title='bbox 1014 2987 1214 3022; x_wconf 88' lang='lat' dir='ltr'>cautionem</span> 
     </span>
     <span class='ocr_line' id='line_1_64' title="bbox 136 3031 1213 3076; baseline 0 -9"><span class='ocrx_word' id='word_1_437' title='bbox 136 3032 373 3067; x_wconf 88' lang='lat' dir='ltr'>Callimachus</span> <span class='ocrx_word' id='word_1_438' title='bbox 396 3041 532 3067; x_wconf 88' lang='lat' dir='ltr'>merces</span> <span class='ocrx_word' id='word_1_439' title='bbox 552 3031 670 3066; x_wconf 89' lang='lat' dir='ltr'>debito</span> <span class='ocrx_word' id='word_1_440' title='bbox 695 3032 923 3076; x_wconf 85' lang='lat' dir='ltr'>perferendas</span> <span class='ocrx_word' id='word_1_441' title='bbox 947 3032 984 3066; x_wconf 92' lang='lat' dir='ltr'>in</span> <span class='ocrx_word' id='word_1_442' title='bbox 1004 3042 1093 3067; x_wconf 89' lang='lat' dir='ltr'>nave</span> <span class='ocrx_word' id='word_1_443' title='bbox 1115 3043 1213 3067; x_wconf 90' lang='lat' dir='ltr'>man-</span> 
     </span>
     <span class='ocr_line' id='line_1_65' title="bbox 135 3076 1213 3121; baseline 0.001 -10"><span class='ocrx_word' id='word_1_444' title='bbox 135 3078 240 3113; x_wconf 89' lang='lat' dir='ltr'>sisset</span> <span class='ocrx_word' id='word_1_445' title='bbox 262 3087 304 3112; x_wconf 92' lang='lat' dir='ltr'>eo</span> <span class='ocrx_word' id='word_1_446' title='bbox 329 3081 506 3121; x_wconf 89' lang='lat' dir='ltr'>tempore,</span> <span class='ocrx_word' id='word_1_447' title='bbox 532 3087 601 3120; x_wconf 90' lang='lat' dir='ltr'>quo</span> <span class='ocrx_word' id='word_1_448' title='bbox 624 3076 694 3110; x_wconf 90' lang='lat' dir='ltr'>iam</span> <span class='ocrx_word' id='word_1_449' title='bbox 718 3077 904 3121; x_wconf 89' lang='lat' dir='ltr'>pecuniam</span> <span class='ocrx_word' id='word_1_450' title='bbox 926 3077 1111 3113; x_wconf 88' lang='lat' dir='ltr'>Brentesio</span> <span class='ocrx_word' id='word_1_451' title='bbox 1135 3078 1213 3112; x_wconf 92' lang='lat' dir='ltr'>red-</span> 
     </span>
     <span class='ocr_line' id='line_1_66' title="bbox 136 3121 1215 3167; baseline 0.002 -11"><span class='ocrx_word' id='word_1_452' title='bbox 136 3123 218 3157; x_wconf 89' lang='lat' dir='ltr'>dere</span> <span class='ocrx_word' id='word_1_453' title='bbox 249 3121 385 3157; x_wconf 84' lang='lat' dir='ltr'>Romae</span> <span class='ocrx_word' id='word_1_454' title='bbox 416 3121 661 3166; x_wconf 84' lang='lat' dir='ltr'>perferendam</span> <span class='ocrx_word' id='word_1_455' title='bbox 693 3121 852 3165; x_wconf 87' lang='lat' dir='ltr'>deberet,</span> <span class='ocrx_word' id='word_1_456' title='bbox 891 3133 938 3156; x_wconf 90' lang='lat' dir='ltr'>an</span> <span class='ocrx_word' id='word_1_457' title='bbox 974 3123 1062 3157; x_wconf 90' lang='lat' dir='ltr'>nihil</span> <span class='ocrx_word' id='word_1_458' title='bbox 1101 3123 1215 3167; x_wconf 90' lang='lat' dir='ltr'>prosit</span> 
     </span>
     <span class='ocr_line' id='line_1_67' title="bbox 135 3166 1214 3212; baseline 0.001 -10"><span class='ocrx_word' id='word_1_459' title='bbox 135 3167 255 3202; x_wconf 86' lang='lat' dir='ltr'>Erotis</span> <span class='ocrx_word' id='word_1_460' title='bbox 281 3177 493 3210; x_wconf 88' lang='lat' dir='ltr'>consensus,</span> <span class='ocrx_word' id='word_1_461' title='bbox 530 3166 591 3210; x_wconf 86' lang='lat' dir='ltr'>qui</span> <span class='ocrx_word' id='word_1_462' title='bbox 622 3176 703 3200; x_wconf 90' lang='lat' dir='ltr'>cum</span> <span class='ocrx_word' id='word_1_463' title='bbox 733 3177 775 3202; x_wconf 90' lang='lat' dir='ltr'>eo</span> <span class='ocrx_word' id='word_1_464' title='bbox 804 3167 934 3202; x_wconf 90' lang='lat' dir='ltr'>missus</span> <span class='ocrx_word' id='word_1_465' title='bbox 960 3171 1054 3209; x_wconf 89' lang='lat' dir='ltr'>erat,</span> <span class='ocrx_word' id='word_1_466' title='bbox 1087 3168 1214 3212; x_wconf 91' lang='lat' dir='ltr'>cuique</span> 
     </span>
     <span class='ocr_line' id='line_1_68' title="bbox 136 3211 1214 3257; baseline 0.002 -12"><span class='ocrx_word' id='word_1_467' title='bbox 136 3212 223 3246; x_wconf 88' lang='lat' dir='ltr'>nihil</span> <span class='ocrx_word' id='word_1_468' title='bbox 253 3212 403 3256; x_wconf 88' lang='lat' dir='ltr'>amplius</span> <span class='ocrx_word' id='word_1_469' title='bbox 435 3211 478 3246; x_wconf 89' lang='lat' dir='ltr'>de</span> <span class='ocrx_word' id='word_1_470' title='bbox 512 3211 664 3256; x_wconf 91' lang='lat' dir='ltr'>pecunia</span> <span class='ocrx_word' id='word_1_471' title='bbox 702 3221 811 3255; x_wconf 89' lang='lat' dir='ltr'>supra</span> <span class='ocrx_word' id='word_1_472' title='bbox 842 3212 975 3257; x_wconf 85' lang='lat' dir='ltr'>scripta</span> <span class='ocrx_word' id='word_1_473' title='bbox 1009 3217 1091 3257; x_wconf 90' lang='lat' dir='ltr'>post</span> <span class='ocrx_word' id='word_1_474' title='bbox 1123 3212 1214 3247; x_wconf 91' lang='lat' dir='ltr'>diem</span> 
     </span>
     <span class='ocr_line' id='line_1_69' title="bbox 136 3255 1214 3302; baseline 0.001 -11"><span class='ocrx_word' id='word_1_475' title='bbox 136 3257 375 3292; x_wconf 89' lang='lat' dir='ltr'>conventionis</span> <span class='ocrx_word' id='word_1_476' title='bbox 398 3257 607 3301; x_wconf 88' lang='lat' dir='ltr'>permissum</span> <span class='ocrx_word' id='word_1_477' title='bbox 630 3255 684 3290; x_wconf 90' lang='lat' dir='ltr'>vel</span> <span class='ocrx_word' id='word_1_478' title='bbox 707 3256 913 3292; x_wconf 88' lang='lat' dir='ltr'>mandatum</span> <span class='ocrx_word' id='word_1_479' title='bbox 932 3261 1019 3300; x_wconf 88' lang='lat' dir='ltr'>erat,</span> <span class='ocrx_word' id='word_1_480' title='bbox 1045 3268 1150 3302; x_wconf 91' lang='lat' dir='ltr'>quam</span> <span class='ocrx_word' id='word_1_481' title='bbox 1175 3262 1214 3292; x_wconf 92' lang='grc'>01</span> 
     </span>
     <span class='ocr_line' id='line_1_70' title="bbox 137 3301 1212 3346; baseline 0 -9"><span class='ocrx_word' id='word_1_482' title='bbox 137 3312 214 3337; x_wconf 87' lang='grc'><strong>00111</strong></span> <span class='ocrx_word' id='word_1_483' title='bbox 251 3306 429 3346; x_wconf 85' lang='lat' dir='ltr'>receptam</span> <span class='ocrx_word' id='word_1_484' title='bbox 466 3302 615 3336; x_wconf 82' lang='lat' dir='ltr'>Romam</span> <span class='ocrx_word' id='word_1_485' title='bbox 652 3301 841 3345; x_wconf 87' lang='lat' dir='ltr'>perferret,</span> <span class='ocrx_word' id='word_1_486' title='bbox 883 3307 917 3336; x_wconf 90' lang='lat' dir='ltr'>et</span> <span class='ocrx_word' id='word_1_487' title='bbox 955 3302 1064 3337; x_wconf 84' lang='lat' dir='ltr'>nihilo</span> <span class='ocrx_word' id='word_1_488' title='bbox 1096 3303 1212 3338; x_wconf 91' lang='lat' dir='ltr'>minus</span> 
     </span>
    </p>
   </div>
   <div class='ocr_carea' id='block_1_3' title="bbox 1200 108 1283 156">
    <p class='ocr_par' dir='ltr' id='par_1_6' title="bbox 1200 108 1283 156">
     <span class='ocr_line' id='line_1_71' title="bbox 1200 108 1283 156; baseline 0.024 -2"><span class='ocrx_word' id='word_1_489' title='bbox 1200 108 1283 156; x_wconf 82' lang='lat'>731</span> 
     </span>
    </p>
   </div>
   <div class='ocr_carea' id='block_1_4' title="bbox 2103 115 2361 158">
    <p class='ocr_par' dir='ltr' id='par_1_7' title="bbox 2103 115 2361 158">
     <span class='ocr_line' id='line_1_72' title="bbox 2103 115 2361 158; baseline 0.008 -2"><span class='ocrx_word' id='word_1_490' title='bbox 2103 115 2309 157; x_wconf 90' lang='lat' dir='ltr'>XXXXV</span> <span class='ocrx_word' id='word_1_491' title='bbox 2345 120 2361 158; x_wconf 91' lang='lat'>1</span> 
     </span>
    </p>
   </div>
   <div class='ocr_carea' id='block_1_5' title="bbox 1282 232 2370 3346">
    <p class='ocr_par' dir='ltr' id='par_1_8' title="bbox 1282 232 2370 3346">
     <span class='ocr_line' id='line_1_73' title="bbox 1287 232 2366 281; baseline 0.006 -15"><span class='ocrx_word' id='word_1_492' title='bbox 1287 232 1428 267; x_wconf 88' lang='lat' dir='ltr'>actione</span> <span class='ocrx_word' id='word_1_493' title='bbox 1452 242 1496 267; x_wconf 87' lang='lat' dir='ltr'>ex</span> <span class='ocrx_word' id='word_1_494' title='bbox 1521 232 1694 276; x_wconf 88' lang='lat' dir='ltr'>stipulatu</span> <span class='ocrx_word' id='word_1_495' title='bbox 1718 233 1952 269; x_wconf 84' lang='lat' dir='ltr'>Callimachus</span> <span class='ocrx_word' id='word_1_496' title='bbox 1977 235 2020 270; x_wconf 93' lang='lat' dir='ltr'>de</span> <span class='ocrx_word' id='word_1_497' title='bbox 2051 237 2203 281; x_wconf 90' lang='lat' dir='ltr'>pecunia</span> <span class='ocrx_word' id='word_1_498' title='bbox 2227 237 2366 273; x_wconf 91' lang='lat' dir='ltr'>domino</span> 
     </span>
     <span class='ocr_line' id='line_1_74' title="bbox 1287 277 2366 328; baseline 0.006 -16"><span class='ocrx_word' id='word_1_499' title='bbox 1287 277 1400 313; x_wconf 89' lang='lat' dir='ltr'>Stichi</span> <span class='ocrx_word' id='word_1_500' title='bbox 1423 278 1619 312; x_wconf 84' lang='lat' dir='ltr'>teneatur⁷.</span> <span class='ocrx_word' id='word_1_501' title='bbox 1669 278 1852 322; x_wconf 90' lang='lat' dir='ltr'>respondit</span> <span class='ocrx_word' id='word_1_502' title='bbox 1881 281 2073 315; x_wconf 90' lang='lat' dir='ltr'>secundum</span> <span class='ocrx_word' id='word_1_503' title='bbox 2098 292 2140 316; x_wconf 90' lang='lat' dir='ltr'>ea</span> <span class='ocrx_word' id='word_1_504' title='bbox 2170 293 2261 327; x_wconf 89' lang='lat' dir='ltr'>quae</span> <span class='ocrx_word' id='word_1_505' title='bbox 2284 294 2366 328; x_wconf 89' lang='lat' dir='ltr'>pro-</span> 
     </span>
     <span class='ocr_line' id='line_1_75' title="bbox 1286 322 2367 402; baseline 0.005 -44"><span class='ocrx_word' id='word_1_506' title='bbox 1286 326 1503 402; x_wconf 53' lang='lat' dir='ltr'>ponerentur</span> <span class='ocrx_word' id='word_1_507' title='bbox 1526 322 1649 357; x_wconf 91' lang='lat' dir='ltr'>teneri.</span> <span class='ocrx_word' id='word_1_508' title='bbox 1698 323 1781 357; x_wconf 87' lang='lat' dir='ltr'>item</span> <span class='ocrx_word' id='word_1_509' title='bbox 1806 335 1955 368; x_wconf 91' lang='lat' dir='ltr'>quaero,</span> <span class='ocrx_word' id='word_1_510' title='bbox 1986 326 2016 360; x_wconf 88' lang='lat' dir='ltr'>si</span> <span class='ocrx_word' id='word_1_511' title='bbox 2041 326 2256 362; x_wconf 87' lang='lat' dir='ltr'>Callimacho</span> <span class='ocrx_word' id='word_1_512' title='bbox 2285 332 2367 373; x_wconf 90' lang='lat' dir='ltr'>post</span> 
     </span>
     <span class='ocr_line' id='line_1_76' title="bbox 1310 367 2366 417; baseline 0.006 -15"><span class='ocrx_word' id='word_1_513' title='bbox 1310 368 1378 403; x_wconf 90' lang='lat' dir='ltr'>iem</span> <span class='ocrx_word' id='word_1_514' title='bbox 1403 377 1513 412; x_wconf 90' lang='lat' dir='ltr'>supra</span> <span class='ocrx_word' id='word_1_515' title='bbox 1536 367 1705 412; x_wconf 87' lang='lat' dir='ltr'>scriptam</span> <span class='ocrx_word' id='word_1_516' title='bbox 1729 369 1930 412; x_wconf 80' lang='lat' dir='ltr'>naviganti⁸</span> <span class='ocrx_word' id='word_1_517' title='bbox 1953 370 2045 406; x_wconf 88' lang='lat' dir='ltr'>Eros</span> <span class='ocrx_word' id='word_1_518' title='bbox 2077 382 2185 417; x_wconf 91' lang='lat' dir='ltr'>supra</span> <span class='ocrx_word' id='word_1_519' title='bbox 2214 373 2366 417; x_wconf 89' lang='lat' dir='ltr'>scriptus</span> 
     </span>
     <span class='ocr_line' id='line_1_77' title="bbox 1287 412 2367 455; baseline 0.006 -8"><span class='ocrx_word' id='word_1_520' title='bbox 1287 423 1409 448; x_wconf 89' lang='lat' dir='ltr'>servus</span> <span class='ocrx_word' id='word_1_521' title='bbox 1443 412 1679 455; x_wconf 89' lang='lat' dir='ltr'>consenserit,</span> <span class='ocrx_word' id='word_1_522' title='bbox 1713 423 1759 447; x_wconf 86' lang='grc'>011</span> <span class='ocrx_word' id='word_1_523' title='bbox 1787 413 1960 449; x_wconf 80' lang='lat' dir='ltr'>actionem</span> <span class='ocrx_word' id='word_1_524' title='bbox 1990 416 2129 451; x_wconf 92' lang='lat' dir='ltr'>domino</span> <span class='ocrx_word' id='word_1_525' title='bbox 2162 428 2226 452; x_wconf 91' lang='lat' dir='ltr'>suo</span> <span class='ocrx_word' id='word_1_526' title='bbox 2259 419 2367 453; x_wconf 91' lang='lat' dir='ltr'>semel</span> 
     </span>
     <span class='ocr_line' id='line_1_78' title="bbox 1287 457 2366 507; baseline 0.006 -15"><span class='ocrx_word' id='word_1_527' title='bbox 1287 457 1503 502; x_wconf 89' lang='lat' dir='ltr'>adquisitam</span> <span class='ocrx_word' id='word_1_528' title='bbox 1520 457 1676 492; x_wconf 89' lang='lat' dir='ltr'>adimere</span> <span class='ocrx_word' id='word_1_529' title='bbox 1722 458 1861 492; x_wconf 89' lang='lat' dir='ltr'>otuerit.</span> <span class='ocrx_word' id='word_1_530' title='bbox 1895 460 2079 504; x_wconf 89' lang='lat' dir='ltr'>respondit</span> <span class='ocrx_word' id='word_1_531' title='bbox 2102 473 2173 496; x_wconf 93' lang='lat' dir='ltr'>non</span> <span class='ocrx_word' id='word_1_532' title='bbox 2196 463 2366 507; x_wconf 87' lang='lat' dir='ltr'>potuisse,</span> 
     </span>
     <span class='ocr_line' id='line_1_79' title="bbox 1286 502 2366 547; baseline 0.004 -9"><span class='ocrx_word' id='word_1_533' title='bbox 1286 503 1350 538; x_wconf 88' lang='lat' dir='ltr'>sed</span> <span class='ocrx_word' id='word_1_534' title='bbox 1373 502 1451 538; x_wconf 89' lang='lat' dir='ltr'>fore</span> <span class='ocrx_word' id='word_1_535' title='bbox 1474 502 1677 547; x_wconf 88' lang='lat' dir='ltr'>exceptioni</span> <span class='ocrx_word' id='word_1_536' title='bbox 1714 513 1835 546; x_wconf 90' lang='lat' dir='ltr'>ocum,</span> <span class='ocrx_word' id='word_1_537' title='bbox 1862 503 1891 538; x_wconf 91' lang='lat' dir='ltr'>si</span> <span class='ocrx_word' id='word_1_538' title='bbox 1915 514 2015 540; x_wconf 90' lang='lat' dir='ltr'>servo</span> <span class='ocrx_word' id='word_1_539' title='bbox 2039 506 2222 541; x_wconf 88' lang='lat' dir='ltr'>arbitrium</span> <span class='ocrx_word' id='word_1_540' title='bbox 2246 507 2366 542; x_wconf 87' lang='lat' dir='ltr'>datum</span> 
     </span>
     <span class='ocr_line' id='line_1_80' title="bbox 1287 548 2367 595; baseline 0.005 -13"><span class='ocrx_word' id='word_1_541' title='bbox 1287 552 1381 583; x_wconf 91' lang='lat' dir='ltr'>esset</span> <span class='ocrx_word' id='word_1_542' title='bbox 1405 558 1483 583; x_wconf 91' lang='lat' dir='ltr'>eam</span> <span class='ocrx_word' id='word_1_543' title='bbox 1513 548 1701 593; x_wconf 90' lang='lat' dir='ltr'>pecuniam</span> <span class='ocrx_word' id='word_1_544' title='bbox 1726 557 1947 592; x_wconf 88' lang='lat' dir='ltr'>quocumque</span> <span class='ocrx_word' id='word_1_545' title='bbox 1971 553 2127 595; x_wconf 89' lang='lat' dir='ltr'>tempore</span> <span class='ocrx_word' id='word_1_546' title='bbox 2151 552 2187 586; x_wconf 90' lang='lat' dir='ltr'>in</span> <span class='ocrx_word' id='word_1_547' title='bbox 2233 552 2367 588; x_wconf 87' lang='lat' dir='ltr'>uemvis</span> 
     </span>
     <span class='ocr_line' id='line_1_81' title="bbox 1287 592 2365 632; baseline 0.005 -5"><span class='ocrx_word' id='word_1_548' title='bbox 1287 596 1306 627; x_wconf 86' lang='lat'><strong>2</strong></span> <span class='ocrx_word' id='word_1_549' title='bbox 1353 593 1473 628; x_wconf 89' lang='lat' dir='ltr'>locum</span> <span class='ocrx_word' id='word_1_550' title='bbox 1496 593 1606 628; x_wconf 91' lang='lat' dir='ltr'>reddi.</span> <span class='ocrx_word' id='word_1_551' title='bbox 1655 592 1800 628; x_wconf 90' lang='lat' dir='ltr'>Flavius</span> <span class='ocrx_word' id='word_1_552' title='bbox 1823 592 1970 629; x_wconf 88' lang='lat' dir='ltr'>Hermes</span> <span class='ocrx_word' id='word_1_553' title='bbox 2000 594 2176 631; x_wconf 86' lang='lat' dir='ltr'>hominem</span> <span class='ocrx_word' id='word_1_554' title='bbox 2224 597 2365 632; x_wconf 80' lang='grc'><strong>’11011001</strong></span> 
     </span>
     <span class='ocr_line' id='line_1_82' title="bbox 1287 638 2366 687; baseline 0.005 -15"><span class='ocrx_word' id='word_1_555' title='bbox 1287 638 1573 673; x_wconf 88' lang='lat' dir='ltr'>manumissionis</span> <span class='ocrx_word' id='word_1_556' title='bbox 1606 648 1716 674; x_wconf 90' lang='lat' dir='ltr'>causa</span> <span class='ocrx_word' id='word_1_557' title='bbox 1739 638 1884 672; x_wconf 89' lang='lat' dir='ltr'>donavit</span> <span class='ocrx_word' id='word_1_558' title='bbox 1913 643 1949 673; x_wconf 90' lang='lat' dir='ltr'>et</span> <span class='ocrx_word' id='word_1_559' title='bbox 1971 639 2021 674; x_wconf 89' lang='lat' dir='ltr'>ita</span> <span class='ocrx_word' id='word_1_560' title='bbox 2045 640 2088 674; x_wconf 91' lang='lat' dir='ltr'>de</span> <span class='ocrx_word' id='word_1_561' title='bbox 2112 651 2152 675; x_wconf 91' lang='lat' dir='ltr'>eo</span> <span class='ocrx_word' id='word_1_562' title='bbox 2177 642 2366 687; x_wconf 89' lang='lat' dir='ltr'>stipulatus</span> 
     </span>
     <span class='ocr_line' id='line_1_83' title="bbox 1286 683 2366 738; baseline 0.004 -21"><span class='ocrx_word' id='word_1_563' title='bbox 1286 687 1358 718; x_wconf 90' lang='lat' dir='ltr'>est:</span> <span class='ocrx_word' id='word_1_564' title='bbox 1398 683 1446 717; x_wconf 88' lang='lat' dir='ltr'>‘Si</span> <span class='ocrx_word' id='word_1_565' title='bbox 1477 683 1655 718; x_wconf 91' lang='lat' dir='ltr'>hominem</span> <span class='ocrx_word' id='word_1_566' title='bbox 1687 683 1882 726; x_wconf 84' lang='lat' dir='ltr'>Stichum⁹,</span> <span class='ocrx_word' id='word_1_567' title='bbox 1921 683 1964 718; x_wconf 89' lang='lat' dir='ltr'>de</span> <span class='ocrx_word' id='word_1_568' title='bbox 1995 695 2062 729; x_wconf 92' lang='lat' dir='ltr'>quo</span> <span class='ocrx_word' id='word_1_569' title='bbox 2095 686 2227 730; x_wconf 86' lang='lat' dir='ltr'>agitur,</span> <span class='ocrx_word' id='word_1_570' title='bbox 2264 698 2366 738; x_wconf 85' lang='lat' dir='ltr'>quem</span> 
     </span>
     <span class='ocr_line' id='line_1_84' title="bbox 1288 727 2365 776; baseline 0.005 -14"><span class='ocrx_word' id='word_1_571' title='bbox 1288 729 1368 762; x_wconf 78' lang='lat' dir='ltr'>‘hac</span> <span class='ocrx_word' id='word_1_572' title='bbox 1412 727 1468 763; x_wconf 91' lang='lat' dir='ltr'>die</span> <span class='ocrx_word' id='word_1_573' title='bbox 1510 728 1575 763; x_wconf 91' lang='lat' dir='ltr'>tibi</span> <span class='ocrx_word' id='word_1_574' title='bbox 1618 728 1820 764; x_wconf 88' lang='lat' dir='ltr'>donationis</span> <span class='ocrx_word' id='word_1_575' title='bbox 1863 738 1973 763; x_wconf 89' lang='lat' dir='ltr'>causa</span> <span class='ocrx_word' id='word_1_576' title='bbox 2014 731 2365 776; x_wconf 82' lang='lat' dir='ltr'>manumissiomsque</span> 
     </span>
     <span class='ocr_line' id='line_1_85' title="bbox 1287 772 2367 820; baseline 0.004 -13"><span class='ocrx_word' id='word_1_577' title='bbox 1287 772 1395 815; x_wconf 90' lang='lat' dir='ltr'>‘dedi,</span> <span class='ocrx_word' id='word_1_578' title='bbox 1426 783 1449 807; x_wconf 91' lang='lat' dir='ltr'>a</span> <span class='ocrx_word' id='word_1_579' title='bbox 1471 776 1506 808; x_wconf 94' lang='lat' dir='ltr'>te</span> <span class='ocrx_word' id='word_1_580' title='bbox 1530 773 1730 818; x_wconf 89' lang='lat' dir='ltr'>heredeque</span> <span class='ocrx_word' id='word_1_581' title='bbox 1743 775 1771 795; x_wconf 88' lang='lat'>¹⁰</span> <span class='ocrx_word' id='word_1_582' title='bbox 1800 777 1862 808; x_wconf 91' lang='lat' dir='ltr'>tuo</span> <span class='ocrx_word' id='word_1_583' title='bbox 1886 775 2122 810; x_wconf 88' lang='lat' dir='ltr'>manumissus</span> <span class='ocrx_word' id='word_1_584' title='bbox 2146 776 2367 820; x_wconf 89' lang='lat' dir='ltr'>vindictaque</span> 
     </span>
     <span class='ocr_line' id='line_1_86' title="bbox 1287 818 2366 864; baseline 0.004 -12"><span class='ocrx_word' id='word_1_585' title='bbox 1287 818 1470 853; x_wconf 87' lang='lat' dir='ltr'>‘liberatus</span> <span class='ocrx_word' id='word_1_586' title='bbox 1499 829 1571 852; x_wconf 91' lang='lat' dir='ltr'>non</span> <span class='ocrx_word' id='word_1_587' title='bbox 1603 818 1689 862; x_wconf 89' lang='lat' dir='ltr'>erit,</span> <span class='ocrx_word' id='word_1_588' title='bbox 1727 819 1822 864; x_wconf 93' lang='lat' dir='ltr'>quod</span> <span class='ocrx_word' id='word_1_589' title='bbox 1852 818 1931 854; x_wconf 87' lang='lat' dir='ltr'>dolo</span> <span class='ocrx_word' id='word_1_590' title='bbox 1963 819 2055 854; x_wconf 91' lang='lat' dir='ltr'>malo</span> <span class='ocrx_word' id='word_1_591' title='bbox 2085 830 2161 855; x_wconf 91' lang='lat' dir='ltr'>meo</span> <span class='ocrx_word' id='word_1_592' title='bbox 2193 832 2264 856; x_wconf 91' lang='lat' dir='ltr'>non</span> <span class='ocrx_word' id='word_1_593' title='bbox 2292 821 2366 863; x_wconf 89' lang='lat' dir='ltr'>fiat,</span> 
     </span>
     <span class='ocr_line' id='line_1_87' title="bbox 1288 863 2367 942; baseline 0.002 -45"><span class='ocrx_word' id='word_1_594' title='bbox 1288 867 1435 942; x_wconf 48' lang='lat' dir='ltr'>‘poenae</span> <span class='ocrx_word' id='word_1_595' title='bbox 1479 863 1621 898; x_wconf 89' lang='lat' dir='ltr'>nomine</span> <span class='ocrx_word' id='word_1_596' title='bbox 1664 863 1920 908; x_wconf 84' lang='lat' dir='ltr'>quinquaginta</span> <span class='ocrx_word' id='word_1_597' title='bbox 1963 864 2040 898; x_wconf 91' lang='lat' dir='ltr'>dari</span> <span class='ocrx_word' id='word_1_598' title='bbox 2083 865 2270 910; x_wconf 89' lang='lat' dir='ltr'>stipulatus</span> <span class='ocrx_word' id='word_1_599' title='bbox 2314 871 2367 901; x_wconf 87' lang='lat' dir='ltr'>est</span> 
     </span>
     <span class='ocr_line' id='line_1_88' title="bbox 1288 908 2363 954; baseline 0.003 -11"><span class='ocrx_word' id='word_1_600' title='bbox 1288 911 1295 925; x_wconf 91' lang='lat'>‘</span> <span class='ocrx_word' id='word_1_601' title='bbox 1330 908 1443 943; x_wconf 89' lang='lat' dir='ltr'>lavius</span> <span class='ocrx_word' id='word_1_602' title='bbox 1466 908 1634 951; x_wconf 88' lang='lat' dir='ltr'>Hermes,</span> <span class='ocrx_word' id='word_1_603' title='bbox 1670 909 1863 954; x_wconf 87' lang='lat' dir='ltr'>spopondit</span> <span class='ocrx_word' id='word_1_604' title='bbox 1895 909 2087 944; x_wconf 90' lang='lat' dir='ltr'>Claudius&#39;.</span> <span class='ocrx_word' id='word_1_605' title='bbox 2135 921 2284 954; x_wconf 89' lang='lat' dir='ltr'>quaero,</span> <span class='ocrx_word' id='word_1_606' title='bbox 2321 922 2363 945; x_wconf 83' lang='lat' dir='ltr'>an</span> 
     </span>
     <span class='ocr_line' id='line_1_89' title="bbox 1288 953 2366 991; baseline 0.004 -4"><span class='ocrx_word' id='word_1_607' title='bbox 1288 953 1433 988; x_wconf 89' lang='lat' dir='ltr'>Flavius</span> <span class='ocrx_word' id='word_1_608' title='bbox 1462 953 1613 989; x_wconf 89' lang='lat' dir='ltr'>Hermes</span> <span class='ocrx_word' id='word_1_609' title='bbox 1646 953 1834 989; x_wconf 92' lang='lat' dir='ltr'>Claudium</span> <span class='ocrx_word' id='word_1_610' title='bbox 1873 955 1915 989; x_wconf 90' lang='lat' dir='ltr'>de</span> <span class='ocrx_word' id='word_1_611' title='bbox 1947 954 2109 990; x_wconf 87' lang='lat' dir='ltr'>libertate</span> <span class='ocrx_word' id='word_1_612' title='bbox 2142 956 2253 990; x_wconf 86' lang='lat' dir='ltr'>Stichi</span> <span class='ocrx_word' id='word_1_613' title='bbox 2284 967 2366 991; x_wconf 92' lang='lat' dir='ltr'>con-</span> 
     </span>
     <span class='ocr_line' id='line_1_90' title="bbox 1286 998 2367 1045; baseline 0.002 -11"><span class='ocrx_word' id='word_1_614' title='bbox 1286 999 1404 1034; x_wconf 92' lang='lat' dir='ltr'>venire</span> <span class='ocrx_word' id='word_1_615' title='bbox 1427 1002 1557 1043; x_wconf 91' lang='lat' dir='ltr'>potest.</span> <span class='ocrx_word' id='word_1_616' title='bbox 1604 999 1789 1043; x_wconf 89' lang='lat' dir='ltr'>respondit</span> <span class='ocrx_word' id='word_1_617' title='bbox 1812 998 1901 1034; x_wconf 92' lang='lat' dir='ltr'>nihil</span> <span class='ocrx_word' id='word_1_618' title='bbox 1923 1000 2091 1044; x_wconf 90' lang='lat' dir='ltr'>proponi,</span> <span class='ocrx_word' id='word_1_619' title='bbox 2124 1010 2187 1034; x_wconf 91' lang='lat' dir='ltr'>cur</span> <span class='ocrx_word' id='word_1_620' title='bbox 2210 1012 2281 1035; x_wconf 90' lang='lat' dir='ltr'>non</span> <span class='ocrx_word' id='word_1_621' title='bbox 2304 1012 2367 1045; x_wconf 92' lang='lat' dir='ltr'>po-</span> 
     </span>
     <span class='ocr_line' id='line_1_91' title="bbox 1285 1044 2369 1088; baseline 0.002 -10"><span class='ocrx_word' id='word_1_622' title='bbox 1285 1048 1367 1079; x_wconf 89' lang='lat' dir='ltr'>test.</span> <span class='ocrx_word' id='word_1_623' title='bbox 1414 1044 1499 1078; x_wconf 91' lang='lat' dir='ltr'>item</span> <span class='ocrx_word' id='word_1_624' title='bbox 1552 1054 1679 1087; x_wconf 87' lang='lat' dir='ltr'>uaero,</span> <span class='ocrx_word' id='word_1_625' title='bbox 1716 1055 1780 1088; x_wconf 80' lang='lat' dir='ltr'>an,</span> <span class='ocrx_word' id='word_1_626' title='bbox 1818 1045 1848 1079; x_wconf 93' lang='lat' dir='ltr'>si</span> <span class='ocrx_word' id='word_1_627' title='bbox 1879 1044 1992 1079; x_wconf 90' lang='lat' dir='ltr'>Flavii</span> <span class='ocrx_word' id='word_1_628' title='bbox 2016 1045 2191 1080; x_wconf 88' lang='lat' dir='ltr'>Hermetis</span> <span class='ocrx_word' id='word_1_629' title='bbox 2221 1046 2322 1080; x_wconf 90' lang='lat' dir='ltr'>heres</span> <span class='ocrx_word' id='word_1_630' title='bbox 2348 1056 2369 1080; x_wconf 89' lang='lat' dir='ltr'>a</span> 
     </span>
     <span class='ocr_line' id='line_1_92' title="bbox 1287 1088 2367 1134; baseline 0 -10"><span class='ocrx_word' id='word_1_631' title='bbox 1287 1088 1427 1124; x_wconf 89' lang='lat' dir='ltr'>Claudii</span> <span class='ocrx_word' id='word_1_632' title='bbox 1449 1089 1533 1124; x_wconf 90' lang='lat' dir='ltr'>here</span> <span class='ocrx_word' id='word_1_633' title='bbox 1560 1099 1579 1124; x_wconf 91' lang='lat' dir='ltr'>e</span> <span class='ocrx_word' id='word_1_634' title='bbox 1601 1099 1754 1134; x_wconf 91' lang='lat' dir='ltr'>poenam</span> <span class='ocrx_word' id='word_1_635' title='bbox 1779 1100 1889 1134; x_wconf 89' lang='lat' dir='ltr'>supra</span> <span class='ocrx_word' id='word_1_636' title='bbox 1913 1090 2083 1134; x_wconf 88' lang='lat' dir='ltr'>scriptam</span> <span class='ocrx_word' id='word_1_637' title='bbox 2105 1094 2226 1134; x_wconf 88' lang='lat' dir='ltr'>petere</span> <span class='ocrx_word' id='word_1_638' title='bbox 2248 1091 2367 1126; x_wconf 86' lang='lat' dir='ltr'>volue-</span> 
     </span>
     <span class='ocr_line' id='line_1_93' title="bbox 1285 1134 2368 1180; baseline 0 -11"><span class='ocrx_word' id='word_1_639' title='bbox 1285 1135 1342 1176; x_wconf 92' lang='lat' dir='ltr'>rit,</span> <span class='ocrx_word' id='word_1_640' title='bbox 1368 1134 1509 1169; x_wconf 87' lang='lat' dir='ltr'>Claudii</span> <span class='ocrx_word' id='word_1_641' title='bbox 1531 1134 1634 1169; x_wconf 90' lang='lat' dir='ltr'>heres</span> <span class='ocrx_word' id='word_1_642' title='bbox 1658 1134 1859 1170; x_wconf 89' lang='lat' dir='ltr'>libertatem</span> <span class='ocrx_word' id='word_1_643' title='bbox 1884 1134 2005 1170; x_wconf 89' lang='lat' dir='ltr'>Sticho</span> <span class='ocrx_word' id='word_1_644' title='bbox 2036 1139 2220 1179; x_wconf 86' lang='lat' dir='ltr'>praestare</span> <span class='ocrx_word' id='word_1_645' title='bbox 2243 1136 2368 1180; x_wconf 89' lang='lat' dir='ltr'>possit,</span> 
     </span>
     <span class='ocr_line' id='line_1_94' title="bbox 1286 1179 2365 1259; baseline 0 -45"><span class='ocrx_word' id='word_1_646' title='bbox 1286 1184 1326 1214; x_wconf 94' lang='lat' dir='ltr'>ut</span> <span class='ocrx_word' id='word_1_647' title='bbox 1353 1190 1471 1259; x_wconf 49' lang='lat' dir='ltr'>poena</span> <span class='ocrx_word' id='word_1_648' title='bbox 1500 1179 1683 1215; x_wconf 89' lang='lat' dir='ltr'>liberetur.</span> <span class='ocrx_word' id='word_1_649' title='bbox 1730 1180 1915 1225; x_wconf 88' lang='lat' dir='ltr'>respondit</span> <span class='ocrx_word' id='word_1_650' title='bbox 1945 1190 2062 1225; x_wconf 90' lang='lat' dir='ltr'>posse.</span> <span class='ocrx_word' id='word_1_651' title='bbox 2110 1180 2193 1215; x_wconf 88' lang='lat' dir='ltr'>item</span> <span class='ocrx_word' id='word_1_652' title='bbox 2224 1191 2365 1225; x_wconf 87' lang='lat' dir='ltr'>quaero,</span> 
     </span>
     <span class='ocr_line' id='line_1_95' title="bbox 1286 1225 2369 1260; baseline 0.001 -1"><span class='ocrx_word' id='word_1_653' title='bbox 1286 1225 1316 1260; x_wconf 92' lang='lat' dir='ltr'>si</span> <span class='ocrx_word' id='word_1_654' title='bbox 1387 1225 1471 1260; x_wconf 89' lang='lat' dir='ltr'>lavii</span> <span class='ocrx_word' id='word_1_655' title='bbox 1505 1225 1682 1260; x_wconf 90' lang='lat' dir='ltr'>Hermetis</span> <span class='ocrx_word' id='word_1_656' title='bbox 1723 1225 1827 1260; x_wconf 92' lang='lat' dir='ltr'>heres</span> <span class='ocrx_word' id='word_1_657' title='bbox 1864 1235 1945 1260; x_wconf 91' lang='lat' dir='ltr'>cum</span> <span class='ocrx_word' id='word_1_658' title='bbox 1981 1225 2120 1260; x_wconf 87' lang='lat' dir='ltr'>Claudii</span> <span class='ocrx_word' id='word_1_659' title='bbox 2162 1226 2291 1260; x_wconf 89' lang='lat' dir='ltr'>herede</span> <span class='ocrx_word' id='word_1_660' title='bbox 2326 1236 2369 1260; x_wconf 88' lang='lat' dir='ltr'>ex</span> 
     </span>
     <span class='ocr_line' id='line_1_96' title="bbox 1286 1270 2368 1315; baseline 0 -10"><span class='ocrx_word' id='word_1_661' title='bbox 1286 1280 1396 1305; x_wconf 89' lang='lat' dir='ltr'>causa</span> <span class='ocrx_word' id='word_1_662' title='bbox 1432 1281 1542 1315; x_wconf 90' lang='lat' dir='ltr'>supra</span> <span class='ocrx_word' id='word_1_663' title='bbox 1581 1270 1717 1315; x_wconf 89' lang='lat' dir='ltr'>scripta</span> <span class='ocrx_word' id='word_1_664' title='bbox 1748 1270 1838 1306; x_wconf 91' lang='lat' dir='ltr'>nolit</span> <span class='ocrx_word' id='word_1_665' title='bbox 1875 1281 1997 1315; x_wconf 89' lang='lat' dir='ltr'>agere,</span> <span class='ocrx_word' id='word_1_666' title='bbox 2039 1281 2085 1305; x_wconf 94' lang='grc'>011</span> <span class='ocrx_word' id='word_1_667' title='bbox 2114 1270 2224 1305; x_wconf 91' lang='lat' dir='ltr'>nihilo</span> <span class='ocrx_word' id='word_1_668' title='bbox 2254 1271 2368 1305; x_wconf 89' lang='lat' dir='ltr'>minus</span> 
     </span>
     <span class='ocr_line' id='line_1_97' title="bbox 1286 1315 2367 1360; baseline 0 -10"><span class='ocrx_word' id='word_1_669' title='bbox 1286 1315 1407 1350; x_wconf 89' lang='lat' dir='ltr'>Sticho</span> <span class='ocrx_word' id='word_1_670' title='bbox 1432 1315 1579 1351; x_wconf 89' lang='lat' dir='ltr'>libertas</span> <span class='ocrx_word' id='word_1_671' title='bbox 1604 1326 1648 1351; x_wconf 88' lang='lat' dir='ltr'>ex</span> <span class='ocrx_word' id='word_1_672' title='bbox 1672 1316 1923 1359; x_wconf 89' lang='lat' dir='ltr'>conventione,</span> <span class='ocrx_word' id='word_1_673' title='bbox 1958 1326 2049 1360; x_wconf 89' lang='lat' dir='ltr'>quae</span> <span class='ocrx_word' id='word_1_674' title='bbox 2073 1315 2142 1351; x_wconf 86' lang='lat' dir='ltr'>fuit</span> <span class='ocrx_word' id='word_1_675' title='bbox 2164 1316 2256 1351; x_wconf 89' lang='lat' dir='ltr'>inter</span> <span class='ocrx_word' id='word_1_676' title='bbox 2278 1316 2367 1350; x_wconf 89' lang='lat' dir='ltr'>Her-</span> 
     </span>
     <span class='ocr_line' id='line_1_98' title="bbox 1285 1360 2369 1406; baseline -0.001 -11"><span class='ocrx_word' id='word_1_677' title='bbox 1285 1365 1412 1396; x_wconf 90' lang='lat' dir='ltr'>metem</span> <span class='ocrx_word' id='word_1_678' title='bbox 1445 1365 1480 1395; x_wconf 92' lang='lat' dir='ltr'>et</span> <span class='ocrx_word' id='word_1_679' title='bbox 1511 1360 1718 1404; x_wconf 89' lang='lat' dir='ltr'>Claudium,</span> <span class='ocrx_word' id='word_1_680' title='bbox 1755 1365 1796 1396; x_wconf 89' lang='lat' dir='ltr'>ut</span> <span class='ocrx_word' id='word_1_681' title='bbox 1834 1361 2064 1406; x_wconf 89' lang='lat' dir='ltr'>stipulatione</span> <span class='ocrx_word' id='word_1_682' title='bbox 2095 1371 2206 1405; x_wconf 88' lang='lat' dir='ltr'>supra</span> <span class='ocrx_word' id='word_1_683' title='bbox 2235 1361 2369 1405; x_wconf 89' lang='lat' dir='ltr'>scripta</span> 
     </span>
     <span class='ocr_line' id='line_1_99' title="bbox 1285 1405 2368 1451; baseline -0.001 -10"><span class='ocrx_word' id='word_1_684' title='bbox 1285 1405 1494 1450; x_wconf 87' lang='lat' dir='ltr'>ostenditur,</span> <span class='ocrx_word' id='word_1_685' title='bbox 1520 1407 1565 1442; x_wconf 87' lang='lat' dir='ltr'>ab</span> <span class='ocrx_word' id='word_1_686' title='bbox 1589 1406 1720 1442; x_wconf 90' lang='lat' dir='ltr'>herede</span> <span class='ocrx_word' id='word_1_687' title='bbox 1745 1406 1885 1441; x_wconf 88' lang='lat' dir='ltr'>Claudii</span> <span class='ocrx_word' id='word_1_688' title='bbox 1908 1406 2084 1451; x_wconf 87' lang='lat' dir='ltr'>praestari</span> <span class='ocrx_word' id='word_1_689' title='bbox 2108 1406 2245 1441; x_wconf 88' lang='lat' dir='ltr'>debeat.</span> <span class='ocrx_word' id='word_1_690' title='bbox 2293 1416 2368 1440; x_wconf 91' lang='lat' dir='ltr'>res-</span> 
     </span>
     <span class='ocr_line' id='line_1_100' title="bbox 1286 1451 2367 1496; baseline -0.001 -10"><span class='ocrx_word' id='word_1_691' title='bbox 1286 1455 1304 1486; x_wconf 89' lang='lat'>3</span> <span class='ocrx_word' id='word_1_692' title='bbox 1352 1451 1478 1496; x_wconf 92' lang='lat' dir='ltr'>pondit</span> <span class='ocrx_word' id='word_1_693' title='bbox 1508 1451 1649 1487; x_wconf 90' lang='lat' dir='ltr'>debere.</span> <span class='ocrx_word' id='word_1_694' title='bbox 1704 1452 1906 1487; x_wconf 90' lang='lat' dir='ltr'>Coheredes</span> <span class='ocrx_word' id='word_1_695' title='bbox 1939 1462 2020 1486; x_wconf 91' lang='lat' dir='ltr'>cum</span> <span class='ocrx_word' id='word_1_696' title='bbox 2054 1451 2201 1496; x_wconf 90' lang='lat' dir='ltr'>praedia</span> <span class='ocrx_word' id='word_1_697' title='bbox 2231 1451 2367 1485; x_wconf 86' lang='lat' dir='ltr'>heredi-</span> 
     </span>
     <span class='ocr_line' id='line_1_101' title="bbox 1284 1496 2367 1542; baseline -0.001 -11"><span class='ocrx_word' id='word_1_698' title='bbox 1284 1496 1377 1531; x_wconf 89' lang='lat' dir='ltr'>taria</span> <span class='ocrx_word' id='word_1_699' title='bbox 1401 1496 1615 1539; x_wconf 88' lang='lat' dir='ltr'>diviserant,</span> <span class='ocrx_word' id='word_1_700' title='bbox 1651 1508 1761 1532; x_wconf 91' lang='lat' dir='ltr'>unum</span> <span class='ocrx_word' id='word_1_701' title='bbox 1790 1497 1973 1542; x_wconf 90' lang='lat' dir='ltr'>praedium</span> <span class='ocrx_word' id='word_1_702' title='bbox 2007 1507 2190 1532; x_wconf 90' lang='lat' dir='ltr'>commune</span> <span class='ocrx_word' id='word_1_703' title='bbox 2218 1496 2367 1541; x_wconf 87' lang='lat' dir='ltr'>relique-</span> 
     </span>
     <span class='ocr_line' id='line_1_102' title="bbox 1284 1542 2369 1588; baseline -0.001 -12"><span class='ocrx_word' id='word_1_704' title='bbox 1284 1546 1369 1576; x_wconf 91' lang='lat' dir='ltr'>runt</span> <span class='ocrx_word' id='word_1_705' title='bbox 1393 1542 1458 1577; x_wconf 91' lang='lat' dir='ltr'>sub</span> <span class='ocrx_word' id='word_1_706' title='bbox 1483 1542 1552 1577; x_wconf 91' lang='lat' dir='ltr'>hoc</span> <span class='ocrx_word' id='word_1_707' title='bbox 1574 1545 1695 1587; x_wconf 89' lang='lat' dir='ltr'>pacto,</span> <span class='ocrx_word' id='word_1_708' title='bbox 1720 1547 1778 1585; x_wconf 93' lang='lat' dir='ltr'>ut,</span> <span class='ocrx_word' id='word_1_709' title='bbox 1804 1542 1835 1577; x_wconf 88' lang='lat' dir='ltr'>si</span> <span class='ocrx_word' id='word_1_710' title='bbox 1859 1543 1937 1588; x_wconf 91' lang='lat' dir='ltr'>quis</span> <span class='ocrx_word' id='word_1_711' title='bbox 1962 1552 2084 1577; x_wconf 92' lang='lat' dir='ltr'>eorum</span> <span class='ocrx_word' id='word_1_712' title='bbox 2108 1545 2245 1587; x_wconf 91' lang='lat' dir='ltr'>partem</span> <span class='ocrx_word' id='word_1_713' title='bbox 2268 1552 2369 1576; x_wconf 86' lang='lat' dir='ltr'>suam</span> 
     </span>
     <span class='ocr_line' id='line_1_103' title="bbox 1285 1587 2368 1630; baseline 0 -9"><span class='ocrx_word' id='word_1_714' title='bbox 1285 1587 1439 1622; x_wconf 87' lang='lat' dir='ltr'>alienare</span> <span class='ocrx_word' id='word_1_715' title='bbox 1470 1587 1660 1630; x_wconf 89' lang='lat' dir='ltr'>voluisset,</span> <span class='ocrx_word' id='word_1_716' title='bbox 1699 1598 1777 1623; x_wconf 90' lang='lat' dir='ltr'>eam</span> <span class='ocrx_word' id='word_1_717' title='bbox 1808 1588 1863 1623; x_wconf 93' lang='lat' dir='ltr'>vel</span> <span class='ocrx_word' id='word_1_718' title='bbox 1902 1587 2068 1624; x_wconf 89' lang='lat' dir='ltr'>coheredi</span> <span class='ocrx_word' id='word_1_719' title='bbox 2106 1598 2171 1622; x_wconf 91' lang='lat' dir='ltr'>suo</span> <span class='ocrx_word' id='word_1_720' title='bbox 2207 1587 2262 1622; x_wconf 89' lang='lat' dir='ltr'>vel</span> <span class='ocrx_word' id='word_1_721' title='bbox 2293 1587 2368 1621; x_wconf 91' lang='lat' dir='ltr'>eius</span> 
     </span>
     <span class='ocr_line' id='line_1_104' title="bbox 1285 1632 2369 1678; baseline -0.001 -11"><span class='ocrx_word' id='word_1_722' title='bbox 1285 1633 1484 1668; x_wconf 89' lang='lat' dir='ltr'>successori</span> <span class='ocrx_word' id='word_1_723' title='bbox 1508 1633 1676 1668; x_wconf 89' lang='lat' dir='ltr'>venderet</span> <span class='ocrx_word' id='word_1_724' title='bbox 1705 1636 1847 1668; x_wconf 89' lang='lat' dir='ltr'>centum</span> <span class='ocrx_word' id='word_1_725' title='bbox 1870 1632 1992 1677; x_wconf 88' lang='lat' dir='ltr'>viginti</span> <span class='ocrx_word' id='word_1_726' title='bbox 2016 1632 2186 1678; x_wconf 88' lang='lat' dir='ltr'>quinque:</span> <span class='ocrx_word' id='word_1_727' title='bbox 2220 1632 2315 1677; x_wconf 85' lang='lat' dir='ltr'>quod</span> <span class='ocrx_word' id='word_1_728' title='bbox 2339 1632 2369 1667; x_wconf 87' lang='lat' dir='ltr'>si</span> 
     </span>
     <span class='ocr_line' id='line_1_105' title="bbox 1284 1677 2369 1723; baseline -0.001 -11"><span class='ocrx_word' id='word_1_729' title='bbox 1284 1678 1363 1722; x_wconf 90' lang='lat' dir='ltr'>quis</span> <span class='ocrx_word' id='word_1_730' title='bbox 1388 1678 1490 1712; x_wconf 90' lang='lat' dir='ltr'>aliter</span> <span class='ocrx_word' id='word_1_731' title='bbox 1513 1677 1669 1721; x_wconf 87' lang='lat' dir='ltr'>fecisset,</span> <span class='ocrx_word' id='word_1_732' title='bbox 1694 1689 1847 1723; x_wconf 89' lang='lat' dir='ltr'>poenam</span> <span class='ocrx_word' id='word_1_733' title='bbox 1872 1682 2014 1713; x_wconf 92' lang='lat' dir='ltr'>centum</span> <span class='ocrx_word' id='word_1_734' title='bbox 2036 1677 2185 1713; x_wconf 91' lang='lat' dir='ltr'>invicem</span> <span class='ocrx_word' id='word_1_735' title='bbox 2210 1677 2369 1723; x_wconf 88' lang='lat' dir='ltr'>stipulati</span> 
     </span>
     <span class='ocr_line' id='line_1_106' title="bbox 1284 1723 2370 1767; baseline -0.001 -10"><span class='ocrx_word' id='word_1_736' title='bbox 1284 1727 1382 1757; x_wconf 92' lang='lat' dir='ltr'>sunt:</span> <span class='ocrx_word' id='word_1_737' title='bbox 1408 1733 1553 1767; x_wconf 89' lang='lat' dir='ltr'>quaero,</span> <span class='ocrx_word' id='word_1_738' title='bbox 1575 1734 1654 1758; x_wconf 90' lang='lat' dir='ltr'>cum</span> <span class='ocrx_word' id='word_1_739' title='bbox 1669 1724 1815 1759; x_wconf 90' lang='lat' dir='ltr'>coheres</span> <span class='ocrx_word' id='word_1_740' title='bbox 1833 1723 1959 1758; x_wconf 89' lang='lat' dir='ltr'>mulier</span> <span class='ocrx_word' id='word_1_741' title='bbox 1977 1723 2160 1759; x_wconf 90' lang='lat' dir='ltr'>coheredis</span> <span class='ocrx_word' id='word_1_742' title='bbox 2178 1723 2370 1758; x_wconf 91' lang='lat' dir='ltr'>liberorum</span> 
     </span>
     <span class='ocr_line' id='line_1_107' title="bbox 1284 1768 2367 1813; baseline 0 -12"><span class='ocrx_word' id='word_1_743' title='bbox 1284 1772 1419 1804; x_wconf 88' lang='lat' dir='ltr'>tutores</span> <span class='ocrx_word' id='word_1_744' title='bbox 1453 1769 1596 1813; x_wconf 89' lang='lat' dir='ltr'>saepius</span> <span class='ocrx_word' id='word_1_745' title='bbox 1635 1772 1766 1804; x_wconf 88' lang='lat' dir='ltr'>testato</span> <span class='ocrx_word' id='word_1_746' title='bbox 1799 1768 2003 1804; x_wconf 89' lang='lat' dir='ltr'>convenerit</span> <span class='ocrx_word' id='word_1_747' title='bbox 2033 1772 2069 1803; x_wconf 91' lang='lat' dir='ltr'>et</span> <span class='ocrx_word' id='word_1_748' title='bbox 2107 1768 2367 1809; x_wconf 90' lang='lat' dir='ltr'>desideraverit,</span> 
     </span>
     <span class='ocr_line' id='line_1_108' title="bbox 1284 1813 2367 1855; baseline -0.001 -8"><span class='ocrx_word' id='word_1_749' title='bbox 1284 1817 1324 1847; x_wconf 91' lang='lat' dir='ltr'>ut</span> <span class='ocrx_word' id='word_1_750' title='bbox 1343 1813 1539 1848; x_wconf 88' lang='lat' dir='ltr'>secundum</span> <span class='ocrx_word' id='word_1_751' title='bbox 1560 1814 1827 1849; x_wconf 88' lang='lat' dir='ltr'>conventionem</span> <span class='ocrx_word' id='word_1_752' title='bbox 1851 1818 1914 1849; x_wconf 90' lang='lat' dir='ltr'>aut</span> <span class='ocrx_word' id='word_1_753' title='bbox 1938 1818 2056 1849; x_wconf 89' lang='lat' dir='ltr'>emant</span> <span class='ocrx_word' id='word_1_754' title='bbox 2080 1818 2142 1848; x_wconf 90' lang='lat' dir='ltr'>aut</span> <span class='ocrx_word' id='word_1_755' title='bbox 2165 1813 2318 1848; x_wconf 86' lang='lat' dir='ltr'>vendant</span> <span class='ocrx_word' id='word_1_756' title='bbox 2332 1815 2367 1855; x_wconf 88' lang='lat'>¹¹,</span> 
     </span>
     <span class='ocr_line' id='line_1_109' title="bbox 1283 1857 2367 1903; baseline 0 -11"><span class='ocrx_word' id='word_1_757' title='bbox 1283 1858 1390 1903; x_wconf 91' lang='lat' dir='ltr'>hique</span> <span class='ocrx_word' id='word_1_758' title='bbox 1414 1858 1502 1893; x_wconf 90' lang='lat' dir='ltr'>nihil</span> <span class='ocrx_word' id='word_1_759' title='bbox 1525 1859 1597 1894; x_wconf 90' lang='lat' dir='ltr'>tale</span> <span class='ocrx_word' id='word_1_760' title='bbox 1620 1859 1788 1902; x_wconf 87' lang='lat' dir='ltr'>fecerint,</span> <span class='ocrx_word' id='word_1_761' title='bbox 1813 1870 1876 1902; x_wconf 89' lang='lat' dir='ltr'>an,</span> <span class='ocrx_word' id='word_1_762' title='bbox 1902 1859 1932 1894; x_wconf 92' lang='lat' dir='ltr'>si</span> <span class='ocrx_word' id='word_1_763' title='bbox 1954 1859 2082 1894; x_wconf 92' lang='lat' dir='ltr'>mulier</span> <span class='ocrx_word' id='word_1_764' title='bbox 2104 1864 2224 1893; x_wconf 84' lang='lat' dir='ltr'>extero</span> <span class='ocrx_word' id='word_1_765' title='bbox 2248 1857 2367 1893; x_wconf 89' lang='lat' dir='ltr'>vendi-</span> 
     </span>
     <span class='ocr_line' id='line_1_110' title="bbox 1285 1903 2368 1949; baseline -0.001 -11"><span class='ocrx_word' id='word_1_766' title='bbox 1285 1904 1394 1945; x_wconf 90' lang='lat' dir='ltr'>derit,</span> <span class='ocrx_word' id='word_1_767' title='bbox 1428 1914 1545 1949; x_wconf 88' lang='lat' dir='ltr'>poena</span> <span class='ocrx_word' id='word_1_768' title='bbox 1577 1904 1622 1938; x_wconf 91' lang='lat' dir='ltr'>ab</span> <span class='ocrx_word' id='word_1_769' title='bbox 1654 1915 1697 1939; x_wconf 89' lang='lat' dir='ltr'>ea</span> <span class='ocrx_word' id='word_1_770' title='bbox 1722 1908 1866 1940; x_wconf 91' lang='lat' dir='ltr'>centum</span> <span class='ocrx_word' id='word_1_771' title='bbox 1891 1904 1982 1948; x_wconf 87' lang='lat' dir='ltr'>exigi</span> <span class='ocrx_word' id='word_1_772' title='bbox 2013 1904 2136 1949; x_wconf 89' lang='lat' dir='ltr'>possit.</span> <span class='ocrx_word' id='word_1_773' title='bbox 2185 1903 2368 1948; x_wconf 88' lang='lat' dir='ltr'>respondit</span> 
     </span>
     <span class='ocr_line' id='line_1_111' title="bbox 1285 1948 2369 1994; baseline 0 -11"><span class='ocrx_word' id='word_1_774' title='bbox 1285 1948 1478 1983; x_wconf 89' lang='lat' dir='ltr'>secundum</span> <span class='ocrx_word' id='word_1_775' title='bbox 1515 1959 1557 1983; x_wconf 91' lang='lat' dir='ltr'>ea</span> <span class='ocrx_word' id='word_1_776' title='bbox 1594 1959 1686 1994; x_wconf 87' lang='lat' dir='ltr'>quae</span> <span class='ocrx_word' id='word_1_777' title='bbox 1724 1954 2012 1994; x_wconf 89' lang='lat' dir='ltr'>proponerentur</span> <span class='ocrx_word' id='word_1_778' title='bbox 2043 1949 2264 1984; x_wconf 87' lang='lat' dir='ltr'>obstaturam</span> <span class='ocrx_word' id='word_1_779' title='bbox 2297 1949 2369 1984; x_wconf 92' lang='lat' dir='ltr'>doli</span> 
     </span>
     <span class='ocr_line' id='line_1_112' title="bbox 1284 1994 2367 2040; baseline 0 -12"><span class='ocrx_word' id='word_1_780' title='bbox 1284 1997 1305 2028; x_wconf 92' lang='grc'>4</span> <span class='ocrx_word' id='word_1_781' title='bbox 1352 1994 1434 2028; x_wconf 85' lang='grc'><strong>111011</strong></span> <span class='ocrx_word' id='word_1_782' title='bbox 1466 1994 1720 2039; x_wconf 87' lang='lat' dir='ltr'>exceptionem.</span> <span class='ocrx_word' id='word_1_783' title='bbox 1777 1996 1930 2040; x_wconf 90' lang='lat' dir='ltr'>Agerius</span> <span class='ocrx_word' id='word_1_784' title='bbox 1961 1994 2055 2029; x_wconf 91' lang='lat' dir='ltr'>filius</span> <span class='ocrx_word' id='word_1_785' title='bbox 2086 1994 2236 2029; x_wconf 84' lang='lat' dir='ltr'>familias</span> <span class='ocrx_word' id='word_1_786' title='bbox 2267 2004 2367 2029; x_wconf 89' lang='lat' dir='ltr'>servo</span> 
     </span>
     <span class='ocr_line' id='line_1_113' title="bbox 1284 2039 2368 2085; baseline 0 -12"><span class='ocrx_word' id='word_1_787' title='bbox 1284 2039 1404 2074; x_wconf 90' lang='lat' dir='ltr'>Publii</span> <span class='ocrx_word' id='word_1_788' title='bbox 1420 2039 1551 2074; x_wconf 87' lang='lat' dir='ltr'>Maevii</span> <span class='ocrx_word' id='word_1_789' title='bbox 1576 2040 1762 2084; x_wconf 90' lang='lat' dir='ltr'>stipulanti</span> <span class='ocrx_word' id='word_1_790' title='bbox 1786 2040 1980 2085; x_wconf 89' lang='lat' dir='ltr'>spopondit</span> <span class='ocrx_word' id='word_1_791' title='bbox 2003 2050 2042 2074; x_wconf 90' lang='lat' dir='ltr'>se</span> <span class='ocrx_word' id='word_1_792' title='bbox 2066 2039 2242 2081; x_wconf 89' lang='lat' dir='ltr'>daturum,</span> <span class='ocrx_word' id='word_1_793' title='bbox 2267 2039 2368 2084; x_wconf 89' lang='lat' dir='ltr'>quid-</span> 
     </span>
     <span class='ocr_line' id='line_1_114' title="bbox 1285 2084 2367 2129; baseline 0.001 -11"><span class='ocrx_word' id='word_1_794' title='bbox 1285 2084 1370 2129; x_wconf 89' lang='lat' dir='ltr'>quid</span> <span class='ocrx_word' id='word_1_795' title='bbox 1389 2089 1528 2129; x_wconf 86' lang='lat' dir='ltr'>patrem</span> <span class='ocrx_word' id='word_1_796' title='bbox 1548 2095 1652 2119; x_wconf 92' lang='lat' dir='ltr'>suum</span> <span class='ocrx_word' id='word_1_797' title='bbox 1673 2085 1801 2120; x_wconf 92' lang='lat' dir='ltr'>Publio</span> <span class='ocrx_word' id='word_1_798' title='bbox 1823 2085 1963 2120; x_wconf 90' lang='lat' dir='ltr'>Maevio</span> <span class='ocrx_word' id='word_1_799' title='bbox 1983 2085 2111 2119; x_wconf 91' lang='lat' dir='ltr'>debere</span> <span class='ocrx_word' id='word_1_800' title='bbox 2132 2084 2367 2119; x_wconf 89' lang='lat' dir='ltr'>constitisset:</span> 
     </span>
     <span class='ocr_line' id='line_1_115' title="bbox 1284 2129 2367 2174; baseline -0.001 -10"><span class='ocrx_word' id='word_1_801' title='bbox 1284 2130 1484 2174; x_wconf 92' lang='lat' dir='ltr'>quaesitum</span> <span class='ocrx_word' id='word_1_802' title='bbox 1508 2134 1563 2164; x_wconf 85' lang='lat' dir='ltr'>est</span> <span class='ocrx_word' id='word_1_803' title='bbox 1585 2134 1689 2174; x_wconf 90' lang='lat' dir='ltr'>patre</span> <span class='ocrx_word' id='word_1_804' title='bbox 1713 2130 1902 2172; x_wconf 85' lang='lat' dir='ltr'>defuncto,</span> <span class='ocrx_word' id='word_1_805' title='bbox 1928 2134 2116 2173; x_wconf 89' lang='lat' dir='ltr'>antequam</span> <span class='ocrx_word' id='word_1_806' title='bbox 2142 2129 2367 2171; x_wconf 89' lang='lat' dir='ltr'>constitisset,</span> 
     </span>
     <span class='ocr_line' id='line_1_116' title="bbox 1285 2175 2367 2220; baseline 0 -11"><span class='ocrx_word' id='word_1_807' title='bbox 1285 2175 1369 2219; x_wconf 90' lang='lat' dir='ltr'>quid</span> <span class='ocrx_word' id='word_1_808' title='bbox 1400 2179 1643 2220; x_wconf 89' lang='lat' dir='ltr'>quantumque</span> <span class='ocrx_word' id='word_1_809' title='bbox 1675 2175 1837 2218; x_wconf 88' lang='lat' dir='ltr'>deberet,</span> <span class='ocrx_word' id='word_1_810' title='bbox 1862 2186 1924 2217; x_wconf 89' lang='lat' dir='ltr'>an,</span> <span class='ocrx_word' id='word_1_811' title='bbox 1957 2175 1987 2210; x_wconf 90' lang='lat' dir='ltr'>si</span> <span class='ocrx_word' id='word_1_812' title='bbox 2011 2175 2179 2210; x_wconf 88' lang='lat' dir='ltr'>adversus</span> <span class='ocrx_word' id='word_1_813' title='bbox 2205 2175 2367 2209; x_wconf 90' lang='lat' dir='ltr'>heredem</span> 
     </span>
     <span class='ocr_line' id='line_1_117' title="bbox 1285 2219 2366 2256; baseline -0.001 -1"><span class='ocrx_word' id='word_1_814' title='bbox 1285 2220 1361 2255; x_wconf 88' lang='lat' dir='ltr'>eius</span> <span class='ocrx_word' id='word_1_815' title='bbox 1386 2224 1506 2255; x_wconf 90' lang='lat' dir='ltr'>actum</span> <span class='ocrx_word' id='word_1_816' title='bbox 1530 2220 1656 2256; x_wconf 83' lang='lat' dir='ltr'>fuisset</span> <span class='ocrx_word' id='word_1_817' title='bbox 1679 2221 1831 2255; x_wconf 90' lang='lat' dir='ltr'>aliumve</span> <span class='ocrx_word' id='word_1_818' title='bbox 1855 2230 2096 2256; x_wconf 89' lang='lat' dir='ltr'>successorem</span> <span class='ocrx_word' id='word_1_819' title='bbox 2120 2223 2156 2254; x_wconf 92' lang='lat' dir='ltr'>et</span> <span class='ocrx_word' id='word_1_820' title='bbox 2180 2219 2222 2254; x_wconf 89' lang='lat' dir='ltr'>de</span> <span class='ocrx_word' id='word_1_821' title='bbox 2246 2219 2366 2254; x_wconf 89' lang='lat' dir='ltr'>debito</span> 
     </span>
     <span class='ocr_line' id='line_1_118' title="bbox 1285 2264 2365 2310; baseline -0.001 -11"><span class='ocrx_word' id='word_1_822' title='bbox 1285 2265 1512 2308; x_wconf 87' lang='lat' dir='ltr'>constitisset,</span> <span class='ocrx_word' id='word_1_823' title='bbox 1538 2266 1688 2310; x_wconf 91' lang='lat' dir='ltr'>Agerius</span> <span class='ocrx_word' id='word_1_824' title='bbox 1713 2270 1888 2301; x_wconf 90' lang='lat' dir='ltr'>teneatur.</span> <span class='ocrx_word' id='word_1_825' title='bbox 1933 2265 2126 2309; x_wconf 89' lang='lat' dir='ltr'>respondit,</span> <span class='ocrx_word' id='word_1_826' title='bbox 2152 2264 2182 2299; x_wconf 95' lang='lat' dir='ltr'>si</span> <span class='ocrx_word' id='word_1_827' title='bbox 2205 2265 2365 2299; x_wconf 90' lang='lat' dir='ltr'>condicio</span> 
     </span>
     <span class='ocr_line' id='line_1_119' title="bbox 1285 2309 2368 2356; baseline 0 -12"><span class='ocrx_word' id='word_1_828' title='bbox 1285 2314 1303 2344; x_wconf 83' lang='lat'>5</span> <span class='ocrx_word' id='word_1_829' title='bbox 1351 2321 1424 2346; x_wconf 90' lang='grc'><strong>11011</strong></span> <span class='ocrx_word' id='word_1_830' title='bbox 1437 2311 1641 2353; x_wconf 88' lang='lat' dir='ltr'>exstitisset,</span> <span class='ocrx_word' id='word_1_831' title='bbox 1662 2311 1924 2356; x_wconf 89' lang='lat' dir='ltr'>stipulationem</span> <span class='ocrx_word' id='word_1_832' title='bbox 1936 2321 2007 2345; x_wconf 91' lang='lat' dir='ltr'>non</span> <span class='ocrx_word' id='word_1_833' title='bbox 2020 2310 2252 2344; x_wconf 88' lang='lat' dir='ltr'>commissam.</span> <span class='ocrx_word' id='word_1_834' title='bbox 2287 2309 2368 2344; x_wconf 88' lang='lat' dir='ltr'>Seia</span> 
     </span>
     <span class='ocr_line' id='line_1_120' title="bbox 1284 2355 2367 2400; baseline 0 -10"><span class='ocrx_word' id='word_1_835' title='bbox 1284 2355 1386 2390; x_wconf 91' lang='lat' dir='ltr'>heres</span> <span class='ocrx_word' id='word_1_836' title='bbox 1411 2355 1517 2391; x_wconf 91' lang='lat' dir='ltr'>unius</span> <span class='ocrx_word' id='word_1_837' title='bbox 1536 2356 1677 2398; x_wconf 90' lang='lat' dir='ltr'>tutoris,</span> <span class='ocrx_word' id='word_1_838' title='bbox 1703 2367 1784 2391; x_wconf 85' lang='lat' dir='ltr'>cum</span> <span class='ocrx_word' id='word_1_839' title='bbox 1805 2356 1934 2391; x_wconf 90' lang='lat' dir='ltr'>herede</span> <span class='ocrx_word' id='word_1_840' title='bbox 1953 2355 2110 2400; x_wconf 90' lang='lat' dir='ltr'>pupillae</span> <span class='ocrx_word' id='word_1_841' title='bbox 2127 2355 2367 2390; x_wconf 88' lang='lat' dir='ltr'>transactione</span> 
     </span>
     <span class='ocr_line' id='line_1_121' title="bbox 1284 2399 2365 2446; baseline -0.003 -10"><span class='ocrx_word' id='word_1_842' title='bbox 1284 2405 1390 2446; x_wconf 89' lang='lat' dir='ltr'>pacto</span> <span class='ocrx_word' id='word_1_843' title='bbox 1421 2401 1498 2436; x_wconf 93' lang='lat' dir='ltr'>solo</span> <span class='ocrx_word' id='word_1_844' title='bbox 1530 2400 1645 2444; x_wconf 89' lang='lat' dir='ltr'>facta,</span> <span class='ocrx_word' id='word_1_845' title='bbox 1679 2401 1846 2436; x_wconf 91' lang='lat' dir='ltr'>maiorem</span> <span class='ocrx_word' id='word_1_846' title='bbox 1876 2406 2013 2445; x_wconf 90' lang='lat' dir='ltr'>partem</span> <span class='ocrx_word' id='word_1_847' title='bbox 2037 2399 2158 2442; x_wconf 91' lang='lat' dir='ltr'>solvit,</span> <span class='ocrx_word' id='word_1_848' title='bbox 2190 2399 2365 2434; x_wconf 87' lang='lat' dir='ltr'>residuam</span> 
     </span>
     <span class='ocr_line' id='line_1_122' title="bbox 1285 2445 2363 2490; baseline -0.003 -9"><span class='ocrx_word' id='word_1_849' title='bbox 1285 2447 1394 2481; x_wconf 87' lang='lat' dir='ltr'>cavit:</span> <span class='ocrx_word' id='word_1_850' title='bbox 1431 2446 1495 2481; x_wconf 90' lang='lat' dir='ltr'>sed</span> <span class='ocrx_word' id='word_1_851' title='bbox 1518 2446 1600 2481; x_wconf 92' lang='lat' dir='ltr'>ilico</span> <span class='ocrx_word' id='word_1_852' title='bbox 1633 2447 1773 2490; x_wconf 89' lang='lat' dir='ltr'>negavit</span> <span class='ocrx_word' id='word_1_853' title='bbox 1804 2447 1906 2481; x_wconf 90' lang='lat' dir='ltr'>heres</span> <span class='ocrx_word' id='word_1_854' title='bbox 1931 2456 1969 2481; x_wconf 91' lang='lat' dir='ltr'>se</span> <span class='ocrx_word' id='word_1_855' title='bbox 1992 2445 2268 2479; x_wconf 87' lang='lat' dir='ltr'>transactionem</span> <span class='ocrx_word' id='word_1_856' title='bbox 2291 2455 2363 2479; x_wconf 91' lang='lat' dir='ltr'>ser-</span> 
     </span>
     <span class='ocr_line' id='line_1_123' title="bbox 1285 2489 2364 2536; baseline -0.003 -10"><span class='ocrx_word' id='word_1_857' title='bbox 1285 2502 1368 2526; x_wconf 89' lang='lat' dir='ltr'>vare</span> <span class='ocrx_word' id='word_1_858' title='bbox 1399 2495 1435 2526; x_wconf 92' lang='lat' dir='ltr'>et</span> <span class='ocrx_word' id='word_1_859' title='bbox 1466 2491 1562 2536; x_wconf 90' lang='lat' dir='ltr'>apud</span> <span class='ocrx_word' id='word_1_860' title='bbox 1586 2491 1739 2526; x_wconf 90' lang='lat' dir='ltr'>iudicem</span> <span class='ocrx_word' id='word_1_861' title='bbox 1770 2491 1905 2526; x_wconf 89' lang='lat' dir='ltr'>tutelae</span> <span class='ocrx_word' id='word_1_862' title='bbox 1936 2491 2006 2534; x_wconf 88' lang='lat' dir='ltr'>egit</span> <span class='ocrx_word' id='word_1_863' title='bbox 2036 2494 2071 2524; x_wconf 92' lang='lat' dir='ltr'>et</span> <span class='ocrx_word' id='word_1_864' title='bbox 2093 2489 2206 2524; x_wconf 90' lang='lat' dir='ltr'>victus</span> <span class='ocrx_word' id='word_1_865' title='bbox 2237 2500 2364 2534; x_wconf 90' lang='lat' dir='ltr'>provo-</span> 
     </span>
     <span class='ocr_line' id='line_1_124' title="bbox 1284 2535 2364 2581; baseline -0.002 -11"><span class='ocrx_word' id='word_1_866' title='bbox 1284 2537 1377 2571; x_wconf 89' lang='lat' dir='ltr'>cavit</span> <span class='ocrx_word' id='word_1_867' title='bbox 1408 2536 1454 2571; x_wconf 90' lang='lat' dir='ltr'>ad</span> <span class='ocrx_word' id='word_1_868' title='bbox 1487 2540 1746 2581; x_wconf 89' lang='lat' dir='ltr'>competentem</span> <span class='ocrx_word' id='word_1_869' title='bbox 1776 2536 1928 2571; x_wconf 89' lang='lat' dir='ltr'>iudicem</span> <span class='ocrx_word' id='word_1_870' title='bbox 1960 2539 1995 2570; x_wconf 90' lang='lat' dir='ltr'>et</span> <span class='ocrx_word' id='word_1_871' title='bbox 2020 2535 2064 2569; x_wconf 90' lang='lat' dir='ltr'>ab</span> <span class='ocrx_word' id='word_1_872' title='bbox 2090 2545 2131 2569; x_wconf 90' lang='lat' dir='ltr'>eo</span> <span class='ocrx_word' id='word_1_873' title='bbox 2157 2544 2296 2579; x_wconf 89' lang='lat' dir='ltr'>quoque</span> <span class='ocrx_word' id='word_1_874' title='bbox 2320 2535 2364 2569; x_wconf 89' lang='lat' dir='ltr'>ad</span> 
     </span>
     <span class='ocr_line' id='line_1_125' title="bbox 1284 2580 2364 2627; baseline -0.003 -11"><span class='ocrx_word' id='word_1_875' title='bbox 1284 2582 1480 2627; x_wconf 86' lang='lat' dir='ltr'>principem</span> <span class='ocrx_word' id='word_1_876' title='bbox 1511 2582 1604 2616; x_wconf 90' lang='lat' dir='ltr'>idem</span> <span class='ocrx_word' id='word_1_877' title='bbox 1634 2582 1840 2626; x_wconf 90' lang='lat' dir='ltr'>provocavit</span> <span class='ocrx_word' id='word_1_878' title='bbox 1869 2586 1905 2615; x_wconf 90' lang='lat' dir='ltr'>et</span> <span class='ocrx_word' id='word_1_879' title='bbox 1940 2580 2074 2615; x_wconf 91' lang='lat' dir='ltr'>iniusta</span> <span class='ocrx_word' id='word_1_880' title='bbox 2104 2580 2192 2614; x_wconf 90' lang='lat' dir='ltr'>haec</span> <span class='ocrx_word' id='word_1_881' title='bbox 2225 2590 2364 2624; x_wconf 88' lang='lat' dir='ltr'>quoque</span> 
     </span>
     <span class='ocr_line' id='line_1_126' title="bbox 1284 2625 2364 2671; baseline -0.003 -10"><span class='ocrx_word' id='word_1_882' title='bbox 1284 2627 1490 2671; x_wconf 90' lang='lat' dir='ltr'>provocatio</span> <span class='ocrx_word' id='word_1_883' title='bbox 1516 2627 1592 2662; x_wconf 92' lang='lat' dir='ltr'>eius</span> <span class='ocrx_word' id='word_1_884' title='bbox 1616 2627 1847 2671; x_wconf 90' lang='lat' dir='ltr'>pronuntiata</span> <span class='ocrx_word' id='word_1_885' title='bbox 1870 2630 1934 2661; x_wconf 87' lang='lat' dir='ltr'>est.</span> <span class='ocrx_word' id='word_1_886' title='bbox 1972 2625 2171 2670; x_wconf 89' lang='lat' dir='ltr'>quaesitum</span> <span class='ocrx_word' id='word_1_887' title='bbox 2195 2630 2258 2668; x_wconf 85' lang='lat' dir='ltr'>est,</span> <span class='ocrx_word' id='word_1_888' title='bbox 2285 2636 2364 2659; x_wconf 90' lang='lat' dir='ltr'>cum</span> 
     </span>
     <span class='ocr_line' id='line_1_127' title="bbox 1284 2669 2363 2716; baseline -0.004 -9"><span class='ocrx_word' id='word_1_889' title='bbox 1284 2682 1347 2716; x_wconf 87' lang='lat' dir='ltr'>per</span> <span class='ocrx_word' id='word_1_890' title='bbox 1369 2672 1534 2707; x_wconf 91' lang='lat' dir='ltr'>heredem</span> <span class='ocrx_word' id='word_1_891' title='bbox 1566 2672 1722 2716; x_wconf 89' lang='lat' dir='ltr'>pupillae</span> <span class='ocrx_word' id='word_1_892' title='bbox 1746 2681 1847 2706; x_wconf 91' lang='lat' dir='ltr'>mora</span> <span class='ocrx_word' id='word_1_893' title='bbox 1869 2670 2123 2711; x_wconf 89' lang='lat' dir='ltr'>intercesserit,</span> <span class='ocrx_word' id='word_1_894' title='bbox 2155 2680 2223 2714; x_wconf 93' lang='lat' dir='ltr'>quo</span> <span class='ocrx_word' id='word_1_895' title='bbox 2248 2669 2363 2704; x_wconf 89' lang='lat' dir='ltr'>minus</span> 
     </span>
     <span class='ocr_line' id='line_1_128' title="bbox 1283 2714 2363 2762; baseline -0.004 -10"><span class='ocrx_word' id='word_1_896' title='bbox 1283 2717 1433 2761; x_wconf 88' lang='lat' dir='ltr'>pecunia</span> <span class='ocrx_word' id='word_1_897' title='bbox 1462 2717 1499 2751; x_wconf 92' lang='lat' dir='ltr'>in</span> <span class='ocrx_word' id='word_1_898' title='bbox 1528 2717 1795 2762; x_wconf 89' lang='lat' dir='ltr'>stipulationem</span> <span class='ocrx_word' id='word_1_899' title='bbox 1829 2716 1981 2750; x_wconf 89' lang='lat' dir='ltr'>deducta</span> <span class='ocrx_word' id='word_1_900' title='bbox 2012 2715 2057 2749; x_wconf 91' lang='lat' dir='ltr'>ab</span> <span class='ocrx_word' id='word_1_901' title='bbox 2082 2714 2212 2749; x_wconf 91' lang='lat' dir='ltr'>herede</span> <span class='ocrx_word' id='word_1_902' title='bbox 2235 2715 2363 2749; x_wconf 88' lang='lat' dir='ltr'>tutoris</span> 
     </span>
     <span class='ocr_line' id='line_1_129' title="bbox 1283 2759 2363 2806; baseline -0.004 -9"><span class='ocrx_word' id='word_1_903' title='bbox 1283 2763 1480 2797; x_wconf 90' lang='lat' dir='ltr'>solveretur</span> <span class='ocrx_word' id='word_1_904' title='bbox 1502 2772 1568 2797; x_wconf 91' lang='lat' dir='ltr'>nec</span> <span class='ocrx_word' id='word_1_905' title='bbox 1592 2772 1757 2805; x_wconf 89' lang='lat' dir='ltr'>umquam</span> <span class='ocrx_word' id='word_1_906' title='bbox 1782 2761 1932 2806; x_wconf 89' lang='lat' dir='ltr'>petierit,</span> <span class='ocrx_word' id='word_1_907' title='bbox 1958 2771 2004 2795; x_wconf 92' lang='lat' dir='ltr'>an</span> <span class='ocrx_word' id='word_1_908' title='bbox 2028 2760 2059 2795; x_wconf 93' lang='lat' dir='ltr'>ei</span> <span class='ocrx_word' id='word_1_909' title='bbox 2084 2760 2188 2794; x_wconf 88' lang='lat' dir='ltr'>hodie</span> <span class='ocrx_word' id='word_1_910' title='bbox 2212 2759 2363 2794; x_wconf 89' lang='lat' dir='ltr'>debean-</span> 
     </span>
     <span class='ocr_line' id='line_1_130' title="bbox 1282 2804 2364 2849; baseline -0.003 -8"><span class='ocrx_word' id='word_1_911' title='bbox 1282 2812 1342 2842; x_wconf 89' lang='lat' dir='ltr'>tur</span> <span class='ocrx_word' id='word_1_912' title='bbox 1379 2817 1509 2842; x_wconf 88' lang='lat' dir='ltr'>usurae</span> <span class='ocrx_word' id='word_1_913' title='bbox 1548 2807 1593 2842; x_wconf 88' lang='lat' dir='ltr'>ab</span> <span class='ocrx_word' id='word_1_914' title='bbox 1630 2807 1761 2842; x_wconf 90' lang='lat' dir='ltr'>herede</span> <span class='ocrx_word' id='word_1_915' title='bbox 1799 2806 1938 2841; x_wconf 90' lang='lat' dir='ltr'>tutoris.</span> <span class='ocrx_word' id='word_1_916' title='bbox 1987 2804 2184 2849; x_wconf 91' lang='lat' dir='ltr'>respondit,</span> <span class='ocrx_word' id='word_1_917' title='bbox 2221 2805 2251 2839; x_wconf 90' lang='lat' dir='ltr'>si</span> <span class='ocrx_word' id='word_1_918' title='bbox 2283 2804 2364 2838; x_wconf 88' lang='lat' dir='ltr'>Seia</span> 
     </span>
     <span class='ocr_line' id='line_1_131' title="bbox 1282 2849 2362 2895; baseline -0.004 -8"><span class='ocrx_word' id='word_1_919' title='bbox 1282 2863 1353 2887; x_wconf 93' lang='lat' dir='ltr'>non</span> <span class='ocrx_word' id='word_1_920' title='bbox 1379 2855 1554 2887; x_wconf 88' lang='lat' dir='ltr'>cessasset</span> <span class='ocrx_word' id='word_1_921' title='bbox 1578 2862 1621 2886; x_wconf 89' lang='lat' dir='ltr'>ex</span> <span class='ocrx_word' id='word_1_922' title='bbox 1645 2851 1873 2895; x_wconf 87' lang='lat' dir='ltr'>stipulatione</span> <span class='ocrx_word' id='word_1_923' title='bbox 1904 2851 2089 2895; x_wconf 90' lang='lat' dir='ltr'>pecuniam</span> <span class='ocrx_word' id='word_1_924' title='bbox 2113 2849 2257 2891; x_wconf 87' lang='lat' dir='ltr'>offerre,</span> <span class='ocrx_word' id='word_1_925' title='bbox 2287 2849 2362 2883; x_wconf 91' lang='lat' dir='ltr'>iure</span> 
     </span>
     <span class='ocr_line' id='line_1_132' title="bbox 1284 2894 2362 2932; baseline -0.005 0"><span class='ocrx_word' id='word_1_926' title='bbox 1284 2902 1303 2932; x_wconf 84' lang='grc'>6</span> <span class='ocrx_word' id='word_1_927' title='bbox 1352 2908 1477 2932; x_wconf 88' lang='lat' dir='ltr'>usuras</span> <span class='ocrx_word' id='word_1_928' title='bbox 1502 2908 1575 2932; x_wconf 91' lang='lat' dir='ltr'>non</span> <span class='ocrx_word' id='word_1_929' title='bbox 1599 2896 1730 2931; x_wconf 88' lang='lat' dir='ltr'>deberi.</span> <span class='ocrx_word' id='word_1_930' title='bbox 1767 2896 1847 2930; x_wconf 94' lang='lat' dir='ltr'>Duo</span> <span class='ocrx_word' id='word_1_931' title='bbox 1871 2895 1999 2930; x_wconf 86' lang='lat' dir='ltr'>fratres</span> <span class='ocrx_word' id='word_1_932' title='bbox 2023 2895 2253 2929; x_wconf 87' lang='lat' dir='ltr'>hereditatem</span> <span class='ocrx_word' id='word_1_933' title='bbox 2271 2894 2362 2928; x_wconf 90' lang='lat' dir='ltr'>inter</span> 
     </span>
     <span class='ocr_line' id='line_1_133' title="bbox 1283 2940 2360 2978; baseline -0.006 -1"><span class='ocrx_word' id='word_1_934' title='bbox 1283 2953 1321 2978; x_wconf 90' lang='lat' dir='ltr'>se</span> <span class='ocrx_word' id='word_1_935' title='bbox 1353 2942 1547 2977; x_wconf 88' lang='lat' dir='ltr'>diviserunt</span> <span class='ocrx_word' id='word_1_936' title='bbox 1575 2945 1611 2976; x_wconf 91' lang='lat' dir='ltr'>et</span> <span class='ocrx_word' id='word_1_937' title='bbox 1643 2945 1812 2976; x_wconf 90' lang='lat' dir='ltr'>caverunt</span> <span class='ocrx_word' id='word_1_938' title='bbox 1842 2941 1909 2975; x_wconf 91' lang='lat' dir='ltr'>sibi</span> <span class='ocrx_word' id='word_1_939' title='bbox 1942 2940 2028 2974; x_wconf 89' lang='lat' dir='ltr'>nihil</span> <span class='ocrx_word' id='word_1_940' title='bbox 2058 2950 2097 2974; x_wconf 89' lang='grc'>00</span> <span class='ocrx_word' id='word_1_941' title='bbox 2129 2943 2253 2973; x_wconf 83' lang='grc'><strong>0011110</strong></span> <span class='ocrx_word' id='word_1_942' title='bbox 2285 2948 2360 2972; x_wconf 86' lang='grc'><strong>00111</strong></span> 
     </span>
     <span class='ocr_line' id='line_1_134' title="bbox 1284 2983 2359 3028; baseline -0.007 -5"><span class='ocrx_word' id='word_1_943' title='bbox 1284 2988 1488 3023; x_wconf 89' lang='lat' dir='ltr'>divisionem</span> <span class='ocrx_word' id='word_1_944' title='bbox 1506 2986 1666 3021; x_wconf 83' lang='lat' dir='ltr'>facturos</span> <span class='ocrx_word' id='word_1_945' title='bbox 1691 2990 1736 3027; x_wconf 90' lang='lat' dir='ltr'>et,</span> <span class='ocrx_word' id='word_1_946' title='bbox 1762 2986 1791 3020; x_wconf 90' lang='lat' dir='ltr'>si</span> <span class='ocrx_word' id='word_1_947' title='bbox 1814 2986 1979 3021; x_wconf 78' lang='lat' dir='ltr'>contra¹²</span> <span class='ocrx_word' id='word_1_948' title='bbox 2004 2984 2081 3028; x_wconf 89' lang='lat' dir='ltr'>quis</span> <span class='ocrx_word' id='word_1_949' title='bbox 2099 2983 2250 3025; x_wconf 87' lang='lat' dir='ltr'>fecisset,</span> <span class='ocrx_word' id='word_1_950' title='bbox 2275 2993 2359 3027; x_wconf 90' lang='lat' dir='ltr'>poe-</span> 
     </span>
     <span class='ocr_line' id='line_1_135' title="bbox 1283 3027 2359 3077; baseline -0.007 -10"><span class='ocrx_word' id='word_1_951' title='bbox 1283 3044 1364 3067; x_wconf 89' lang='lat' dir='ltr'>nam</span> <span class='ocrx_word' id='word_1_952' title='bbox 1395 3032 1485 3066; x_wconf 91' lang='lat' dir='ltr'>alter</span> <span class='ocrx_word' id='word_1_953' title='bbox 1508 3031 1611 3066; x_wconf 90' lang='lat' dir='ltr'>alteri</span> <span class='ocrx_word' id='word_1_954' title='bbox 1634 3030 1811 3074; x_wconf 90' lang='lat' dir='ltr'>promisit:</span> <span class='ocrx_word' id='word_1_955' title='bbox 1849 3035 1932 3075; x_wconf 92' lang='lat' dir='ltr'>post</span> <span class='ocrx_word' id='word_1_956' title='bbox 1960 3033 2107 3064; x_wconf 89' lang='lat' dir='ltr'>mortem</span> <span class='ocrx_word' id='word_1_957' title='bbox 2131 3028 2274 3062; x_wconf 87' lang='lat' dir='ltr'>alterius</span> <span class='ocrx_word' id='word_1_958' title='bbox 2300 3027 2359 3077; x_wconf 83' lang='lat' dir='ltr'>qui</span> 
     </span>
     <span class='ocr_line' id='line_1_136' title="bbox 1282 3073 2358 3122; baseline -0.007 -10"><span class='ocrx_word' id='word_1_959' title='bbox 1282 3077 1476 3122; x_wconf 89' lang='lat' dir='ltr'>supervixit</span> <span class='ocrx_word' id='word_1_960' title='bbox 1504 3076 1593 3120; x_wconf 90' lang='lat' dir='ltr'>petit</span> <span class='ocrx_word' id='word_1_961' title='bbox 1616 3076 1661 3110; x_wconf 92' lang='lat' dir='ltr'>ab</span> <span class='ocrx_word' id='word_1_962' title='bbox 1685 3075 1874 3110; x_wconf 90' lang='lat' dir='ltr'>heredibus</span> <span class='ocrx_word' id='word_1_963' title='bbox 1899 3075 1975 3109; x_wconf 91' lang='lat' dir='ltr'>eius</span> <span class='ocrx_word' id='word_1_964' title='bbox 2008 3073 2235 3108; x_wconf 88' lang='lat' dir='ltr'>hereditatem</span> <span class='ocrx_word' id='word_1_965' title='bbox 2260 3081 2358 3115; x_wconf 75' lang='lat' dir='ltr'>quasi</span> 
     </span>
     <span class='ocr_line' id='line_1_137' title="bbox 1282 3116 2356 3164; baseline -0.008 -7"><span class='ocrx_word' id='word_1_966' title='bbox 1282 3134 1327 3158; x_wconf 89' lang='lat' dir='ltr'>ex</span> <span class='ocrx_word' id='word_1_967' title='bbox 1351 3132 1460 3157; x_wconf 89' lang='lat' dir='ltr'>causa</span> <span class='ocrx_word' id='word_1_968' title='bbox 1482 3120 1744 3155; x_wconf 90' lang='lat' dir='ltr'>fideicommissi</span> <span class='ocrx_word' id='word_1_969' title='bbox 1767 3120 1835 3155; x_wconf 89' lang='lat' dir='ltr'>sibi</span> <span class='ocrx_word' id='word_1_970' title='bbox 1859 3131 1880 3154; x_wconf 89' lang='lat' dir='ltr'>a</span> <span class='ocrx_word' id='word_1_971' title='bbox 1903 3124 2004 3164; x_wconf 91' lang='lat' dir='ltr'>patre</span> <span class='ocrx_word' id='word_1_972' title='bbox 2027 3118 2140 3153; x_wconf 89' lang='lat' dir='ltr'>relicti</span> <span class='ocrx_word' id='word_1_973' title='bbox 2155 3118 2180 3137; x_wconf 85' lang='lat'>¹³</span> <span class='ocrx_word' id='word_1_974' title='bbox 2204 3116 2356 3150; x_wconf 86' lang='lat' dir='ltr'>debitam</span> 
     </span>
     <span class='ocr_line' id='line_1_138' title="bbox 1283 3160 2357 3209; baseline -0.006 -8"><span class='ocrx_word' id='word_1_975' title='bbox 1283 3171 1318 3203; x_wconf 92' lang='lat' dir='ltr'>et</span> <span class='ocrx_word' id='word_1_976' title='bbox 1349 3167 1519 3201; x_wconf 91' lang='lat' dir='ltr'>adversus</span> <span class='ocrx_word' id='word_1_977' title='bbox 1560 3175 1640 3199; x_wconf 88' lang='grc'><strong>00111</strong></span> <span class='ocrx_word' id='word_1_978' title='bbox 1675 3165 1944 3209; x_wconf 88' lang='lat' dir='ltr'>pronuntiatum</span> <span class='ocrx_word' id='word_1_979' title='bbox 1976 3168 2044 3205; x_wconf 91' lang='lat' dir='ltr'>est,</span> <span class='ocrx_word' id='word_1_980' title='bbox 2085 3162 2185 3206; x_wconf 90' lang='lat' dir='ltr'>quasi</span> <span class='ocrx_word' id='word_1_981' title='bbox 2216 3160 2258 3194; x_wconf 92' lang='lat' dir='ltr'>de</span> <span class='ocrx_word' id='word_1_982' title='bbox 2290 3161 2357 3195; x_wconf 92' lang='lat' dir='ltr'>hoc</span> 
     </span>
     <span class='ocr_line' id='line_1_139' title="bbox 1283 3209 2357 3257; baseline -0.009 -10"><span class='ocrx_word' id='word_1_983' title='bbox 1283 3222 1422 3257; x_wconf 90' lang='lat' dir='ltr'>quoque</span> <span class='ocrx_word' id='word_1_984' title='bbox 1445 3215 1665 3245; x_wconf 88' lang='lat' dir='ltr'>transactum</span> <span class='ocrx_word' id='word_1_985' title='bbox 1687 3209 1830 3245; x_wconf 86' lang='lat' dir='ltr'>fuisset:</span> <span class='ocrx_word' id='word_1_986' title='bbox 1857 3209 2054 3254; x_wconf 89' lang='lat' dir='ltr'>quaesitum</span> <span class='ocrx_word' id='word_1_987' title='bbox 2078 3212 2149 3246; x_wconf 89' lang='lat' dir='ltr'>est,</span> <span class='ocrx_word' id='word_1_988' title='bbox 2175 3215 2220 3239; x_wconf 92' lang='lat' dir='ltr'>an</span> <span class='ocrx_word' id='word_1_989' title='bbox 2243 3215 2357 3249; x_wconf 88' lang='lat' dir='ltr'>poena</span> 
     </span>
     <span class='ocr_line' id='line_1_140' title="bbox 1284 3250 2356 3299; baseline -0.01 -5"><span class='ocrx_word' id='word_1_990' title='bbox 1284 3257 1470 3294; x_wconf 89' lang='lat' dir='ltr'>commissa</span> <span class='ocrx_word' id='word_1_991' title='bbox 1488 3260 1591 3290; x_wconf 89' lang='lat' dir='ltr'>esset.</span> <span class='ocrx_word' id='word_1_992' title='bbox 1625 3255 1808 3299; x_wconf 89' lang='lat' dir='ltr'>respondit</span> <span class='ocrx_word' id='word_1_993' title='bbox 1826 3264 1976 3299; x_wconf 89' lang='lat' dir='ltr'>poenam</span> <span class='ocrx_word' id='word_1_994' title='bbox 1996 3250 2186 3287; x_wconf 89' lang='lat' dir='ltr'>secundum</span> <span class='ocrx_word' id='word_1_995' title='bbox 2205 3259 2247 3284; x_wconf 91' lang='lat' dir='ltr'>ea</span> <span class='ocrx_word' id='word_1_996' title='bbox 2267 3259 2356 3294; x_wconf 88' lang='lat' dir='ltr'>quae</span> 
     </span>
     <span class='ocr_line' id='line_1_141' title="bbox 1282 3300 1785 3346; baseline -0.004 -10"><span class='ocrx_word' id='word_1_997' title='bbox 1282 3303 1529 3346; x_wconf 85' lang='lat' dir='ltr'>proponuntur</span> <span class='ocrx_word' id='word_1_998' title='bbox 1553 3300 1785 3335; x_wconf 87' lang='lat' dir='ltr'>commissam.</span> 
     </span>
    </p>
   </div>
   <div class='ocr_carea' id='block_1_6' title="bbox 1760 3366 2353 3379">
    <p class='ocr_par' dir='ltr' id='par_1_9' title="bbox 1760 3366 2353 3379">
     <span class='ocr_line' id='line_1_142' title="bbox 1760 3366 2353 3379; baseline 0 0"><span class='ocrx_word' id='word_1_999' title='bbox 1760 3366 2353 3379; x_wconf 95' lang='lat' dir='ltr'> </span> 
     </span>
    </p>
   </div>
   <div class='ocr_carea' id='block_1_7' title="bbox 1124 3367 2353 3383">
    <p class='ocr_par' dir='ltr' id='par_1_10' title="bbox 1124 3367 2353 3383">
     <span class='ocr_line' id='line_1_143' title="bbox 1124 3367 2353 3383; baseline 0 0"><span class='ocrx_word' id='word_1_1000' title='bbox 1124 3367 2353 3383; x_wconf 95' lang='lat' dir='ltr'> </span> 
     </span>
    </p>
   </div>
   <div class='ocr_carea' id='block_1_8' title="bbox 136 3414 1214 3769">
    <p class='ocr_par' dir='ltr' id='par_1_11' title="bbox 136 3414 1214 3769">
     <span class='ocr_line' id='line_1_144' title="bbox 136 3414 1212 3457; baseline -0.002 -8"><span class='ocrx_word' id='word_1_1001' title='bbox 136 3419 174 3455; x_wconf 88' lang='grc'>(1)</span> <span class='ocrx_word' id='word_1_1002' title='bbox 193 3414 408 3457; x_wconf 84' lang='lat' dir='ltr'>stipulatione</span> <span class='ocrx_word' id='word_1_1003' title='bbox 422 3415 494 3447; x_wconf 84' lang='lat' dir='ltr'>edd.</span> <span class='ocrx_word' id='word_1_1004' title='bbox 543 3417 585 3456; x_wconf 84' lang='lat'>(2)</span> <span class='ocrx_word' id='word_1_1005' title='bbox 602 3414 812 3446; x_wconf 84' lang='lat' dir='ltr'>solendamF</span> <span class='ocrx_word' id='word_1_1006' title='bbox 853 3415 893 3455; x_wconf 88' lang='grc'>(3)</span> <span class='ocrx_word' id='word_1_1007' title='bbox 911 3418 984 3456; x_wconf 89' lang='lat' dir='ltr'>post</span> <span class='ocrx_word' id='word_1_1008' title='bbox 998 3417 1067 3448; x_wconf 84' lang='lat' dir='ltr'>edd.</span> <span class='ocrx_word' id='word_1_1009' title='bbox 1119 3419 1160 3457; x_wconf 78' lang='grc'>(4)</span> <span class='ocrx_word' id='word_1_1010' title='bbox 1176 3416 1212 3447; x_wconf 91' lang='grc'>111</span> 
     </span>
     <span class='ocr_line' id='line_1_145' title="bbox 136 3458 1214 3502; baseline 0.001 -11"><span class='ocrx_word' id='word_1_1011' title='bbox 136 3459 314 3502; x_wconf 77' lang='lat' dir='ltr'>integrm]</span> <span class='ocrx_word' id='word_1_1012' title='bbox 327 3470 388 3492; x_wconf 90' lang='lat' dir='ltr'>nec</span> <span class='ocrx_word' id='word_1_1013' title='bbox 399 3459 563 3501; x_wconf 84' lang='lat' dir='ltr'>integram</span> <span class='ocrx_word' id='word_1_1014' title='bbox 574 3472 636 3492; x_wconf 87' lang='lat' dir='ltr'>scr.</span> <span class='ocrx_word' id='word_1_1015' title='bbox 707 3460 748 3500; x_wconf 90' lang='lat'>(5)</span> <span class='ocrx_word' id='word_1_1016' title='bbox 769 3458 969 3491; x_wconf 79' lang='grc' dir='ltr'><strong>001νοοᾱοΡ</strong></span> <span class='ocrx_word' id='word_1_1017' title='bbox 1032 3462 1077 3502; x_wconf 87' lang='grc'>(6)</span> <span class='ocrx_word' id='word_1_1018' title='bbox 1097 3461 1214 3493; x_wconf 83' lang='grc'><strong>11101010</strong></span> 
     </span>
     <span class='ocr_line' id='line_1_146' title="bbox 138 3505 1214 3548; baseline -0.001 -11"><span class='ocrx_word' id='word_1_1019' title='bbox 138 3505 217 3547; x_wconf 81' lang='lat' dir='ltr'>ipse]</span> <span class='ocrx_word' id='word_1_1020' title='bbox 236 3505 375 3547; x_wconf 83' lang='lat' dir='ltr'>receptis</span> <span class='ocrx_word' id='word_1_1021' title='bbox 394 3518 455 3537; x_wconf 84' lang='lat' dir='ltr'>scr.</span> <span class='ocrx_word' id='word_1_1022' title='bbox 549 3507 589 3545; x_wconf 74' lang='grc'>(7)</span> <span class='ocrx_word' id='word_1_1023' title='bbox 611 3512 691 3547; x_wconf 81' lang='lat' dir='ltr'>puto</span> <span class='ocrx_word' id='word_1_1024' title='bbox 711 3505 758 3537; x_wconf 83' lang='lat' dir='ltr'>sic</span> <span class='ocrx_word' id='word_1_1025' title='bbox 768 3505 845 3547; x_wconf 83' lang='lat' dir='ltr'>sere</span> <span class='ocrx_word' id='word_1_1026' title='bbox 865 3506 1016 3546; x_wconf 75' lang='lat' dir='ltr'>scriptum</span> <span class='ocrx_word' id='word_1_1027' title='bbox 1029 3507 1157 3548; x_wconf 78' lang='lat' dir='ltr'>fuisse:</span> <span class='ocrx_word' id='word_1_1028' title='bbox 1181 3507 1214 3537; x_wconf 87' lang='lat' dir='ltr'>et</span> 
     </span>
     <span class='ocr_line' id='line_1_147' title="bbox 137 3549 1212 3591; baseline 0.001 -10"><span class='ocrx_word' id='word_1_1029' title='bbox 137 3560 222 3590; x_wconf 88' lang='lat' dir='ltr'>cum,</span> <span class='ocrx_word' id='word_1_1030' title='bbox 240 3552 317 3581; x_wconf 84' lang='grc'><strong>01110</strong></span> <span class='ocrx_word' id='word_1_1031' title='bbox 329 3549 402 3581; x_wconf 86' lang='lat' dir='ltr'>idus</span> <span class='ocrx_word' id='word_1_1032' title='bbox 414 3559 514 3591; x_wconf 87' lang='lat' dir='ltr'>supra</span> <span class='ocrx_word' id='word_1_1033' title='bbox 524 3549 662 3591; x_wconf 85' lang='lat' dir='ltr'>scriptas</span> <span class='ocrx_word' id='word_1_1034' title='bbox 673 3549 853 3581; x_wconf 86' lang='lat' dir='ltr'>secundum</span> <span class='ocrx_word' id='word_1_1035' title='bbox 866 3549 1117 3582; x_wconf 88' lang='lat' dir='ltr'>conventionem</span> <span class='ocrx_word' id='word_1_1036' title='bbox 1128 3561 1212 3582; x_wconf 91' lang='lat' dir='ltr'>mer-</span> 
     </span>
     <span class='ocr_line' id='line_1_148' title="bbox 138 3594 1212 3636; baseline 0.002 -11"><span class='ocrx_word' id='word_1_1037' title='bbox 138 3594 230 3626; x_wconf 86' lang='lat' dir='ltr'>cibus</span> <span class='ocrx_word' id='word_1_1038' title='bbox 249 3595 285 3626; x_wconf 87' lang='lat' dir='ltr'>in</span> <span class='ocrx_word' id='word_1_1039' title='bbox 306 3605 423 3626; x_wconf 87' lang='lat' dir='ltr'>navem</span> <span class='ocrx_word' id='word_1_1040' title='bbox 439 3594 613 3636; x_wconf 82' lang='lat' dir='ltr'>impositis,</span> <span class='ocrx_word' id='word_1_1041' title='bbox 633 3604 708 3626; x_wconf 90' lang='lat' dir='ltr'>cum</span> <span class='ocrx_word' id='word_1_1042' title='bbox 723 3595 826 3626; x_wconf 86' lang='lat' dir='ltr'>Erote</span> <span class='ocrx_word' id='word_1_1043' title='bbox 847 3604 1001 3626; x_wconf 86' lang='lat' dir='ltr'>conservo</span> <span class='ocrx_word' id='word_1_1044' title='bbox 1019 3595 1137 3635; x_wconf 87' lang='lat' dir='ltr'>Stichi,</span> <span class='ocrx_word' id='word_1_1045' title='bbox 1155 3595 1212 3636; x_wconf 91' lang='lat' dir='ltr'>qui</span> 
     </span>
     <span class='ocr_line' id='line_1_149' title="bbox 137 3638 1213 3681; baseline 0 -11"><span class='ocrx_word' id='word_1_1046' title='bbox 137 3649 213 3671; x_wconf 86' lang='lat' dir='ltr'>oum</span> <span class='ocrx_word' id='word_1_1047' title='bbox 233 3649 271 3670; x_wconf 91' lang='lat' dir='ltr'>eo</span> <span class='ocrx_word' id='word_1_1048' title='bbox 289 3639 404 3671; x_wconf 85' lang='lat' dir='ltr'>missus</span> <span class='ocrx_word' id='word_1_1049' title='bbox 424 3641 494 3671; x_wconf 88' lang='lat' dir='ltr'>erat</span> <span class='ocrx_word' id='word_1_1050' title='bbox 506 3639 626 3679; x_wconf 88' lang='lat' dir='ltr'>cuique</span> <span class='ocrx_word' id='word_1_1051' title='bbox 638 3638 726 3670; x_wconf 85' lang='lat' dir='ltr'>nihil</span> <span class='ocrx_word' id='word_1_1052' title='bbox 738 3638 880 3680; x_wconf 88' lang='lat' dir='ltr'>amplius</span> <span class='ocrx_word' id='word_1_1053' title='bbox 900 3638 939 3671; x_wconf 88' lang='lat' dir='ltr'>de</span> <span class='ocrx_word' id='word_1_1054' title='bbox 955 3639 1098 3680; x_wconf 81' lang='lat' dir='ltr'>pecunia</span> <span class='ocrx_word' id='word_1_1055' title='bbox 1114 3650 1213 3681; x_wconf 85' lang='lat' dir='ltr'>supra</span> 
     </span>
     <span class='ocr_line' id='line_1_150' title="bbox 137 3683 1213 3726; baseline 0 -11"><span class='ocrx_word' id='word_1_1056' title='bbox 137 3683 260 3725; x_wconf 85' lang='lat' dir='ltr'>scripta</span> <span class='ocrx_word' id='word_1_1057' title='bbox 278 3683 471 3726; x_wconf 86' lang='lat' dir='ltr'>permissum</span> <span class='ocrx_word' id='word_1_1058' title='bbox 491 3683 543 3715; x_wconf 87' lang='lat' dir='ltr'>vel</span> <span class='ocrx_word' id='word_1_1059' title='bbox 562 3683 755 3716; x_wconf 83' lang='lat' dir='ltr'>mandatum</span> <span class='ocrx_word' id='word_1_1060' title='bbox 775 3686 855 3724; x_wconf 87' lang='lat' dir='ltr'>erat,</span> <span class='ocrx_word' id='word_1_1061' title='bbox 876 3693 974 3723; x_wconf 88' lang='lat' dir='ltr'>quam</span> <span class='ocrx_word' id='word_1_1062' title='bbox 993 3686 1032 3716; x_wconf 85' lang='lat' dir='ltr'>ut</span> <span class='ocrx_word' id='word_1_1063' title='bbox 1050 3695 1119 3717; x_wconf 81' lang='lat' dir='ltr'>eam</span> <span class='ocrx_word' id='word_1_1064' title='bbox 1139 3686 1213 3726; x_wconf 87' lang='lat' dir='ltr'>post</span> 
     </span>
     <span class='ocr_line' id='line_1_151' title="bbox 138 3727 1213 3769; baseline 0.001 -10"><span class='ocrx_word' id='word_1_1065' title='bbox 138 3727 224 3759; x_wconf 87' lang='lat' dir='ltr'>diem</span> <span class='ocrx_word' id='word_1_1066' title='bbox 242 3728 470 3761; x_wconf 81' lang='lat' dir='ltr'>conventionis</span> <span class='ocrx_word' id='word_1_1067' title='bbox 480 3730 643 3769; x_wconf 83' lang='lat' dir='ltr'>receptam</span> <span class='ocrx_word' id='word_1_1068' title='bbox 651 3728 787 3760; x_wconf 82' lang='lat' dir='ltr'>Romam</span> <span class='ocrx_word' id='word_1_1069' title='bbox 799 3728 969 3769; x_wconf 75' lang='lat' dir='ltr'>perferret,</span> <span class='ocrx_word' id='word_1_1070' title='bbox 981 3729 1161 3768; x_wconf 84' lang='lat' dir='ltr'>mansisset,</span> <span class='ocrx_word' id='word_1_1071' title='bbox 1176 3739 1213 3760; x_wconf 88' lang='lat' dir='ltr'>eo</span> 
     </span>
    </p>
   </div>
   <div class='ocr_carea' id='block_1_9' title="bbox 1282 3407 2356 3545">
    <p class='ocr_par' dir='ltr' id='par_1_12' title="bbox 1282 3407 2356 3545">
     <span class='ocr_line' id='line_1_152' title="bbox 1282 3407 2355 3456; baseline -0.01 -10"><span class='ocrx_word' id='word_1_1072' title='bbox 1282 3418 1437 3456; x_wconf 90' lang='lat' dir='ltr'>tempore,</span> <span class='ocrx_word' id='word_1_1073' title='bbox 1454 3423 1520 3454; x_wconf 87' lang='lat' dir='ltr'>quo</span> <span class='ocrx_word' id='word_1_1074' title='bbox 1537 3414 1602 3445; x_wconf 88' lang='lat' dir='ltr'>iam</span> <span class='ocrx_word' id='word_1_1075' title='bbox 1613 3414 1787 3456; x_wconf 84' lang='lat' dir='ltr'>pecuniam</span> <span class='ocrx_word' id='word_1_1076' title='bbox 1801 3410 1970 3443; x_wconf 86' lang='lat' dir='ltr'>Brentesio</span> <span class='ocrx_word' id='word_1_1077' title='bbox 1982 3408 2116 3440; x_wconf 88' lang='lat' dir='ltr'>reddere</span> <span class='ocrx_word' id='word_1_1078' title='bbox 2127 3407 2263 3438; x_wconf 81' lang='lat' dir='ltr'>Romam</span> <span class='ocrx_word' id='word_1_1079' title='bbox 2282 3416 2355 3447; x_wconf 89' lang='lat' dir='ltr'>per-</span> 
     </span>
     <span class='ocr_line' id='line_1_153' title="bbox 1282 3452 2356 3500; baseline -0.009 -9"><span class='ocrx_word' id='word_1_1080' title='bbox 1282 3458 1448 3492; x_wconf 84' lang='lat' dir='ltr'>ferendam</span> <span class='ocrx_word' id='word_1_1081' title='bbox 1461 3458 1604 3499; x_wconf 84' lang='lat' dir='ltr'>deberet,</span> <span class='ocrx_word' id='word_1_1082' title='bbox 1625 3459 1718 3500; x_wconf 87' lang='lat' dir='ltr'>quasi</span> <span class='ocrx_word' id='word_1_1083' title='bbox 1736 3458 1771 3489; x_wconf 89' lang='lat' dir='ltr'>in</span> <span class='ocrx_word' id='word_1_1084' title='bbox 1784 3454 1987 3498; x_wconf 87' lang='lat' dir='ltr'>provinciam</span> <span class='ocrx_word' id='word_1_1085' title='bbox 1999 3452 2126 3495; x_wconf 88' lang='lat' dir='ltr'>Syriam</span> <span class='ocrx_word' id='word_1_1086' title='bbox 2138 3453 2356 3493; x_wconf 86' lang='lat' dir='ltr'>perventurus</span> 
     </span>
     <span class='ocr_line' id='line_1_154' title="bbox 1282 3495 2355 3545; baseline -0.01 -9"><span class='ocrx_word' id='word_1_1087' title='bbox 1282 3503 1479 3545; x_wconf 85' lang='lat' dir='ltr'>enavigavit.</span> <span class='ocrx_word' id='word_1_1088' title='bbox 1510 3504 1694 3544; x_wconf 87' lang='lat' dir='ltr'>quaesitum</span> <span class='ocrx_word' id='word_1_1089' title='bbox 1714 3505 1762 3534; x_wconf 87' lang='grc'>001</span> <span class='ocrx_word' id='word_1_1090' title='bbox 1782 3511 1862 3533; x_wconf 81' lang='grc' dir='ltr'><strong>110νο</strong></span> <span class='ocrx_word' id='word_1_1091' title='bbox 1879 3498 2062 3538; x_wconf 79' lang='lat' dir='ltr'>submersa,</span> <span class='ocrx_word' id='word_1_1092' title='bbox 2082 3506 2157 3528; x_wconf 89' lang='lat' dir='ltr'>cum</span> <span class='ocrx_word' id='word_1_1093' title='bbox 2176 3495 2355 3527; x_wconf 86' lang='lat' dir='ltr'>secundum</span> 
     </span>
    </p>
   </div>
   <div class='ocr_carea' id='block_1_10' title="bbox 1281 3539 2354 3635">
    <p class='ocr_par' dir='ltr' id='par_1_13' title="bbox 1281 3539 2354 3635">
     <span class='ocr_line' id='line_1_155' title="bbox 1281 3539 2354 3589; baseline -0.011 -8"><span class='ocrx_word' id='word_1_1094' title='bbox 1281 3549 1469 3580; x_wconf 88' lang='lat' dir='ltr'>cautionem</span> <span class='ocrx_word' id='word_1_1095' title='bbox 1483 3547 1705 3580; x_wconf 83' lang='lat' dir='ltr'>Callimachus</span> <span class='ocrx_word' id='word_1_1096' title='bbox 1717 3555 1837 3578; x_wconf 82' lang='lat' dir='ltr'>merces</span> <span class='ocrx_word' id='word_1_1097' title='bbox 1850 3545 2006 3585; x_wconf 88' lang='lat' dir='ltr'>Berytum</span> <span class='ocrx_word' id='word_1_1098' title='bbox 2018 3539 2279 3589; x_wconf 59' lang='lat' dir='ltr'>perferendasin</span> <span class='ocrx_word' id='word_1_1099' title='bbox 2296 3549 2354 3570; x_wconf 85' lang='lat' dir='ltr'>na-</span> 
     </span>
     <span class='ocr_line' id='line_1_156' title="bbox 1281 3585 2354 3635; baseline -0.011 -9"><span class='ocrx_word' id='word_1_1100' title='bbox 1281 3604 1353 3625; x_wconf 88' lang='lat' dir='ltr'>vem</span> <span class='ocrx_word' id='word_1_1101' title='bbox 1365 3593 1582 3635; x_wconf 87' lang='lat' dir='ltr'>imposuisset,</span> <span class='ocrx_word' id='word_1_1102' title='bbox 1600 3603 1641 3624; x_wconf 85' lang='lat' dir='ltr'>an</span> <span class='ocrx_word' id='word_1_1103' title='bbox 1662 3590 1748 3623; x_wconf 90' lang='lat' dir='ltr'>nihil</span> <span class='ocrx_word' id='word_1_1104' title='bbox 1767 3589 1872 3632; x_wconf 90' lang='lat' dir='ltr'>prosit</span> <span class='ocrx_word' id='word_1_1105' title='bbox 1890 3590 1923 3620; x_wconf 90' lang='lat' dir='ltr'>et</span> <span class='ocrx_word' id='word_1_1106' title='bbox 1934 3585 2040 3619; x_wconf 84' lang='lat' dir='ltr'>nihilo</span> <span class='ocrx_word' id='word_1_1107' title='bbox 2053 3585 2162 3617; x_wconf 89' lang='lat' dir='ltr'>minus</span> <span class='ocrx_word' id='word_1_1108' title='bbox 2174 3586 2303 3616; x_wconf 81' lang='lat' dir='ltr'>actione</span> <span class='ocrx_word' id='word_1_1109' title='bbox 2316 3593 2354 3615; x_wconf 85' lang='lat' dir='ltr'>ex</span> 
     </span>
    </p>
   </div>
   <div class='ocr_carea' id='block_1_11' title="bbox 1281 3629 2362 3766">
    <p class='ocr_par' dir='ltr' id='par_1_14' title="bbox 1281 3629 2362 3766">
     <span class='ocr_line' id='line_1_157' title="bbox 1281 3629 2353 3680; baseline -0.011 -9"><span class='ocrx_word' id='word_1_1110' title='bbox 1281 3637 1441 3680; x_wconf 87' lang='lat' dir='ltr'>stipulatu</span> <span class='ocrx_word' id='word_1_1111' title='bbox 1458 3636 1682 3670; x_wconf 87' lang='lat' dir='ltr'>Callimachus</span> <span class='ocrx_word' id='word_1_1112' title='bbox 1702 3635 1740 3667; x_wconf 90' lang='lat' dir='ltr'>de</span> <span class='ocrx_word' id='word_1_1113' title='bbox 1756 3633 1898 3675; x_wconf 87' lang='lat' dir='ltr'>pecunia</span> <span class='ocrx_word' id='word_1_1114' title='bbox 1918 3631 2049 3663; x_wconf 91' lang='lat' dir='ltr'>domino</span> <span class='ocrx_word' id='word_1_1115' title='bbox 2067 3629 2173 3661; x_wconf 88' lang='lat' dir='ltr'>Stichi</span> <span class='ocrx_word' id='word_1_1116' title='bbox 2192 3630 2353 3660; x_wconf 80' lang='lat' dir='ltr'>teneatur.</span> 
     </span>
     <span class='ocr_line' id='line_1_158' title="bbox 1282 3672 2352 3724; baseline -0.012 -8"><span class='ocrx_word' id='word_1_1117' title='bbox 1282 3684 1325 3721; x_wconf 86' lang='lat'>(8)</span> <span class='ocrx_word' id='word_1_1118' title='bbox 1343 3683 1521 3724; x_wconf 85' lang='lat' dir='ltr'>navigante</span> <span class='ocrx_word' id='word_1_1119' title='bbox 1533 3684 1567 3714; x_wconf 88' lang='lat' dir='ltr'><em>F</em></span> <span class='ocrx_word' id='word_1_1120' title='bbox 1609 3683 1651 3721; x_wconf 82' lang='grc'>(9)</span> <span class='ocrx_word' id='word_1_1121' title='bbox 1668 3681 1765 3711; x_wconf 87' lang='grc'><strong>1101110</strong></span> <span class='ocrx_word' id='word_1_1122' title='bbox 1777 3678 1910 3710; x_wconf 82' lang='lat' dir='ltr'>Stichus</span> <span class='ocrx_word' id='word_1_1123' title='bbox 1923 3677 1994 3708; x_wconf 82' lang='lat' dir='ltr'>edd.</span> <span class='ocrx_word' id='word_1_1124' title='bbox 2043 3675 2104 3715; x_wconf 83' lang='lat'><strong>(10)</strong></span> <span class='ocrx_word' id='word_1_1125' title='bbox 2122 3672 2279 3723; x_wconf 66' lang='lat' dir='ltr'>heredeve</span> <span class='ocrx_word' id='word_1_1126' title='bbox 2291 3684 2352 3704; x_wconf 71' lang='lat' dir='ltr'>scr.</span> 
     </span>
     <span class='ocr_line' id='line_1_159' title="bbox 1281 3716 2362 3766; baseline -0.011 -6"><span class='ocrx_word' id='word_1_1127' title='bbox 1281 3729 1334 3766; x_wconf 79' lang='grc'><strong>(11)</strong></span> <span class='ocrx_word' id='word_1_1128' title='bbox 1352 3730 1460 3759; x_wconf 84' lang='grc'><strong>01110111</strong></span> <span class='ocrx_word' id='word_1_1129' title='bbox 1472 3729 1530 3758; x_wconf 88' lang='grc'>001</span> <span class='ocrx_word' id='word_1_1130' title='bbox 1541 3725 1684 3758; x_wconf 88' lang='lat' dir='ltr'>vendent</span> <span class='ocrx_word' id='word_1_1131' title='bbox 1695 3724 1729 3757; x_wconf 88' lang='lat' dir='ltr'><em>F</em></span> <span class='ocrx_word' id='word_1_1132' title='bbox 1816 3724 1873 3761; x_wconf 79' lang='lat'><strong>(12)</strong></span> <span class='ocrx_word' id='word_1_1133' title='bbox 1894 3722 1991 3753; x_wconf 78' lang='lat' dir='ltr'>conta</span> <span class='ocrx_word' id='word_1_1134' title='bbox 2005 3720 2039 3752; x_wconf 83' lang='lat' dir='ltr'><em>F</em></span> <span class='ocrx_word' id='word_1_1135' title='bbox 2121 3719 2179 3761; x_wconf 79' lang='grc'><strong>(13)</strong></span> <span class='ocrx_word' id='word_1_1136' title='bbox 2199 3716 2316 3749; x_wconf 69' lang='lat' dir='ltr'>relicto</span> <span class='ocrx_word' id='word_1_1137' title='bbox 2328 3716 2362 3749; x_wconf 86' lang='lat' dir='ltr'><em>F</em></span> 
     </span>
    </p>
   </div>
   <div class='ocr_carea' id='block_1_12' title="bbox 2020 3775 2085 3808">
    <p class='ocr_par' dir='ltr' id='par_1_15' title="bbox 2020 3775 2085 3808">
     <span class='ocr_line' id='line_1_160' title="bbox 2020 3775 2085 3808; baseline -0.015 0"><span class='ocrx_word' id='word_1_1138' title='bbox 2020 3775 2085 3808; x_wconf 77' lang='lat'>92*</span> 
     </span>
    </p>
   </div>
  </div>
 </body>
</html>
