2528 3918
175 112 298 156 vun
331 113 409 155 1.2

1265 106 1345 155 124

1659 123 1702 156 81
1730 123 1992 164 QUADRUPES
2022 124 2118 156 cm.
2176 125 2240 156 AD
2268 125 2422 159 multu
2466 0 2528 183 ἶ

1091 511 1271 563 LIBER
1299 512 1507 563 NONUS.

679 643 735 683 1¹.

176 712 217 745 SI
243 710 516 748 QUADRUPES
542 709 808 751 PAUPERIEM
831 707 1021 742 FECISSE
1054 706 1263 740 DICATUR.

223 775 272 815 1²
301 777 498 815 [lamma
526 776 618 814 libro
641 783 767 812 octavo
791 775 927 811 decimo
953 773 1003 809 ad
1025 773 1180 810 edictum
1227 773 1266 809 Si

174 822 378 904 guadrupes
402 833 474 869 pau
501 822 607 858 etiem
638 821 766 857 fecisse
797 820 955 862 dicetur,
987 819 1082 855 actio
1115 829 1159 871 ex
1188 818 1266 864 lege

198 868 362 905 uodecim
384 868 446 903 tab
487 878 589 903 arum
613 866 813 903 descendit:
847 875 938 911 quae
971 864 1030 900 lex
1060 864 1172 900 voluit
1203 868 1267 901 aut

175 914 253 950 dari
275 913 314 949 id
337 913 434 959 quod
458 913 599 955 nocuit,
631 912 668 947 id
699 916 755 947 est
784 910 821 946 id
845 910 977 945 animal
1001 909 1098 955 quod
1121 909 1266 945 noxiam

178 962 192 994 1
243 959 429 1001 commisit,
444 962 507 994 aut
519 957 801 993 aestimationem
814 955 941 991 noxiae
953 955 1081 990 offerre
1091 955 1116 990 ³.
1148 954 1266 991 Noxia

174 1007 195 1039 2
242 1007 362 1040 autem
387 1007 441 1040 est
463 1004 580 1049 ipsum
605 1002 783 1038 delictum.
831 1001 931 1045 Quae
954 1000 1049 1036 actio
1073 1000 1121 1035 ad
1143 1010 1265 1036 omnes

174 1051 195 1085 3
243 1049 492 1095 quadrupedes
516 1048 679 1094 pertinet.
716 1046 779 1082 Ait
801 1050 946 1092 praetor
970 1045 1189 1098 ‘pauperiem
1211 1045 1265 1080 fe-

175 1095 289 1131 cisse'.
324 1094 515 1140 pauperies
549 1097 603 1129 est
634 1092 801 1127 damnum
832 1091 909 1127 sine
939 1091 1070 1126 imuria
1099 1090 1265 1126 facientis

175 1139 318 1176 datum:
343 1150 409 1175 nec
430 1139 521 1175 enim
542 1142 661 1184 potest
682 1136 813 1173 animal
839 1136 971 1172 iniuria
997 1136 1144 1179 fecisse,
1193 1135 1267 1172 uod

175 1188 196 1221 4
243 1196 351 1221 sensu
376 1188 484 1220 caret.
532 1185 667 1229 ltaque,
689 1186 730 1218 ut
751 1181 893 1217 Servius
912 1181 1048 1224 scribit,
1068 1186 1156 1217 tunc
1203 1192 1267 1218 aec

175 1230 270 1267 actio
306 1230 424 1266 locum
459 1230 586 1271 habet,
630 1239 711 1264 cum
754 1230 932 1263 commota
963 1226 1108 1262 feritate
1143 1227 1267 1263 nocuit

175 1275 400 1321 quadrupes,
431 1279 520 1320 puta
552 1274 582 1309 si
614 1284 724 1319 equus
759 1273 969 1308 calcitrosus
995 1272 1095 1307 calce
1118 1283 1266 1318 percus-

175 1321 272 1363 serit,
295 1325 360 1356 aut
383 1321 448 1356 bos
473 1330 583 1355 cornu
603 1322 723 1371 petere
742 1318 868 1353 solitus
887 1317 1040 1363 petierit,
1065 1321 1128 1352 aut
1150 1318 1268 1353 mulae

174 1370 321 1412 propter
343 1366 486 1401 nimiam
509 1364 722 1400 ferociam-⁴:
756 1363 851 1409 quod
882 1363 913 1399 si
935 1366 1084 1415 propter
1106 1363 1177 1398 loci
1199 1363 1267 1398 ini-

175 1411 347 1457 quitatem
371 1415 434 1446 aut
457 1414 604 1455 propter
635 1409 777 1454 culpam
809 1408 992 1451 mulionis,
1026 1411 1090 1443 aut
1122 1408 1153 1444 si
1185 1409 1267 1453 plus

173 1456 267 1492 iusto
300 1460 448 1492 onerata
479 1455 680 1500 quadrupes
712 1455 750 1489 in
782 1454 935 1499 aliquem
967 1464 1058 1489 onus
1092 1454 1266 1496 everterit,

175 1505 194 1537 5
242 1502 332 1537 haec
356 1501 450 1536 actio
471 1500 626 1536 cessabit
645 1499 836 1545 damnique
853 1498 1005 1534 iniuriae
1025 1502 1160 1544 agetur.
1197 1498 1268 1535 Sed

174 1551 211 1583 et
233 1547 263 1583 si
288 1547 398 1589 canis,
424 1557 505 1582 cuin
524 1545 714 1581 duceretur
734 1545 780 1580 ab
801 1544 920 1590 aliquo
935 1546 960 1587 ⁵,
986 1544 1181 1596 asperitate
1200 1555 1268 1580 sua

175 1592 327 1628 evaserit
339 1595 376 1628 et
395 1591 503 1627 alicui
522 1591 691 1626 damnum
711 1590 866 1626 dederit:
887 1590 916 1625 si
937 1589 1111 1626 contineri
1129 1589 1266 1626 firmius

173 1638 219 1673 ab
250 1637 320 1673 alio
353 1637 509 1683 poterit⁶
531 1636 587 1672 vel
619 1636 650 1672 si
680 1646 745 1681 per
775 1646 856 1671 euin
887 1635 1006 1670 locum
1036 1634 1159 1671 induci
1193 1646 1267 1671 non

173 1682 313 1725 debuit,
346 1683 435 1718 haec
466 1682 560 1718 actio
593 1681 749 1718 cessabit
779 1685 816 1716 et
844 1680 1025 1716 tenebitur
1056 1681 1118 1726 qui
1142 1691 1267 1716 canem

174 1731 195 1764 6
242 1727 397 1764 tenebat.
445 1727 516 1763 Sed
535 1731 572 1763 et
591 1727 622 1763 si
639 1727 811 1772 instigata
831 1726 978 1762 alterius
998 1725 1076 1761 fera
1097 1726 1267 1762 damnum

175 1777 192 1808 ’1
241 1773 396 1816 dederit,
421 1772 578 1808 cessabit
599 1772 691 1808 haec
714 1772 820 1808 actio.
868 1771 919 1806 Et
940 1771 1153 1817 generaliter
1175 1772 1266 1808 haec

173 1818 267 1854 actio
303 1818 421 1854 locum
456 1818 582 1860 habet,
625 1817 791 1864 quotiens
828 1821 954 1852 contra
987 1821 1154 1852 naturam
1188 1816 1267 1852 fera

173 1867 271 1900 mota
289 1863 496 1909 pauperiem
516 1863 632 1899 dedit:
656 1862 809 1908 ideoque
828 1863 860 1898 si
879 1872 992 1907 equus
1012 1862 1159 1898 dolore⁷
1180 1873 1265 1898 con-

175 1910 308 1945 citatus
340 1909 439 1945 calce
469 1908 628 1955 petierit,
662 1918 805 1944 cessare
835 1907 942 1943 istam
973 1907 1170 1951 actionem,
1202 1907 1267 1944 sed

174 1965 265 1998 eum,
291 1954 351 2000 qui
375 1965 505 2000 equum
528 1953 746 2000 percusserit
769 1956 833 1988 aut
855 1953 1104 1996 vulneraverit,
1128 1953 1166 1988 in
1188 1953 1265 1989 fac-

173 2004 250 2035 tum
283 2000 394 2045 magis
430 2010 536 2046 quam
567 1999 645 2045 lege
674 1999 819 2044 Aquilia
849 1998 982 2040 teneri,
1018 1999 1142 2044 utique
1172 1998 1265 2042 ideo,

174 2045 258 2091 quia
278 2056 350 2081 non
369 2045 446 2091 ipse
466 2056 530 2080 suo
553 2055 704 2090 corpore
724 2044 892 2079 damnum
912 2043 1018 2080 dedit.
1056 2048 1095 2079 at
1117 2044 1158 2087 si,
1185 2055 1266 2079 cum

175 2101 304 2137 equum
327 2090 572 2136 permulsisset
595 2090 674 2136 quis
705 2090 761 2125 vel
791 2089 960 2135 palpatus
994 2090 1132 2131 esset⁸‚
1166 2089 1266 2125 calce

173 2138 194 2172 8
243 2146 323 2171 euin
354 2135 589 2182 percusserit,
622 2135 690 2170 erit
721 2134 856 2171 actioni
886 2134 999 2170 locus.
1047 2134 1098 2169 Et
1130 2135 1161 2170 si
1196 2135 1267 2170 alia

174 2181 378 2227 quadrupes
402 2181 508 2216 aliam
541 2180 734 2216 concitavit
763 2183 804 2215 ut
835 2179 1005 2215 damnum
1035 2179 1156 2223 daret,
1190 2179 1266 2216 eius

173 2229 194 2262 9
241 2236 332 2272 quae
353 2226 544 2262 concitavit
562 2226 705 2261 nomine
724 2225 900 2271 agendum
919 2225 997 2260 erit.
1046 2224 1126 2260 Sive
1146 2229 1266 2261 autem

174 2282 323 2317 corpore
359 2282 424 2307 suo
458 2271 666 2317 pauperiem
702 2270 906 2316 quadrupes
941 2269 1058 2313 dedit,
1094 2270 1167 2306 sive
1202 2280 1267 2316 per

173 2317 280 2352 aliam
302 2327 387 2359 rem,
413 2327 520 2362 quain
543 2316 659 2397 tefiqig.
681 2315 897 2361 quadrupes,
921 2315 1013 2351 haec
1032 2316 1128 2351 actio
1146 2315 1266 2351 locum

172 2362 339 2398 habebit:
364 2366 405 2398 ut
427 2366 518 2408 puta
541 2362 572 2398 si
594 2372 619 2407 p
657 2365 756 2397 ustro
780 2361 847 2397 bes
871 2360 1018 2396 obtrivit
1041 2360 1196 2406 aliquem
1210 2361 1267 2396 vel

176 2411 216 2443 10
265 2407 336 2443 alia
365 2418 405 2443 re
435 2407 585 2443 deiecta.
633 2407 676 2442 In
698 2406 822 2442 bestiis
846 2410 966 2442 autem
989 2409 1138 2451 propter
1161 2410 1265 2441 natu-

172 2453 283 2489 ralem
305 2453 483 2489 feritatem
504 2453 596 2488 haec
618 2452 712 2488 actio
737 2451 856 2488 locum
878 2462 951 2487 non
974 2451 1101 2487 habet:
1127 2454 1163 2487 et
1184 2451 1265 2487 ideo

173 2498 203 2533 si
227 2509 331 2534 ursus
354 2498 445 2544 fugit
468 2503 504 2534 et
527 2498 579 2534 sic
602 2497 736 2540 nocuit,
760 2508 834 2533 non
855 2500 977 2542 potest
999 2496 1180 2542 quondam
1202 2496 1265 2533 do-

174 2543 289 2579 minus
314 2543 511 2587 conveniri,
536 2543 621 2589 quia
643 2542 773 2578 desinit
796 2542 960 2578 dominus
984 2552 1078 2585 esse,
1103 2542 1166 2577 ubi
1188 2542 1266 2578 fera

175 2588 303 2624 evasit:
334 2593 370 2623 et
391 2588 471 2625 ideo
497 2593 532 2624 et
555 2588 586 2624 si
610 2598 692 2624 eum
722 2587 855 2630 occidi,
888 2598 1005 2623 meum
1037 2597 1167 2633 corpus
1198 2592 1263 2623 est.

177 2636 214 2667 11
265 2633 353 2668 Cum
377 2634 506 2669 arietes
529 2633 584 2669 vel
606 2633 716 2669 boves
740 2633 1001 2669 commisissent
1024 2637 1060 2668 et
1090 2633 1182 2668 alter
1213 2633 1264 2668 al-

174 2682 289 2714 terum
313 2678 453 2721 occidit,
479 2679 630 2724 Quintus
647 2678 791 2714 Mucius
811 2678 984 2721 distinxit,
1009 2682 1051 2714 ut
1070 2678 1102 2713 si
1122 2677 1265 2724 quidem

174 2723 205 2759 is
228 2723 378 2775 perisset
401 2724 461 2770 qui
485 2724 675 2770 adgressus
700 2728 795 2767 erat,
830 2728 989 2759 cessaret
1020 2723 1134 2766 actio,
1167 2724 1199 2759 si
1221 2724 1264 2767 is,

178 2779 239 2814 qui
263 2773 623 2835 nopprovocaverat,
649 2772 867 2822 competeret
889 2769 1002 2805 actio:
1035 2769 1265 2814 quamobrem

175 2824 256 2849 eum
287 2813 356 2849 sibi
402 2818 466 2849 aut
497 2825 627 2850 noxam
651 2825 786 2851 sarcire
809 2818 872 2850 aut
901 2814 940 2849 in
972 2824 1103 2850 noxam
1135 2814 1265 2850 dedere

178 2861 218 2894 12
266 2863 440 2904 oportere.
488 2859 538 2894 Et
562 2871 643 2895 cum
667 2860 773 2895 etiam
796 2860 834 2895 in
857 2859 1149 2906 quadrupedibus
1169 2870 1265 2896 noxa

176 2907 286 2949 caput
308 2904 485 2949 sequitur,
511 2904 680 2940 adversus
704 2905 886 2941 dominum
909 2905 1001 2941 haec
1026 2905 1119 2941 actio
1145 2904 1263 2948 datur,

176 2959 249 2985 non
273 2948 374 2984 cuius
397 2948 506 2984 fuerit
552 2950 749 3002 uadrupes,
783 2961 863 2986 cum
886 2955 1049 2993 noceret,
1074 2950 1138 2987 sed
1163 2950 1264 2986 cuius

180 2997 218 3030 13
265 3004 361 3028 nunc
392 2998 456 3029 est.
503 2994 533 3029 P
549 3005 615 3030 ane
645 3006 676 3030 si
707 2999 791 3032 ante
820 2995 918 3031 litem
942 2999 1179 3031 contestatam
1203 2995 1263 3031 de-

182 3041 220 3074 ¹4
267 3038 415 3074 cesserit
432 3039 574 3081 animal,
597 3040 755 3076 extincta
765 3041 834 3076 erit
845 3041 950 3077 actio.
998 3040 1125 3076 Noxae
1144 3044 1264 3076 autem

175 3083 306 3120 dedere
328 3087 384 3119 est
405 3084 537 3119 animal
553 3086 580 3106 ¹⁰
602 3085 744 3121 tradere
766 3085 895 3122 vivum.
933 3085 1073 3122 demum
1104 3086 1135 3122 si
1167 3096 1263 3122 com-

176 3138 284 3164 mune
331 3128 461 3164 lui-ium
484 3129 531 3164 sit
554 3130 702 3172 animal,
735 3131 904 3168 adversus
935 3131 1093 3176 singulos
1125 3131 1193 3167 erit
1225 3131 1263 3167 in

179 3177 217 3210 15
265 3140 417 3210 solidum
441 3174 718 3226 noxalis-actio,
751 3176 856 3212 sicuti
886 3176 923 3211 in
946 3177 1099 3213 homine.
1147 3176 1262 3212 Inter-

175 3218 259 3255 dum
272 3222 392 3255 autem
404 3218 567 3255 dominus
588 3230 625 3254 in
645 3220 715 3255 hoc
734 3231 805 3256 non
827 3222 1068 3263 convenietur,
1088 3225 1130 3257 ut
1147 3232 1263 3257 noxae

175 3263 294 3307 dedat,
317 3263 382 3301 sed
403 3263 510 3299 etiam
533 3264 570 3299 in
593 3265 757 3308 solidum,
781 3270 821 3301 ut
839 3272 929 3312 puta
948 3267 980 3303 si
1000 3267 1038 3303 in
1056 3267 1134 3303 iure
1153 3267 1262 3302 inter-

174 3313 341 3356 rogatus,
376 3319 423 3345 an
457 3319 525 3345 sua
555 3309 771 3362 quadrupes·
790 3316 900 3354 esset,
936 3311 1161 3358 responderit
1191 3322 1263 3347 non

175 3365 255 3391 esse
276 3364 396 3391 suam:
429 3364 512 3390 nain
535 3364 566 3390 si
590 3359 790 3391 constiterit
813 3366 891 3392 esse
915 3357 1010 3400 eius,
1041 3357 1080 3392 in
1110 3356 1262 3393 solidum

220 3469 261 3511 (ι)
284 3467 352 3502 Ed.
365 3475 451 3508 ι...4;
463 3467 545 3502 Sub.
560 3475 586 3502 5.
599 3486 646 3492 —
659 3467 742 3501 Bas.
757 3469 811 3509 60,
825 3476 851 3503 2.
865 3488 911 3494 —
926 3471 976 3515 CJ:
990 3471 1070 3504 Inst.
1086 3472 1117 3510 4,
1132 3477 1149 3505 a

175 3514 220 3555 (2)
248 3517 265 3553 5
279 3519 298 3548 8
305 3525 391 3556 pars
403 3519 434 3547 ct
447 3517 464 3552 5
478 3519 512 3547 10
520 3525 605 3557 para
615 3529 661 3542 ==
671 3513 755 3546 Inst.
768 3514 800 3553 4,
815 3521 832 3547 9
842 3527 894 3557 pr.
989 3518 1031 3558 (3)
1055 3515 1170 3548 offerri
1183 3515 1259 3550 dett.

177 3559 219 3600 (⁴)
243 3557 434 3602 planstrum
446 3558 630 3591 everterint
640 3558 694 3591 vel
704 3558 769 3592 tale
780 3559 862 3601 quid
875 3560 935 3593 ine.
1108 3561 1152 3604 (5)
1176 3559 1259 3593 alio-

175 3614 243 3646 quo
253 3603 307 3636 F*
456 3602 501 3646 (ο)
525 3602 641 3646 potuit
653 3603 726 3637 edd.
875 3606 917 3645 (¹1)
941 3606 988 3638 sic
999 3605 1060 3639 FS
1070 3618 1139 3639 cum
1155 3605 1260 3640 Grae-

175 3649 233 3688 cis,
246 3647 368 3681 dolone
386 3647 579 3693 Gothoficd.
764 3647 809 3689 (8)
835 3652 922 3681 esset
934 3662 1003 3683 cum
1020 3650 1158 3684 Graecia
1174 3649 1260 3684 Gen-

177 3693 253 3735 tilis,
266 3696 318 3726 est
329 3696 364 3726 et
374 3693 434 3727 FS
509 3694 555 3736 (9)
579 3703 655 3726 eum
667 3690 748 3734 sibi]
760 3693 857 3725 cuius
869 3694 997 3727 essetis
1010 3695 1068 3736 qui
1082 3695 1259 3737 adgressus

176 3741 249 3771 exat
261 3741 331 3771 tum
344 3738 409 3771 tibi
421 3750 484 3772 ner.
624 3739 685 3781 (ιο)
708 3737 821 3770 anima
831 3737 867 3771 Γ
1006 3741 1060 3781 (ιι)
1084 3741 1220 3774 offerret
1230 3740 1266 3773 F

1337 641 1378 674 16
1425 638 1732 676 condemnabitur.
1780 639 1818 676 Si
1856 644 1941 686 post
1974 640 2070 675 litem
2106 643 2343 676 contestatam
2376 641 2422 677 ab

1334 683 1403 720 alio
1428 683 1475 719 sit
1497 685 1630 721 animal
1652 685 1829 728 occisum,
1862 686 1946 731 quia
1977 685 2119 721 domino
2150 685 2237 731 legis
2260 686 2424 731 Aquiliae

1334 729 1427 765 actio
1453 730 1634 775 competit,
1658 731 1749 766 ratio
1773 730 1811 766 in
1833 730 1964 766 iudicio
1988 730 2180 766 habebitur
2202 731 2289 776 legis
2311 731 2423 776 Aqui-

1333 774 1420 817 liae,
1453 775 1538 820 quia
1569 775 1733 824 domixius
1757 786 1873 811 noxae
1898 775 2081 811 dedendae
2103 774 2312 812 facultatem
2335 777 2423 812 ami-

1334 820 1438 856 serit:
1471 830 1554 866 ergo
1588 831 1632 856 ex
1661 820 1791 856 iudicio
1850 821 2008 866 roposito
2040 820 2112 856 litis
2143 821 2425 858 aestimationem

1334 865 1519 909 offeret¹¹,
1551 866 1619 902 nisi
1649 870 1797 912 paratus
1824 832 1937 902 1f'uerit
1968 866 2145 902 actionem
2168 866 2337 902 mandare
2361 867 2424 902 ad-

1338 913 1377 945 17
1425 920 1547 947 versus
1580 921 1661 947 eum
1693 911 1754 957 qui
1785 911 1927 947 occidit.
1974 911 2079 946 Hanc
2111 911 2288 947 actionem
2320 922 2423 948 nemo

1336 955 1552 992 dubitaverit
1573 956 1695 993 heredi
1715 956 1794 992 dari
1813 956 2011 1002 ceterisque
2030 957 2317 992 successoribus:
2341 957 2425 992 item

1336 1000 1507 1037 adversus
1538 1002 1685 1038 heredes
1718 1006 1927 1047 ceterosque
1959 1012 2031 1037 non
2064 1002 2142 1036 iure
2176 1002 2423 1045 successionis,

1335 1046 1399 1082 sed
1423 1057 1465 1082 eo
1489 1047 1577 1091 iure,
1615 1058 1686 1092 quo
1720 1047 1854 1082 domini
1877 1047 1959 1089 sint,
1986 1047 2163 1092 competit.

1382 1089 1408 1128 2
1432 1091 1490 1127 ΡΑ
1497 1102 1541 1127 Ul.
1548 1102 1592 1128 vs
1600 1093 1691 1129 libro
1705 1093 1896 1128 vicensimo
1909 1092 2065 1128 secundo
2079 1092 2129 1127 ad
2139 1092 2293 1128 edictum
2327 1092 2426 1128 Haec

1336 1137 1430 1172 actio
1455 1148 1528 1173 non
1552 1138 1666 1174 solum
1690 1137 1853 1180 domino,
1879 1137 1943 1173 sed
1966 1137 2073 1173 etiam
2096 1136 2128 1173 ei
2152 1137 2254 1173 cuius
2277 1138 2426 1173 interest

1337 1183 1525 1228 competit,
1550 1183 1660 1219 veluti
1683 1182 1715 1218 ei
1739 1183 1798 1218 cui
1820 1193 1877 1218 res
1902 1183 2127 1218 commodata
2151 1186 2223 1226 est,
2247 1183 2333 1219 item
2355 1182 2424 1218 ful-

1336 1228 1428 1270 loni,
1461 1228 1545 1273 quia
1577 1239 1618 1264 eo
1652 1228 1748 1273 quod
1770 1231 1937 1264 tenentur
1961 1227 2129 1263 damnum
2151 1227 2316 1263 videntur
2337 1228 2424 1273 pati.

1339 1276 1353 1308 1
1405 1272 1443 1308 Si
1474 1274 1553 1319 quis
1589 1274 1742 1319 aliquem
1776 1274 1931 1315 evitans,
1967 1274 2213 1318 magistratum
2244 1273 2357 1316 forte,
2389 1273 2426 1308 in

1336 1319 1488 1354 taberna
1517 1319 1679 1364 proxima
1709 1328 1748 1354 se
1778 1318 1981 1354 immisisset
2004 1319 2124 1363 ibique
2147 1329 2170 1354 a
2193 1329 2283 1354 cane
2305 1318 2427 1354 feroce

1336 1363 1454 1399 laesus
1491 1368 1602 1406 esset,
1639 1375 1713 1400 non
1746 1374 1854 1409 posse
1887 1364 1944 1408 agi
1981 1364 2079 1399 canis
2111 1364 2253 1399 nomine
2283 1363 2428 1410 quidam

1335 1412 1482 1454 putant:
1509 1413 1547 1444 at
1570 1410 1600 1445 si
1624 1410 1763 1445 solutus
1786 1408 1925 1451 fuisset,
1952 1413 2089 1445 contra.

1383 1452 1407 1493 3
1436 1454 1560 1491 Gams
1580 1455 1671 1491 libro
1695 1465 1734 1490 se
1763 1455 1847 1490 timo
1871 1454 1922 1489 ad
1939 1455 2093 1490 edictum
2109 1454 2335 1500 provinciale
2368 1454 2427 1489 Ex

1335 1500 1405 1535 hac
1428 1500 1505 1546 lege
1527 1500 1598 1535 iam
1622 1511 1696 1536 non
1728 1466 1913 1535 gubitatur
1945 1499 2052 1535 etiam
2082 1500 2274 1535 liberarum
2303 1509 2426 1545 perso-

1336 1556 1464 1580 narum
1487 1546 1629 1581 nomine
1653 1556 1674 1580 a
1700 1545 1708 1553 '
1732 1555 1850 1591 posse,
1874 1544 1968 1580 forte
1988 1545 2018 1580 si
2034 1549 2172 1591 patrem
2190 1545 2344 1580 familias
2364 1548 2428 1580 aut

1335 1591 1446 1626 filium
1457 1591 1611 1643 familias
1633 1556 1870 1627 vxffiieraverit
1890 1590 2112 1636 quadrupes:
2139 1590 2276 1626 scilicet
2294 1595 2335 1626 ut
2354 1601 2426 1625 non

1336 1636 1570 1672 deformitatis
1582 1636 1675 1672 ratio
1687 1637 1875 1678 habeatur,
1899 1646 1980 1671 cum
2000 1636 2152 1671 liberum
2174 1646 2306 1688 corpus
2318 1635 2425 1671 aesti-

1324 1682 1527 1717 mationem
1550 1692 1623 1717 non
1646 1682 1815 1727 recipiat,
1848 1680 1913 1716 sed
1943 1681 2186 1733 impensarum
2208 1693 2245 1716 in
2270 1681 2425 1733 curatio-

1335 1737 1415 1762 nem
1438 1726 1618 1762 factarum
1642 1731 1678 1762 et
1701 1737 1891 1772 operarum
1911 1736 2122 1762 amissarum
2143 1737 2304 1772 quasque
2321 1736 2425 1762 amis·

1335 1783 1441 1808 surus
1466 1773 1544 1818 quis
1570 1776 1664 1808 esset
1685 1772 1819 1807 inutilis
1842 1771 1972 1807 factus.

1381 1817 1408 1854 4
1432 1817 1491 1853 ΡΑ
1497 1827 1541 1853 σι,
1548 1827 1593 1854 vs
1601 1818 1691 1854 libro
1704 1818 1895 1853 vicensimo
1907 1816 2065 1853 secundo
2079 1817 2128 1852 ad
2139 1817 2293 1853 edictum
2326 1817 2426 1852 Haec

1336 1863 1430 1899 actio
1455 1863 1551 1898 utilis
1577 1862 1748 1908 competit
1771 1866 1808 1898 et
1830 1861 1861 1898 si
1884 1872 1957 1898 non
1980 1862 2202 1907 quadrupes,
2235 1862 2300 1898 sed
2331 1861 2426 1897 aliud

1335 1908 1467 1944 animal
1489 1909 1696 1954 pauperiem
1717 1907 1815 1943 fecit.

1382 1952 1407 1991 5
1431 1954 1616 1990 ALFENUS
1636 1954 1727 1990 libro
1753 1953 1910 1989 secundo
1934 1953 2155 2000 diqestorum
2200 1953 2320 1997 Agaso
2346 1962 2427 1987 cuni

1334 1999 1372 2034 in
1395 1999 1586 2035 tabernam
1612 2010 1741 2044 equum
1765 1998 1978 2041 deduceret,
2001 1998 2134 2033 mulam
2158 2008 2270 2050 equus
2295 1996 2424 2039 olfecit,

1335 2045 1433 2080 mula
1457 2045 1592 2080 calcem
1615 2044 1739 2080 reiecit
1763 2047 1798 2079 et
1821 2054 1904 2079 crus
1929 2043 2076 2089 agasoni
2106 2043 2230 2088 fregit:
2264 2042 2426 2078 consule-

1335 2090 1462 2132 batur,
1499 2094 1669 2136 possetne
1702 2100 1784 2125 cum
1817 2089 1959 2125 domino
1993 2089 2112 2124 mulae
2143 2088 2219 2133 agi,
2253 2087 2349 2133 quod
2384 2097 2427 2123 ea

1335 2135 1542 2181 pauperiem
1563 2135 1720 2171 fecisset.
1756 2134 1925 2180 respondi
1947 2144 2064 2180 posse.

1842 2229 1881 2267 Π
1893 2227 1932 2267 ¹².

1620 2295 1680 2327 AD
1704 2294 1869 2328 LEGEM
1893 2293 2131 2330 AQUILIAM.

1384 2359 1403 2397 1
1438 2359 1634 2396 ULPIANUS
1654 2361 1746 2397 libro
1770 2365 1896 2397 octavo
1920 2360 2057 2396 decimo
2081 2359 2132 2395 ad
2153 2359 2307 2395 edictum
2348 2357 2426 2394 Lex

1334 2406 1478 2451 Aquilia
1501 2406 1666 2442 omnibus
1690 2406 1836 2452 legibus,
1862 2415 1954 2451 quae
1977 2409 2062 2440 ante
2085 2415 2124 2440 se
2148 2405 2192 2440 de
2215 2404 2344 2440 damno
2369 2404 2423 2439 in-

1333 2451 1426 2486 iuria
1448 2451 1592 2487 locutae
1615 2456 1718 2494 sunt,
1743 2451 1942 2496 derogavit,
1977 2451 2050 2486 sive
2074 2450 2259 2486 duodecim
2282 2449 2424 2492 tabulis,

1335 2497 1408 2532 sive
1421 2497 1449 2518 ¹³
1472 2497 1543 2532 alia
1574 2507 1666 2543 quae
1696 2497 1784 2532 fuit:
1841 2507 1907 2532 uas
1939 2497 2032 2541 leges
2062 2506 2159 2531 nunc
2189 2494 2322 2531 referre
2353 2505 2424 2531 non

1337 2545 1351 2577 1
1403 2546 1459 2577 est
1490 2553 1648 2578 necesse.
1697 2541 1798 2587 Quae
1817 2509 1886 2578 (iex
1916 2541 2061 2587 Aquilia
2096 2540 2322 2586 plebiscitum
2357 2544 2423 2583 est,

1335 2598 1417 2623 cum
1441 2597 1519 2623 eam
1542 2588 1576 2622 A
1601 2587 1707 2623 uilius
1730 2588 1896 2623 tribunus
1919 2586 2033 2632 plebis
2057 2597 2080 2621 a
2102 2586 2208 2631 plebe
2237 2586 2422 2630 rogaverit.

1380 2630 1405 2670 2
1434 2633 1558 2668 GAIUS
1573 2599 1665 2669 fibro
1684 2634 1835 2679 septimo
1847 2632 1898 2668 ad
1909 2632 2060 2668 edictum
2067 2630 2296 2678 provinciale
2328 2630 2424 2676 Lege

1332 2678 1478 2724 Aquilia
1501 2678 1620 2724 capite
1642 2678 1755 2724 primo
1781 2682 1945 2713 cavetur:
1979 2680 2040 2712 ‘ut
2061 2676 2162 2722 qui¹⁴
2184 2686 2325 2712 servum
2349 2686 2422 2711 ser-

1334 2727 1468 2759 ‘vamve
1500 2723 1655 2759 alienum
1685 2724 1880 2759 alienamve
1903 2721 2170 2774 quadrupedem
2192 2721 2250 2757 vel
2263 2723 2291 2743 ¹⁵
2339 2731 2422 2756 ecu-

1333 2768 1427 2805 ‘dem
1449 2769 1578 2804 iniuria
1609 2768 1798 2811 occiderit,
1855 2768 1956 2804 uanti
1977 2767 2015 2802 id
2036 2778 2074 2802 in
2098 2776 2140 2802 eo
2164 2777 2258 2802 anno
2282 2778 2306 2812 p
2320 2766 2424 2801 urimi

1336 2817 1351 2849 1
1401 2814 1480 2857 fuit,
1500 2818 1642 2849 tantum
1664 2824 1725 2850 aes
1738 2814 1824 2849 dare
1860 2813 1976 2849 omino
1990 2812 2139 2848 damnas
2153 2812 2260 2847 esto':
2281 2816 2316 2847 et
2327 2811 2422 2846 infra

1333 2859 1461 2895 deinde
1492 2863 1656 2902 cavetur,
1689 2865 1730 2894 ut
1759 2859 1930 2894 adversus
1962 2858 2173 2893 infitiantem
2202 2857 2240 2892 in
2274 2856 2422 2902 duplum

1333 2907 1353 2940 2
1401 2904 1494 2940 actio
1521 2909 1614 2940 esset
1673 2904 1721 2940 Ut
1742 2904 1850 2950 igitur
1872 2908 2040 2949 apparet.
2074 2903 2183 2938 servis
2207 2902 2337 2938 nostris
2361 2912 2421 2936 ex-

1332 2953 1464 2995 aequat
1488 2949 1758 2995 quadrupedes,
1790 2959 1883 2994 quae
1905 2948 2084 2994 pecudum
2107 2958 2254 2983 numero
2278 2951 2364 2982 sunt
2386 2951 2423 2982 et

1330 2994 1502 3075 grgfiatim
1535 2994 1734 3037 habentur,
1770 2994 1879 3030 veluti
1913 3004 1996 3029 oves
2030 3003 2162 3038 caprae
2196 2993 2305 3028 boves
2341 2991 2422 3043 equi

1331 3051 1367 3075 m
1407 3040 1414 3047 “
1441 3039 1543 3075 asini.
1579 3039 1644 3075 sed
1667 3050 1713 3074 an
1737 3049 1820 3074 sues
1843 3039 2020 3084 pecudum
2044 3037 2283 3083 appellatione
2307 3041 2420 3073 conti-

1332 3089 1473 3127 nentur,
1499 3084 1702 3130 quaeritur:
1728 3087 1763 3119 et
1785 3089 1883 3120 recte
1905 3084 2069 3120 Labeoni
2092 3083 2212 3128 placet
2234 3082 2418 3118 contineri.

1331 3130 1395 3166 sed
1419 3129 1518 3166 canis
1541 3130 1635 3165 inter
1656 3129 1812 3175 pecudes
1836 3140 1908 3165 non
1933 3134 1996 3165 est.
2032 3129 2137 3173 longe
2155 3128 2267 3174 magis
2286 3127 2422 3164 bestiae

1330 3176 1369 3212 in
1392 3186 1434 3211 eo
1458 3185 1605 3211 numero
1629 3185 1703 3211 non
1726 3178 1821 3216 sunt,
1846 3175 1954 3210 veluti
1977 3174 2051 3210 ursi
2070 3174 2191 3209 leones
2210 3174 2418 3219 pantherae.

1332 3220 1477 3257 elefanti
1500 3224 1621 3257 autem
1643 3225 1679 3256 et
1711 3220 1836 3255 cameli
1868 3220 1971 3265 quasi
2003 3218 2104 3254 mixti
2136 3223 2221 3254 sunt
2257 3222 2352 3261 (nam
2384 3221 2421 3253 et

1330 3266 1569 3302 iumentorum
1591 3275 1737 3311 operam
1760 3269 1946 3311 praestant
1969 3268 2005 3300 et
2027 3268 2158 3299 natura
2190 3274 2313 3299 eorum
2342 3262 2421 3299 fera

1332 3315 1403 3394 est}
1425 3316 1461 3347 et
1483 3310 1564 3347 ideo
1588 3310 1701 3357 primo
1727 3309 1843 3356 capite
1867 3309 2041 3346 contineri
2066 3309 2168 3344 eas¹⁸
2191 3313 2344 3355 oportet.

1417 3357 1445 3378 ¹⁷
1475 3355 1671 3392 Uria—uivus
1697 3355 1788 3391 libro
1819 3358 1946 3391 octavo
1977 3354 2113 3390 decimo
2127 3354 2156 3375 ¹⁸
2186 3354 2238 3390 ad
2264 3353 2419 3390 edictum

1375 3471 1435 3512 (ιι)
1458 3471 1526 3504 Ed.
1539 3477 1751 3505 1...11.13...15.
1766 3477 1809 3504 ιτ.
1822 3476 1867 3504 19.
1882 3476 1996 3503 21...27.
2011 3476 2059 3503 29.
2073 3476 2120 3503 30.
2133 3475 2243 3503 32...4o
2253 3479 2262 3508 ς
2274 3468 2357 3502 Sub.
2371 3476 2416 3503 12.

1328 3523 1373 3550 ie.
1387 3523 1433 3550 is.
1447 3523 1494 3550 20.
1509 3522 1556 3550 28.
1570 3522 1612 3550 ει.
1626 3522 1748 3555 41...5s;
1761 3515 1846 3558 Pap.
1861 3521 1969 3549 ⁵4...5s
1982 3525 1990 3552 ;
2003 3515 2093 3558 App.
2109 3521 2155 3548 57.
2167 3532 2211 3538 -
2223 3514 2309 3547 Bas.
2325 3515 2378 3552 60,
2388 3521 2416 3547 3.

1328 3578 1374 3585 --
1389 3560 1440 3605 Cf
1454 3561 1537 3594 Inst.
1551 3561 1583 3601 4,
1596 3568 1634 3603 ὃς
1652 3560 1730 3594 Coa.
1744 3561 1776 3601 3,
1789 3567 1825 3594 35

1959 3561 2017 3601 (¹3)
2043 3558 2223 3591 tabulisive
2235 3559 2273 3598 F,
2288 3558 2416 3591 tabula-

1329 3616 1402 3637 rum
1415 3606 1485 3638 sive
1498 3605 1528 3639 S
1615 3607 1673 3646 (14)
1698 3609 1738 3638 ut
1749 3605 1823 3647 qui]
1835 3604 1863 3637 si
1881 3604 1957 3647 quis
1970 3616 2039 3638 cum
2053 3604 2089 3637 B
2100 3616 2162 3637 scr.
2253 3606 2311 3644 (15)
2334 3613 2419 3646 qua-

1329 3650 1550 3694 drupedemve
1563 3663 1631 3684 cum
1648 3650 1787 3685 Graccis
1796 3649 2002 3683 Hotomanus
2180 3650 2240 3690 (16)
2264 3658 2321 3681 σοι
2332 3649 2414 3682 Hal.

1330 3697 1388 3737 (ιτ)
1413 3712 1458 3724 =
1474 3695 1590 3729 Cellae.
1605 3697 1636 3736 7,
1651 3703 1679 3736 s,
1692 3704 1706 3730 ι
1799 3696 1859 3736 (18)
1884 3694 2013 3727 decimo
2025 3706 2085 3727 om.
2101 3693 2183 3728 coll.
