2528 3918
171 132 338 176 xxxii

169 258 360 295 heredibus
408 258 495 293 atris
507 267 594 293 acce
619 261 707 303 erat,
730 256 796 295 sed
805 261 946 294 mortuo
961 257 1118 293 secundo
1132 257 1259 293 marito

170 309 282 339 mater
295 302 313 337 f
372 303 379 310 '
398 302 450 338 'as
464 301 563 338 facta
601 306 695 339 otem
707 302 980 349 reciperaverat,
999 312 1047 337 an
1062 302 1168 338 lieres
1182 302 1260 337 eius

170 359 214 383 ex
244 358 355 384 causa
383 346 648 384 fideicommissi
675 347 779 384 fratri
810 347 1001 395 defunctae
1030 350 1195 383 teneatur
1222 346 1261 382 in

169 403 248 428 eain
272 393 472 437 pecuniam,
498 402 606 438 quam
694 392 812 438 cipere
862 396 968 436 osset,
998 393 1030 428 si
1053 392 1174 428 dotem
1196 392 1259 427 sti-

170 438 315 483 pulatus
338 442 444 473 esset.
491 447 624 484 respon
651 438 679 475 't
705 448 816 474 secun
844 449 903 473 um
931 448 975 473 ea
1005 448 1053 517 q¹u

170 491 189 517 e
237 485 408 518 nerentur
429 493 502 518 non
532 483 657 519 teneri.
706 482 818 518 Eius¹
849 482 953 518 heres
982 493 1024 517 ve
1066 482 1260 528 legatarius

170 531 326 608 fssssffi
338 531 483 609 θὲἓωὲι
493 526 678 609 (Ῑῖἒῇ
692 527 1259 619 ²32¹3÷⁸2³21¹²³235532⁸12222322²

169 618 371 663 quaesitum
394 621 461 663 est,
485 600 517 654 si
540 629 614 654 non
638 617 871 663 adoptaverit,
896 627 944 653 an
966 617 1000 653 ei
1024 617 1086 663 qui
1108 617 1258 664 adopta-

169 668 227 699 tus
252 673 325 699 non
347 667 403 699 est
425 663 519 699 actio
545 662 1060 708 quaedamexfideicommisso
1078 663 1258 708 competit.

171 707 353 754 respondit
381 707 710 751 fideicommissum,
741 718 811 752 quo
841 707 919 753 quis
949 711 1098 754 rogatur
1126 712 1168 744 ut
1195 707 1259 743 ad-

170 757 189 788 9
237 757 353 799 optet,
382 757 501 789 ratum
530 764 602 789 non
631 763 721 789 esse.
777 753 874 798 ‘Agri
895 752 1054 799 plagam,
1085 763 1176 798 quae
1205 756 1261 789 est

170 799 219 833 ‘in
241 798 385 844 regione
398 797 471 842 illa,
494 798 643 834 Maeviis
655 797 783 833 Publio
808 801 845 833 et
856 797 947 834 Gaio
964 798 1157 834 transcribi
1167 798 1259 841 volo,

170 846 179 861 ‘
204 843 295 879 retio
318 842 417 880 facto
445 843 513 879 viri
541 843 627 879 boni
656 843 836 879 arbitratu
864 847 901 878 et
929 843 1119 879 hereditati
1147 843 1258 886 illato,

170 892 179 907 ‘
230 889 313 935 plae
335 888 508 925 evictione
532 888 775 934 expromissa²
799 886 946 933 reliquis
969 888 1179 933 heredibus,
1209 889 1261 923 ita

171 937 222 970 ‘nt
250 933 319 970 sub
347 944 465 980 poena
494 937 637 969 centum
665 934 877 978 promittant
906 943 985 969 eam
1013 934 1090 979 agri
1118 933 1260 979 plagam

170 983 363 1026 ‘partemve
385 979 463 1015 eius
486 978 533 1014 ad
557 978 702 1014 Seium³
732 982 939 1024 posterosve
970 978 1048 1016 eius
1082 990 1156 1015 non
1178 989 1259 1024 per-

170 1027 365 1061 ·venturam
389 1034 533 1070 quaqua
555 1023 716 1059 ratione'.
764 1023 964 1069 quaesitum
988 1028 1060 1067 est,
1094 1035 1141 1060 an
1165 1024 1177 1059 1
1221 1034 1258 1059 a-

169 1075 244 1105 tum
267 1069 402 1112 valeat,
433 1079 514 1104 cum
543 1068 694 1104 Publius
725 1079 841 1104 emere
871 1068 974 1111 velit,
1014 1069 1126 1105 Gaius
1158 1080 1205 1105 no
1223 1069 1258 1104 't.

168 1113 352 1161 respondit
367 1125 459 1156 eum,
484 1114 547 1159 qui
562 1112 873 1150 fideicommissum
888 1114 1066 1160 praestari
1081 1114 1150 1151 sibi
1165 1114 1259 1157 velit,

168 1170 276 1206 posse
298 1163 437 1206 partem
461 1158 640 1194 dimidiam
663 1158 740 1195 eius
764 1159 840 1204 agri
864 1158 925 1204 qui
955 1159 1095 1205 legatus
1118 1163 1175 1196 est
1196 1169 1258 1205 pe-

169 1211 255 1247 tere,
280 1204 437 1251 quamvis
469 1203 560 1239 alter
592 1203 759 1256 persequi
788 1203 889 1240 nolit.
943 1204 1029 1240 item
1061 1204 1261 1251 quaesitum

168 1254 235 1292 est,
260 1249 390 1293 cautio,
423 1259 515 1295 quae
537 1248 717 1294 interpom
748 1248 878 1285 debeat
908 1249 1104 1285 secundum
1135 1249 1260 1286 volun-

167 1299 289 1338 tatem,
313 1305 380 1340 pro
404 1298 516 1375 ffliota
546 1297 648 1340 parte
681 1293 810 1338 cuique
843 1294 1012 1330 heredum
1043 1294 1262 1341 praestanda

168 1341 226 1377 sit.
272 1350 404 1386 respon
430 1339 457 1374 't
485 1349 552 1385 pro
583 1349 627 1374 ea
683 1338 838 1382 ortione,
881 1349 972 1385 quae
1003 1350 1049 1376 ex
1078 1340 1259 1376 fideicom-

172 1390 212 1420 10
259 1385 366 1421 misso
391 1387 607 1430 praestatur.
690 1383 785 1420 orori
815 1384 945 1438 legavit
975 1385 1137 1422 homines
1169 1395 1259 1430 quos

168 1430 361 1467 nominavit
382 1432 595 1466 testamento
619 1428 768 1474 eiusque
790 1428 874 1465 fidei
898 1429 1084 1474 commisit,
1135 1434 1178 1466 ut
1199 1440 1259 1466 ea-

168 1476 247 1512 dem
271 1475 451 1521 maucipia
473 1474 554 1510 filiis
571 1473 647 1510 suis
664 1485 747 1509 cum
763 1474 880 1510 obiret
894 1475 1110 1512 restitueret.
1175 1485 1260 1511 uae-

505 1523 544 1555 ta
566 1530 612 1555 ex
633 1518 691 1555 his
710 1529 758 1554 an
780 1518 940 1556 defuncti
957 1519 1045 1556 filii⁴
1068 1487 1260 1556 heredibus

1055 447 1098 473 ae
1125 447 1259 488 propo-

168 1520 274 1556 situm
298 1524 364 1561 est,

167 1565 388 1602 restituenda
410 1564 483 1601 sint
503 1568 588 1610 post
610 1567 760 1600 mortem
775 1564 968 1610 legatariae
992 1575 1039 1601 an
1053 1569 1262 1601 remaneant

167 1610 266 1656 apud
286 1609 436 1646 heredes
460 1609 549 1646 eius.
596 1620 654 1646 res
682 1609 782 1645 ondit
804 1611 884 1652 ea⁵,
916 1620 1008 1655 quae
1038 1615 1167 1656 postea
1197 1609 1260 1646 ad-

166 1659 275 1701 gnata
308 1659 450 1697 essent,
491 1655 610 1691 verbis
679 1654 918 1691 deicommissi
959 1666 1033 1692 non
1076 1655 1260 1692 contineri.

170 1704 207 1736 11
257 1700 367 1736 Pater
389 1699 563 1736 naturalis
594 1699 688 1735 filiae
720 1710 808 1736 suae
838 1711 883 1736 ex
905 1704 1119 1737 testamento
1142 1700 1262 1736 mariti

166 1746 244 1782 eius
267 1743 531 1782 fideicommissi
562 1744 723 1787 debitor,
757 1756 838 1780 cum
869 1755 913 1781 ea
943 1745 1071 1782 mulier
1101 1746 1163 1782 alii
1194 1757 1259 1781 nu-

167 1791 278 1833 beret,
302 1802 375 1826 non
398 1789 569 1826 mandatu
593 1790 751 1826 mulieris
775 1789 895 1827 dotem
918 1792 1046 1827 marito
1063 1791 1139 1828 eius
1165 1791 1262 1827 dedit

166 1840 203 1872 et
226 1836 295 1872 sibi
317 1835 418 1871 reddi
441 1846 520 1871 eam
544 1835 591 1871 sti
616 1835 735 1871 ulatus
760 1839 835 1878 est,
861 1836 892 1872 si
923 1837 999 1873 sine
1030 1836 1151 1873 liberis
1188 1836 1263 1872 filia

166 1885 382 1917 moreretur:
408 1880 534 1916 mulier
609 1891 665 1915 am
690 1880 866 1926 suscepit:
900 1881 1101 1927 quaesitum
1124 1886 1190 1925 est,
1215 1892 1263 1918 au

167 1925 478 1962 fideicommissum
502 1936 525 1960 a
546 1929 649 1971 patre
673 1925 813 1971 exigere
836 1927 962 1972 possit.
1010 1926 1205 1973 respondit,
1230 1927 1262 1963 si

167 1982 233 2007 nec
256 1975 370 2007 ratam
401 1971 587 2007 habuisset
619 1970 738 2006 dotem
770 1970 909 2014 datam,
940 1983 1130 2018 superesse
1160 1972 1261 2008 fidei-

168 2016 347 2052 commissi
369 2015 587 2061 petitionem.
635 2016 728 2052 idem
753 2017 916 2062 quaesiit,
941 2028 999 2061 an,
1023 2018 1055 2053 si
1076 2021 1181 2063 pater
1199 2028 1259 2053 ac-

168 2072 208 2097 ce
234 2066 271 2097 to
296 2061 415 2097 facere
451 2061 717 2107 stipulationem
747 2061 850 2104 velit,
886 2062 1026 2098 mulieri
1082 2062 1260 2099 ersecutio

167 2073 519 2143 fidgicommissorum
559 2105 767 2152 deneganda
805 2106 861 2142 sit.
925 2118 1059 2154 respon
1086 2107 1113 2143 ‘t
1149 2118 1261 2154 supra

166 2162 389 2197 responsum,
414 2161 565 2196 eumque
588 2155 745 2197 patrem,
782 2151 826 2187 de
850 2163 920 2197 quo
945 2157 1196 2197 quaereretur,
1229 2153 1259 2189 si

167 2197 218 2232 ita
233 2196 400 2240 dedisset,
424 2201 466 2231 ut
482 2196 607 2232 mulier
622 2200 740 2232 ratum
756 2196 917 2239 haberet,
934 2209 1042 2243 posse
1060 2198 1258 2234 condicere.

171 2244 210 2276 12
259 2241 378 2278 Seium
403 2241 569 2277 maritum
593 2241 739 2287 scripsit
761 2241 928 2277 heredem
947 2243 1050 2288 eique
1074 2243 1260 2279 substituit

166 2286 321 2332 Appiam
344 2286 526 2322 alumnam
550 2285 703 2332 fideique
727 2286 869 2323 heredis
894 2287 1081 2331 commisit,
1114 2291 1155 2323 ut
1176 2293 1260 2334 post

167 2335 315 2368 mortem
338 2342 441 2368 suam
465 2331 698 2368 hereditatem
722 2331 836 2367 eidem
867 2332 1033 2369 alumnae
1055 2333 1260 2369 restitueret

164 2381 240 2419 aut,
264 2377 295 2413 si
343 2376 405 2412 uid
427 2380 510 2413 ante
535 2376 742 2422 contigisset
764 2376 940 2420 alumnae,
964 2381 1052 2414 tunc
1067 2377 1258 2414 Valeriano

166 2421 288 2458 fratris
353 2422 386 2458 ‘o
410 2421 616 2458 restitueret
638 2421 789 2458 eandem
811 2421 1058 2459 hereditatem.
1142 2423 1258 2459 uaesi-

165 2471 242 2502 tum
265 2471 331 2509 est,
356 2467 387 2504 si
411 2467 514 2503 Seius
537 2467 648 2511 vivus,
674 2466 846 2513 quidquid
868 2467 916 2503 ad
939 2478 1020 2504 eum
1052 2478 1097 2504 ex
1145 2468 1258 2504 eredi-

166 2517 239 2548 tate
263 2512 493 2557 pervenisset,
525 2511 690 2548 alumnae
714 2511 947 2556 restituisset,
980 2524 1028 2549 an
1062 2513 1258 2549 secundum

166 2557 382 2594 voluntatem
406 2556 596 2593 defunctae
619 2557 658 2593 id
677 2556 807 2593 fecisse
823 2557 1020 2595 videretur:
1046 2558 1258 2612 praesertim

166 2613 247 2638 cuin
269 2602 360 2638 haec
382 2601 477 2638 idem
511 2602 707 2639 substituta
737 2605 843 2639 esset.
890 2603 1094 2650 respondit,
1125 2603 1157 2640 si
1179 2604 1258 2640 vivo

167 2647 248 2683 Seio
271 2647 392 2692 Appia
415 2647 645 2691 decessisset,
677 2658 750 2684 non
781 2657 861 2684 esse
891 2648 1083 2685 liberatum
1111 2659 1134 2685 a
1157 2648 1257 2684 fidei-

171 2695 210 2727 13
258 2693 446 2729 commisso
463 2692 656 2728 Valeriano
679 2693 817 2729 relicto.
866 2692 1039 2730 Scaevola
1054 2694 1256 2740 respondit:

167 2748 249 2772 cum
273 2737 377 2773 heres
401 2738 558 2783 scriptus
583 2742 732 2783 rogatus
755 2742 860 2783 esset,
886 2749 968 2774 cum
991 2739 1096 2784 volet,
1121 2739 1182 2775 alii
1200 2750 1256 2775 re-

166 2782 314 2818 stituere
337 2782 582 2825 hereditatem,
605 2782 748 2820 interim
764 2794 837 2819 non
853 2788 910 2820 est
926 2784 1193 2830 compellendus
1210 2784 1257 2820 ad

166 2826 476 2864 fideicommissum
486 2829 511 2862 ⁶.
563 2827 634 2864 Cu
642 2838 773 2864 mnus:
794 2832 879 2874 post
902 2833 1052 2866 mortem
1076 2829 1170 2865 enim
1186 2829 1256 2865 uti-

171 2875 209 2908 14
258 2883 327 2918 que
351 2872 508 2909 creditur
531 2872 664 2909 datum.
710 2873 863 2910 Heredis
893 2874 1019 2920 scripti
1052 2874 1136 2912 fidei
1159 2886 1256 2911 com-

167 2917 330 2960 miserat,
367 2922 408 2953 ut
431 2917 533 2954 Seiae
557 2919 662 2954 uxori
691 2918 894 2954 universam
925 2920 1131 2956 restitueret
1153 2920 1255 2957 here-

166 2962 313 2998 ditatem
344 2967 382 2998 et
413 2963 535 2999 uxoris
567 2963 649 2999 fidei
675 2964 852 3000 commisit
882 2964 920 3000 in
943 2965 1033 3001 haec
1057 2965 1185 3001 verba:
1222 2967 1257 3000 ‘a

166 3012 224 3051 ‘te‚
249 3007 342 3051 Seia,
365 3013 462 3053 peto,
497 3012 538 3043 ut
561 3008 731 3054 quidquid
755 3008 802 3044 ad
826 3012 861 3045 te
885 3020 931 3045 ex
953 3010 1152 3046 hereditate
1176 3021 1256 3046 mea

166 3056 175 3071 ‘
222 3052 386 3096 rvenerit,
411 3053 570 3098 exceptis
594 3054 660 3098 his,
685 3054 716 3089 si
739 3064 812 3100 qua
833 3054 900 3090 tibi
923 3066 1034 3100 supra
1049 3055 1173 3100 legavi,
1198 3066 1254 3091 re-

166 3063 313 3144 ‘ffiuum
345 3108 448 3135 omne
479 3097 607 3134 reddas
639 3099 807 3135 restituas
830 3099 993 3136 Maeviae
1022 3100 1152 3136 infanti
1175 3100 1254 3136 dul-

167 3142 353 3180 ‘cissimae.
393 3154 416 3179 a
438 3153 510 3189 qua
521 3142 604 3179 Seia
619 3144 707 3180 satis
721 3144 815 3189 exigi
831 3149 923 3187 veto,
950 3156 1032 3181 cum
1048 3145 1160 3182 sciam
1176 3155 1254 3181 eam

166 3187 299 3235 ‘potius
337 3199 413 3225 rem
451 3192 639 3224 aucturam
656 3233 664 3242 .
678 3200 785 3234 quam
821 3188 1033 3227 detrimento
1072 3190 1254 3226 futuram'.

166 3234 366 3315 &nogentum
395 3237 470 3277 est,
500 3243 548 3286 an
581 3237 701 3270 statim
724 3234 866 3271 Maevia
899 3235 1210 3272 fideicommissum
1232 3245 1256 3271 a

213 3279 222 3288 ⁰
253 3283 391 3332 ‚petere
413 3282 540 3325 possit.
586 3279 772 3324 respondit
795 3279 883 3315 nihil
904 3280 1070 3326 proponi,
1095 3291 1161 3317 cur
1183 3291 1255 3316 non

191 3329 291 3361 osslt.

165 3335 189 3370 p
211 3367 266 3407 42
289 3368 397 3405 Imm
417 3368 508 3405 libro
532 3368 716 3415 triqcsimo
741 3371 845 3405 tertio
869 3369 1091 3416 diqcstorum
1137 3369 1254 3406 Titius

164 3414 315 3451 heredes
338 3412 493 3451 instituit
515 3411 633 3449 Seiam
657 3423 804 3449 uxorem
828 3424 874 3450 ex
905 3418 1009 3460 parte
1031 3414 1149 3451 duode
1173 3414 1181 3424 “

165 3459 341 3496 Maeviam
364 3469 411 3496 ex
433 3457 580 3504 reliquis
602 3458 767 3504 partibus
790 3463 827 3494 et
849 3459 894 3495 de
913 3464 1142 3496 monumento
1158 3470 1206 3506 qu

167 3577 206 3615 (ι)
234 3574 330 3606 Seius
344 3573 526 3617 Hoffinann
676 3572 721 3612 (2)
745 3582 785 3604 ex
811 3573 964 3614 remissa]
979 3574 1144 3616 promissa
1156 3584 1176 3606 a
1189 3586 1253 3607 scr.

165 3619 207 3659 (3)
233 3616 377 3650 seiusam
389 3619 453 3659 F0,
466 3618 569 3651 seiam
583 3615 636 3651 Ρ)
715 3619 759 3657 (4)
807 3616 847 3649 1ἰί
861 3618 923 3650 del.
1005 3620 1049 3660 (5)
1072 3629 1111 3652 ea
1125 3618 1187 3653 del.
1201 3618 1254 3652 F*

166 3663 209 3702 (o)
234 3662 429 3695 solvendum
442 3664 505 3697 ins.
581 3664 629 3705 (τ)
653 3661 871 3695 extruendum
886 3663 960 3696 edd.
1038 3665 1084 3706 (8)
1105 3667 1139 3696 et
1151 3665 1210 3697 ins.
1226 3664 1255 3698 S

167 3709 210 3747 (9)
235 3711 390 3750 paratum
403 3708 449 3740 sit
461 3721 521 3741 scr.
614 3709 675 3748 (¹⁰)
700 3707 886 3740 detractate
898 3707 932 3739 F
1020 3709 1075 3749 (11)
1100 3709 1253 3751 neptisve

169 3764 227 3784 scr.
321 3755 382 3794 (12)
408 3753 443 3786 iu
457 3757 569 3798 empto
583 3763 650 3786 non
663 3753 826 3786 continuo
840 3756 993 3795 paratum
1007 3753 1127 3795 inesse,
1143 3754 1178 3786 in
1191 3764 1251 3797 pa·

1245 130 1329 179 45⁰

1508 23 1577 92 ³¹⁸5

1566 94 1591 155 (²
1607 162 1610 163 ν
2136 148 2198 179 mi
2226 146 2414 178 nicenis

1330 257 1400 293 sibi
1423 259 1558 294 exstrui
1581 259 1739 303 volebat,
1770 259 1822 295 ita
1845 259 1956 295 cavit:
1989 262 2133 304 ‘corpus
2164 269 2279 295 meum
2309 259 2412 295 uxori

1331 305 1440 338 ‘meae
1463 302 1543 339 volo
1566 303 1662 340 tradi
1684 303 1924 350 sepeliendum
1947 304 1985 340 in
2009 303 2120 340 fundo
2143 303 2205 340 illo
2228 307 2266 340 et
2287 315 2411 340 monu-

1330 350 1498 383 ‘mentum
1535 349 1670 385 exstrui
1707 360 1750 386 us
1776 359 1821 386 ue
1859 348 1905 384 ad
1944 348 2219 394 quadringentos
2261 350 2412 386 aureos'.

1330 402 1475 437 quaero,
1508 403 1590 429 cum
1611 394 1650 429 in
1673 394 1744 431 duo
1769 395 1883 431 ecima
1906 398 2007 440 parte
2031 405 2104 430 non
2134 394 2284 439 amplius
2308 405 2412 440 quam

1330 440 1471 472 centum
1495 437 1750 485 quinquaginta
1764 439 1865 476 aurei
1886 450 1931 476 ex
1954 439 2057 475 bonis
2074 439 2192 474 mariti
2206 439 2253 475 ad
2267 450 2413 475 uxorem

1327 482 1544 527 perveniant,
1568 493 1616 519 an
1637 483 1706 520 hac
1722 485 1901 531 scriptura
1919 485 1964 520 ab
1990 495 2033 520 ea
2052 484 2130 520 sola
2148 488 2413 520 monumentum

1329 527 1398 562 sibi
1425 531 1577 564 testator
1606 530 1742 565 exstrui
1771 529 1934 566 voluerit.
1987 528 2156 583 respondi
2187 530 2232 565 ab
2264 533 2414 583 utraque

1327 571 1738 653 herededmonumentun
1759 585 1825 621 pro
1855 574 2080 611 hereditariis
2111 574 2336 621 portionibus
2359 586 2413 610 in-

1328 620 1602 716 Βιῗὲἕηθιὲἲεῦε
1628 663 1719 700 libro
1758 666 1884 710 quinto
1923 665 2060 701 decimo
2103 664 2323 745 diffltorum
2378 665 2415 701 Si

1328 707 1422 744 fihae
1453 711 1556 752 pater
1586 707 1706 745 dotem
1736 709 1912 746 arbitratu
1946 713 2105 746 tutorum
2202 709 2211 718 '
2242 709 2414 751 iussisset,

1329 752 1474 789 Tubero
1498 753 1643 799 perinde
1666 754 1736 790 hoc
1757 754 1961 790 habendum
1977 754 2028 790 ait
2050 765 2092 790 ac
2115 754 2147 791 si
2169 755 2234 790 viri
2250 755 2335 791 boni
2357 765 2412 790 ar-

1328 798 1464 833 bitratu
1486 798 1642 843 legatum
1665 799 1722 835 sit.
1780 799 1907 852 Labeo
1928 799 2068 845 quaerit
2077 827 2096 853 ,θ
2120 799 2413 853 quemadmodum

1328 844 1837 934 {33:5320332331932‘52.
1848 855 2030 925 fffffiffia
2046 845 2141 926 {¹22⁶
2161 845 2250 926 &222¹
2271 855 2414 926 &352

1329 943 1374 968 ex
1397 932 1586 978 dIgnitate,
1618 944 1662 970 ex
1685 934 1935 977 facultatibus,
1971 945 2016 972 ex
2046 945 2193 971 numero
2223 935 2415 971 liberorum

1329 981 1581 1014 testamentum
1604 978 1768 1015 facientis
1792 979 1991 1016 aestimare.

1376 1021 1430 1060 44
1455 1022 1686 1060 Pouromvs
1706 1024 1797 1060 libro
1814 1025 1972 1060 secundo
1996 1025 2047 1061 ad
2060 1023 2234 1061 Sabinum
2281 1024 2320 1060 Si
2334 1024 2415 1060 fun—

1330 1067 1397 1104 dus
1427 1067 1566 1114 legatus
1598 1069 1646 1106 sit
1677 1080 1758 1105 cum
1795 1069 1852 1105 his
1885 1080 1976 1114 quae
2007 1069 2059 1106 ibi
2089 1073 2212 1112 erunt,
2272 1080 2340 1106 uae
2371 1069 2417 1104 ad

1330 1118 1469 1166 tempus
1499 1113 1551 1150 ibi
1582 1118 1666 1150 sunt
1696 1125 1768 1150 non
1809 1114 1974 1150 videntur
2003 1115 2037 1151 le
2083 1119 2143 1151 ta:
2176 1119 2213 1150 et
2243 1114 2256 1150 i
2280 1125 2323 1150 eo
2354 1125 2416 1160 pe-

1329 1168 1468 1240 funitagee,
1493 1169 1585 1205 quae
1608 1159 1816 1196 faenerandi
1841 1170 1951 1196 causa
1973 1160 2024 1196 ibi
2063 1163 2210 1202 uerunt,
2239 1170 2312 1196 non
2335 1163 2418 1196 sunt

1342 1214 1361 1239 e
1386 1214 1408 1239 a
1470 1231 1479 1238 .

1361 1214 1428 1286 g45
1462 1248 1657 1285 Uimws
1678 1250 1768 1286 libro
1793 1250 1956 1286 vicesimo
1991 1249 2148 1285 secundo
2173 1251 2223 1285 ad
2244 1248 2417 1286 Sabt’num

1330 1293 1409 1330 Hoc
1431 1294 1588 1339 legatum
1618 1295 1751 1331 ‘uxoris
1784 1305 1895 1331 causa
1925 1295 2082 1340 parata',
2111 1294 2277 1339 generale
2305 1299 2361 1331 est
2382 1300 2419 1332 et

1331 1339 1489 1375 continet
1509 1343 1583 1375 tam
1599 1343 1733 1376 vestem
1749 1350 1856 1386 quam
1871 1344 2057 1384 argentum
2068 1350 2195 1375 aurum
2211 1344 2419 1376 ornamenta

1331 1389 1537 1430 ceteraque,
1571 1395 1663 1430 quae
1694 1386 1816 1422 uxoris
1846 1386 1963 1430 gratia
1996 1388 2181 1464 parantur.
2234 1385 2298 1422 sed
2328 1396 2418 1431 quae

1330 1429 1517 1465 videantur
1540 1431 1664 1466 uxoris
1689 1441 1800 1466 causa
1848 1430 1972 1465 arari?
2021 1430 2147 1466 abinus
2170 1430 2270 1466 libris
2295 1430 2340 1466 ad
2356 1430 2417 1467 Vi-

1329 1474 1466 1510 tellium
1489 1474 1541 1510 ita
1563 1475 1726 1520 scripsit:
1753 1486 1822 1521 quo
1870 1475 1908 1510 in
1931 1486 2001 1511 usu
2024 1474 2308 1520 frequentissime
2339 1486 2416 1512 ver-

1330 1523 1441 1563 satur,
1467 1524 1508 1554 ut
1530 1521 1567 1555 in
1589 1520 1714 1565 legatis
1739 1520 1862 1556 uxoris
1885 1520 2063 1556 adiciatur
2087 1520 2195 1565 ‘quod
2217 1521 2294 1556 eius
2310 1531 2419 1557 causa

1331 1566 1469 1617 ‘parata
1499 1565 1580 1617 sintj
1591 1566 1616 1609 ⁹,
1640 1566 1733 1601 hanc
1755 1565 2098 1618 interpretationem·
2119 1565 2290 1619 optinuit,
2323 1567 2418 1620 quod

1331 1620 1443 1654 magis
1474 1621 1596 1646 uxoris
1633 1621 1744 1646 causa
1802 1621 1884 1646 uam
1923 1621 2118 1647 communis
2155 1621 2419 1656 promiscuique

1330 1665 1417 1690 usus
1450 1665 1561 1691 causa
1589 1659 1757 1700 paratum
1804 1659 1893 1692 oret.
1954 1666 2070 1700 neque
2101 1656 2274 1692 interesse
2305 1656 2417 1692 visum

1329 1703 1395 1742 est,
1420 1704 1504 1735 ante
1527 1700 1672 1736 ductam
1695 1711 1842 1736 uxorem
1866 1700 1903 1736 id
1925 1705 2029 1746 pater
2051 1700 2204 1736 familias
2220 1702 2419 1746 paravisset

1330 1755 1377 1780 an
1398 1751 1537 1790 postea,
1562 1756 1608 1780 an
1632 1746 1739 1781 etiam
1762 1757 1806 1781 ex
1830 1746 1885 1781 his
1909 1747 2018 1781 rebus
2031 1745 2160 1791 quibus
2183 1746 2260 1791 ipse
2283 1746 2337 1782 uti
2360 1757 2417 1783 so-

1329 1790 1418 1826 leret
1442 1790 1546 1826 uxori
1569 1790 1617 1825 ali
1642 1790 1704 1826 uid
1719 1790 1988 1835 adsignavisset,
2014 1791 2098 1826 dum
2108 1790 2146 1826 id
2165 1790 2320 1827 mulieris
2346 1792 2418 1827 usi—

1333 1836 1400 1871 bus
1425 1835 1569 1880 proprie
1593 1846 1615 1870 a
1639 1835 1814 1871 tributum
1837 1839 1942 1872 esset.

1377 1878 1430 1918 46
1455 1879 1512 1915 ΡΑ
1520 1890 1563 1916 σι
1571 1891 1615 1916 {ss
1635 1880 1725 1917 libro
1749 1881 1906 1918 secundo
1931 1881 1980 1916 ad
2006 1881 2187 1917 Vitellium
2219 1881 2278 1917 Ea
2299 1886 2419 1919 tamen

1331 1925 1483 1961 adiectio
1507 1925 1663 1970 legatum
1687 1926 1776 1963 allas
1800 1926 1978 1971 exiguius,
2011 1926 2101 1962 alias
2124 1926 2264 1972 plenius
2294 1927 2417 1963 efficit.

1330 1975 1492 2016 augetur,
1523 1982 1605 2006 cum
1629 1972 1681 2007 sic
1705 1971 1877 2017 scriptum
1905 1975 1978 2008 est:
2011 1974 2184 2025 ‘quaeque
2206 1972 2283 2008 eius
2309 1983 2419 2009 causa

1331 2018 1470 2061 ‘parata
1494 2017 1608 2052 sune:
1638 2016 1676 2051 id
1706 2017 1799 2053 enim
1831 2016 2009 2062 significat
2036 2021 2073 2052 et
2102 2027 2133 2052 si
2163 2017 2249 2062 quid
2277 2022 2415 2071 praeter

1329 2071 1373 2097 ea
1397 2072 1488 2106 quae
1512 2061 1609 2097 dicta
1633 2066 1717 2097 sunt
1739 2062 1815 2098 eius
1840 2073 1950 2098 causa
1972 2066 2139 2107 paratum
2152 2066 2225 2098 est:
2250 2063 2419 2100 minuitur

1330 2106 1492 2142 detracta
1504 2109 1533 2128 ¹⁰
1557 2107 1816 2151 coniunctione,
1839 2107 1924 2152 quia
1946 2118 1991 2144 ex
2007 2107 2171 2144 omnibus
2194 2118 2305 2154 supra
2322 2119 2417 2144 com-

1328 2151 1513 2196 prehensis
1537 2162 1582 2187 ea
1605 2152 1682 2188 sola
1698 2152 1926 2195 definiuntur,
1952 2163 2043 2198 quae
2067 2153 2143 2189 eius
2161 2162 2272 2189 causa
2291 2157 2418 2199 parata

1329 2200 1423 2232 sunt.

1375 2239 1427 2279 47
1460 2241 1655 2278 ULPJANUS
1676 2242 1766 2278 libro
1791 2243 1956 2278 vicesimo
1979 2242 2138 2278 secundo
2171 2243 2222 2278 ad
2244 2242 2417 2279 Sabinum

1329 2286 1368 2322 Si
1392 2286 1478 2332 quid
1501 2297 1624 2322 earum
1646 2297 1767 2323 rerum
1790 2291 1874 2323 ante
1899 2298 1978 2323 com
2003 2287 2120 2322 aravit
2142 2298 2248 2333 quam
2271 2299 2416 2325 uxorem

1329 2331 1440 2375 duxit,
1466 2331 1496 2367 si
1519 2331 1557 2366 id
1580 2332 1614 2367 ei
1636 2337 1676 2367 ut
1698 2336 1861 2367 uteretur
1877 2298 2036 2374 tradidit,
2059 2332 2207 2378 perinde
2226 2337 2292 2377 est,
2317 2335 2416 2387 quasi

1328 2381 1456 2422 postea
1477 2378 1688 2422 paravisset.
1736 2387 1781 2413 ex
1805 2387 1847 2412 eo
1871 2381 1991 2413 autem
2019 2377 2137 2422 legato
2171 2388 2215 2413 ea
2237 2383 2416 2423 pertinent

1328 2421 1375 2457 ad
1398 2432 1556 2465 uxorem,
1582 2432 1674 2466 quae
1698 2422 1774 2458 eius
1799 2432 1910 2458 causa
1933 2427 2053 2467 empta
2077 2427 2285 2468 comparata
2307 2434 2414 2468 quae-

1328 2477 1396 2512 que
1418 2470 1560 2510 retenta
1583 2471 1684 2502 sunt:
1709 2467 1889 2512 inquibus
1905 2467 2012 2502 etiam
2036 2477 2128 2512 quae
2143 2467 2272 2512 prioris
2294 2469 2415 2504 uxoris

1328 2522 1494 2592 3⁰²3&ss
1513 2511 2413 2603 fihoespmffipffigksszhssugflffiffflssffsfflffl:

1327 2606 1364 2638 et
1373 2612 1586 2648 responsum
1598 2606 1654 2638 est
1663 2603 1701 2639 in
1712 2606 1832 2655 empto
1844 2606 2009 2655 paratum
2020 2602 2148 2646 inesse,
2159 2602 2199 2638 in
2209 2607 2337 2648 parato
2344 2614 2416 2640 non

1328 2647 1497 2683 continuo
1511 2651 1669 2693 emptum
1682 2651 1855 2683 contineri
1867 2647 1913 2683 ¹²:
1928 2647 2038 2683 veluti
2047 2648 2079 2683 si
2092 2647 2171 2693 quis
2185 2658 2276 2699 quae
2287 2649 2415 2694 prioris

1328 2692 1450 2728 uxoris
1475 2703 1586 2728 causa
1609 2692 1763 2737 emisset,
1787 2692 1978 2738 posteriori
1990 2692 2094 2728 uxori
2110 2692 2328 2736 tradidisset,
2352 2704 2414 2730 eas

1328 2748 1384 2774 res
1408 2748 1490 2774 eum
1501 2738 1712 2783 posterioris
1735 2738 1858 2774 uxoris
1874 2748 1985 2774 causa
1996 2737 2188 2783 paravisse,
2201 2749 2274 2774 non
2287 2739 2414 2774 emisse

1327 2787 1479 2819 constat.
1527 2782 1679 2828 ideoque
1703 2783 1863 2828 quamvis
1887 2782 2037 2818 maritus
2059 2783 2269 2828 posterioris
2291 2784 2414 2820 uxoris

1327 2838 1438 2863 causa
1460 2828 1548 2863 nihil
1570 2828 1705 2870 emerit,
1730 2832 1850 2864 tamen
1873 2827 2046 2864 tradendo
2071 2838 2163 2873 quae
2179 2828 2279 2873 prior
2299 2828 2412 2864 habu-

1325 2873 1404 2915 erit,
1428 2873 1506 2909 eius
1531 2883 1642 2908 causa
1690 2877 1794 2908 arata
1815 2876 1901 2908 sunt
1911 2873 1950 2908 ¹³.
1996 2873 2065 2908 etsi
2085 2872 2319 2918 eiadsignata
2341 2884 2413 2909 non

1325 2922 1424 2962 sunt,
1462 2918 1580 2963 legato
1610 2929 1630 2953 c
1677 2922 1759 2953 unt:
1795 2922 1834 2953 at
1862 2927 1954 2962 quae
1990 2917 2118 2962 prioris
2150 2917 2272 2954 uxoris
2303 2928 2414 2954 causa

1323 2967 1453 3008 parata
1475 2966 1568 3007 sunt,
1592 2963 1644 2998 ita
1666 2962 1855 3008 posteriori
1886 2962 2080 3006 debentur,
2109 2961 2141 2998 si
2168 2962 2201 2998 ei
2224 2962 2413 3009 adsignata

1325 3008 1406 3051 sint,
1432 3008 1516 3054 quia
1531 3018 1604 3044 non
1623 3011 1680 3044 est
1692 3007 1746 3043 ita
1756 3009 1782 3029 ¹⁴
1807 3007 1851 3043 de
1866 3007 2063 3052 posteriore
2080 3017 2192 3043 uxore
2206 3007 2410 3053 cogitatum,

1325 3064 1406 3088 cum
1430 3056 1737 3098 compararentur.

1371 3095 1424 3135 48
1449 3097 1505 3134 ΡΑ
1513 3107 1608 3134 vsvs
1628 3097 1719 3134 libro
1743 3102 1875 3144 quarto
1898 3096 1950 3133 ad
1970 3096 2143 3133 Sabinum
2189 3096 2283 3132 Nam
2306 3108 2351 3134 ne
2374 3097 2411 3133 id

1322 3143 1465 3224 {quidem
1489 3142 1586 3223 qaiotd
1608 3142 1779 3178 traditum
1801 3146 1872 3185 est,
1902 3141 1933 3177 si
1960 3145 2087 3188 postea
2118 3141 2322 3188 ademptum
2353 3143 2410 3187 sit,

1380 3192 1440 3224 ato
1465 3199 1506 3224 ce
1531 3199 1551 3224 e
1569 3215 1577 3223 .

1336 3199 1424 3271 eg49
1455 3232 1650 3269 Urmsnvs
1671 3233 1762 3269 libro
1785 3232 1951 3269 vicesimo
1981 3231 2139 3268 secundo
2163 3232 2213 3268 ad
2235 3231 2409 3268 Sabinum

1323 3279 1412 3315 Item
1434 3277 1553 3323 legato
1577 3278 1804 3313 continentur
1824 3276 2012 3322 mancipia,
2037 3281 2126 3321 puta
2140 3277 2323 3322 lecticarii,
2348 3277 2410 3323 qui

1323 3322 1436 3360 solani
1458 3326 1607 3358 matrem
1632 3322 1785 3358 familias
1834 3322 2010 3358 ortabant.
2058 3322 2142 3358 item
2163 3322 2323 3358 iumenta
2355 3323 2411 3358 vel

1323 3368 1452 3406 lectica
1474 3367 1529 3403 vel
1551 3368 1641 3404 sella
1662 3367 1718 3404 vel
1739 3367 1763 3403 b
1834 3377 1920 3402 ones
1933 3368 1972 3402 ¹⁵.
2018 3367 2104 3402 item
2127 3367 2306 3413 mancipia
2328 3367 2409 3412 alia,

1324 3413 1465 3460 puellae
1488 3412 1664 3457 fortassis,
1697 3422 1786 3458 quas
1818 3411 1887 3448 sibi
1916 3416 2076 3448 comatas
2093 3413 2121 3434 ¹⁶
2150 3412 2316 3448 mulieres
2346 3423 2408 3448 ex-

1328 3462 1340 3494 1
1394 3462 1524 3495 ornant
1536 3459 1574 3494 ¹⁷.
1622 3457 1693 3494 Sed
1715 3461 1752 3493 et
1774 3456 1806 3492 si
1829 3455 1922 3493 forte
1945 3457 2061 3493 virilia
2083 3457 2117 3493 ei
2138 3457 2321 3502 :quaedam
2344 3457 2408 3494 do-

1322 3577 1397 3605 rato
1410 3577 1557 3616 emptum
1571 3572 1738 3605 contineri
1751 3572 1904 3615 Krueqer
2041 3573 2098 3612 (111)
2121 3583 2159 3604 m
2180 3572 2237 3614 pls
2248 3572 2312 3605 sic:
2334 3571 2407 3603 eius

1322 3627 1424 3651 causa
1436 3618 1620 3659 [paravisse
1631 3617 1783 3650 videtur:
1804 3627 1955 3659 quaeque
1972 3616 2046 3649 eius
2057 3625 2158 3648 causa
2189 3619 2308 3658 parata
2327 3619 2407 3648 sunt

1323 3665 1380 3705 (u)
1406 3663 1488 3695 item
1500 3676 1562 3696 scr.
1674 3664 1732 3704 (¹5)
1757 3663 1952 3705 requiritur.-
1965 3662 2045 3694 item
2058 3662 2207 3693 iumenta
2221 3661 2271 3694 vel
2283 3660 2404 3693 burdo-

1322 3718 1400 3742 nesx
1421 3708 1501 3740 item
1515 3708 1637 3741 lectica
1647 3707 1700 3740 vel
1715 3706 1798 3739 sella
1941 3709 2001 3746 (16)
2024 3707 2163 3739 comites
2177 3706 2406 3751 Bynkmlaoek

1322 3759 1380 3796 (17)
1406 3754 1527 3787 excidit
1538 3759 1639 3798 caput
1649 3753 1690 3786 ds
1701 3753 1895 3786 vatimentis
1906 3751 2112 3786 muliebribus
