2528 3918
122 114 124 116 ’
139 129 382 162 summo
411 129 470 160 n‘r
499 129 762 161 cnmmmo

142 244 180 278 11
229 240 268 276 111
292 240 435 276 alumno
455 238 575 275 occiso
596 237 699 275 locus
720 242 775 274 est
793 241 941 274 senatus
962 239 1138 275 consulto.
1174 238 1231 274 De

138 286 264 322 matris
294 285 405 322 servis
435 283 509 320 filio
540 283 658 320 filiave
685 284 814 320 occisis
838 284 999 329 quaestio
1024 295 1098 319 non
1120 283 1231 319 habe-

143 334 182 367 12
230 331 337 367 bitur.
377 329 415 366 Si
437 332 542 376 pater
565 329 611 365 ab
635 329 799 365 hostibus
820 339 863 365 ca
888 332 947 364 tus
968 330 1024 373 sit,
1050 329 1230 375 quaestio-

138 386 220 413 nem
251 375 296 412 de
326 375 437 412 servis
467 373 668 410 habendam
699 378 736 410 et
766 384 858 420 supp
876 374 981 410 'cium
1011 375 1085 410 filio
1110 375 1230 410 occiso

140 422 194 458 ele
218 425 321 458 anter
336 420 509 456 Scaevola
521 420 588 455 ait:
610 419 708 465 quod
727 420 833 455 etiam
851 424 936 465 post
951 425 1101 456 mortem
1117 419 1231 466 patris

139 432 282 513 progbat‚
313 466 344 502 si
367 468 462 508 ante,
494 475 602 511 quam
626 465 658 500 ei
682 475 769 501 suus
793 465 897 500 heres
922 465 1063 507 existat,
1089 465 1230 501 occisus

144 515 183 548 13
228 511 348 548 fuerit.
395 510 496 546 Idem
519 510 691 546 Scaevola
714 510 766 546 ait
789 510 1014 546 constantius
1038 510 1230 546 defenden-

139 557 225 593 dum
246 555 379 593 herede
401 555 566 591 instituto
590 555 664 591 filio
689 555 734 591 de
751 555 808 591 his
829 556 1075 601 quaestionem
1093 555 1230 591 haben-

140 603 222 638 dam
253 605 289 638 et
320 601 555 647 supplicium,
588 601 650 646 qui
679 610 769 646 pure
799 601 908 653 legati
938 601 994 636 vel
1023 600 1231 653 manumissi

139 651 241 690 sunt,
274 650 358 682 ante
385 646 519 682 aditam
542 646 776 681 hereditatem
799 645 872 682 fiho
897 646 1037 682 occiso:
1070 655 1230 692 quamue

139 693 241 734 enim,
267 692 299 728 si
316 692 459 734 viveret,
482 690 615 727 herede
635 701 676 727 eo
691 692 865 727 existente
883 691 997 736 ipsius
1017 702 1090 727 non
1111 694 1232 727 essent

137 737 261 780 futuri,
286 740 446 773 attamen
465 736 529 772 ubi
548 736 712 779 decessit,
738 738 832 782 qua¹
857 737 1052 772 extinctum
1075 737 1231 782 legatum

138 787 175 819 et
204 783 352 819 libertas
383 785 456 823 est,
495 785 641 817 senatus
673 782 838 818 consulto
870 781 951 817 fore
981 783 1099 818 locum
1131 781 1229 817 dicit.

140 831 182 864 14
229 827 268 863 Si
289 830 393 874 pater
415 830 565 863 necatus
589 827 652 869 sit,
684 837 732 862 an
763 827 807 862 de
838 828 948 863 servis
978 827 1042 863 filii
1089 827 1230 863 uaestio

136 873 332 916 habeatur,
364 872 395 908 si
421 871 518 908 forte
549 872 724 908 castrensi
755 872 895 918 peculio
928 883 1049 909 servos
1105 872 1231 908 abuit?

137 922 175 954 et
208 918 320 971 magis
353 920 408 954 est
438 917 684 963 quaestionem
715 917 760 953 de
791 918 902 954 servis
933 917 998 953 filii
1028 917 1231 954 habendam

137 963 424 1009 suppliciumque
443 963 667 1006 sumendum,
693 963 800 999 ²licet
823 973 896 999 non
920 963 967 999 sit
988 964 1027 999 in
1050 965 1232 1009 potestate

138 1012 180 1045 15
227 1008 333 1044 filius.
382 1007 420 1044 Si
443 1008 498 1044 vir
528 1011 593 1043 aut
619 1019 711 1044 uxor
734 1008 846 1044 occisi
869 1019 946 1044 esse
969 1012 1230 1054 proponantur,

137 1054 182 1091 de
205 1054 316 1090 servis
341 1064 465 1090 eorum
489 1054 650 1099 quaestio
674 1053 846 1097 habetur,
875 1064 1092 1100 quamquam
1115 1063 1231 1099 neque

135 1100 203 1135 viri
226 1099 319 1135 servi
341 1109 407 1145 pro
435 1099 487 1134 rie
509 1099 631 1134 uxoris
656 1099 823 1135 dicantur
845 1110 962 1152 neque
992 1100 1116 1135 uxoris
1147 1109 1230 1144 pro-

161 1145 215 1181 rie
248 1144 331 1180 viri:
371 1154 410 1180 80
473 1144 559 1190 quia
597 1145 789 1180 commixta
826 1144 964 1180 familia
999 1148 1054 1180 est
1088 1148 1124 1180 et
1158 1153 1232 1179 una

162 1199 264 1226 omns
296 1192 369 1233 est,
401 1189 454 1225 ita
476 1189 728 1225 vindicandum
752 1193 859 1235 atque
881 1190 917 1225 in
941 1190 1095 1236 propriis
1119 1189 1230 1225 servis

141 1238 181 1272 16
228 1238 374 1271 senatus
399 1234 549 1271 censuit.
598 1234 669 1270 Sed
695 1245 812 1281 neque
835 1245 947 1271 uxore
970 1236 1092 1271 occisa
1115 1244 1232 1280 neque

136 1281 265 1316 marito
289 1280 334 1316 de
357 1281 466 1316 servis
491 1280 607 1316 soceri
631 1281 877 1326 quaestionem
899 1280 1102 1316 habendam
1125 1289 1229 1316 sena-

135 1330 195 1362 tus
220 1325 376 1361 censuit:
401 1325 597 1361 Marcellus
620 1330 740 1361 autem
762 1326 853 1361 libro
879 1326 1089 1362 duodecimo
1114 1325 1230 1370 diges-

135 1374 256 1407 torum
287 1370 395 1406 etiam
426 1369 464 1405 111
495 1370 611 1406 800011
642 1371 752 1406 801118
783 1371 877 1407 1(10111
912 1371 1007 1417 quod
1040 1371 1078 1406 in
1112 1370 1232 1406 mariti

139 1419 179 1451 17
227 1419 325 1451 recte
345 1415 444 1450 dixit.
478 1415 688 1451 occisorum
709 1416 950 1462 appellatione
970 1426 1032 1452 eos
1055 1416 1231 1452 contineri

135 1461 260 1497 Labeo
284 1460 428 1503 scribit,
463 1460 523 1505 qui
555 1471 621 1506 per
650 1462 720 1496 vim
751 1465 816 1497 aut
840 1462 987 1498 caedem
1010 1465 1096 1497 sunt
1119 1462 1229 1496 inter-

134 1506 241 1548 fecti,
266 1509 308 1541 ut
330 1508 420 1551 puta
442 1506 642 1551 iugulatum
665 1507 929 1552 strangulatum
951 1507 1231 1553 praecipitatum

133 1551 190 1587 vel
213 1551 327 1587 saxo³
350 1550 406 1587 vel
427 1551 523 1587 fuste
545 1551 602 1587 vel
623 1552 658 1587 la
683 1551 742 1587 ide
760 1562 973 1598 percussum
990 1552 1047 1588 vel
1067 1563 1138 1597 quo
1159 1551 1230 1587 alio

139 1599 179 1632 18
225 1596 298 1632 telo
334 1599 512 1632 necatum.
569 1596 646 1641 Quo
707 1597 738 1632 si
772 1598 851 1642 quis
912 1601 978 1633 uta
1006 1607 1143 1633 veneno
1174 1597 1232 1632 vel

134 1641 242 1678 etiam
289 1652 336 1677 110
362 1641 432 1677 0110
457 1641 553 1687 quod
578 1642 669 1677 clam
692 1652 823 1678 necare
850 1653 890 1678 so
905 1646 965 1678 eat
995 1642 1231 1688 interemptus

135 1687 201 1730 sit,
234 1697 257 1722 a
315 1687 386 1723 hoc
418 1691 565 1723 senatus
598 1688 801 1723 consultum
823 1688 983 1724 vindicta
1004 1687 1130 1724 mortis
1155 1687 1231 1723 eius

134 1743 208 1768 non
238 1732 452 1778 pertinebit:
491 1732 561 1768 1100
596 1732 750 1775 idcirco,
784 1733 868 1778 quia
898 1733 1030 1769 totiens
1059 1732 1233 1779 puniendi

136 1781 222 1813 sunt
244 1777 347 1820 servi,
372 1777 457 1823 quia
479 1777 651 1813 auxilium
676 1778 818 1814 domino
843 1789 917 1814 non
939 1778 1111 1821 tulerunt,
1141 1789 1231 1824 quo-

134 1823 226 1859 tiens
257 1826 455 1868 potuerunt
486 1823 518 1858 ei
549 1823 720 1859 adversus
751 1824 821 1859 vim
854 1834 957 1869 opem
979 1823 1075 1859 ferre
1099 1827 1135 1859 et
1158 1834 1233 1860 non

134 1868 313 1904 tulerunt:
339 1871 498 1903 ceterum
517 1868 603 1914 quid
619 1873 815 1914 potuerunt
829 1869 952 1905 facere
967 1869 1138 1904 adversus
1157 1878 1230 1912 eos,

138 1916 179 1949 19
226 1913 287 1958 qui
306 1923 442 1949 veneno
464 1913 520 1949 vel
540 1924 611 1959 quo
632 1914 702 1949 alio
726 1924 824 1949 more
842 1914 1084 1950 insidiantur?
1118 1913 1232 1949 Plane

134 1959 166 1994 si
187 1968 363 1994 venenum
387 1968 453 2004 per
473 1959 544 1994 vim
567 1959 726 1994 infusum
750 1959 814 2002 sit,
847 1963 995 1995 senatus
1028 1959 1231 1995 consultum

134 2007 180 2039 20
226 2004 348 2039 locum
371 2004 492 2039 habet.
538 2004 691 2041 Ubicum
717 2014 762 2039 ue
785 2005 797 2039 i
822 2005 893 2040 'tur
914 2005 967 2040 vis
991 2004 1154 2040 adhibita
1177 2008 1233 2041 est

134 2059 228 2095 quae
250 2049 464 2085 interemere
487 2049 590 2092 solet,
618 2050 668 2085 ibi
719 2050 793 2085 ’cen
820 2061 880 2085 um
904 2054 959 2086 est
980 2050 1102 2086 locum
1125 2060 1230 2086 sena-

134 2097 175 2130 21
226 2098 286 2130 tus
311 2094 476 2130 consulto
500 2093 588 2130 fore.
627 2094 720 2139 Quid
744 2106 837 2140 ergo,
863 2096 894 2131 si
913 2096 1076 2131 dominus
1093 2105 1230 2131 veneno

134 2150 209 2176 non
226 2149 293 2185 per
309 2139 380 2175 vim
399 2143 550 2175 necatus
570 2149 648 2176 esse
663 2141 912 2186 proponatur?
934 2141 1148 2186 impunitum
1164 2140 1232 2177 erit

134 2185 299 2220 factum?
329 2184 428 2220 nullo
452 2184 579 2220 modo:
604 2186 688 2221 licet
711 2186 805 2220 enim
829 2189 949 2221 cessat
971 2189 1118 2222 senatus
1144 2196 1229 2222 0011-

135 2230 268 2266 sultum
287 2229 507 2265 Silanianum
529 2239 596 2266 nec
621 2231 782 2276 quaestio
805 2231 1091 2276 suppliciumque
1110 2231 1155 2267 de
1174 2231 1230 2267 his

135 2275 197 2322 qui
220 2275 288 2311 sub
313 2275 437 2311 eodem
459 2278 557 2311 tecto
580 2275 729 2311 fuerunt
750 2276 945 2319 habeatur,
969 2281 1092 2312 tamen
1115 2277 1146 2312 si
1170 2276 1231 2322 qui

135 2320 272 2357 conscii
294 2320 350 2356 vel
372 2319 530 2356 factores
554 2321 697 2357 sceleris
721 2320 887 2365 fuerunt,
918 2322 955 2357 hi
979 2322 1121 2358 demum
1144 2332 1229 2368 sup-

134 2365 242 2412 plicio
267 2365 485 2401 adficiuntur
493 2379 507 2411 :¹
530 2369 565 2401 et
588 2366 679 2402 adiri
702 2366 881 2403 hereditas
902 2368 1104 2413 aperirique
1121 2367 1229 2403 tabu-

135 2412 180 2446 22
226 2410 284 2446 lae
307 2410 415 2446 etiam
438 2414 524 2447 ante
566 2412 789 2448 uaestionem
808 2412 969 2448 habitam
989 2416 1154 2459 possunt.
1192 2412 1231 2448 Si

134 2455 206 2492 sibi
224 2466 351 2492 manus
372 2456 452 2502 quis
471 2422 602 2498 1011311,
625 2461 772 2493 8000108
792 2458 958 2494 00080110
979 2458 1122 2503 quidem
1139 2458 1229 2494 Sila-

134 2501 242 2537 niano
263 2501 366 2538 locus
384 2512 458 2537 non
477 2505 543 2545 081,
564 2502 626 2537 sed
648 2513 744 2538 mors
765 2502 841 2539 eius
859 2503 1073 2547 vindicatur,
1093 2504 1231 2539 scilicet

134 2549 195 2590 ut,
220 2546 253 2583 si
273 2546 313 2582 in
336 2550 533 2592 conspectu
555 2557 740 2583 801101010
762 2548 833 2584 1100
855 2548 943 2584 fecit
964 2552 1231 2594 potueruntque

135 2602 219 2627 eum
240 2591 279 2627 in
302 2601 342 2628 se
372 2592 588 2628 saevientem
614 2592 823 2637 prohibere,
853 2603 972 2639 poena
1002 2594 1229 2637 adficiantur,

137 2639 182 2673 23
229 2636 261 2673 si
282 2646 366 2673 vero
394 2648 469 2673 000
491 2641 704 2682 potuerunt,
735 2638 943 2674 liberentur.
991 2639 1030 2675 Si
1053 2640 1132 2685 quis
1156 2650 1230 2675 non

134 2685 233 2718 metu
264 2682 420 2718 criminis
450 2682 672 2726 inminentis,
713 2683 776 2719 sed
810 2684 930 2720 taedio
961 2684 1056 2720 vitae
1087 2685 1144 2720 vel
1173 2685 1228 2720 in-

134 2727 311 2774 patientia
339 2727 473 2764 doloris
505 2728 573 2763 sibi
601 2738 729 2764 manus
761 2728 901 2772 intulit,
933 2729 1009 2765 eius
1035 2733 1228 2766 testamen-

133 2775 214 2808 tum
243 2773 375 2819 aperiri
410 2776 446 2808 et
479 2773 625 2809 recitari
658 2773 783 2809 mortis
820 2784 926 2810 casus
960 2785 1034 2810 non
1068 2775 1227 2828 impedit.

136 2820 182 2854 24
226 2817 318 2854 Item
347 2818 436 2854 illud
466 2818 651 2854 sciendum
682 2823 756 2861 est,
796 2819 867 2855 nisi
903 2823 1042 2855 constet
1076 2820 1229 2866 aliquem

137 2873 217 2900 esse
247 2863 423 2904 occisum,
457 2874 530 2899 non
560 2864 686 2900 haberi
720 2864 764 2900 de
794 2864 931 2900 familia
963 2865 1227 2911 quaestionem:

135 2907 273 2954 liquere
295 2908 403 2954 igitur
425 2908 532 2944 (101101
555 2910 690 2945 8001010
712 2909 986 2955 interemptum,
1018 2914 1059 2946 ut
1083 2914 1228 2947 senatus

137 2955 180 2989 25
228 2953 393 2990 consulto
416 2953 518 2990 100118
538 2955 595 2990 sit.
637 2954 890 3000 Quaestionem
914 2959 1034 2991 autem
1057 2956 1110 2992 sic
1133 2957 1228 2992 acci-

136 2998 254 3044 pimus
285 3008 359 3034 non
386 3002 565 3035 tormenta
586 3003 746 3043 tantum,
779 3001 843 3037 sed
867 3011 1008 3037 omnem
1030 3001 1228 3047 inquisitio-

138 3045 183 3079 26
228 3054 310 3080 nem
333 3047 371 3079 et
393 3044 635 3081 defensionem
657 3046 793 3082 mortis.
835 3046 915 3082 Hoc
939 3050 1059 3082 autem
1083 3051 1229 3083 senatus

139 3089 342 3125 consultum
366 3099 427 3125 eos
451 3089 605 3135 quidem,
629 3091 691 3136 qui
714 3092 781 3126 sub
806 3091 931 3127 eodem
953 3095 1048 3128 tecto
1069 3091 1228 3135 fuerunt,

139 3133 340 3170 omnimodo
363 3134 478 3179 punit,
504 3145 565 3171 eos
589 3146 684 3179 vero,

733 3136 770 3171 ui
793 3147 865 3172 non
889 3137 956 3172 sub
977 3137 1102 3173 eodem
1119 3141 1228 3180 tecto,

139 3176 204 3212 sed
221 3178 260 3213 in
278 3178 401 3215 eadem
419 3180 575 3225 regione,
595 3191 668 3216 non

735 3185 800 3224 ter,
825 3182 893 3218 nisi
913 3183 1048 3218 conscii
1065 3182 1227 3218 fuissent.

141 3224 183 3257 27
232 3222 391 3259 ‘Eodem’
415 3228 537 3260 001010
560 3226 679 3261 ‘tecto’
704 3227 856 3272 qualiter
876 3227 1086 3273 accipiatur,
1109 3227 1228 3263 videa-

139 3276 239 3309 mus,
269 3272 389 3304 utrum
418 3270 516 3306 intra
543 3271 685 3307 eosdem
708 3272 863 3317 parietes
886 3282 934 3307 an
957 3275 993 3308 et
1015 3273 1112 3308 ultra
1133 3273 1230 3308 intra

141 3311 291 3348 eandem
322 3313 475 3350 diaetam
504 3315 560 3351 vel
592 3316 796 3352 cubiculum
826 3317 882 3352 vel
913 3317 1062 3353 eandem
1086 3318 1230 3354 domum

140 3357 196 3392 vel
227 3357 370 3393 eosdem
398 3359 522 3396 hortos
553 3361 609 3396 vel
639 3365 753 3398 totam
785 3362 913 3398 villam.
960 3367 996 3399 et
1025 3363 1076 3398 ait
1100 3363 1230 3400 Sextus

141 3402 194 3438 sic
217 3411 297 3438 esse
319 3412 427 3448 saepe
448 3404 665 3449 iudicatum,
689 3411 730 3442 ut
754 3408 967 3453 quicumque
992 3418 1033 3444 eo
1057 3409 1129 3444 1001
1151 3409 1229 3444 fue-

140 3451 244 3500 runt²
268 3447 364 3483 unde
386 3457 509 3484 vocem
532 3451 700 3487 exaudire
722 3456 935 3497 potuerunt,
962 3453 1000 3488 hi
1023 3454 1229 3500 puniantur,

143 3502 246 3538 quasi
276 3492 344 3528 sub
375 3493 500 3529 eodem
531 3499 627 3531 tecto
658 3496 822 3540 fuerunt,
853 3498 938 3533 licet
967 3499 1026 3533 alii
1048 3499 1230 3535 validioris

144 3606 185 3646 (ι)
211 3605 292 3648 quia
304 3606 376 3639 edd.
470 3607 515 3649 (2)
538 3607 685 3650 itemque
697 3610 894 3643 sumendum
910 3613 971 3644 ins.
1063 3614 1107 3654 (3)
1131 3622 1227 3655 prae-

144 3651 364 3694 cipitatumve
383 3660 464 3683 saxo
482 3663 545 3685 scr.
687 3654 731 3695 (4)
755 3664 859 3697 aeque
881 3657 940 3689 ins.
1080 3658 1123 3698 (5)
1149 3658 1181 3690 ei
1201 3657 1230 3690 S

144 3695 188 3735 (8)
213 3696 324 3739 ipsum
338 3696 370 3728 F
441 3698 485 3738 (7)
509 3695 551 3728 ob
564 3698 623 3730 ina.
638 3697 888 3733 Brencmannus
957 3701 1003 3743 (8)
1027 3701 1164 3734 fuerunt
1175 3702 1210 3735 F
1215 3702 1229 3722 ²

146 3740 191 3780 (9)
215 3739 373 3782 panibus
394 3741 430 3773 F
565 3744 625 3782 (ιο)
650 3743 681 3775 ni
698 3744 734 3775 F
869 3748 924 3785 (11)
950 3748 1064 3788 atque]
1086 3751 1146 3779 aut
1164 3759 1227 3780 scr.

1222 112 1301 162 411

2126 117 2337 161 XXVIIII
2367 122 2392 160 5

1299 238 1414 282 vocis,
1445 238 1506 274 alii
1536 238 1725 284 exiguioris
1757 243 1842 275 sunt
1872 250 1939 276 nec
1970 250 2094 277 01111108
2125 241 2213 277 undi
2238 241 2309 277 ue⁴
2332 251 2394 277 ex-

1301 286 1344 319 28
1392 283 1509 320 audiri
1547 287 1712 330 possunt.
1766 285 1873 320 quta
1911 285 1981 321 1100
2021 290 2140 322 tamen
2178 286 2212 323 vi
2239 289 2319 323 etur
2358 290 2395 322 et

1300 329 1402 365 divus
1432 329 1640 365 Hadrianus
1670 330 1898 375 rescripsisse
1927 331 1965 366 in
1995 331 2087 367 haec
2118 332 2244 368 verba:
2270 331 2395 374 2‘Servi

1300 377 1310 394 4
1402 375 1410 383 .
1593 375 1601 383 .
1631 375 1639 382 .
1737 375 1744 382 .
1872 375 1905 383 ..

1300 374 2394 467 «1ξὲξὲἲὲηιῇἳῗὲέῗίωῗῖἒαέιῗὲῗᾷῗηξὲἒῖθρξἓὲῗεξῗεηΐὲἒ

1301 465 1499 508 ‘ancillam‚
1531 475 1624 511 quae
1653 466 1692 501 in
1723 466 1848 501 eodem
1872 467 2032 502 conclavi
2056 478 2137 503 cum
2161 468 2305 504 domina
2327 477 2395 505 sua

1301 510 1448 554 ’1001-01,
1479 511 1652 546 auxilium
1675 510 1752 546 rei⁶
1773 510 1888 554 ferre,
1921 512 1950 546 si
1974 522 2047 547 non
2072 523 2114 548 co
2161 524 2222 549 ore
2246 523 2331 556 suo,
2356 517 2395 549 at

1300 558 1410 591 ‘certe
1439 566 1529 592 voce
1559 556 1779 602 plorantem,
1810 559 1852 592 ut
1884 556 1940 600 hi,
1973 557 2033 602 qui
2059 558 2096 592 in
2145 569 2225 594 omo
2250 558 2395 595 fuerant

1300 603 1378 636 ‘aut
1399 601 1505 637 vicini
1529 601 1706 644 audirent,
1731 602 1802 637 1100
1824 602 1930 647 ipso⁶
1953 602 2181 638 manifestum
2205 609 2270 647 est,
2296 603 2395 650 quod

1300 646 1402 682 ‘dixit
1424 656 1673 692 percussorem
1697 647 1765 682 sibi
1788 651 1939 683 mortem
1965 647 2157 690 minatum,
2191 649 2221 684 si
2251 650 2393 695 procla-

1301 694 1457 727 ι11108801.
1503 692 1669 727 ultimum
1698 692 1821 738 itaque
1848 692 2063 745 supplicium
2086 694 2161 739 pati
2186 694 2293 730 debet
2314 695 2395 731 vel⁷

1300 737 1401 779 ‘hoc,
1432 747 1480 772 110
1503 737 1613 773 001011
1636 737 1728 773 80111
1752 737 1901 773 credant
1923 748 1962 773 m
1984 738 2144 783 periculo
2170 739 2394 775 dominorum

1299 784 1343 817 29
1392 782 1473 818 ‘sibi
1492 792 1669 828 quemque
1690 783 1876 819 consulere
1896 783 2049 819 debere’.
2086 783 2166 820 Hoc
2180 786 2395 830 rescriptum

1298 827 1413 863 multa
1437 827 1614 863 continet:
1647 837 1731 863 nam
1755 828 1788 863 ei
1811 839 1884 864 non
1906 829 2043 874 parcit,
2074 829 2136 874 qui
2160 829 2284 865 eodem
2308 841 2394 867 con-

1301 872 1391 908 clavi
1422 871 1509 908 fuit:
1542 876 1580 908 et
1611 872 1661 916 ei,
1694 873 1755 918 qui
1778 873 1897 909 timuit
1918 874 2026 916 mori,
2059 885 2132 910 non
2155 874 2326 927 ignoscit:
2359 879 2395 911 01

1300 917 1396 963 quod
1415 918 1471 953 vel
1490 928 1580 954 voce
1599 922 1765 971 oporteat
1784 928 1905 955 servos
1925 919 2079 955 dominis
2099 920 2271 955 auxilium
2289 921 2394 964 ferre,

1300 966 1344 999 30
1389 963 1556 999 ostendit.
1601 963 1639 999 Sl
1663 964 1742 1009 quis
1765 964 1803 999 in
1826 964 1910 999 11Πο
1934 973 2043 1010 agens
2067 965 2208 1001 occisus
2232 966 2289 1008 sit,
2313 966 2395 1011 plus

1323 1018 1408 1044 uam
1427 1009 1588 1054 iniquum
1609 1012 1675 1052 081,
1696 1010 1727 1045 81
1742 1009 1837 1045 forte
1855 1009 1986 1045 diffusa
2000 1010 2074 1046 late
2088 1010 2237 1056 praedia
2251 1011 2395 1054 habeat,

1299 1019 1345 1090 {ie
1364 1054 1530 1089 omnibus
1550 1054 1612 1099 qui
1630 1054 1668 1090 in
1689 1065 1733 1090 ea
1751 1055 1896 1100 regione
1910 1055 2070 1091 fuerint⁸
2089 1056 2199 1092 servis
2216 1060 2252 1092 et
2268 1066 2394 1102 quaes-

1299 1099 1433 1135 tionem
1456 1100 1581 1135 haberi
1605 1103 1640 1135 et
1663 1100 1879 1146 supplicium
1903 1101 2014 1136 sumi:
2046 1100 2183 1137 sufficit
2215 1112 2297 1147 ergo
2322 1112 2396 1145 eos,

1300 1144 1362 1190 qui
1385 1155 1468 1180 cum
1490 1145 1570 1190 ipso
1595 1145 1656 1191 qui
1680 1146 1822 1181 occisus
1847 1146 1979 1181 dicitur
2000 1146 2149 1182 fuerunt
2172 1150 2208 1181 et
2231 1147 2293 1193 qui
2316 1157 2395 1183 sus·

1300 1189 1444 1236 picione
1468 1189 1590 1226 caedis
1614 1193 1679 1226 aut
1702 1191 1923 1227 conscientia
1946 1191 2038 1227 attin
2063 1192 2070 1199 '
2096 1192 2329 1236 videbuntur,
2353 1192 2398 1229 (10

1300 1238 1340 1271 31
1391 1235 1446 1271 1118
1471 1236 1718 1288 quaestionem
1740 1236 1876 1272 haberi.
1919 1236 2008 1272 Cum
2053 1237 2193 1273 ominus
2212 1238 2251 1273 in
2270 1238 2398 1274 itinere

1300 1285 1396 1316 esset
1419 1291 1579 1324 00018118,
1614 1281 1657 1317 (10
1680 1281 1756 1325 1118,
1788 1282 1850 1328 qui
1875 1292 1949 1317 una
1973 1293 2055 1318 cum
2079 1293 2120 1318 00
2143 1282 2292 1319 fuerunt
2315 1294 2397 1320 cum

1300 1326 1526 1362 occideretur
1549 1326 1615 1369 vel,
1650 1337 1731 1363 cum
1753 1338 1828 1363 una
1850 1326 2015 1371 fuissent,
2039 1327 2285 1374 profugerunt,
2310 1339 2396 1375 sup-

1324 1371 1445 1407 licium
1468 1371 1680 1407 sumendum
1705 1375 1768 1408 est.
1817 1373 1913 1418 quod
1944 1373 1975 1409 si
2007 1384 2090 1409 cum
2121 1373 2263 1410 domino
2292 1384 2396 1411 nemo

1298 1382 1369 1452 {uit
1392 1427 1474 1452 cum
1497 1416 1742 1461 occideretur,
1775 1422 1920 1454 cessant
1950 1418 2022 1454 ista
2048 1422 2195 1455 senatus
2220 1420 2397 1456 consulta.

1300 1465 1344 1498 32
1390 1461 1560 1507 Impubes
1596 1473 1719 1499 servus
1754 1463 1810 1499 vel
1844 1464 1977 1499 ancilla
2009 1464 2169 1500 nondum
2202 1465 2398 1511 viripotens

1298 1517 1373 1543 non
1395 1507 1434 1543 in
1458 1507 1582 1543 eadem
1607 1518 1719 1544 causa
1742 1512 1866 1545 erunt:
1892 1512 1994 1546 aetas
2015 1510 2108 1545 enim
2128 1511 2398 1547 excusationem

1300 1555 1344 1588 33
1390 1556 1571 1605 meretur..
1615 1553 1798 1620 Imsspuberi
1836 1558 1956 1590 autem
1995 1559 2116 1590 utrum
2149 1556 2187 1591 in
2221 1556 2397 1602 supplicio

1299 1600 1440 1633 tantum
1471 1608 1653 1643 parcimus
1709 1609 1757 1634 an
1787 1610 1870 1636 vero
1896 1600 2003 1636 0110111
2025 1602 2064 1636 111
2087 1602 2322 1647 quaestione?
2361 1605 2399 1638 et

1298 1642 1412 1688 magis
1444 1647 1517 1686 est,
1550 1647 1592 1678 ut
1623 1643 1668 1679 de
1697 1644 1883 1690 impubere
1913 1655 1980 1681 nec
2011 1646 2174 1691 quaestio
2198 1647 2396 1683 habeatur:

1300 1692 1337 1724 et
1368 1687 1456 1724 alias
1489 1688 1580 1724 solet
1611 1689 1682 1725 hoc
1714 1690 1752 1725 in
1785 1700 1855 1725 usu
1886 1690 2087 1729 observari.
2119 1695 2162 1727 ut
2191 1692 2239 1727 im
2265 1692 2397 1729 uberes

1299 1744 1373 1769 non
1403 1738 1658 1779 torqueantur:
1694 1735 1823 1771 terreri
1855 1738 1997 1771 tantum
2032 1736 2148 1772 solent
2185 1740 2221 1772 et
2281 1738 2398 1774 abena

1301 1781 1345 1814 34
1390 1779 1447 1814 vel
1477 1778 1595 1815 ferula
1627 1780 1738 1816 caedi.
1786 1780 2021 1816 Excusantur
2047 1784 2169 1817 autem
2193 1783 2303 1825 servi,
2337 1783 2396 1829 qui

1300 1824 1473 1859 auxilium
1495 1824 1657 1860 tulerunt
1680 1826 1758 1861 sine
1782 1825 1865 1862 dolo
1889 1826 2003 1862 malo:
2029 1837 2112 1863 nam
2136 1827 2167 1863 si
2190 1827 2294 1863 finxit
2318 1838 2357 1864 se
2371 1830 2395 1851 ¹⁰

1300 1869 1380 1915 quis
1412 1869 1584 1905 auxilium
1615 1870 1711 1906 ferre
1742 1871 1797 1906 vel
1828 1871 1918 1907 dicis
1940 1873 2058 1916 gratia
2079 1872 2183 1916 tulit,
2214 1873 2303 1908 nihil
2327 1874 2393 1910 hoc

1300 1917 1342 1950 35
1392 1919 1633 1951 commentum
1657 1916 1689 1951 ei
1712 1916 1881 1961 proderit.
1922 1917 2065 1953 Tulisse
2084 1921 2206 1954 autem
2225 1918 2394 1956 auxilium

1299 1970 1373 1995 non
1395 1963 1538 1996 tantum
1560 1960 1591 1996 is
1614 1960 1756 1997 videtur
1779 1961 1841 2007 qui
1861 1963 2015 1998 servavit
2034 1962 2230 2008 dominum,
2252 1964 2323 2000 hoc
2343 1968 2398 2000 081

1299 2005 1362 2051 qui
1383 2005 1504 2051 potuit
1525 2006 1578 2041 ita
1601 2016 1706 2052 opem
1729 2006 1840 2049 ferre,
1871 2011 1913 2043 ut
1944 2008 2065 2044 salvus
2097 2012 2192 2044 esset
2219 2009 2398 2053 dominus,

1298 2061 1422 2103 verum
1445 2051 1476 2086 is
1490 2061 1662 2132 011οέοᾳ
1695 2052 1756 2098 qui
1780 2052 1954 2134 quidquid
1976 2054 2097 2106 potuit
2119 2053 2222 2097 fecit,
2254 2057 2398 2092 tametsi

1300 2095 1464 2132 dommus
1487 2100 1561 2132 1nte
1597 2100 1699 2133 ectus
1723 2101 1795 2134 est:
1827 2108 1870 2134 10
1885 2102 1937 2133 011
1969 2099 2000 2134 81
2030 2109 2109 2144 quis
2137 2100 2323 2143 clamavit,
2355 2106 2396 2137 ut

1299 2141 1347 2177 ad
1382 2142 1552 2177 auxilium
1588 2143 1855 2186 conveniretur,
1899 2147 1963 2179 aut
1999 2145 2128 2180 terruit
2166 2145 2398 2190 adgressores

1299 2190 1407 2232 atque
1420 2188 1447 2209 ¹¹
1488 2187 1519 2222 si
1558 2188 1638 2233 quis
1677 2189 1820 2224 turbam
1855 2190 2065 2225 convocavit
2099 2193 2164 2226 aut
2198 2191 2229 2226 si
2264 2202 2399 2236 corpus

1299 2243 1405 2268 suum
1435 2233 1567 2268 obiecit
1600 2233 1654 2268 vel
1686 2234 1776 2270 alias
1809 2244 1959 2279 corpore
1992 2245 2058 2270 suo
2094 2236 2269 2271 auxilium
2303 2237 2395 2272 tulit.

1299 2280 1343 2313 36
1388 2276 1473 2313 Non
1495 2281 1785 2325 tamensemper
1812 2280 1872 2325 qui
1897 2280 2051 2316 clamore
2074 2291 2161 2317 usus
2187 2285 2259 2324 est,
2292 2283 2397 2318 auxi-

1297 2323 1384 2358 lium
1403 2323 1530 2359 tulisse
1547 2323 1705 2360 videtur:
1731 2324 1817 2370 quid
1837 2325 1940 2368 enim,
1965 2326 2006 2368 si,
2032 2336 2114 2361 cum
2136 2331 2260 2371 posset
2286 2337 2395 2364 manu

1299 2367 1476 2413 depellere
1500 2378 1523 2403 a
1546 2368 1690 2405 domino
1740 2370 1931 2413 ericulum,
1955 2371 2014 2406 ille
2038 2371 2230 2407 clamorem
2252 2372 2397 2408 inanem

1299 2416 1340 2449 37
1391 2413 1521 2459 elegit?
1551 2414 1696 2459 plecten
1721 2425 1764 2451 us
1790 2416 1914 2461 utique
1938 2417 2015 2451 erit.
2051 2416 2143 2461 Quid
2167 2417 2198 2452 si
2217 2417 2398 2454 vulnerati

1298 2459 1371 2494 sint
1395 2459 1498 2501 servi,
1527 2470 1609 2494 cum
1631 2464 1860 2506 protegerent
1883 2461 2091 2497 dominum?
2126 2461 2315 2498 dicendum
2339 2467 2395 2499 est

1298 2503 1400 2585 parci
1432 2505 1482 2539 eis
1516 2504 1663 2548 debere,
1696 2505 1766 2541 nisi
1799 2507 1830 2542 si
1861 2510 1926 2541 aut
1956 2507 2025 2552 ipsi
2056 2506 2125 2542 sibi
2152 2507 2301 2543 vulnera
2322 2508 2395 2545 ista

1314 2554 1462 2585 ecerunt
1485 2549 1571 2585 data
1594 2561 1724 2596 opera,
1748 2561 1794 2587 ne
1817 2551 2048 2596 punirentur,
2077 2555 2142 2588 aut
2163 2552 2252 2588 talia
2264 2554 2293 2575 ¹²
2316 2554 2392 2590 vul-

1297 2604 1387 2630 nera
1408 2594 1469 2630 isti
1492 2600 1731 2641 acceperunt,
1762 2600 1804 2632 ut
1835 2600 1982 2677 gossent
2012 2597 2122 2632 nihilo
2147 2597 2265 2634 minus
2289 2610 2394 2644 opem

1298 2643 1342 2676 38
1388 2639 1502 2683 ferre,
1534 2641 1565 2676 si
1588 2641 1794 2677 voluissent.
1867 2642 1879 2676 i
1912 2641 2076 2678 dominus
2107 2642 2290 2679 mortifere
2315 2645 2392 2680 vul-

1297 2689 1445 2721 neratus
1476 2686 1711 2731 supervixerit
1738 2696 1805 2722 nec
1830 2687 1875 2722 de
1897 2697 2076 2732 quoquam
2100 2698 2282 2724 servorum
2307 2692 2391 2725 suo-

1297 2741 1376 2766 rum
1401 2735 1616 2776 conquestus
1641 2732 1697 2774 sit,
1723 2732 1862 2767 etiamsi
1884 2732 1951 2768 sub
1973 2732 2098 2769 eodem
2116 2736 2214 2769 tecto
2232 2734 2391 2779 fuerunt,

1296 2779 1418 2812 tamen
1440 2777 1658 2822 parcendum
1682 2776 1752 2812 illis
1776 2777 1853 2812 erit.

1343 2819 1370 2858 2
1409 2820 1697 2857 CALLISTRATUS
1736 2822 1828 2858 libro
1895 2823 1998 2858 uinto
2041 2822 2086 2859 de
2123 2824 2392 2870 coqnitionibus

1296 2866 1410 2902 Divus
1434 2866 1582 2902 Marcus
1607 2866 1821 2903 Commodus
1833 2867 1863 2889 ¹³
1915 2867 2007 2904 isoni
2029 2868 2214 2914 rescripsit
2240 2869 2277 2904 in
2301 2870 2391 2906 haec

1296 2911 1423 2947 verba:
1464 2911 1566 2947 ‘Cum
1607 2912 1808 2948 constiterit
1845 2913 1943 2959 apud
1976 2917 2031 2957 te,
2067 2913 2152 2950 Piso
2195 2915 2395 2958 carissime,

1297 2956 1437 2992 ‘Iulium
1468 2956 1670 2999 Donatum,
1710 2961 1946 3004 posteaquam
1985 2959 2199 2995 conterritus
2234 2960 2391 2996 adventu

1298 3002 1489 3037 ‘latronum
1508 3001 1717 3047 profugerat
1729 3003 1758 3026 ¹⁴
1776 3003 1895 3039 villam
1913 3013 2028 3047 suam,
2052 3005 2277 3040 vulneratum
2298 3015 2387 3048 esse,

1298 3050 1392 3081 ‘mox
1425 3050 1640 3083 testamento
1674 3047 1774 3084 facto
1807 3059 1984 3095 purgasse
2013 3048 2173 3085 officium
2204 3060 2391 3086 servorum

1297 3095 1474 3135 ‘suorum‚
1507 3102 1574 3128 nec
1605 3093 1721 3138 pietas
1743 3104 1810 3139 pro
1834 3095 1944 3131 servis
1957 3096 1986 3117 ¹⁵
2007 3105 2075 3130 nec
2097 3095 2300 3130 sollicitudo
2324 3095 2386 3131 he-

1298 3136 1404 3173 ‘redis
1428 3137 1590 3183 optinere
1613 3137 1738 3182 debet,
1762 3142 1804 3175 ut
1827 3139 1873 3175 ad
1896 3150 2049 3186 poenam
2072 3144 2263 3182 vocentur,
2297 3150 2387 3185 quos

1298 3181 1466 3218 ‘absolvit
1489 3182 1653 3219 dominus
1675 3183 1689 3219 i
1715 3184 1776 3220 se'.

1343 3225 1367 3266 3
1410 3228 1437 3249 ¹⁸
1452 3226 1649 3264 Urmnvs
1700 3228 1779 3265 ibro
1839 3230 2113 3276 uinquaqesz'mo
2149 3229 2199 3264 ad
2231 3229 2393 3265 edictum·

1297 3272 1336 3309 Si
1383 3272 1440 3308 uis
1462 3272 1541 3308 in¹⁷
1564 3273 1664 3319 gravi
1685 3274 1804 3310 valetu
1832 3275 1889 3310 ‘ne
1912 3274 2076 3310 adfectus
2108 3284 2211 3318 opem
2243 3273 2394 3326 domino·

1300 3322 1314 3353 1
1381 3327 1459 3354 erre
1481 3328 1555 3354 non
1576 3319 1745 3364 potuerit,
1769 3319 2048 3355 subveniendum
2073 3322 2127 3354 est
2150 3318 2192 3353 ei.
2244 3318 2282 3353 Si
2305 3328 2389 3363 quis

1297 3363 1451 3399 moriens
1487 3363 1635 3400 dixisset
1668 3374 1692 3399 a
1726 3374 1828 3402 servo
1862 3365 1933 3400 vim
1967 3364 2089 3399 mortis
2126 3363 2270 3398 allatam
2307 3373 2387 3398 esse

1298 3408 1387 3450 sibi,
1419 3408 1608 3444 dicendum
1640 3413 1695 3445 est
1725 3420 1797 3446 non
1822 3420 1898 3445 esse
1923 3409 2137 3445 credendum
2161 3408 2321 3450 domino,
2354 3408 2386 3443 si

1299 3456 1318 3489 2
1364 3453 1519 3489 moriens
1534 3454 1605 3490 1100
1621 3454 1720 3497 dixit,
1745 3455 1813 3490 nisi
1832 3454 1990 3500 potuerit
2006 3457 2042 3489 et
2056 3453 2212 3498 probari.
2252 3452 2290 3487 Si
2309 3462 2384 3487 ma-

1297 3499 1385 3534 ritus
1408 3509 1557 3534 uxorem
1578 3503 1690 3535 noctu
1711 3501 1807 3535 intra
1831 3499 2032 3535 cubiculum
2053 3508 2174 3533 secum
2194 3498 2385 3533 cubantem

1298 3613 1357 3653 (12)
1382 3611 1451 3644 alia
1471 3611 1505 3645 F
1659 3613 1717 3651 (13)
1750 3613 1847 3645 divus
1867 3612 2000 3643 Marcus
2021 3621 2097 3643 cum
2118 3610 2298 3644 Commodo
2317 3623 2391 3646 scr..

1299 3658 1356 3696 (14)
1382 3657 1424 3689 ad
1436 3657 1497 3691 ins.
1512 3657 1761 3691 Brencmannus
1839 3662 1895 3699 115)
1920 3667 1981 3698 pro
1994 3656 2111 3696 servis]
2125 3666 2306 3698 prosoorus
2317 3668 2381 3689 scr.

1299 3704 1358 3743 (16)
1379 3714 1465 3745 pars
1479 3707 1495 3742 ἐ
1509 3710 1542 3736 14
1552 3718 1598 3731 ===
1608 3702 1655 3735 D.
1669 3704 1723 3741 50,
1737 3710 1781 3742 16,
1795 3709 1846 3735 197
1919 3702 1978 3743 (Π)
2003 3701 2040 3733 in
2055 3701 2115 3734 del.
2130 3701 2222 3744 Sct'p.
2241 3701 2390 3735 Gentilis

2042 3801 2107 3834 52*
