2528 3918
110 170 353 204 FALCIDIAM

110 284 230 326 trahit,
255 282 317 318 sed
344 282 469 326 quanti
493 281 682 317 statuliber
704 279 858 315 moriens
882 279 994 314 fuisse
1007 278 1196 315 videbitur.

111 333 130 364 2
177 328 378 373 Imperator
410 327 558 362 Marcus
596 325 800 361 Antoninus
841 324 997 360 decrevit
1037 324 1196 367 heredes,

110 373 238 420 quibus
262 383 347 418 pars
373 372 549 408 bonorum
572 371 696 406 ablata
719 374 793 413 est,
825 380 898 405 non
928 369 965 404 in
990 370 1198 416 ampliorem

108 422 245 465 partem
269 427 376 463 quam
399 428 465 463 pro
489 426 534 452 ea
563 419 668 462 parte
698 425 790 460 quae
821 415 947 450 relicta
976 419 1031 450 est
1061 416 1197 461 legato·

110 469 129 499 3
176 474 255 499 rum
278 464 420 498 nomine
448 461 574 498 teneri.
622 461 712 497 Cum
746 461 889 506 quidam
921 464 1024 505 parte
1054 460 1198 496 dimidia

109 511 284 545 bonorum
308 509 475 553 adempta
505 507 634 542 fuisset
664 506 844 551 relegatus
876 505 1040 550 idemque
1068 517 1196 552 provo-

109 554 249 590 catione
284 552 496 598 interposita
534 556 747 588 testamento
777 554 905 596 postea
935 551 1033 587 facto
1064 551 1200 587 obisset

109 604 214 645 atque
243 603 326 644 post
348 602 499 634 mortem
523 598 599 633 eius
630 608 703 632 non
734 597 827 632 iuste
863 597 1083 642 appellatum
1105 600 1200 632 esset

108 644 395 691 pronuntiatum:
421 643 621 689 quaesitum
645 646 710 686 est,
735 646 855 678 utrum
871 642 963 677 aeris
987 642 1095 677 alieni
1117 642 1198 677 loco

134 701 193 726 ars
218 690 363 725 dimidia
394 688 622 731 abscederet,
654 693 696 723 ut
725 687 871 723 residua
902 688 980 723 sola
1020 687 1200 723 videretur

123 736 218 771 uisse
240 735 278 771 in
301 735 422 777 bonis,
447 745 494 770 an
517 744 601 770 vero
626 733 788 769 succurri
811 733 935 769 heredi
958 733 1199 768 necessarium

109 791 188 817 esse
218 780 405 816 videbitur.
452 779 516 816 sed
551 778 691 814 videtur
729 778 893 814 succurri
925 778 1074 821 debere,
1117 788 1198 814 cum

108 827 247 862 animus
278 825 450 871 litigantis
483 829 519 860 et
532 826 543 846 ¹
568 824 752 870 optinendi
781 828 904 859 votum
934 824 1028 859 hanc
1059 823 1197 870 opinio-

108 875 128 907 4
176 882 256 907 nem
279 870 445 906 admittit.
492 870 531 906 Si
562 880 685 906 servus
720 872 935 905 testamento
959 870 1198 905 manumissus

109 921 191 952 ante
215 917 349 952 aditam
372 916 606 951 hereditatem
630 914 799 956 decedat,
823 915 946 950 heredi
971 914 1113 959 quidem
1136 925 1197 960 pe·

109 963 197 998 risse
219 961 457 1007 intellegitur:
491 961 556 997 sed
579 961 680 996 cuius
704 960 812 1006 pretii
835 961 919 1003 erit,
945 961 1025 1006 qui,
1051 960 1081 996 si
1103 960 1197 996 vive-

108 1012 173 1051 ret,
198 1018 271 1043 non
293 1007 567 1043 aestimaretur?
592 1017 675 1041 nam
698 1010 735 1042 et
757 1016 830 1048 eos,
855 1006 916 1051 qui
939 1005 1112 1041 moriente
1134 1005 1197 1041 do-

107 1054 203 1089 mino
227 1063 270 1088 ea
293 1052 497 1088 valetudine
521 1051 642 1087 affecti
665 1051 819 1094 fuerant,
844 1055 886 1086 ut
909 1061 969 1087 eos
994 1061 1066 1086 non
1090 1061 1197 1097 posse

109 1100 224 1134 vivere
248 1102 386 1134 certum
410 1101 515 1140 esset,
540 1101 671 1140 tamen,
697 1097 728 1133 si
750 1100 878 1143 postea
900 1097 1111 1140 moriantur,
1136 1097 1198 1132 he-

108 1144 251 1179 reditati
286 1144 420 1189 perisse
454 1154 665 1188 responsum
702 1147 767 1178 est.
823 1152 890 1177 nec
924 1142 1024 1178 aliud
1057 1142 1094 1177 111
1132 1142 1199 1184 1118,

109 1191 169 1235 qui
193 1190 260 1225 sub
284 1189 408 1225 eodem
431 1192 528 1224 tecto
552 1188 708 1230 fuerunt,
735 1199 817 1223 cum
831 1188 995 1223 dominus
1020 1198 1042 1223 a
1065 1187 1201 1223 familia

109 1239 128 1270 5
178 1239 377 1270 necaretur.
427 1234 530 1279 Quod
561 1234 666 1278 vulgo
698 1233 828 1269 dicitur
858 1234 897 1269 in
926 1233 1061 1269 tabulis
1084 1233 1198 1278 patris

108 1284 144 1316 et
166 1281 231 1315 filii
255 1290 363 1315 unam
385 1279 582 1315 Falcidiam
606 1279 742 1315 servari
765 1289 874 1324 quam
895 1282 1112 1324 potestatem
1135 1279 1200 1313 ha-

110 1327 202 1370 beat,
226 1325 415 1360 videndum
439 1328 510 1361 est:
543 1325 702 1371 quamvis
732 1326 824 1360 enim
857 1325 1074 1360 substitutus
1108 1334 1199 1369 quae

108 1382 130 1406 a
153 1370 288 1417 pupillo
313 1371 439 1406 relicta
469 1374 568 1414 sunt,
600 1381 681 1406 cum
711 1369 806 1405 filius
838 1370 943 1406 heres
975 1369 1127 1413 exstitit,
1157 1373 1199 1404 ut

108 1427 169 1452 aes
201 1416 356 1451 alienum
396 1415 580 1461 quodlibet
613 1415 761 1458 debeat,
805 1418 927 1451 tamen
964 1418 1114 1460 propter
1142 1425 1198 1458 ea,

109 1472 199 1507 quae
224 1462 309 1496 data
334 1466 418 1496 sunt
439 1461 572 1497 tabulis
596 1460 782 1503 secundis,
816 1460 1073 1496 contributioni
1096 1460 1198 1496 locus

111 1510 175 1543 est.
223 1507 418 1542 secundum
442 1517 535 1552 quae
557 1506 691 1552 poterit
713 1506 872 1550 evenire,
905 1516 951 1542 ne
980 1506 1198 1542 substitutus

108 1552 299 1599 quicquam
322 1552 475 1588 retineat
497 1552 553 1588 vel
581 1555 622 1587 ut
651 1552 757 1596 longe
785 1552 869 1597 plus
891 1552 1024 1587 habeat
1048 1556 1199 1605 quartae

109 1602 281 1643 paternae
302 1597 522 1642 hereditatis.
570 1597 656 1643 quid
680 1607 775 1642 ergo,
800 1597 830 1633 si
853 1608 927 1633 non
950 1596 1109 1633 sufficiat
1130 1608 1197 1643 pu-

108 1643 183 1692 pilli
206 1643 385 1680 hereditas
410 1643 545 1688 legatis‚
572 1654 653 1678 cum
674 1643 789 1688 patris
813 1642 1037 1679 suffecisset?
1062 1643 1107 1678 de
1131 1653 1196 1678 suo

108 1692 322 1737 (quadrante
345 1688 548 1732 1111111111111)2
572 1688 673 1723 dabit
684 1688 913 1730 substitutus,
939 1688 1108 1734 quoniam
1132 1698 1197 1734 pa-

108 1742 164 1773 ter
195 1737 325 1782 legavit
358 1736 402 1771 de
437 1745 522 1772 suo:
556 1745 624 1771 nec
652 1734 700 1770 ad
726 1745 803 1770 rem
832 1734 1007 1780 pertinet,
1034 1733 1130 1779 quod
1152 1743 1197 1769 ex

110 1783 204 1818 nullo
240 1785 454 1818 testamento
489 1783 695 1826 praestatur
731 1780 828 1815 ultra
857 1781 951 1815 vires
979 1779 1196 1825 patrimonii,

107 1839 188 1864 cum
211 1828 249 1862 in
272 1828 342 1862 hac
366 1830 469 1872 parte
492 1826 580 1861 iuris
603 1826 733 1871 legata,
757 1835 850 1870 quae
873 1825 1005 1860 tabulis
1029 1824 1197 1860 secundis

107 1874 195 1909 relin
221 1876 367 1915 uuntur,
393 1872 495 1917 quasi
518 1872 643 1917 primis
667 1871 734 1906 sub
759 1870 969 1906 condicione
993 1871 1120 1906 relicta
1142 1871 1196 1905 in-

108 1922 127 1954 6
174 1923 210 1954 te
225 1919 404 1964 leguntur.
451 1917 489 1953 Si
513 1917 585 1952 filio
619 1927 684 1952 suo
715 1916 806 1952 duos
835 1916 1061 1952 substituerit
1083 1920 1120 1952 et
1143 1915 1195 1950 al-

107 1965 217 1999 terius
249 1964 449 2009 portionem
486 1963 706 2003 oneraverit,
743 1962 893 1996 tractari
929 1962 1036 2003 solet,
1073 1971 1120 1997 an
1151 1971 1196 1997 ex

107 2020 261 2055 persona
292 2019 359 2045 sua
390 2007 587 2043 Falcidiam
618 2008 734 2053 possit
764 2007 935 2043 inducere
966 2007 1195 2050 substitutus,

107 2066 213 2100 quam
235 2054 394 2100 pupillus
418 2065 491 2089 non
523 2054 673 2088 haberet
695 2052 751 2088 vel
780 2063 873 2088 unus
904 2052 1033 2098 pupilli
1062 2053 1194 2088 substi—

106 2104 218 2136 tutus.
267 2105 303 2135 et
325 2099 430 2135 facile
454 2099 533 2151 quis
558 2098 686 2134 dixerit
710 2102 971 2143 consequenter
1003 2098 1195 2143 prioribus,

107 2156 198 2191 quae
222 2145 266 2181 de
290 2145 493 2190 patrimomi
517 2144 656 2180 ratione
681 2143 778 2179 dicta
801 2147 897 2186 sunt,
922 2154 995 2179 non
1020 2153 1097 2179 esse
1109 2143 1193 2178 Fal-

107 2191 219 2226 cidiae
242 2191 362 2226 locum
393 2194 429 2226 et
459 2190 555 2225 ultra
584 2189 676 2224 vires
707 2188 884 2235 portionis
916 2189 1196 2224 conveniendum

107 2237 259 2271 alterum
282 2236 527 2271 substitutum.
554 2234 618 2270 sed
639 2235 758 2270 verior
781 2238 836 2270 est
860 2234 1000 2269 diversa
1018 2234 1196 2270 sententia

106 2281 253 2327 perinde
288 2281 372 2317 huic
413 2284 577 2326 quartam
610 2280 877 2325 relinquendam
917 2279 1194 2315 existimantium

106 2331 215 2372 atque
248 2327 323 2362 ita³
357 2327 387 2362 si
442 2326 511 2361 atri
548 2327 652 2361 heres
685 2325 874 2361 extitisset:
915 2329 954 2360 ut
984 2325 1078 2361 enim
1109 2336 1129 2361 o
1158 2336 1195 2361 es

106 2373 220 2418 patris
245 2376 280 2407 et
304 2371 420 2407 contri
446 2372 521 2406 utio
545 2371 743 2416 legatorum
773 2370 857 2406 inde
882 2371 1029 2416 capiunt
1053 2374 1090 2406 et
1138 2382 1193 2406 or-

106 2428 199 2452 mam
222 2423 258 2453 et
282 2417 464 2462 originem,
487 2417 539 2452 ita
562 2417 682 2469 plures
706 2417 891 2452 substituti
914 2416 1092 2452 subducta
1113 2427 1194 2462 per-

107 2473 195 2499 sona
225 2463 352 2508 pupilli
383 2462 573 2498 revocandi
603 2466 687 2497 sunt
715 2462 762 2496 ad
798 2462 1018 2498 intellectum
1052 2462 1195 2498 institu-

107 2509 225 2544 tionis.
250 2508 336 2553 quid
360 2511 479 2543 tamen
503 2508 661 2543 dicemus
686 2507 730 2542 de
754 2507 866 2542 altero
892 2507 1108 2550 substituto,
1135 2508 1195 2553 qui

108 2565 179 2589 non
203 2557 257 2589 est
281 2553 474 2589 oneratus?
498 2553 529 2588 si
551 2552 645 2588 forte
667 2552 826 2588 nondum
850 2553 968 2597 legata
991 2553 1150 2598 pupillus
1175 2564 1197 2588 a

108 2610 146 2634 se
178 2599 304 2634 relicta
339 2598 445 2634 solvit
476 2602 512 2633 et
544 2598 677 2643 aliquid
712 2598 808 2633 ultra
839 2598 1050 2634 dodrantem
1085 2599 1131 2634 sit
1160 2599 1197 2633 in

108 2645 289 2686 omnibus,
325 2649 361 2679 et
403 2644 522 2689 ipsum
557 2643 755 2678 Falcidiam
792 2643 1025 2678 habiturum?
1072 2645 1197 2689 atquin

107 2693 271 2735 quartam
302 2689 412 2725 habet
442 2699 558 2734 neque
588 2689 681 2723 idem
711 2689 892 2733 patiatur⁴
921 2689 1076 2724 instituti
1101 2700 1196 2725 com-

107 2735 259 2780 paratio.
284 2745 410 2771 rursus
434 2734 465 2770 si
487 2744 666 2779 negemus,
690 2734 788 2769 aliud
811 2737 945 2778 aperte,
971 2744 1077 2779 quam
1101 2735 1196 2780 quod

108 2780 209 2824 volgo
233 2780 426 2825 probatum
450 2784 515 2822 est,
539 2779 786 2825 respondetur.
811 2779 933 2824 itaque
956 2779 1109 2815 varietas
1135 2790 1195 2815 ex-

108 2825 224 2868 sistet,
261 2829 302 2860 ut
330 2826 360 2860 is
391 2825 549 2870 quidem,
585 2825 646 2870 qui
676 2824 824 2870 proprio
855 2824 996 2860 nomine
1027 2829 1196 2860 oneratus

109 2874 172 2912 est,
197 2870 296 2905 velut
317 2870 502 2906 institutus
527 2869 704 2906 desideret
728 2874 911 2915 quartam,
943 2870 1034 2905 alter
1064 2874 1196 2913 autem,

109 2916 169 2960 qui
191 2926 265 2951 non
287 2920 343 2951 est
356 2920 536 2958 oneratus,
561 2919 602 2951 ut
625 2915 851 2958 substitutus,
875 2915 960 2951 licet
981 2915 1100 2960 portio
1124 2916 1195 2950 lar-

107 2961 224 3005 giatur
248 2961 335 3004 eius,
359 2971 432 2996 non
454 2961 493 2996 in
517 2961 668 2996 solidum
693 2961 927 2996 conveniatur
950 2964 1097 3013 propter
1122 2961 1194 2996 cal-

109 3006 178 3040 culi
203 3006 459 3041 confusionem.
484 3006 568 3042 huic
593 3016 815 3051 consequens
840 3010 904 3049 est,
930 3010 980 3048 ut,
1006 3017 1036 3041 S1
1059 3006 1196 3058 pupillo

109 3050 152 3085 de
175 3051 338 3086 Falcidia
364 3054 509 3087 cautum
533 3051 620 3095 fuit,
653 3051 793 3086 duobus
817 3051 1060 3087 committatur
1083 3056 1196 3096 8111111-

108 3096 206 3138 latio,
230 3096 393 3132 videlicet
416 3097 454 3131 in
477 3107 556 3132 eam
580 3097 833 3141 quantitatem,
868 3107 976 3142 quam
1006 3098 1196 3141 unusquis-

111 3144 127 3173 7
200 3151 246 3176 110
268 3142 336 3177 81111
358 3142 511 3178 retinere
534 3142 722 3187 potuisset.
756 3142 963 3187 Quaesitum
975 3147 1040 3185 est,
1065 3143 1095 3177 si
1119 3142 1198 3187 quis

109 3197 158 3229 pu
223 3196 243 3221 ο
269 3187 479 3222 coheredem
502 3187 766 3230 substituisset,
791 3187 1088 3232 quemadmodum
1111 3187 1197 3232 legis

110 3196 291 3283 Falcidia-e
314 3233 406 3267 ratio
439 3233 477 3267 in
502 3232 571 3267 uiri
595 3233 748 3267 debeat?
791 3237 826 3267 et
858 3233 964 3278 quale
996 3237 1068 3275 est,
1102 3233 1198 3278 quod

109 3275 210 3319 volgo
248 3275 443 3319 diceretur,
497 3281 683 3323 egatorum
721 3277 897 3313 rationem
935 3278 1197 3323 separandam?

110 3320 195 3362 dixi,
221 3325 392 3364 quantum
415 3322 462 3357 ad
484 3324 620 3368 legata,
654 3333 745 3367 quae
768 3327 873 3368 pater
896 3333 918 3358 a
942 3323 1034 3366 filio,
1067 3324 1151 3359 item
1177 3334 1198 3358 a

110 3365 304 3400 substituto
328 3367 485 3412 reliquit,
520 3368 654 3403 nullam
688 3368 766 3403 fieri
788 3379 895 3413 posse
926 3369 1197 3420 separationem,

111 3421 192 3445 cum
216 3412 393 3446 communi
417 3413 555 3449 calculo
587 3413 812 3448 subiciantur
846 3417 881 3448 et
910 3413 1062 3449 invicem
1093 3414 1196 3449 indu-

111 3459 195 3490 cant
219 3456 527 3492 contributionem.
575 3458 639 3494 sed
661 3459 797 3503 legata,
832 3469 924 3510 quae
956 3459 1002 3494 ab
1033 3459 1197 3494 instituto

111 3504 232 3535 extero
266 3500 350 3535 data
381 3505 483 3545 sunt,
513 3504 716 3547 permisceri
748 3507 875 3539 ceteris
906 3514 980 3539 non
1011 3509 1195 3549 oportere:

110 3545 259 3597 ideoque
283 3550 445 3591 quartam
469 3548 602 3592 pupillo
627 3548 733 3584 datae
755 3548 930 3594 portionis
953 3549 1087 3585 habere
1111 3550 1196 3584 sub-

110 3594 292 3633 stitutum,
316 3592 474 3636 quamvis
499 3595 623 3628 suam-'⁷
653 3594 853 3639 portionem
876 3594 1010 3628 habeat
1033 3598 1073 3628 ut
1096 3595 1195 3629 insti-

111 3639 228 3670 tutus:
255 3640 290 3671 et
315 3636 419 3671 aliam
445 3647 589 3672 causam
614 3648 692 3674 esse
717 3639 802 3681 eius,
829 3639 891 3683 qui
914 3649 958 3673 ex
981 3639 1087 3675 variis
1112 3650 1196 3684 por-

112 3749 153 3789 (1)
176 3749 209 3780 et
221 3749 283 3782 del.
297 3749 331 3781 F
334 3748 351 3769 ²

113 3793 154 3833 (3)
179 3793 227 3825 ita
240 3795 302 3827 del.

510 3752 551 3788 (2)
577 3750 760 3790 quadrante
774 3753 934 3784 nimirum
948 3753 1010 3784 del.
1026 3752 1199 3786 Goveanus

490 3796 531 3834 (4)
556 3794 591 3827 id
603 3795 730 3837 patitur
742 3808 804 3830 scr.
1007 3798 1052 3838 (5)
1076 3796 1199 3830 salvam

1199 151 1283 200 5⁰9

2134 151 2357 194 XXXV2

1265 277 1422 313 tionibus
1434 277 1538 312 heres
1552 275 1786 311 scriberetur:
1804 275 1854 311 ibi
1867 275 1958 311 enim
1976 275 2175 322 legatorum
2188 275 2359 312 confundi

1265 323 1441 358 rationem
1464 332 1537 358 non
1561 322 1699 364 minus,
1732 331 1838 366 quam
1870 321 1900 356 si
1931 322 2040 356 semel
2070 320 2198 357 fuisset
2221 333 2357 358 nuncu-

1265 373 1372 414 patus
1398 378 1442 403 ex
1465 378 1509 402 ea
1531 367 1714 412 portione,
1740 375 1832 410 quae
1857 366 2092 402 conficeretur
2117 378 2160 402 ex
2183 368 2357 413 pluribus,

1265 423 1382 459 neque
1405 412 1557 456 referre,
1589 422 1679 458 pure
1710 420 1819 455 saepe
1843 421 1889 445 an
1914 412 1981 446 sub
2006 412 2152 448 diversis
2178 413 2356 449 condicio-

1267 462 1286 494 8
1334 459 1440 494 nibus
1483 458 1530 494 sit
1576 458 1680 493 heres
1711 456 1907 491 institutus.
1964 456 2002 492 Si
2032 458 2111 502 quis
2141 458 2357 494 exheredato

1236 529 1237 535 1
1265 504 1338 539 filio
1364 503 1548 540 substituit
1571 502 1738 538 heredem
1767 501 1972 536 institutum
2004 506 2040 537 et
2073 504 2118 538 ab
2152 514 2192 539 eo
2225 505 2356 540 tabulis

1291 560 1409 594 uoque
1433 548 1600 584 secundis
1623 547 1812 593 legaverit,
1845 548 2047 582 necessario
2079 549 2171 584 ratio
2206 549 2356 585 confun-

1267 561 1391 637 detur,
1426 605 1506 630 cum
1537 594 1619 629 ideo
1651 594 1771 638 legata
1803 592 1922 627 valere
1957 592 2085 627 dixerit
2119 594 2305 630 Iulianus⁶
2336 606 2359 630 a

1266 640 1461 676 substituto
1485 640 1623 682 relicta,
1648 638 1745 684 quod
1767 637 1861 673 idem
1884 637 1979 682 patri
2002 638 2105 674 heres
2130 640 2314 675 exstiterit.

1316 682 1368 722 12
1391 684 1500 720 IDEM
1519 685 1611 720 libro
1644 684 1827 736 triqesimo
1859 684 2110 735 quaestionum
2157 684 2195 720 Si
2219 685 2358 721 debitor

1267 731 1444 766 creditore
1466 730 1598 765 herede
1614 730 1779 765 instituto
1803 731 1963 773 petisset,
1988 739 2033 763 ne
2056 729 2092 763 in
2109 730 2247 766 ratione
2271 731 2357 776 legis

1265 775 1449 811 Falcidiae
1464 774 1632 820 ponenda
1648 774 1822 810 creditum
1838 784 1943 809 suum
1966 773 2146 819 legatariis
2162 779 2358 821 reputaret,

1267 821 1343 857 sine
1367 820 1475 856 dubio
1501 821 1642 856 ratione
1673 819 1747 855 doli
1778 819 1862 854 mali
1893 819 2112 864 exceptionis
2143 821 2240 866 apud
2263 822 2357 857 arbi-

1266 870 1363 902 trum
1385 866 1571 902 Falcidiae
1595 864 1756 901 defuncti
1778 865 1945 901 voluntas
1970 868 2142 900 servatur.

1316 909 1366 950 13
1392 911 1501 947 IDEM
1523 911 1614 947 libro
1640 911 1823 957 triqesimo
1847 911 2000 957 septimo
2025 912 2274 956 quaestionum
2321 913 2359 948 Si

1266 958 1416 993 tacitum
1454 956 1768 993 fideicommissum
1810 966 1933 991 servus
1972 955 2178 1000 iniungente
2216 957 2358 993 domino

1267 1002 1485 1048 susceperit,
1518 1002 1726 1037 habiturum
1765 1011 1844 1037 eum
1884 1000 1973 1046 legis
2007 1001 2191 1037 Falcidiae
2227 1003 2359 1038 benefi-

1267 1049 1381 1091 cium,
1415 1048 1499 1093 quia
1527 1057 1656 1093 parere
1684 1047 1826 1083 domino
1857 1046 1998 1088 debuit,
2030 1048 2264 1083 constitutum
2288 1054 2358 1084 est:

1265 1094 1429 1139 idemque
1451 1093 1588 1139 placuit
1610 1093 1648 1128 in
1669 1091 1762 1136 filio,
1788 1092 1849 1138 qui
1873 1092 1942 1127 fuit
1972 1092 2010 1126 in
2031 1093 2146 1137 patris
2169 1098 2358 1138 potestate.

1315 1138 1367 1176 14
1390 1138 1500 1175 IDEM
1530 1139 1621 1174 libro
1652 1149 1749 1174 nono
1787 1148 2044 1184 responsorum
2097 1138 2205 1174 Pater
2238 1139 2359 1182 filiam,

1268 1196 1360 1231 quae
1384 1195 1407 1220 a
1430 1184 1504 1220 viro
1531 1184 1743 1227 diverterat,
1773 1183 1941 1218 heredem
1971 1193 2036 1229 pro
2070 1187 2175 1229 parte
2206 1184 2360 1220 instituit

1268 1235 1303 1266 et
1326 1231 1371 1266 ab
1397 1240 1440 1266 ea
1463 1231 1570 1275 petit,
1603 1233 1645 1265 ut
1667 1229 1773 1264 fratri
1804 1232 1840 1264 et
1863 1226 2031 1264 coheredi
2063 1240 2128 1265 suo
2159 1230 2359 1275 portionem

1266 1275 1476 1312 hereditatis
1491 1278 1678 1321 acceptam
1692 1275 1847 1310 deducta
1861 1277 1964 1309 sexta
1976 1274 2182 1310 restitueret
2204 1276 2360 1312 admissa

1269 1321 1560 1366 compensatione
1593 1321 1686 1356 dotis
1721 1321 1759 1355 in
1790 1319 1974 1355 Falcidiae
2005 1320 2155 1356 ratione.
2205 1321 2236 1356 si
2258 1326 2361 1368 pater

1269 1367 1387 1403 dotem
1412 1366 1658 1402 consentiente
1680 1366 1755 1401 filia
1777 1376 1850 1401 non
1873 1366 2035 1411 petisset,
2058 1366 2258 1402 Falcidiam
2283 1368 2360 1413 qui-

1268 1412 1348 1448 dem
1370 1412 1449 1448 iure
1471 1411 1699 1455 hereditario,
1725 1411 1843 1446 dotem
1857 1414 1978 1446 autem
1989 1411 2067 1446 iure
2078 1412 2225 1458 proprio
2250 1413 2360 1448 filiam

1267 1458 1472 1494 habituram
1502 1457 1691 1503 respondi,
1732 1457 1815 1502 quia
1847 1456 1912 1492 dos
1942 1456 1981 1492 in
2011 1456 2210 1493 hereditate
2249 1460 2361 1504 patris

1271 1507 1283 1538 1
1335 1514 1408 1539 non
1431 1503 1660 1538 inveniretur.
1706 1502 1798 1537 Avia
1820 1502 2014 1547 nepotibus
2045 1503 2236 1539 heredibus
2259 1505 2361 1540 insti-

1267 1549 1354 1585 tutis
1384 1548 1665 1592 fideicommisit,
1697 1552 1739 1583 ut
1774 1548 1906 1583 omissa
1929 1548 2146 1592 retentione,
2182 1560 2274 1594 quae
2297 1561 2361 1603 per

1267 1595 1380 1639 legem
1393 1594 1592 1630 Falcidiam
1606 1604 1651 1630 ex
1666 1593 1736 1629 alio
1753 1596 1968 1629 testamento
1986 1594 2223 1639 competebat,
2247 1596 2361 1631 sohda

1268 1641 1386 1685 legata
1409 1640 1584 1675 fratribus
1609 1642 1646 1675 et
1669 1639 1907 1675 coheredibus
1938 1639 2127 1675 solverent.
2175 1644 2273 1676 recte
2297 1641 2359 1677 da-

1266 1690 1342 1721 tum
1367 1685 1681 1721 fideicommissum
1695 1684 1877 1730 respondi,
1901 1684 1966 1720 sed
1988 1685 2095 1720 huius
2111 1696 2253 1732 quoque
2269 1698 2360 1723 onus

1268 1735 1286 1766 2
1333 1731 1372 1766 in
1384 1731 1687 1767 contributionem
1698 1731 1828 1766 venire.
1852 1730 2005 1766 Duobus
2018 1731 2262 1775 impuberibus
2275 1733 2360 1769 sub-

1267 1779 1431 1812 stitutum
1455 1776 1598 1822 utrique
1621 1776 1787 1812 heredem
1804 1775 2014 1811 existentem
2036 1776 2234 1813 inalterius
2258 1778 2359 1814 here-

1267 1822 1379 1858 ditate
1402 1822 1564 1857 Falcidia
1588 1832 1660 1858 non
1683 1822 1737 1857 uti
1761 1821 1936 1864 convenit,
1962 1821 1993 1856 si
2016 1821 2060 1857 de
2084 1822 2187 1858 bonis
2212 1823 2360 1860 alterius

1266 1868 1463 1913 impuberis
1493 1871 1660 1914 quartam
1691 1870 1830 1913 partem
1862 1866 2070 1902 hereditatis
2101 1868 2235 1913 patris,
2269 1881 2361 1915 quae

1268 1917 1287 1948 3
1335 1913 1383 1948 ad
1405 1913 1500 1949 filios
1523 1914 1737 1959 pervenerit,
1761 1913 1924 1947 retineat.
1958 1911 2061 1957 Quod
2075 1913 2105 1948 si
2120 1913 2234 1949 frater
2256 1915 2359 1951 fratri

1266 1959 1443 2004 legitimus
1466 1959 1570 1994 heres
1595 1958 1731 1994 exstitit
1766 1961 1802 1992 et
1833 1957 2011 2003 impuberi
2034 1969 2201 2003 supremo
2226 1961 2357 1996 substi-

1266 2009 1378 2047 tutus,
1402 2004 1521 2050 portio
1548 2004 1691 2050 quidem
1713 2007 1945 2050 paternorum
1962 2004 2148 2047 bonorum,
2175 2016 2282 2050 quam
2305 2007 2356 2041 in-

1265 2053 1419 2086 testatus
1442 2060 1534 2095 puer
1557 2050 1717 2095 accepit,
1749 2049 1881 2084 rationi
1903 2049 2087 2085 Falcidiae
2111 2060 2184 2085 non
2209 2052 2357 2087 confun-

1266 2095 1387 2140 detur,
1418 2095 1482 2131 sed
1506 2099 1671 2141 quartam
1695 2095 1772 2131 eius
1802 2098 1944 2130 tantum
1974 2095 2195 2140 portionem⁷
2226 2098 2358 2133 substi-

1264 2145 1365 2222 {Utssls
1389 2141 1568 2184 retinebit,
1593 2151 1700 2187 quam
1723 2141 1876 2186 inpubes
1895 2140 2036 2186 accepit
2051 2141 2113 2186 qui
2127 2142 2359 2179 substitutum

1290 2197 1311 2222 a
1338 2187 1403 2221 uit.

1314 2230 1365 2269 15
1390 2231 1497 2267 Imm
1523 2232 1615 2268 libro
1646 2232 1751 2267 tertio
1784 2231 1921 2267 decimo
1950 2242 2208 2278 responsorum
2256 2234 2360 2278 Quod

1264 2277 1368 2313 bonis
1392 2277 1471 2313 iure
1495 2277 1680 2313 Falcidiae
1713 2276 2012 2313 contribuendum
2044 2281 2099 2313 est
2129 2288 2152 2313 a
2188 2278 2358 2323 debitore,

1266 2323 1323 2359 cui
1354 2323 1478 2358 mortis
1513 2333 1624 2359 causa
1658 2326 1766 2369 pacto
1807 2322 1966 2357 debitum
2003 2323 2189 2359 remissum
2222 2328 2291 2367 est,
2321 2326 2359 2360 in

1270 2372 1282 2403 l
1331 2368 1468 2404 factum
1501 2371 1676 2413 concepta
1708 2368 1940 2413 replicatione
1962 2368 2182 2404 retinebitur.
2230 2369 2359 2407 Frater

1266 2425 1347 2450 cum
1371 2414 1537 2449 heredem
1560 2424 1719 2450 sororem
1743 2414 1925 2456 scriberet,
1950 2414 2060 2449 alium
2075 2414 2119 2448 ab
2146 2425 2188 2450 ea
2213 2416 2271 2450 cui
2294 2416 2357 2452 do-

1265 2463 1389 2495 natum
1413 2459 1558 2495 volebat
1581 2459 1747 2504 stipulari
1772 2458 1921 2501 curavit,
1946 2469 1991 2494 ne
2012 2459 2173 2495 Falcidia
2196 2464 2358 2497 uteretur

1265 2510 1302 2541 et
1324 2509 1365 2540 ut
1390 2510 1525 2541 certam
1548 2505 1748 2550 pecuniam,
1773 2505 1804 2539 si
1819 2508 1946 2540 contra
1965 2504 2120 2547 fecisset,
2170 2510 2356 2543 raestaret.

1264 2551 1488 2596 privatorum
1524 2550 1691 2586 cautione
1721 2550 1859 2594 legibus
1895 2561 1968 2585 non
2003 2560 2082 2586 esse
2105 2561 2144 2586 re
2180 2552 2358 2596 agandum

1267 2596 1428 2631 constitit
1460 2600 1496 2631 et
1534 2595 1615 2631 ideo
1648 2606 1808 2631 sororem
1838 2595 1916 2631 iure
1946 2595 2091 2640 publico
2123 2597 2357 2634 retentionem

1265 2642 1470 2677 habituram
1513 2646 1550 2677 et
1592 2641 1770 2677 actionem
1813 2651 1857 2676 ex
1888 2640 2063 2686 stipulatu
2101 2641 2355 2687 denegandam.

1267 2690 1285 2721 2
1333 2687 1416 2722 Non
1440 2687 1575 2722 idcirco
1606 2687 1723 2722 minus
1747 2686 1931 2721 Falcidiae
1961 2686 2137 2722 rationem
2167 2688 2205 2722 in
2229 2689 2356 2725 ceteris

1266 2732 1394 2768 annuis
1418 2732 1543 2777 legatis
1568 2732 1708 2767 admitti
1731 2732 1845 2767 visum
1869 2735 1941 2773 est,
1974 2732 2070 2777 quod
2092 2733 2208 2777 primo
2233 2744 2277 2770 ac
2300 2745 2356 2771 se-

1267 2778 1384 2813 cundo
1409 2788 1504 2814 anno
1536 2779 1613 2813 sine
1645 2778 1719 2812 ulla
1751 2777 1972 2813 detractione
2002 2777 2156 2814 fuissent
2185 2778 2355 2824 legatario

1267 2827 1285 2858 3
1334 2823 1463 2858 soluta.
1513 2822 1617 2867 Quod
1648 2833 1735 2858 avus
1768 2833 1812 2857 ex
1836 2832 1947 2858 causa
1975 2823 2110 2859 tutelae
2141 2825 2264 2870 nepoti
2296 2826 2356 2861 de·

1265 2869 1361 2911 buit,
1399 2879 1481 2903 cum
1504 2879 1570 2904 avo
1603 2878 1715 2913 nepos
1747 2867 1844 2903 solus
1877 2868 1981 2903 heres
2016 2869 2228 2913 exstitisset,
2264 2871 2355 2906 ratio

1265 2913 1449 2949 Falcidiae
1473 2914 1504 2948 si
1526 2918 1738 2958 poneretur,
1774 2913 1811 2948 in
1846 2924 1927 2949 aere
1959 2913 2076 2950 alieno
2108 2915 2212 2950 bonis
2244 2915 2355 2951 dedu-

1267 2960 1420 2994 cendum
1442 2969 1499 2994 res
1528 2958 1624 2994 ondi.
1660 2968 1727 2994 nec
1745 2958 1798 2993 >ad
1821 2968 1896 2994 rem
1919 2959 2109 3004 pertinere,
2134 2960 2230 3006 quod
2253 2962 2355 2997 here-

1266 3004 1346 3039 dem
1370 3014 1457 3040 avus
1480 3004 1493 3039 i
1520 3014 1646 3048 emque
1669 3007 1767 3039 tutor
1790 3008 1988 3049 rogaverat,
2013 3010 2063 3049 ut,
2089 3006 2120 3041 si
2136 3006 2212 3041 sine
2234 3007 2355 3042 liberis

1266 3053 1349 3085 ante
1374 3053 1509 3084 certam
1522 3053 1676 3084 aetatem
1688 3049 1887 3093 decederet,
1911 3054 1986 3084 tam
2009 3050 2225 3086 hereditaria
2249 3062 2354 3096 quam

1265 3095 1411 3140 propria
1439 3095 1536 3130 bona
1558 3095 1780 3130 restitueret:
1806 3105 1878 3130 non
1902 3096 1996 3130 enim
2016 3106 2061 3131 ex
2083 3097 2153 3132 hoc
2176 3097 2354 3132 heredita-

1265 3145 1338 3175 tem
1359 3140 1478 3175 debito
1499 3143 1765 3185 compensatam
1782 3140 1903 3183 videri,
1931 3152 2012 3176 cum
2030 3142 2086 3177 vel
2104 3141 2184 3177 ideo
2202 3142 2354 3176 maxime

1267 3185 1469 3220 declaretur
1500 3196 1572 3220 non
1605 3195 1683 3221 esse
1718 3186 2045 3231 compensationem
2075 3186 2224 3229 factam,
2265 3197 2352 3233 quo-

1266 3231 1361 3265 niam
1384 3230 1551 3266 heredem
1575 3241 1679 3266 suum
1702 3231 1836 3267 habere
1866 3231 2014 3285 propria
2045 3232 2140 3267 bona
2164 3231 2353 3267 defunctus

1267 3276 1432 3311 ostendit.
1481 3276 1587 3321 plane
1619 3277 1648 3312 si
1673 3276 1835 3312 condicio
1864 3277 2126 3312 fideicommissi
2156 3276 2266 3312 fuerit
2286 3277 2351 3311 im—

1266 3322 1381 3366 pleta,
1417 3321 1556 3356 fructus
1581 3321 1789 3357 hereditatis
1827 3326 1911 3367 post
1940 3326 2090 3357 mortem
2114 3322 2170 3356 avi
2192 3322 2351 3366 percepti

1266 3367 1345 3411 pari
1374 3367 1530 3411 pecunia
1560 3367 1680 3403 debito
1715 3367 1851 3402 tutelae
1882 3367 2229 3412 oompensabuntur,
2262 3367 2325 3402 sed
2340 3368 2353 3387 ⁸

1267 3415 1431 3457 quartam
1454 3412 1558 3447 heres
1582 3412 1721 3458 nepotis
1747 3412 1790 3448 de
1813 3413 1918 3448 bonis
1943 3413 2137 3453 dumtaxat,
2162 3421 2254 3463 quae
2276 3422 2351 3446 mo-

1266 3461 1287 3492 4
1333 3457 1428 3492 110118
1454 3467 1541 3492 avus
1564 3458 1726 3502 reliquit,
1758 3458 1936 3493 retinebit.
1984 3457 2072 3492 Cum
2104 3456 2351 3492 fideicommis-

1266 3513 1355 3545 sum,
1381 3513 1426 3538 ex
1449 3502 1633 3538 voluntate
1657 3504 1781 3538 matris
1805 3513 1827 3537 a
1858 3506 1961 3547 patre
1984 3502 2158 3536 moriente
2181 3501 2350 3544 debitum,

1265 3547 1338 3583 filio
1362 3552 1465 3592 pater
1488 3548 1687 3583 hereditate
1709 3559 1786 3591 sua,
1811 3558 1918 3592 quam
1939 3547 1977 3581 in
1999 3546 2110 3582 filium
2135 3546 2351 3588 conferebat,

1267 3593 1490 3637 compensari
1512 3593 1641 3629 voluit:
1678 3594 1774 3639 quod
1795 3592 1868 3627 filio
1895 3592 2062 3633 debetur,
2095 3591 2126 3626 si
2149 3592 2241 3626 ratio
2266 3592 2350 3627 Fal-

1267 3637 1380 3672 cidiae
1402 3638 1490 3682 poni
1514 3639 1682 3684 coeperit,
1707 3638 1771 3673 fini
1794 3637 2022 3682 quadrantis,
2054 3646 2158 3681 quem
2181 3646 2226 3671 ex
2248 3637 2351 3672 bonis

1596 3754 1641 3794 (6)
1667 3753 1687 3785 l.
1703 3760 1736 3786 87
1754 3756 1768 3790 5
1786 3759 1800 3783 ’1
1813 3752 1842 3783 h.
1858 3758 1878 3783 t.
2025 3751 2067 3790 (7)
2092 3750 2256 3792 portionis
2270 3751 2348 3784 Hal.

1282 3753 1459 3796 Vanyerow

1271 3798 1315 3838 (8)
1341 3799 1374 3829 et
1384 3810 1445 3830 scr.
