2528 3918
152 140 210 170 ET
239 138 601 170 FIDEICOMMISSIS

154 253 263 296 caput
276 251 287 271 ¹
309 250 486 294 generale,
511 249 564 284 uti
587 249 705 294 legata
729 252 765 284 et
787 249 973 284 libertates
997 249 1042 284 ab
1068 250 1122 284 his
1144 249 1245 284 here-

153 296 255 331 dibus
280 295 354 330 suis
377 297 666 339 praestarentur:
692 294 847 339 quadam
871 298 991 330 tamen
1011 299 1114 340 parte
1134 298 1246 330 testa-

151 340 261 376 menti
284 350 307 374 a
329 339 402 374 filio
426 340 536 385 petit,
568 343 609 374 ut
643 350 747 375 omne
770 350 861 375 onus
890 339 1089 383 legatorum
1112 340 1149 375 in
1173 350 1211 375 se
1224 341 1247 360 ¹¹

150 385 359 475 agiae-fga
378 386 540 465 13ὴὲἓὲ
559 385 731 475 ῗὲζῗῗέἐῑ
749 388 813 465 (Ξῖ
827 395 1083 466 ffassssssffi‘i,
1091 385 1248 466 1225322

150 475 292 511 ‘herede
323 476 402 510 dari
435 475 683 520 praestarique
714 457 892 516 iubebo’z
929 475 1057 511 deinde
1094 475 1248 511 subiecit

149 521 186 555 in
209 521 462 566 praeceptione
488 520 578 555 relin
603 521 721 556 nenda
751 520 846 556 filiae
878 531 965 556 suae
996 521 1086 556 haec
1117 520 1245 556 verba:

150 565 334 601 ‘Paulinae
353 566 448 601 filiae
467 575 568 601 meae
613 566 815 601 ulcissimae
836 566 866 601 si
886 566 971 611 quid
991 577 1047 602 me
1066 566 1145 602 vivo
1167 566 1247 602 dedi

149 612 376 656 ‘comparavi‚
402 610 470 646 sibi
492 611 625 646 habere
648 611 774 646 iubeo:
801 611 902 646 cuius
925 612 978 647 rei
1002 611 1247 657 quaestionem

149 656 238 691 ‘fieri
253 659 344 691 veto.
384 660 419 691 et
437 660 521 701 peto
543 667 565 691 a
584 660 631 698 te,
655 656 729 691 filia
745 657 940 699 carissima,
962 666 1007 692 ne
1022 657 1108 692 velis
1127 656 1246 699 irasci,

149 701 257 746 ‘quod
288 702 495 746 ampliorem
527 702 766 737 substantiam
797 701 902 737 fratri
939 706 1001 738 tuo
1033 702 1245 747 reliquerim,

149 749 266 791 ‘quem
285 747 355 782 scis
376 757 506 791 magna
526 757 637 782 onera
656 749 941 782 sustentaturum
962 751 997 782 et
1016 747 1135 792 legata
1155 757 1248 793 quae

148 794 270 837 ‘supra
301 791 372 827 feci
402 793 693 837 praestaturum’.
773 803 903 835 uaero,
941 804 988 828 an
1021 803 1066 829 ex
1096 793 1152 828 1110
1185 802 1246 828 ex-

147 837 269 872 tremis
298 837 434 880 verbis‚
476 838 604 882 quibus
640 848 722 873 cum
780 838 828 872 lia
860 848 926 873 sua
961 839 999 873 in
1029 841 1246 875 testamento

147 886 251 928 pater
273 882 416 917 locutus
442 886 514 925 est,
547 883 712 918 effectum
735 883 917 926 videatur,
950 887 992 918 ut
1022 883 1246 919 hereditariis

148 927 350 963 actionibus
382 928 419 962 id
450 931 505 963 est
536 928 727 964 omnibus³
758 928 871 964 filium
903 939 1008 964 suum
1032 929 1245 971 oneraverit,

148 983 194 1008 an
218 983 301 1008 vero
326 973 422 1008 iam⁴
447 973 562 1008 solum
585 977 732 1019 propter
755 984 847 1009 onus
874 974 1072 1019 legatorum
1103 975 1246 1010 locutus

147 1028 226 1053 esse
245 1018 418 1061 videatur,
443 1019 633 1064 petitiones
654 1022 775 1055 autem
794 1019 1031 1055 hereditariae
1051 1020 1088 1054 10
1109 1023 1245 1055 utrum-

147 1073 216 1110 que
239 1063 407 1099 heredem
432 1064 669 1100 creditoribus
701 1064 779 1100 dari
806 1065 972 1101 debeant.
1020 1065 1246 1100 Modestinus

146 1109 344 1154 respondit,
365 1113 406 1144 ut
427 1109 588 1145 actiones
610 1110 825 1146 creditorum
844 1110 938 1146 filius
959 1111 1058 1146 solus
1080 1110 1245 1155 excipiat,

148 1157 166 1188 7
215 1155 363 1190 iussisse
394 1158 603 1190 testatorem
634 1166 707 1191 non
738 1156 903 1201 proponi.
952 1156 1050 1191 Titia
1074 1167 1156 1191 cum
1179 1166 1246 1190 nu-

148 1200 250 1235 beret
273 1199 363 1235 Gaio
390 1200 483 1243 Seio,
513 1200 611 1236 dedit
633 1201 671 1235 in
695 1201 814 1236 dotem
838 1201 988 1246 praedia
1012 1205 1047 1236 et
1072 1201 1247 1246 quasdam

147 1245 236 1280 alias
260 1255 330 1287 res,
354 1250 482 1291 postea
506 1245 682 1282 decedens
707 1246 879 1282 codicillis
902 1247 954 1281 ita
979 1247 1090 1282 cavit:
1117 1245 1248 1280 *Γάιον

145 1287 270 1324 (Σέιον
301 1289 367 1325 τὸν
396 1289 513 1337 ἄνδρα
536 1305 606 1335 μου
630 1292 985 1339 παρακατατίθεμαί
1007 1305 1080 1332 σοι,
1117 1287 1147 1325 ὦ
1171 1290 1245 1325 θύ-

145 1332 278 1394 ἶχατερ.
339 1329 371 1379 (ᾗ
404 1336 584 1389 βούλομαι
620 1334 782 1393 δρθῆναι
823 1338 878 1394 εἰς,
903 1340 988 1382 βίον
1020 1338 1151 1394 ἔρῆοὶιν
1185 1338 1246 1370 καὶ

145 1384 588 1473 (ἓῖὲὶακίἵζαέεςμσῖξίξῖέ,
601 1381 975 1471 κῖὤηῖέῗέἒῗίἷῖέ
992 1383 1247 1474 1βὲεέἵῇῗῖιῖ

143 1468 201 1514 (τῆ
225 1474 365 1517 προικί,
402 1475 464 1506 καὶ
495 1470 589 1506 κατὰ
619 1470 734 1516 μηδὲν
761 1471 1004 1516 ἐνοχληθῆναι
1028 1468 1140 1507 αὐτὸν
1162 1474 1246 1519 περὶ

143 1507 218 1558 ‘viis
241 1515 400 1563 προικός·
434 1519 537 1552 ἔσται
565 1516 635 1564 γὰρ
665 1517 756 1562 μετὰ
785 1516 853 1561 τὴν
875 1516 1043 1561 τελευτὴν
1066 1514 1175 1552 αὐτοῦ
1200 1516 1244 1552 σὰ

143 1558 218 1595 ‘nai
252 1564 330 1596 τῶν
363 1565 502 1597 τέκνων
538 1559 663 1598 oov'5:
696 1567 884 1608 praeterea
914 1564 986 1599 alia
1018 1564 1130 1598 multa
1161 1563 1246 1598 huic

145 1606 260 1643 eidem
290 1608 418 1643 marito
450 1608 598 1653 legavit,
639 1612 680 1643 ut
715 1609 883 1654 quamdiu
918 1610 1052 1644 viveret
1083 1609 1244 1644 haberet.

168 1662 299 1695 uaero,
332 1664 380 1688 30
411 1655 582 1699 91091016
613 1654 723 1696 11300,
757 1665 849 1699 quae
882 1654 1055 1689 codicillis
1089 1655 1119 1689 ei
1145 1658 1248 1689 extra

170 1702 264 1733 otem
287 1699 413 1734 relicta
437 1703 539 1742 sunt,
573 1699 688 1744 possit
746 1704 803 1735 ost
826 1703 977 1735 mortem
1002 1699 1083 1734 Gaii
1108 1699 1178 1734 Seii
1204 1710 1248 1735 ex

146 1753 257 1779 causa
277 1743 542 1780 fideicommissi
561 1745 685 1790 petitio
732 1745 801 1780 liae
819 1749 854 1780 et
873 1745 997 1780 heredi
1014 1745 1130 1780 Titiae
1149 1755 1246 1780 com-

171 1792 266 1824 01010
291 1794 326 1824 01
351 1800 474 1824 031010
497 1800 616 1825 rerum
640 1790 791 1833 nomine,
818 1801 908 1835 quas
933 1790 971 1825 in
996 1790 1114 1825 dotem
1133 1790 1246 1825 Gaius

172 1834 248 1869 eius
281 1835 432 1880 accepit.
487 1835 713 1871 Modestinus
745 1835 949 1879 respondit:
983 1836 1069 1870 licet
1100 1846 1172 1871 non
1205 1846 1248 1871 ea

144 1880 254 1914 verba
276 1884 546 1926 proponuntur,
581 1891 625 1916 ex
657 1880 786 1925 quibus
818 1880 892 1915 filia
922 1881 1117 1916 testatricis
1145 1881 1246 1916 fidei-

146 1925 373 1960 commissum
397 1936 419 1960 a
444 1925 535 1961 Gaio
561 1926 661 1968 Seio,
693 1930 885 1971 postquam
913 1926 1131 1970 praestiterit
1155 1936 1247 1971 quae

144 1974 358 2006 testamento
391 1972 509 2015 legata
541 1975 642 2012 sunt,
681 1974 802 2015 petere
835 1972 968 2017 possit,
1003 1975 1124 2006 tamen
1161 1971 1246 2006 nihi]

144 2015 312 2060 prohibet
342 2020 490 2061 propter
520 2017 741 2052 voluntatem
769 2017 964 2052 testatricis
988 2020 1073 2062 post
1097 2020 1247 2052 mortem

148 2061 230 2095 Gaii
254 2060 326 2096 Seii
349 2062 661 2097 fideicommissum
685 2062 771 2106 peti.

193 2103 245 2143 35
271 2106 381 2141 IDEM
395 2107 486 2143 libro
505 2111 610 2143 sexto
632 2107 768 2142 decimo
787 2118 1045 2153 responsorum
1080 2107 1245 2153 Respon-

147 2151 199 2186 dit
222 2151 348 2196 legatis
373 2152 487 2196 uxori,
522 2163 615 2197 quae
646 2163 733 2187 usus
760 2152 836 2188 eius
862 2163 973 2188 causa
996 2156 1127 2198 parata
1150 2156 1245 2195 sunt,

146 2207 207 2232 eos
240 2207 360 2232 servos
393 2197 439 2232 ad
471 2208 549 2233 eam
580 2208 654 2232 non
685 2198 883 2242 pertinere,
917 2199 979 2243 qui
1008 2209 1082 2234 non
1110 2198 1246 2243 proprii

145 2242 270 2287 ipsius,
295 2243 359 2278 sed
384 2244 579 2278 communis
603 2253 691 2278 usus
717 2253 828 2278 causa
850 2244 969 2289 parati
993 2247 1088 2279 sunt.

193 2285 246 2325 36
271 2287 380 2323 10οΜ
406 2288 498 2324 libro
532 2289 636 2324 tertio
662 2288 932 2334 pandectarum
983 2289 1160 2334 Legatum
1193 2292 1248 2324 est

147 2333 292 2369 donatio
317 2337 529 2369 testamento
554 2334 693 2369 relicta.

193 2376 245 2415 37
271 2378 318 2413 111
327 2388 498 2414 VOLENUS
526 2379 617 2415 libro
642 2380 769 2424 primo
797 2390 847 2415 επ
873 2380 995 2414 Cassio
1044 2379 1113 2423 Qui
1135 2383 1246 2415 testa-

146 2427 266 2459 mento
298 2424 471 2459 inutiliter
500 2426 740 2460 manumissus
774 2428 829 2459 est
852 2424 962 2470 legari
986 2424 1111 2460 eodem
1135 2428 1246 2460 testa-

146 2473 265 2504 mento
290 2473 428 2514 potest,
462 2470 546 2515 quia
577 2471 709 2505 totiens
738 2469 923 2505 efficacior
948 2473 1001 2505 est
1024 2470 1172 2505 libertas
1196 2471 1246 2505 le-

147 2518 243 2559 gato,
294 2515 434 2550 uotiens
458 2516 594 2551 utiliter
618 2515 703 2551 data
727 2518 791 2550 est.

194 2557 247 2597 38
296 2569 381 2594 DEM
409 2560 500 2595 libro
533 2560 691 2596 secundo
725 2570 775 2595 ea:
809 2559 931 2596 Cassio
987 2560 1091 2604 Quod
1124 2571 1247 2596 servus

147 2605 286 2685 ledgatus
311 2608 395 2640 ante
420 2606 555 2640 aditam
577 2605 812 2641 hereditatem
837 2605 1024 2650 adquisiit‚
1057 2606 1248 2641 hereditati

148 2660 170 2685 a
221 2651 315 2685 uirit.

194 2662 248 2734 39
272 2695 381 2731 IDEM
401 2696 491 2731 libro
518 2695 622 2730 tertio
647 2706 697 2730 ex
724 2694 847 2730 Cassio
903 2695 940 2730 Si
972 2705 1077 2731 areae
1109 2696 1249 2741 legatae

148 2745 232 2786 post
254 2742 532 2776 testamentum⁷
564 2740 701 2775 factum
725 2740 927 2776 aedificium
949 2741 1157 2786 impositum
1181 2746 1247 2784 est,

150 2791 268 2821 utrum
294 2797 339 2821 ue
362 2786 549 2821 debebitur
572 2789 608 2821 et
632 2785 749 2820 solum
773 2789 809 2820 et
833 2785 1074 2830 superficium.

196 2831 248 2869 40
297 2841 383 2866 DEM
401 2832 492 2867 libro
511 2831 635 2877 primo
660 2831 898 2877 epistularum
945 2830 983 2866 Si
1007 2831 1147 2866 duobus
1173 2842 1247 2867 ser-

148 2878 201 2912 vis
226 2878 313 2912 meis
338 2876 461 2912 eadem
480 2887 537 2912 res
558 2877 675 2921 legata
696 2879 750 2911 est
771 2880 806 2911 et
827 2876 973 2911 alterius
994 2876 1086 2912 servi
1105 2877 1249 2912 nomine

150 2923 197 2957 ad
221 2933 277 2957 me
302 2933 380 2957 eam
403 2922 582 2967 pertinere
604 2921 709 2963 nolo,
742 2925 857 2957 totum
890 2922 937 2956 ad
964 2932 1020 2956 me
1043 2922 1247 2966 pertinebit,

150 2968 234 3012 quia
266 2972 406 3012 partem
430 2967 577 3002 alterius
601 2966 718 3002 servi⁸
741 2977 806 3011 per
837 2967 990 3002 alterum
1019 2978 1160 3002 servum
1184 2967 1247 3002 ad-

150 3014 271 3093 quiro,
308 3012 455 3057 perinde
490 3023 533 3047 30
568 3012 599 3048 01
632 3022 712 3047 1000
750 3016 786 3047 01
824 3012 971 3048 31101100
1011 3022 1112 3047 00110
1154 3016 1248 3048 00001

166 3069 183 3093 0
209 3062 319 3093 atum.

184 3070 246 3140 ἕ41
274 3102 385 3138 IDEM
403 3103 495 3138 libro
519 3113 557 3137 se
586 3103 670 3138 timo
696 3102 935 3148 epistularum
971 3102 1123 3138 ‘Maevio
1144 3102 1248 3137 fundi

152 3151 302 3228 63311001
326 3147 526 3190 dimidiam,
582 3148 635 3183 eio
656 3151 800 3207 partem
824 3148 1005 3183 dimidiam
1028 3148 1126 3192 lego:
1159 3158 1246 3183 eun-

152 3196 160 3212 ‘
189 3204 244 3228 em
274 3193 426 3228 fundum
450 3193 544 3228 Titio
576 3193 654 3238 lego
670 3220 678 3228 .
726 3193 758 3228 si
783 3192 886 3228 Seius
919 3193 1129 3236 decesserit,
1161 3203 1247 3237 pars

151 3238 227 3273 eius
251 3239 394 3283 utrique
418 3238 608 3280 adcrescit,
637 3238 720 3283 quia
745 3249 826 3273 cum
850 3239 1044 3283 separatim
1068 3242 1102 3273 et
1126 3242 1247 3283 partes

151 3283 254 3318 fundi
284 3288 320 3318 et
351 3287 448 3319 totus
479 3283 618 3328 legatus
650 3283 715 3326 sit,
748 3293 896 3319 necesse
927 3286 999 3326 est,
1031 3287 1073 3319 ut
1097 3293 1139 3318 ea
1162 3293 1247 3328 pars

153 3339 245 3373 quae
269 3331 387 3364 cessat
410 3339 475 3373 pro
498 3329 662 3373 portione
681 3328 790 3373 legati
810 3329 937 3373 cuique
958 3339 1092 3371 eorum,
1118 3329 1247 3374 quibus

155 3443 195 3481 (1)
219 3442 313 3483 capit
326 3442 361 3474 F
411 3444 462 3484 (ι’)
486 3443 523 3474 111
536 3445 583 3483 00]
596 3444 670 3484 1900
682 3454 746 3475 scr.

154 3489 206 3517 est
218 3486 374 3518 omnibus
388 3488 449 3520 del.
542 3489 585 3529 (4)
611 3489 690 3528 iam]
704 3488 754 3519 ita
765 3500 829 3520 scr.

157 3529 271 3562 seium
283 3531 392 3563 virum
404 3542 512 3564 meum
524 3533 718 3566 commendo
736 3532 812 3574 tibi,
833 3532 914 3566 filia.
955 3533 1011 3565 cui
1022 3533 1099 3565 volo
1117 3533 1191 3565 dari
1210 3532 1247 3564 in

156 3585 255 3606 usum
265 3585 327 3617 per
339 3576 442 3607 vitam
455 3577 527 3609 0100
548 3580 582 3610 et
593 3577 739 3610 fructum
758 3580 888 3620 partem
906 3578 975 3610 vici
988 3577 1247 3619 Nacolenorum,

159 3629 258 3660 quam
271 3622 370 3652 antea.
383 3621 414 3652 ei
431 3621 468 3652 in
482 3621 592 3653 dotem
614 3623 709 3665 dedi,
737 3633 806 3655 una
818 3633 894 3655 cum
906 3622 1101 3655 hominibus
1114 3624 1150 3655 10
1171 3623 1248 3655 dote

158 3663 276 3702 illatis,
295 3675 402 3705 neque
417 3665 484 3697 ullo
497 3666 594 3698 modo
615 3677 689 3699 eum
703 3668 743 3700 de
756 3667 833 3700 dote
853 3667 1056 3710 inquietariz
1081 3678 1159 3700 nam
1171 3670 1250 3710 post

159 3709 231 3740 eius
244 3709 373 3741 obitum
386 3720 424 3742 ea
437 3712 536 3744 erunt
549 3714 607 3743 tua
617 3711 865 3754 liberorumque
878 3715 1012 3746 tuorum
1058 3716 1101 3752 (6)
1115 3716 1250 3756 praeter

161 3753 295 3787 Pothier
350 3757 392 3794 (7)
406 3757 605 3787 testamento
620 3757 655 3788 F
715 3758 759 3797 (8)
773 3757 912 3790 alterius
926 3768 1019 3790 servo
1032 3758 1095 3800 F‘,
1109 3757 1248 3790 alterius

825 3444 867 3484 (2)
894 3441 994 3474 iubeo
1008 3443 1084 3476 dett.
1143 3444 1186 3484 (3)
1212 3442 1247 3474 id

933 3489 975 3528 (5)
1001 3489 1039 3521 id
1049 3495 1112 3521 est.-
1125 3488 1248 3520 Gaium

1241 124 1331 172 433

2264 125 2416 168 XXXI

1322 252 1334 283 1
1385 248 1519 285 fundus
1552 248 1745 301 separatim
1777 249 1915 294 legatus
1949 254 2022 293 est,
2056 249 2256 285 adcrescat.
2304 251 2338 283 A
2362 260 2416 285 me

1316 294 1481 374 Pf-”qdev
1498 304 1726 375 ldxosn'meag
1733 293 1785 373 iza
1802 295 1957 347 legatum
1975 299 2046 330 est:
2070 294 2255 347 ‘quidquid
2269 299 2417 340 propter

1318 344 1473 420 effi
1486 349 1747 419 asemimssoess'
1773 344 2166 436 {affamur
2183 343 2337 430 {3333
2354 350 2418 421 ¹³5„

1318 429 1549 465 deductiones
1573 430 1806 474 inpensarum
1829 429 1906 464 fieri
1929 430 2079 475 possint,
2105 440 2198 476 quae
2220 430 2360 473 fierent,
2386 430 2417 466 si

1317 475 1361 510 de
1385 475 1468 510 dote
1492 486 1514 510 a
1539 478 1667 510 eretur.
1715 474 1919 520 respondit:
1945 485 2018 510 non
2043 476 2179 518 dubito,
2204 476 2290 521 quin
2313 475 2419 511 uxori

1317 530 1406 556 suae
1430 486 1537 565 quot?
1549 520 1602 555 ita
1624 520 1780 565 legatum
1805 523 1877 555 est:
1912 523 1946 554 ‘a
1976 523 2012 555 te
2043 522 2146 556 heres
2178 526 2281 566 peto,
2314 521 2417 566 quid-

1318 565 1415 617 ‘quid
1439 565 1486 600 ad
1508 569 1545 601 te
1568 565 1799 610 pervenisset,
1824 568 1866 599 ut
1884 568 2025 600 tantum
2047 566 2079 601 ei
2100 566 2228 610 dares',
2253 570 2332 602 tota
2353 567 2417 602 dos

1317 621 1394 646 s1ne
1415 611 1556 645 ratione
1577 610 1799 646 deductionis
1819 610 2061 655 impensarum
2077 612 2216 647 mulieri
2232 612 2417 647 debeatur.

1316 666 1390 691 non
1425 660 1544 691 autem
1579 655 1673 691 idem
1708 656 1765 691 ius
1796 656 1931 691 servari
1963 655 2094 691 debet⁹
2127 667 2171 692 ex
2202 660 2417 693 testamento

1317 701 1489 744 extranei,
1515 701 1612 746 quod
1635 705 1798 736 servatur
1811 702 1840 722 ¹⁰
1862 700 1899 736 in
1922 704 2136 737 testamento
2161 702 2243 745 viri,
2270 703 2331 748 qui
2355 702 2417 738 do-

1315 750 1389 781 tem
1419 746 1524 781 uxori
1556 746 1736 791 relegavit.
1784 747 1876 782 haec
1908 747 2002 781 enim
2031 747 2224 782 taxationis
2248 748 2328 783 1000
2353 748 2418 783 113-

1316 791 1435 826 110οᾱ3
1467 793 1562 827 est¹¹
1596 791 1780 837 ‘quidquid
1814 792 1860 827 ad
1891 795 1928 827 te
1959 793 2149 837 pervenit':
2185 793 2256 828 illic
2288 797 2418 836 autem,

1316 837 1379 871 ubi
1401 837 1456 871 vir
1479 837 1584 872 uxori
1606 837 1753 881 relegat,
1778 836 1815 872 id
1839 837 1980 872 videtur
1999 837 2129 881 legare,
2155 838 2250 883 quod
2270 838 2307 873 10
2327 838 2418 873 1οᾱ1-

1317 882 1372 917 010
1398 881 1492 917 dotis
1515 882 1643 917 mulier
1668 886 1907 918 consecutura
1930 882 2048 918 fuerit.

1363 925 1418 963 42
1443 927 1553 963 IDEM
1572 927 1664 963 libro
1688 927 1878 963 undecimo
1903 928 2142 974 epistularum
2183 928 2271 963 Cum
2291 929 2334 971 ei,
2359 929 2421 974 qui

1315 976 1457 1018 partem
1482 972 1668 1017 capiebat,
1701 973 1859 1018 legatum
1893 977 2007 1015 esset,
2042 977 2083 1008 ut
2114 973 2174 1008 alii
2205 974 2419 1017 restitueret,

1315 1018 1454 1063 placuit
1477 1017 1631 1053 solidum
1656 1028 1786 1063 capere
1810 1028 1928 1063 posse.

1363 1061 1417 1101 43
1452 1063 1684 1099 POMPONIUS
1713 1064 1805 1099 libro
1838 1064 1943 1098 tertio
1977 1063 2027 1098 ad
2058 1063 2227 1106 Quintum
2258 1063 2420 1100 Mucium

1317 1108 1354 1144 Si
1377 1109 1430 1144 ita
1453 1109 1617 1144 relictum
1640 1108 1768 1144 fuerit:
1795 1111 1980 1154 ‘quantum
2004 1109 2108 1144 heres
2132 1119 2232 1144 meus
2260 1109 2421 1152 habebit,

1318 1157 1469 1189 ‘tantum
1502 1154 1651 1189 Tithaso
1688 1154 1767 1189 dari
1801 1154 1907 1196 volo',
1946 1165 2012 1199 pro
2047 1165 2088 1189 eo
2123 1158 2195 1198 est,
2236 1154 2338 1200 quasi
2370 1155 2423 1190 ita

1317 1199 1364 1235 sit
1399 1200 1472 1235 scri
1498 1203 1593 1235 tum:
1636 1203 1645 1218 ‘
1672 1203 1822 1235 uantum
1859 1210 1982 1234 omnes
2022 1199 2172 1235 heredes
2212 1200 2420 1235 habebunt'.

1321 1249 1336 1279 1
1388 1245 1465 1289 Quo
1518 1245 1548 1280 si
1570 1245 1623 1280 ita
1663 1245 1772 1280 uerit:
1804 1247 1992 1290 ‘quantum
2015 1255 2110 1280 unus
2134 1245 2238 1280 heres
2262 1245 2421 1288 habebit,

1318 1293 1471 1325 ‘tantum
1488 1290 1640 1325 Tithaso
1661 1290 1809 1325 heredes
1831 1301 1929 1326 meos
1955 1291 2041 1325 dare
2065 1290 2170 1333 volo’,
2195 1290 2314 1326 minor
2336 1300 2421 1336 pars

1318 1339 1336 1370 2
1387 1335 1453 1370 erit
1477 1335 1688 1381 accipienda
1702 1337 1741 1378 ¹²,
1775 1346 1867 1381 quae
1898 1336 1994 1371 venit
2022 1336 2116 1371 1010
2141 1339 2214 1371 ato.
2261 1336 2422 1381 Pegasus

1317 1381 1444 1416 solitus
1469 1381 1590 1416 fuerat
1614 1381 1852 1426 distinguere,
1878 1382 1908 1416 si
1932 1381 1969 1416 in
1994 1381 2086 1416 diem
2137 1381 2423 1417 deicommissum

1316 1427 1481 1462 relictum
1504 1427 1562 1469 sit,
1587 1427 1698 1461 veluti
1715 1430 1801 1471 post
1816 1437 1931 1462 annos
1949 1426 2085 1468 decem,
2109 1427 2295 1470 interesse,
2321 1427 2422 1462 cuius

1319 1482 1430 1507 causa
1453 1475 1594 1517 tempus
1620 1471 1769 1507 dilatum
1790 1472 1847 1515 sit,
1874 1476 2043 1507 utrumne
2062 1472 2216 1515 heredis,
2242 1483 2313 1517 quo
2336 1483 2422 1508 casu

1317 1517 1484 1553 heredem
1508 1517 1667 1552 fructum
1691 1518 1846 1552 retinere
1871 1518 2011 1560 debere,
2038 1528 2085 1552 an
2108 1518 2281 1563 legatarii,
2313 1518 2422 1553 veluti

1318 1563 1348 1597 si
1371 1563 1409 1597 in
1433 1567 1574 1608 tempus
1598 1563 1800 1608 pubertatis
1826 1563 1858 1598 ei
1882 1563 1942 1608 qui
1966 1563 2129 1607 impubes
2162 1563 2210 1599 sit
2237 1563 2421 1598 fideicom-

1317 1608 1465 1643 missum
1488 1608 1654 1643 relictum
1679 1608 1744 1650 sit,
1777 1612 1864 1643 tunc
1900 1608 1993 1643 enim
2020 1608 2160 1643 fructus
2184 1609 2421 1661 praestandos

1319 1657 1354 1688 et
1378 1653 1623 1688 antecedentis
1647 1653 1831 1698 temporis.
1880 1654 1957 1688 et¹³
1988 1654 2078 1689 haec
2108 1654 2159 1689 ita
2182 1653 2423 1700 intellegenda

1318 1702 1420 1741 sunt,
1453 1699 1484 1733 si
1517 1709 1590 1734 non
1622 1699 1832 1733 nominatim
1865 1699 2045 1734 adiectum
2078 1702 2150 1742 est,
2183 1704 2225 1734 ut
2257 1711 2339 1735 011111
2365 1699 2421 1734 10-

1318 1746 1338 1778 3
1388 1747 1569 1779 0101110010
1601 1743 1705 1779 110100
1739 1744 2053 1779 fideicommissum
2110 1748 2257 1780 raestet.
2305 1745 2344 1780 Si
2369 1745 2423 1780 ita

1318 1789 1493 1834 scriptum
1517 1789 1581 1824 sit:
1610 1789 1745 1824 ‘decem
1770 1793 1834 1824 aut
1858 1789 2060 1834 quindecim
2111 1800 2188 1825 eres
2214 1790 2323 1833 dato',
2354 1800 2421 1836 pro

1318 1844 1358 1869 eo
1385 1838 1440 1869 est
1464 1845 1508 1869 ac
1532 1835 1562 1869 si
1587 1834 1711 1869 decem
1736 1835 1815 1869 sola
1841 1835 1960 1879 legata
1989 1835 2080 1870 sint:
2115 1839 2179 1870 aut
2210 1835 2240 1871 si
2270 1836 2323 1870 ita
2355 1836 2420 1870 sit:

1318 1883 1413 1924 ‘post
1437 1890 1571 1914 annum
1596 1883 1659 1914 aut
1682 1883 1766 1925 post
1786 1880 1980 1923 biennium,
2006 1890 2113 1925 quam
2134 1891 2198 1925 ego
2220 1881 2421 1923 decessero,

1318 1925 1432 1960 ‘heres
1466 1925 1575 1967 dato’,
1617 1929 1701 1970 post
1734 1925 1918 1960 biennium
1949 1925 2090 1961 videtur
2120 1926 2297 1971 legatum,
2338 1926 2422 1971 quia

1317 1970 1457 2005 heredis
1484 1974 1578 2005 esset
1601 1974 1763 2015 potestas
1787 1971 1825 2005 in
1850 1970 2023 2015 eligendo.

1364 2014 1419 2052 44
1456 2015 1566 2050 IDEM
1593 2016 1684 2051 libro
1718 2019 1850 2061 quarto
1884 2016 1934 2051 ad
1966 2016 2136 2059 Quintum
2169 2015 2332 2051 Mucium
2384 2015 2423 2051 Si

1317 2061 1482 2140 910111)οἒ
1514 2061 1707 2140 1101οᾱ1111ἓο
1734 2061 1909 2141 {institutis
1934 2062 1986 2096 ita
2010 2062 2184 2114 scriptum
2208 2061 2273 2097 sit:
2306 2061 2421 2141 ι11011(Ξο

1318 2111 1430 2141 ‘meus
1481 2117 1606 2142 amnas
1631 2116 1668 2141 es
1687 2117 1707 2141 o
1759 2117 1820 2141 are
1844 2117 1973 2142 aureos
2022 2118 2084 2142 0111
2110 2108 2167 2142 00’
2213 2117 2286 2142 000
2341 2118 2378 2142 01
2406 2127 2421 2134 -

1316 2152 1379 2187 bet
1409 2152 1531 2194 heres,
1565 2152 1629 2187 sed
1660 2162 1783 2187 omnes
1815 2118 2031 2188 videbuntulr
2064 2118 2241 2192 damnati,
2276 2117 2422 2187 utquna

1317 2196 2117 2288 tert?nssaffisseiiffiffisiostaqffiffl?{¹333
2143 2197 2421 2278 ‘iass‘luissffissss

1318 2288 1432 2329 ‘esto’,
1464 2288 1593 2324 deinde
1624 2288 1694 2324 alio
1728 2288 1808 2323 loco
1841 2288 1910 2324 ita:
1945 2289 2107 2323 ‘Publius
2131 2288 2293 2323 Maevius
2317 2288 2421 2323 heres

1319 2336 1431 2368 ‘meus
1449 2333 1600 2368 Tithaso
1621 2334 1778 2378 quinque
1799 2343 1929 2368 aureos
1951 2333 2100 2368 damnas
2122 2338 2198 2368 esto
2220 2333 2327 2375 dare',
2353 2333 2422 2368 nisi

1320 2379 1436 2414 Titius
1462 2378 1660 2414 ostenderit
1682 2379 1862 2414 adimendi
1887 2389 1999 2414 causa
2013 2380 2039 2399 ¹⁴
2063 2389 2086 2414 a
2109 2379 2239 2414 Publio
2263 2378 2420 2423 legatum

1320 2434 1398 2459 esse
1421 2423 1597 2466 relictum,
1622 2424 1752 2469 quinos
1776 2434 1905 2459 aureos
1930 2424 1976 2459 ab
2001 2429 2155 2468 utroque
2180 2424 2344 2468 accipiet.

1365 2467 1418 2505 45
1453 2469 1561 2504 IDEM
1590 2470 1681 2505 libro
1714 2473 1840 2505 octavo
1876 2469 1926 2504 ad
1956 2469 2128 2512 Quintum
2160 2468 2323 2504 Mucium
2383 2469 2421 2504 Si

1317 2515 1370 2549 ita
1401 2514 1448 2550 sit
1480 2515 1673 2560 scriptum:
1708 2514 1862 2550 ‘filiabus
1895 2514 1983 2549 meis
2015 2518 2160 2549 centum
2191 2524 2320 2549 aureos
2349 2514 2419 2557 d0’‚

1319 2570 1365 2594 an
1397 2563 1433 2594 et
1464 2560 1654 2595 masculini
1684 2560 1822 2604 generis
1856 2562 1892 2595 et
1923 2559 2083 2594 feminini
2115 2559 2237 2595 liberis
2264 2559 2421 2604 legatum

1318 2604 1506 2640 videatur?
1530 2616 1614 2640 nam
1634 2605 1664 2640 si
1683 2605 1735 2639 ita
1754 2606 1928 2650 scriptum
1948 2608 2063 2639 esset:
2090 2605 2183 2639 ‘filiis
2203 2604 2291 2640 meis
2311 2605 2421 2640 hosce

1319 2653 1471 2686 ‘tutores
1489 2650 1558 2692 do’,
1578 2660 1790 2695 responsum
1807 2654 1861 2685 est
1878 2650 1984 2684 etiam
2000 2650 2143 2685 filiabus
2159 2653 2299 2685 tutores
2316 2650 2420 2686 datos

1320 2705 1410 2731 esse.
1459 2695 1556 2740 quod
1587 2706 1660 2731 non
1692 2699 1747 2730 est
1782 2706 1825 2730 ex
1859 2696 2038 2730 contrario
2072 2695 2339 2740 accipiendum,
2379 2698 2421 2730 ut

1317 2740 1474 2775 filiarum
1498 2741 1642 2776 nomine
1661 2741 1768 2776 etiam
1788 2740 1940 2775 masculi
1959 2740 2229 2776 contineantur:
2256 2741 2419 2785 exemplo

1319 2787 1412 2821 enim
1436 2786 1630 2831 pessimum
1651 2789 1705 2821 est
1722 2785 1892 2820 feminino
1913 2786 2089 2821 vocabulo
2111 2786 2218 2821 etiam
2238 2787 2419 2822 masculos

1322 2835 1334 2865 1
1389 2831 1574 2866 contineri.
1612 2831 1650 2867 Si
1674 2831 1741 2866 sub
1767 2831 1976 2866 condicione
1999 2831 2055 2866 vel
2080 2842 2124 2867 ex
2148 2831 2205 2867 (110
2230 2835 2330 2867 certa
2353 2842 2418 2866 no-

1318 2876 1374 2911 bis
1406 2876 1565 2921 legatum
1597 2876 1663 2918 sit,
1697 2879 1781 2911 ante
1813 2876 2059 2912 condicionem
2083 2877 2140 2912 vel
2165 2876 2258 2912 diem
2282 2880 2419 2912 certum

1317 2921 1507 2966 repudiare
1531 2932 1604 2957 non
1628 2932 1838 2966 possumus:
1872 2932 1954 2957 nam
1985 2932 2053 2957 nec
2112 2923 2241 2957 ertinet
2268 2922 2322 2957 ad.
2339 2933 2417 2963 000,

1319 2969 1338 3001 2
1387 2970 1579 3011 antequam
1612 2967 1687 3002 dies
1719 2967 1877 3001 veniet¹⁵
1907 2967 1963 3002 vel
1996 2978 2065 3002 000
2091 2967 2160 3003 1010
2190 2968 2330 3002 existat.
2381 2966 2418 3001 Si

1317 3014 1421 3063 pater
1444 3012 1540 3047 filiae
1564 3021 1651 3047 suae
1674 3016 1887 3047 testamento
1913 3023 2043 3048 aureos
2067 3016 2123 3048 tot
2145 3013 2311 3047 heredem
2333 3012 2418 3047 dare

1317 3057 1479 3099 1usserit,
1515 3057 1578 3091 ubi
1612 3066 1655 3091 ea
1685 3057 1886 3102 nupsisset:
1923 3057 1953 3093 si
1985 3058 2058 3093 filia
2090 3062 2204 3103 nupta
2235 3058 2299 3099 sit,
2337 3068 2417 3091 cum

1317 3105 1571 3137 testamentum
1594 3102 1654 3144 fit,
1680 3102 1742 3137 sed
1765 3103 1914 3139 absente
1938 3107 2041 3148 patre
2066 3107 2102 3138 et
2125 3103 2329 3147 ignorante,
2362 3101 2415 3136 ni-

1317 3146 1389 3181 hilo
1415 3148 1531 3182 minus
1555 3147 1712 3192 legatum
1738 3147 1904 3183 debetur:
1939 3149 1969 3183 si
2001 3149 2096 3184 0111111
2122 3149 2192 3183 1100
2216 3151 2320 3192 93101
2343 3157 2415 3181 000

1317 3192 1517 3237 ignorabat,
1542 3192 1682 3228 videtur
1706 3193 1749 3229 de
1774 3193 1853 3228 aliis
1877 3193 2011 3238 nuptiis
2036 3194 2200 3228 sensisse.

1364 3235 1418 3274 46
1444 3237 1654 3272 PRoc'ULUs
1674 3237 1765 3274 libro
1791 3240 1916 3284 quinto
1941 3239 2177 3285 epistularum
2232 3237 2269 3272 Si
2300 3236 2414 3280 scrip-

1318 3286 1424 3362 533⁸&
1448 3283 2249 3374 f‘sssskrssegofflta‚qffl‘sstfflnffimieglssfflssssss
2281 3281 2415 3360 {aa

1318 3442 1404 3473 servi
1419 3440 1469 3474 F⁶
1501 3443 1627 3475 omissis
1646 3445 1852 3485 sequentibus
1875 3453 1936 3484 per
1957 3451 2089 3473 servum
2148 3439 2287 3472 alterius
2307 3449 2412 3479 servo,

1318 3499 1402 3530 quae
1414 3487 1535 3520 habent
1545 3488 1575 3520 S
1643 3489 1700 3529 (8‘)
1727 3488 1841 3520 heredi
1854 3488 1888 3519 F
1952 3488 1995 3527 (9)
2021 3486 2140 3518 debeat
2157 3483 2209 3518 F²
2291 3485 2350 3524 (10)
2365 3484 2413 3517 ita

1308 3533 1387 3575 fere
1401 3533 1554 3565 emenda.-
1566 3543 1634 3565 non
1648 3532 1767 3565 dubito
1781 3533 1864 3574 quin
1878 3531 1979 3564 uxori
2001 3532 2079 3572 eius,
2093 3543 2114 3563 a
2127 3542 2189 3572 quo
2201 3529 2251 3561 ita
2263 3528 2412 3570 legatum

1318 3579 1413 3609 est...
1428 3579 1500 3609 tota
1511 3577 1572 3610 dos
1585 3578 1658 3610 sine
1671 3578 1804 3610 ratione
1816 3575 2029 3609 deductionis
2049 3576 2275 3616 impensarum
2294 3574 2412 3606 debea-

1320 3629 1380 3655 tur.
1411 3632 1479 3654 non
1496 3624 1608 3655 autem
1622 3622 1712 3655 idem
1727 3623 1790 3662 ius,
1812 3623 1901 3664 quod
1911 3621 2035 3652 servari
2049 3620 2147 3652 debet
2159 3629 2199 3651 ex
2211 3620 2412 3651 testamento

1319 3667 1481 3707 extranei,
1502 3671 1655 3700 servatur
1725 3669 1779 3707 (11)
1806 3667 1862 3698 hic
1884 3666 1973 3697 enim
1991 3665 2174 3698 taxationis
2190 3664 2265 3696 loco
2285 3663 2411 3695 haben-

1318 3711 1397 3744 dum
1419 3714 1470 3744 est
1488 3725 1550 3745 scr.
2191 3710 2249 3748 (13)
2274 3709 2332 3741 sed
2348 3721 2412 3742 scr.

1319 3758 1378 3797 (14)
1402 3767 1422 3788 a
1439 3767 1473 3789 se
1491 3758 1551 3790 ins.

1693 3714 1750 3752 (12)
1776 3709 1973 3753 accipienda
1990 3711 2050 3743 del.

1647 3761 1705 3798 (15)
1732 3758 1845 3788 veniat
1861 3754 1910 3787 F²

2093 3811 2134 3842 55
