2528 3918
117 148 199 178 VEL
229 150 591 182 TRANSFERENDIS
622 150 810 181 LEGATIS

163 260 211 299 14
235 262 510 296 FLORENTINUS
536 260 626 296 libro
645 260 767 306 primo
782 261 792 280 ¹
816 260 1080 295 institutionum
1132 261 1203 296 Le-

112 311 195 353 gata
232 306 405 342 inutiliter
444 306 528 341 data
567 305 793 350 ademptione
829 315 902 340 non
934 306 1201 350 confirmantur,

114 352 220 387 veluti
244 351 297 386 si²
321 351 463 387 domino
487 350 616 386 herede
639 351 814 394 instituto,
838 360 940 385 servo
954 352 968 371 ³
991 362 1082 396 pure
1106 352 1201 397 lega-

113 404 187 433 tum
200 398 214 418 4
245 397 312 432 sub
346 397 553 432 condicione
583 395 780 431 adimatur:
813 406 895 430 nam
926 407 1017 441 pure
1046 397 1202 441 legatum

112 444 141 478 si
163 442 231 478 sub
256 442 464 477 condicione
488 441 676 485 adimatur,
703 441 770 476 sub
793 441 974 476 contraria
995 442 1202 477 condicione

112 488 233 524 datum
267 487 483 540 intellegitur
518 490 553 522 et
586 486 665 521 ideo
700 486 932 521 confirmatur
942 489 967 522 ³.
1024 487 1201 532 ademptio

112 537 238 576 autem,
264 543 334 578 quo
358 542 484 574 minus,
509 542 582 567 non
606 542 677 577 quo
701 532 813 576 magis
838 532 993 583 legatum
1016 533 1200 574 debeatur,

114 583 125 613 1
176 578 376 613 intervenit.
424 577 561 622 Quibus
594 587 639 612 ex
669 577 788 612 causis
814 577 911 612 dat10
935 577 1042 622 legati
1065 578 1200 612 inutilis

111 627 183 667 est,
217 633 261 658 ex
288 623 400 658 isdem
425 623 543 658 causis
567 623 675 658 etiam
698 622 801 657 adem
825 623 875 658 tio
900 622 1068 658 inefficax
1090 623 1201 658 habe-

110 674 188 711 tur,
221 668 331 704 veluti
361 669 392 703 si
420 668 513 703 viam
543 679 609 713 pro
633 672 738 713 parte
762 678 784 702 a
809 668 897 703 imas
922 672 985 703 aut
1008 680 1074 714 pro
1098 672 1202 714 parte

110 715 259 750 liberum
284 724 363 749 esse
385 718 494 749 vetes.

160 758 208 796 15
235 758 394 794 Panos
422 759 512 794 libro
536 758 719 804 sinyulari
746 758 791 793 de
814 758 1067 804 adsiqnatione
1091 759 1201 795 liber-

111 810 228 841 torum
276 804 364 840 Cum
396 815 517 840 servus
547 804 686 849 legatus
716 814 739 838 a
766 806 939 839 testatore
967 808 1003 839 et
1026 805 1201 840 alienatus

110 861 233 886 rursus
257 850 462 895 redemptus
486 850 533 884 sit
555 859 578 884 a
602 852 791 892 testatore,
822 860 895 884 non
925 849 1075 885 debetur
1103 850 1200 895 lega-

111 896 200 931 tario
234 896 400 941 opposita
429 895 636 940 exceptione
669 894 740 929 doli
764 894 858 929 mali.
907 905 993 930 sane
1017 895 1046 930 si
1069 896 1202 941 probet

110 942 301 986 legatarius
339 951 466 976 novam
505 940 724 976 voluntatem
761 940 966 983 testatoris,
1006 952 1079 976 non
1115 941 1200 976 sub-

110 986 319 1022 movebitur.

158 1029 208 1069 16
232 1031 340 1067 IDEM
365 1042 415 1066 ex
439 1031 529 1066 libro
553 1030 737 1076 sinqulari
766 1031 811 1066 de
841 1032 921 1066 iure
951 1031 1199 1067 codicillorum

109 1077 206 1112 Nihil
229 1078 394 1121 interest,
425 1076 618 1111 inducatur
649 1076 746 1121 quod
778 1076 952 1121 scriptum
976 1081 1031 1112 est
1054 1087 1101 1111 an
1124 1076 1199 1112 adi-

110 1127 238 1158 matur.

157 1165 207 1205 17
237 1167 380 1203 Census
400 1166 490 1203 libro
515 1167 678 1202 vicesimo
702 1167 860 1203 seeundo
880 1167 1100 1220 digestorum
1135 1167 1199 1202 Ni-

108 1214 157 1248 hil
181 1213 346 1259 prohibet
368 1212 521 1257 priorem
544 1212 760 1258 scripturam
790 1216 989 1258 postenore
1024 1213 1201 1257 corrigere

110 1263 329 1294 commutare
352 1258 566 1294 rescindere.

158 1302 208 1342 18
233 1303 486 1339 Moossmres
506 1303 596 1339 libro
621 1306 747 1339 octavo
771 1303 1061 1349 differentiarum
1110 1303 1199 1338 Rem

110 1351 261 1395 legatam
292 1350 323 1385 si
355 1352 508 1384 testator
540 1349 640 1384 vivus
672 1349 733 1383 alii
764 1349 966 1391 donaverit,
999 1349 1199 1385 omnimodo

110 1395 345 1440 exstinguitur
366 1394 533 1438 legatum.
570 1404 636 1429 nec
661 1393 918 1438 distinguimus,
945 1398 1065 1429 utrum
1088 1405 1198 1440 prop-

110 1446 163 1475 ter
187 1440 432 1476 necessitatem
458 1439 508 1474 rei
532 1438 716 1474 familiaris
741 1449 787 1473 an
811 1450 908 1474 mera
929 1440 1112 1475 voluntate
1136 1440 1200 1475 do-

109 1486 255 1529 naverit,
275 1489 326 1527 111,
349 1485 380 1521 81
398 1484 612 1519 necessitate
629 1484 825 1528 donaverit,
842 1485 999 1529 legatum
1017 1485 1199 1529 debeatur,

109 1532 138 1566 si
156 1531 253 1566 nuda
272 1531 466 1571 voluntate,
491 1541 564 1565 non
583 1529 774 1565 debeatur:
800 1530 890 1565 haec
911 1531 1003 1565 enim
1020 1531 1199 1566 distinctio

108 1578 143 1611 in
168 1576 333 1611 donantis
357 1575 661 1610 111111111100111101116
684 1586 757 1610 11011
782 1575 896 1619 cadit,
929 1587 1010 1611 cum
1035 1587 1139 1611 nemo
1162 1576 1200 1611 in

109 1622 380 1657 necessitatibus
404 1620 563 1656 liberalis
585 1621 746 1656 exsistat.

157 1665 207 1704 19
231 1667 338 1702 IDEM
358 1667 448 1702 libro
471 1666 657 1702 undecimo
683 1677 939 1712 responsorum
973 1667 1198 1702 Modestinus

108 1712 309 1758 respondit,
339 1712 370 1748 si
394 1711 580 1746 adimendo
604 1711 777 1756 legatum,
811 1713 906 1757 quod
929 1713 1071 1748 Maevio
1095 1713 1199 1748 relic-

109 1764 182 1792 tum
214 1758 277 1801 sit,
308 1757 618 1792 fideicommissum
643 1758 688 1792 ab
714 1768 755 1793 eo
782 1757 904 1793 datum
929 1757 1119 1793 defunctus
1142 1769 1198 1794 re-

110 1814 236 1839 vocare
259 1803 392 1845 noluit,
425 1802 574 1837 heredes
605 1813 650 1838 ex
684 1813 794 1838 causa
824 1803 1089 1839 fideicommissi
1114 1814 1199 1839 con-

108 1849 220 1885 veniri
270 1859 348 1884 osse
372 1853 469 1883 recte
492 1848 650 1893 probari.

154 1892 205 1931 20
278 1903 470 1928 OMPONJUS
499 1893 589 1929 libro
614 1894 738 1939 primo
771 1892 821 1928 ad
843 1892 1014 1935 Quintum
1038 1893 1199 1929 Mucium

108 1940 210 1975 Licet
241 1938 454 1974 transferam
484 1939 640 1984 legatum
671 1938 708 1972 in
738 1948 834 1981 eum,
877 1950 956 1974 cum
989 1950 1060 1984 quo
1094 1940 1198 1975 nobis

108 1985 310 2020 testamenti
333 1984 442 2019 factio
466 1995 539 2019 non
563 1989 635 2026 est,
669 1983 741 2018 sive
771 1984 810 2018 in
839 1994 979 2019 servum
1002 1985 1197 2030 proprium,

109 2031 165 2064 cui
189 2031 264 2065 sine
288 2030 451 2064 libertate
474 2030 656 2074 legavero,
689 2029 773 2064 licet
805 2030 879 2064 eis⁷
912 2041 985 2065 non
1013 2030 1197 2073 debeatur,

109 2087 174 2110 nec
198 2076 248 2110 illi
271 2079 391 2110 tamen
415 2075 613 2116 debebitur,
640 2074 698 2109 cui
720 2074 829 2109 fuerit
852 2075 1068 2121 ademptum.

154 2119 203 2157 21
236 2120 448 2156 LICJNNJUS
476 2120 655 2155 Remvvs
689 2119 779 2155 libro
820 2125 950 2166 quarto
987 2121 1198 2167 requtarum

108 2167 279 2211 Legatum
302 2166 392 2200 nulli
416 2165 477 2200 alii
501 2165 609 2200 adimi
632 2169 751 2210 potest
775 2176 880 2209 quam
905 2166 963 2201 cui
983 2166 1106 2201 datum
1126 2172 1197 2202 est:

109 2216 327 2257 quapropter
358 2211 389 2246 si
418 2210 492 2246 filio
523 2214 587 2245 aut
617 2221 719 2246 servo
752 2211 866 2246 alieno
898 2212 1055 2256 legatum
1079 2211 1198 2255 fuerit,

109 2257 250 2292 domino
277 2260 338 2292 aut
362 2257 456 2301 patri
479 2256 635 2301 legatum
659 2256 767 2291 adimi
790 2267 862 2291 non
886 2261 1016 2302 potest.

153 2299 206 2339 22
231 2302 476 2337 Pipmmws
494 2302 584 2337 libro
604 2305 709 2337 sexto
729 2312 986 2348 responsorum
1020 2303 1079 2337 Ex
1095 2307 1199 2348 parte

107 2348 210 2383 heres
233 2347 417 2383 institutus
442 2347 547 2382 etiam
570 2347 727 2392 legatum
751 2352 957 2393 acceperat:
984 2358 1064 2383 eum
1088 2353 1197 2383 testa-

107 2398 164 2427 tor
186 2393 377 2428 inimicitiis
400 2393 616 2437 gravissimis
639 2397 868 2437 persecutus,
901 2404 982 2428 cum
1005 2397 1197 2429 testamen-

108 2443 183 2473 tum
201 2438 299 2473 aliud
316 2437 435 2473 facere
454 2438 667 2473 instituisset
686 2448 801 2483 neque
819 2438 991 2483 perficere
1010 2440 1197 2484 potuisset,

107 2484 301 2528 praeteriit.
348 2483 585 2518 hereditariae
617 2483 758 2528 quidem
791 2484 951 2520 actiones
984 2485 1017 2520 ei
1040 2496 1112 2520 non
1137 2485 1197 2519 de—

108 2530 348 2573 negabuntur‚
389 2529 454 2564 sed
483 2529 638 2573 legatum
670 2529 702 2564 si
732 2533 850 2574 petat,
884 2530 1094 2575 exceptione
1127 2530 1199 2566 doli

108 2574 191 2608 mali
214 2574 493 2610 submovebitur.

154 2616 205 2656 23
232 2619 339 2655 IDEM
365 2619 455 2654 libro
485 2620 634 2673 septimo
664 2630 919 2665 responsorum
965 2620 1075 2655 Pater
1104 2620 1199 2655 inter

109 2664 200 2700 filios
230 2664 462 2700 facultatibus
494 2664 614 2700 divisis
644 2663 753 2699 filiam
785 2675 830 2700 ex
860 2666 998 2701 ratione
1030 2665 1198 2711 primipili

110 2710 373 2745 commodorum
414 2714 595 2745 trecentos
636 2720 764 2745 aureos
802 2710 966 2755 accipere
1002 2711 1115 2746 voluit
1153 2721 1197 2746 ac

109 2759 233 2799 postea
262 2755 306 2790 de
337 2755 489 2800 pecunia
514 2755 779 2790 commodorum
802 2756 1065 2800 possessionem
1089 2766 1196 2801 para-

109 2800 167 2835 vit.
215 2800 326 2835 nihilo
358 2801 474 2835 minus
503 2801 634 2836 fratres
663 2804 699 2836 et
729 2800 920 2836 coheredes
951 2801 1069 2836 sorori
1096 2801 1196 2836 fidei-

110 2845 333 2881 commissum
356 2846 609 2890 praestabunt:
633 2856 706 2881 non
730 2845 821 2881 enim
845 2846 1076 2891 absumptum
1100 2846 1195 2882 vide-

109 2896 185 2932 tur,
227 2891 320 2935 quod
359 2891 397 2925 in
437 2901 566 2936 corpus
597 2891 800 2936 patrimonii
830 2902 971 2927 versum
1001 2895 1068 2927 est.
1117 2903 1197 2927 cum

109 2940 227 2971 autem
258 2936 352 2972 inter
381 2935 474 2972 filios
503 2936 614 2972 diviso
637 2936 851 2982 patrimonio
875 2947 932 2972 res
956 2937 1126 2972 indivisas
1150 2937 1197 2972 ad

111 2992 231 3016 omnes
254 2981 444 3017 coheredes
462 2982 639 3027 pertinere
655 2982 835 3024 voluisset,
860 2982 911 3017 ita
934 2982 1197 3028 possessionem

110 3037 154 3060 ex
178 3027 369 3061 commodis
395 3030 637 3072 comparatam
662 3027 768 3062 dividi
790 3028 944 3072 placuit,
977 3031 1019 3062 ut
1047 3027 1088 3062 in
1119 3038 1197 3062 eam

110 3071 281 3115 superflui
299 3071 405 3116 pretii
422 3070 496 3106 filia
513 3072 711 3117 portionem
731 3072 982 3108 hereditariam
998 3072 1195 3118 accipiat⁸:

110 3116 178 3150 hoc
201 3116 295 3151 enim
318 3117 473 3152 eveniret
495 3117 533 3151 in
556 3118 658 3152 bonis
682 3118 835 3162 pecunia
856 3119 992 3153 relicta.

156 3159 210 3197 24
233 3160 340 3196 IDEM
359 3162 450 3197 libro
475 3166 599 3198 octavo
623 3173 879 3209 responsorum
929 3163 1106 3208 Legatum
1130 3164 1196 3199 sub

112 3206 317 3241 condicione
342 3207 463 3242 datum
488 3218 568 3242 cum
591 3207 821 3252 transfertur,
854 3209 920 3244 sub
953 3208 1079 3244 eadem
1112 3219 1195 3244 0011·-

112 3251 250 3286 (11010110
271 3251 458 3287 transferri
480 3252 627 3296 videtur‚
653 3253 684 3288 si
706 3264 779 3287 non
799 3253 959 3289 condicio
981 3254 1095 3298 priori
1116 3265 1196 3298 per-

112 3306 221 3331 sonae
245 3296 450 3332 cohaereat:
483 3308 564 3332 nam
595 3298 627 3333 si
658 3298 735 3343 quis
767 3299 869 3333 uxori
900 3299 1050 3335 sublatis
1077 3299 1196 3335 liberis

111 3341 295 3392 legaverit,
328 3342 480 3386 repetita
503 3343 664 3378 condicio
688 3354 760 3378 non
783 3343 978 3386 videbitur,
1010 3354 1105 3388 quae
1128 3343 1198 3379 fuit

115 3389 129 3419 1
178 3397 215 3420 m
237 3395 392 3430 persona
414 3387 568 3423 mulieris
592 3388 795 3424 necessaria
805 3389 830 3422 ⁹.
869 3388 977 3424 Pater
995 3389 1122 3424 hortos
1142 3389 1196 3424 in-

112 3434 268 3466 structos
298 3429 392 3466 filiae
419 3431 564 3511 legavit:
598 3437 723 3478 postea
770 3434 918 3469 uaedam
942 3444 987 3469 ex
1009 3434 1197 3479 mancipiis

111 3475 296 3510 hortorum
319 3476 423 3511 uxori
471 3478 600 3513 onavit.
642 3478 715 3514 sive
763 3479 947 3514 onationes
973 3478 1198 3514 confirmavit

113 3520 183 3556 sive
207 3531 280 3556 non
303 3520 542 3564 confirmavit,
574 3523 750 3568 posterior
772 3524 935 3559 voluntas
961 3524 1057 3559 filiae
1080 3524 1196 3569 legato

114 3633 151 3669 (1)
175 3633 350 3666 undecimo
365 3634 413 3665 F¹

115 3679 155 3718 (4)
181 3678 209 3710 si
229 3680 288 3712 ins.
304 3679 338 3711 F
343 3678 356 3698 ²

115 3724 298 3756 exciderunt

116 3767 215 3808 cipiet
235 3769 265 3800 F

483 3637 525 3674 (2)
550 3644 642 3666 servo
653 3645 673 3667 a
687 3636 745 3668 ins.
759 3635 810 3668 Ι1η
879 3636 920 3676 (3)
944 3635 1054 3678 801νο]
1069 3637 1129 3669 del.
1146 3636 1195 3669 F²

470 3680 512 3719 (5)
538 3681 570 3711 et
588 3679 661 3712 ideo
681 3680 895 3713 confirmatur
914 3682 988 3720 del,
1010 3682 1081 3714 nisi
1093 3681 1196 3723 plura

389 3725 431 3765 (6)
455 3723 728 3757 munificentiaF
813 3728 856 3767 (7)
881 3725 912 3758 ei
925 3725 976 3758 F2
1071 3726 1116 3766 (8)
1142 3736 1196 3758 ac-

394 3776 435 3805 19)
461 3769 575 3810 supple
594 3770 641 3801 sic
655 3771 753 3811 sere.-
779 3780 862 3811 quae
879 3770 945 3802 fuit
963 3770 999 3801 in
1021 3779 1196 3811 personam

1197 134 1275 182 491

2094 138 2364 181 XXXIHI4

1271 261 1392 306 potior
1415 261 1500 296 erit:
1534 259 1598 295 sed
1629 259 1697 295 etsi
1719 270 1792 295 non
1815 260 1933 296 valeat
1957 260 2122 305 donatio,
2156 264 2277 297 tamen
2300 262 2363 296 mi-

1272 305 1396 342 nuisse
1418 306 1513 341 filiae
1535 305 1690 350 legatum
1713 308 1818 350 pater
1839 305 2068 351 intellegitur.

1317 349 1370 388 25
1396 350 1505 387 low
1524 351 1616 386 libro
1639 361 1735 386 nono
1759 361 1818 385 res
1846 362 2014 386 onsorum
2056 352 2171 388 Alteri
2194 363 2239 388 ex
2261 352 2364 388 here-

1272 395 1376 433 dibus
1399 396 1689 442 praeceptionem
1712 406 1801 441 prae
1830 396 1849 403 '⁸
1875 395 1988 432 dedit:
2021 408 2104 433 mox
2133 397 2237 433 alteri
2284 408 2363 433 rae-

1271 442 1361 478 stari
1389 442 1561 477 adversus
1593 441 1789 477 debitorem
1801 442 1828 462 ²⁰
1860 442 2018 477 actiones
2055 442 2101 478 ad
2141 454 2222 478 eum
2284 454 2364 478 nem

1270 487 1470 529 mandavit,
1503 497 1574 532 quo
1631 486 1791 521 raedium
1820 485 1941 522 fuerat
1971 492 2227 533 comparatum.
2283 500 2364 524 cum

1269 536 1397 578 postea
1428 532 1577 578 praedio
1607 498 1780 567 distracto
1813 531 1903 566 citra
1934 532 2043 567 ullam
2073 533 2244 569 offensam
2276 535 2363 578 eius,

1271 578 1332 622 qui
1354 578 1644 623 praeceptionem
1667 580 1875 622 acceperat,
1905 578 2059 622 pretium
2082 578 2120 612 in
2145 590 2275 624 corpus
2299 590 2363 625 pa-

1270 623 1425 659 trimonii
1448 623 1618 665 redisset,
1652 633 1725 657 non
1758 632 1835 657 esse
1858 623 2093 667 praestandas
2119 624 2277 660 actiones
2303 636 2362 660 οο-

1269 668 1393 704 heredi
1416 667 1596 714 respondi.

1316 711 1370 751 26
1395 713 1554 749 Panes
1571 713 1662 749 libro
1682 723 1778 748 nono
1800 713 2052 758 quaestionum
2088 713 2136 757 Si,
2159 725 2259 751 servo
2283 726 2365 751 cum

1269 759 1434 794 libertate
1459 758 1543 794 dato
1567 758 1696 803 legato,
1725 762 1760 793 et
1775 759 1800 779 ¹¹
1826 758 1980 793 alienato
2005 758 2183 794 adimatur
2205 761 2363 803 libertas,

1270 805 1429 849 quamvis
1461 804 1577 839 alieno
1609 803 1781 838 inutiliter
1812 803 2008 847 adimatur,
2047 808 2168 840 tamen
2207 806 2363 850 legatum

1270 850 1316 884 ad
1347 853 1543 894 emptorem
1568 860 1640 884 non
1663 852 1932 894 perventurum:
1966 854 2002 885 et
2025 850 2169 885 merito:
2206 852 2365 886 constitit

1271 895 1362 930 enim
1385 895 1584 940 ademptio,
1616 895 1699 940 quia
1722 895 1838 939 possit
1859 894 2002 937 redimi,
2027 895 2122 930 sicut
2145 895 2257 940 datio,
2284 907 2364 931 cum

1268 941 1306 975 in
1339 951 1419 976 eum
1451 940 1655 982 confertur,
1692 940 1753 984 qui
1783 940 1987 976 testamenti
2018 939 2175 976 faciendi
2204 945 2364 986 tempore

1268 985 1338 1021 fuit
1352 986 1548 1028 testatoris,
1568 985 1695 1020 deinde
1713 985 1869 1020 alienato
1889 985 2061 1021 codicillis
2079 986 2227 1021 libertas
2248 987 2363 1022 datur.

1272 1036 1287 1066 1
1338 1030 1431 1075 Quid
1453 1041 1557 1075 ergo,
1589 1031 1620 1066 si
1643 1041 1740 1074 eum,
1771 1041 1875 1075 quem
1898 1031 2049 1066 liberum
2073 1042 2151 1066 esse
2180 1032 2259 1077 quis
2290 1033 2363 1068 ius-

1269 1081 1383 1120 serat,
1422 1077 1678 1111 manumiserat
1706 1075 1822 1118 vivus,
1853 1075 1980 1111 deinde
2012 1076 2186 1112 codicillis
2217 1077 2363 1113 liberta-

1269 1126 1340 1157 tem
1373 1122 1404 1157 ei
1435 1121 1633 1157 ademerit?
1669 1121 1869 1164 videamus,
1906 1132 1953 1156 an
1983 1122 2179 1167 perdiderit
2209 1123 2364 1167 legatum

1268 1178 1360 1203 vana
1384 1167 1562 1212 ademptio
1586 1167 1773 1202 libertatis.
1821 1167 1918 1211 quod
1946 1167 2091 1212 quidam
2121 1171 2268 1213 putant:
2303 1169 2363 1204 sed

1269 1224 1311 1249 su
1340 1223 1492 1248 ervacua
1517 1213 1697 1257 scriptura
1719 1223 1792 1247 non
1816 1216 1923 1248 nocet
1945 1213 2074 1258 legato.

1345 1256 1368 1295 7
1393 1258 1502 1294 IDEM
1527 1257 1618 1294 libro
1651 1259 1816 1293 vicesimo
1827 1259 1958 1338 (primo
1983 1259 2233 1304 quaestionum
2282 1259 2363 1294 Ser-

1268 1315 1333 1339 vus
1357 1305 1496 1349 legatus
1521 1308 1575 1339 est
1598 1307 1634 1339 et
1658 1303 1692 1338 ei
1715 1304 1825 1348 aliqui
1854 1331 1860 1337 .
1902 1303 1933 1338 si
1952 1304 2106 1339 alienato
2125 1314 2167 1339 eo
2188 1304 2366 1340 adimatur

1269 1349 1364 1394 quod
1389 1350 1421 1384 ei
1443 1350 1601 1394 legatum
1624 1353 1689 1391 est,
1714 1349 1809 1384 valet
1832 1348 2023 1394 ademptio,
2049 1350 2133 1394 quia
2153 1353 2190 1385 et
2209 1350 2365 1395 legatum

1272 1399 1286 1429 1
1336 1399 1457 1440 potest
1479 1394 1687 1440 procedere,
1713 1395 1744 1430 si
1766 1394 1972 1429 redimatur.
2014 1395 2122 1430 Servo
2147 1395 2264 1440 legato
2279 1397 2306 1417 ¹2
2330 1400 2366 1431 et

1268 1441 1361 1475 inter
1391 1440 1490 1476 vivos
1523 1439 1740 1475 manumisso
1773 1440 1804 1475 si
1827 1440 1981 1484 legatum
2006 1440 2202 1484 adimatur,
2234 1441 2366 1477 nullius

1268 1486 1437 1521 momenti
1475 1485 1655 1530 ademptio
1695 1489 1767 1522 est:
1806 1486 1914 1529 igitur
1948 1485 2123 1530 legatum,
2164 1486 2260 1531 quod
2295 1487 2365 1532 ipsi

1269 1532 1391 1566 datum
1425 1535 1497 1574 est,
1540 1531 1669 1576 capiet.
1716 1541 1800 1565 nam
1832 1531 1899 1566 etsi
1930 1542 2056 1566 rursus
2090 1531 2127 1566 in
2158 1532 2364 1567 servitutem

1269 1577 1456 1619 ceciderit,
1497 1588 1569 1612 non
1608 1580 1728 1611 tamen
1765 1577 1921 1621 legatum
1958 1577 2033 1611 eius
2069 1577 2362 1612 resuscitabitur:

1268 1633 1380 1658 novus
1405 1623 1499 1657 enim
1522 1622 1662 1657 videtur
1685 1622 1790 1657 homo
1816 1632 1904 1657 esse.

1314 1665 1367 1706 28
1402 1667 1549 1703 VALENS
1570 1667 1660 1702 libro
1685 1669 1811 1713 quinto
1832 1667 2190 1712 fideicommissorum
2238 1667 2276 1703 Si
2299 1668 2365 1703 tibi

1269 1718 1403 1748 certam
1434 1724 1509 1748 rem
1540 1713 1705 1765 legavero
1738 1716 1773 1747 et
1803 1723 1975 1757 rogavero
2005 1716 2060 1756 te,
2093 1716 2134 1747 ut
2166 1723 2242 1747 eam
2268 1713 2362 1749 Titio

1270 1759 1494 1801 restitueres,
1532 1757 1659 1793 demde
1689 1758 1836 1793 eandem
1868 1768 1942 1792 rem
1973 1758 2039 1793 tibi
2069 1757 2362 1794 fideicommisero

1268 1815 1334 1839 nec
1358 1814 1529 1849 rogavero
1561 1807 1615 1845 te,
1649 1807 1690 1837 ut
1721 1803 1781 1838 alii
1813 1813 1892 1838 eam
1920 1807 2143 1848 praestares,
2169 1804 2362 1848 quaeritur,

1268 1860 1315 1884 an
1345 1851 1383 1884 in
1412 1854 1476 1884 tua
1534 1852 1685 1884 otestate
1717 1849 1763 1883 sit
1792 1859 1836 1883 ex
1869 1859 1980 1883 causa
2010 1848 2275 1884 fideicommissi
2299 1850 2360 1883 eli-

1267 1906 1368 1940 gere,
1407 1899 1448 1929 ut
1475 1894 1501 1928 fi
1526 1894 1789 1929 eicommissum
1819 1904 1893 1929 non
1922 1898 2083 1939 praestes
2099 1895 2137 1928 ¹³.
2187 1898 2222 1929 et
2250 1895 2362 1940 magis

1267 1940 1502 1985 posteriorem
1526 1939 1597 1975 scri
1623 1943 1742 1974 turam
1763 1939 1968 1974 testamenti
1989 1939 2126 1984 placuit
2146 1940 2315 1984 spectari.

1314 1984 1367 2022 29
1392 1985 1449 2020 PA
1457 1995 1500 2020 σι
1508 1995 1551 2020 vs
1565 1985 1592 2020 li
1613 1995 1655 2019 ro
1676 1985 1781 2019 tertio
1801 1986 2058 2019 sententiarum
2098 1985 2278 2027 Libertus,
2300 1986 2360 2030 qui

1267 2031 1304 2065 in
1334 2032 1455 2076 priore
1485 2034 1589 2075 parte
1621 2030 1825 2066 testamenti
1855 2029 2012 2075 legatum
2036 2034 2226 2075 acceperat
2250 2035 2285 2066 et
2307 2032 2361 2065 in-

1266 2083 1390 2121 gratus
1413 2081 1540 2121 postea
1564 2075 1687 2110 eadem
1712 2076 1892 2120 scriptura
1916 2085 1938 2110 a
1961 2079 2135 2111 testatore
2159 2076 2360 2121 appellatus

1268 2127 1339 2166 est,
1381 2125 1600 2157 commutata
1635 2121 1819 2156 voluntate
1858 2121 2035 2156 actionem
2073 2131 2117 2156 ex
2149 2125 2360 2157 testamento

1267 2168 1399 2203 habere
1423 2178 1496 2202 non
1519 2170 1650 2212 potest.

1313 2210 1366 2250 30
1393 2212 1421 2248 S
1426 2222 1597 2247 CAEVOLA
1623 2212 1713 2247 libro
1734 2212 1899 2247 vicesimo
1920 2211 2140 2257 diqestorum
2184 2212 2361 2247 Alumnae

1267 2269 1354 2294 suae
1378 2258 1484 2303 plura
1507 2258 1703 2301 legaverat:
1730 2257 1906 2301 quaedam
1928 2267 1971 2291 ex
1990 2256 2046 2291 his
2066 2257 2225 2299 abstulit,
2252 2268 2360 2302 quae-

1268 2303 1356 2356 dam.
1372 2308 1413 2356 ut
1435 2306 1717 2355 praestarentur,
1730 2303 1787 2355 ’ab
1811 2302 2025 2364 11111011οι800
2043 2302 2147 2355 petit,
2169 2302 2207 2336 in
2231 2303 2360 2346 quibus

1268 2353 1434 2439 911αὲ1ῗὲ
1435 2349 1547 2429 223¹
1555 2348 1683 2438 11ξὲἐῖ
1701 2348 1924 2428 ffiffffiffsss
1951 2348 2359 2438 ἓῖἒὲἷὲἕῗῗὸιὲἕθέξὲἓ

1268 2443 1372 2483 ί11100,
1398 2440 1485 2482 Α111,
1511 2439 1704 2480 001111111110,
1729 2444 1770 2473 111
1791 2438 1828 2473 111
1851 2438 1974 2484 primis
1994 2437 2238 2482 Semproniam
2259 2449 2357 2473 soro-

1267 2487 1353 2520 ‘rem
1382 2489 1483 2519 tuam
1513 2495 1579 2530 pro
1611 2489 1675 2518 tua
1704 2484 1838 2528 pietate
1870 2487 1905 2518 et
1935 2493 2056 2527 regere
2086 2488 2122 2517 et
2144 2483 2237 2518 tueri
2260 2484 2357 2526 velis,

1268 2533 1331 2574 ‘et‚
1364 2530 1396 2566 si
1418 2530 1598 2575 putaveris
1623 2539 1701 2564 eam
1725 2529 1770 2564 ad
1794 2530 1926 2564 bonam
1949 2529 2042 2563 vitae
2066 2529 2358 2564 consuetudinem

1268 2579 1474 2619 ‘reversam‚
1511 2576 1563 2610 ita
1594 2574 1715 2619 viginti
1750 2574 1829 2609 auri
1863 2574 1971 2609 libras
2008 2574 2041 2608 ei
2071 2573 2235 2616 reddere,
2277 2585 2356 2609 cum

1267 2621 1451 2656 ‘morieris
1498 2621 1639 2655 interim
1662 2624 1781 2655 tamen
1804 2619 1939 2654 reditus
1964 2619 2056 2660 eius,
2089 2619 2126 2653 id
2150 2624 2205 2654 est
2228 2630 2357 2655 usuras

1268 2667 1442 2702 ‘semisses
1469 2666 1500 2701 ei
1523 2666 1705 2711 praestes’.
1753 2669 1880 2709 postea
1914 2664 2083 2699 codicillis
2110 2664 2156 2698 ad
2179 2665 2356 2700 Maevium

1266 2712 1477 2756 legatarium
1515 2711 1657 2746 easdem
1693 2710 1816 2755 viginti
1855 2710 1966 2744 libras
1998 2709 2076 2743 auri
2106 2710 2290 2745 transtulit
2322 2716 2358 2746 et

1265 2756 1348 2792 fidei
1372 2757 1448 2792 eius
1469 2756 1645 2792 commisit
1663 2756 1699 2790 in
1720 2757 1810 2790 haec
1830 2755 1957 2790 verba:
1985 2755 2117 2798 ‘viginti
2136 2754 2247 2790 libras
2266 2757 2356 2798 auri,

1267 2806 1367 2847 ‘quas
1399 2806 1610 2837 testamento
1635 2800 1866 2845 Semproniae
1896 2800 2060 2835 alumnae
2088 2810 2188 2835 meae
2218 2801 2354 2845 reliqui,

1267 2851 1339 2883 ‘eas
1363 2847 1441 2882 dari
1463 2847 1543 2882 volo
1568 2846 1707 2881 Maevio
1735 2845 1959 2881 cautionibus
1983 2845 2221 2890 interpositis,
2248 2850 2288 2880 ut
2312 2857 2356 2881 ex

1266 2895 1321 2928 ‘ea
1360 2902 1497 2928 summa
1534 2891 1648 2927 eidem
1679 2891 1926 2935 Semproniae,
1965 2891 2134 2935 quamdiu
2169 2891 2353 2933 advixerit,

1266 2942 1437 2982 ‘praestet
1459 2942 1660 2972 menstruos
1686 2936 1849 2971 denarios
1874 2936 2029 2981 quinque
2053 2939 2089 2971 et
2111 2936 2267 2971 vestiarii
2291 2947 2354 2970 no-

1266 2983 1370 3017 ‘mine
1402 2982 1565 3017 denarios
1599 2986 1767 3016 centenos
1797 2981 1940 3016 vicenos
1964 2981 2109 3026 quinos,
2142 2981 2249 3026 idque
2272 2981 2353 3015 fidei

1266 3032 1416 3063 ‘vestrae
1440 3027 1639 3062 committo:
1674 3030 1771 3062 certa
1795 3037 1874 3061 sum
1897 3030 2016 3062 autem
2038 3030 2090 3069 te,
2121 3026 2255 3069 Maevi,
2288 3037 2353 3070 pro

1266 3078 1340 3107 ‘tua
1369 3073 1503 3117 pietate
1533 3072 1727 3117 petiturum
1759 3072 1803 3106 ab
1834 3071 1965 3107 herede
1995 3075 2078 3114 tuo,
2119 3075 2160 3106 ut
2189 3072 2352 3106 voluntas

1265 3122 1355 3153 ‘mea
1386 3117 1424 3152 in
1486 3127 1612 3152 ersona
1648 3117 1812 3152 alumnae
1846 3126 1947 3152 meae
1978 3117 2105 3151 duret’.
2154 3116 2352 3160 quaesitum

1265 3167 1329 3204 est,
1354 3173 1402 3197 an
1424 3128 1585 3197 Mgevius
1609 3162 1801 3207 legatarius
1826 3162 2004 3207 cogendus
2028 3162 2075 3197 sit
2097 3165 2180 3206 post
2203 3164 2351 3195 mortem

1265 3218 1367 3244 suam
1390 3207 1512 3252 viginti
1535 3207 1644 3242 libras
1669 3207 1749 3242 auri
1773 3207 2002 3252 Semproniae
2026 3207 2225 3246 restituere,
2260 3206 2352 3240 sicut

1265 3257 1411 3298 rogatus
1441 3252 1558 3287 fuerat
1580 3252 1700 3288 Attius
1723 3253 1838 3288 heres.
1886 3252 2068 3297 respondit
2092 3251 2285 3286 secundum
2309 3261 2351 3284 ea

1266 3308 1357 3343 quae
1413 3301 1674 3342 reponerentur
1703 3297 1826 3343 viginti
1856 3298 1995 3343 quidem
2028 3297 2107 3332 auri
2137 3296 2247 3331 libras
2279 3306 2350 3329 non

1266 3354 1376 3396 cogen
1402 3354 1461 3378 um
1483 3346 1684 3387 praestare,
1718 3343 1782 3378 sed
1805 3343 1891 3385 alia,
1924 3352 2014 3388 quae
2043 3342 2089 3376 ab
2120 3351 2160 3375 eo
2185 3341 2350 3392 alumnae

1265 3389 1390 3424 rehcta
1414 3392 1512 3431 sunt,
1545 3387 1665 3422 deberi
1688 3391 1724 3423 et
1747 3398 1769 3423 a
1791 3388 1932 3423 Maevio
1964 3391 1999 3422 et
2029 3387 2074 3421 ab
2104 3385 2234 3436 herede
2258 3395 2348 3436 eius,

1269 3437 1281 3467 1
1334 3433 1447 3468 donec
1466 3433 1552 3467 vivit
1571 3433 1724 3468 alumna.
1762 3433 1857 3468 Titia
1876 3435 2087 3468 testamento
2107 3430 2222 3465 Se1am
2242 3429 2347 3464 liber-

1264 3483 1338 3513 tam
1375 3477 1592 3530 eandemque
1628 3478 1883 3513 collactaneam
1921 3488 1965 3512 ex
2001 3480 2102 3521 parte
2140 3474 2348 3526 duodecima

1265 3523 1430 3559 heredem
1460 3523 1684 3566 instituerat,
1720 3523 1906 3567 Pamphilo
1942 3523 2069 3557 liberto
2106 3530 2170 3554 suo
2201 3519 2347 3563 praedla

1263 3633 1413 3668 mulieris
1426 3634 1568 3678 [collata,
1587 3635 1697 3679 legato
1715 3635 1876 3668 translato
1895 3634 1932 3666 in
1951 3644 2095 3666 sororem
2116 3632 2254 3665 aliamve
2273 3643 2343 3665 mu·

1263 3680 1390 3722 lierem]
1411 3681 1626 3713 necessariam
1724 3682 1782 3722 (10)
1808 3679 1970 3711 debitores
1987 3690 2048 3710 scr.
2153 3679 2207 3718 (11)
2233 3677 2263 3710 ei
2283 3689 2334 3710 scr

1267 3726 1324 3765 (12)
1350 3726 1426 3757 dato
1439 3725 1470 3758 ei
1479 3724 1590 3768 legato
1603 3728 1661 3759 ins.
1756 3727 1812 3766 (13)
1836 3725 1981 3765 praestet
1993 3723 2028 3755 F

2009 3821 2070 3853 62*
