2528 3918
2 1858 5 1885 ἶ
64 1863 104 1895 ut
128 1861 159 1895 ei
184 1861 319 1895 salvum
345 1863 457 1901 esset,
490 1870 560 1904 quo

74 124 225 156 GESTIS

75 235 139 269 bus
163 234 335 269 fratribus
359 244 431 269 uno
457 233 596 278 quidem
621 243 708 268 suae
731 234 871 275 aetatis,
895 234 965 269 alio
989 243 1071 269 vero
1097 234 1160 267 mi-

73 290 158 314 nore
182 279 295 321 annis,
321 289 402 314 cum
425 278 600 313 haberent
624 279 825 313 communia
848 279 995 323 praedia
1014 279 1160 320 rustica,

72 325 184 360 maior
214 324 327 359 frater
357 324 394 358 in
426 324 520 358 saltu
544 323 724 359 communi
746 323 895 358 habenti
918 324 1158 359 habitationes

70 373 240 448 paternas
265 369 383 414 ampla
407 367 569 403 aedificia
592 368 861 403 aedificaverat:
897 379 1050 421 cumque
1074 379 1160 405 eun·

97 424 151 448 em
172 414 301 449 saltum
321 424 401 448 cum
419 412 553 448 fratre¹
581 413 761 456 divideret,
787 417 950 459 sumptus
970 415 1037 449 sibi
1058 414 1160 459 quasi

72 469 112 494 re
144 459 289 494 meliore
321 459 367 493 ab
401 468 442 493 eo
477 458 577 493 facta
610 458 859 494 desiderabat²
888 458 1001 494 fratre
1024 460 1161 494 minore

70 505 142 539 iam
165 504 340 549 legitimae
364 503 492 539 aetatis
518 504 724 539 constituto.
771 504 974 540 Herennius
986 504 1159 540 Modesti-

70 560 137 584 nus
160 548 344 594 respondit
367 549 413 584 ob
438 552 602 594 sumptus
626 549 724 584 nulla
747 559 786 584 re
805 553 989 594 urguente,
1015 550 1078 585 sed
1097 559 1158 585 vo-

68 595 215 639 luptatis
240 604 351 629 causa
373 593 490 629 factos
517 604 597 628 eum
621 593 665 629 de
690 605 759 639 quo
781 595 963 639 quaeritur
983 595 1160 630 actionem

72 643 86 674 1
138 650 210 675 non
233 639 378 674 habere.
427 638 579 681 Titium,
614 639 644 674 si
667 639 811 684 pietatis
835 644 1002 684 respectu
1026 640 1159 676 sororis

69 684 159 719 aluit
189 684 318 727 filiam,
351 684 528 720 actionem
558 685 628 720 1100
661 684 802 719 1101111110
834 689 961 720 contra
985 695 1062 720 eam
1087 695 1159 720 non

67 729 200 765 habere
223 729 401 774 respondi.
826 731 830 734 “

114 772 166 811 27
194 772 274 817 (28)
299 774 345 809 IA
354 783 526 809 VOLENUS
543 774 634 809 libro
654 778 780 810 octavo
794 785 844 810 ex
860 774 981 810 Cassio
1029 775 1067 810 Si
1079 776 1158 820 quis

67 820 238 854 mandatu
250 819 335 854 Titii
358 819 500 864 negotia
520 819 591 854 Seii
612 819 732 864 gessit,
758 819 852 854 Titio
877 820 1036 855 mandati
1058 824 1158 855 tene-

66 868 125 899 tur
148 865 190 900 lis
216 875 263 900 ue
286 864 466 900 aestimari
489 864 604 907 debet,
630 868 763 910 quanto
790 864 861 899 Seii
885 868 920 899 et
942 865 1026 900 Titii
1048 866 1157 900 inter-

68 914 140 945 est:
174 877 260 945 'It'itii
291 913 410 944 autem
441 909 591 944 interest
615 913 788 954 quantum
811 910 842 945 is
867 910 948 945 Seio
972 914 1158 956 praestare

67 955 191 998 debet,
225 955 284 990 cui
305 954 361 990 vel
383 954 543 989 mandati
566 955 621 990 vel
644 955 866 1000 negotiorum
888 959 1070 999 gestorum
1093 966 1156 991 no-

66 1001 159 1035 mine
184 1000 360 1045 obligatus
385 1003 449 1035 est.
499 999 593 1035 Titio
618 1004 737 1035 autem
761 1001 856 1035 actio
883 1001 1053 1046 competit
1076 1011 1157 1036 cum

67 1056 119 1088 eo,
146 1046 204 1081 cui
226 1045 408 1080 mandavit
427 1045 543 1080 aliena
560 1046 703 1090 negotia
721 1045 886 1090 gerenda,
909 1050 944 1080 et
966 1050 1157 1092 antequam

65 1089 142 1135 ipse
163 1091 353 1136 quicquam
376 1090 516 1125 domino
541 1094 708 1135 praestet,
734 1091 817 1136 quia
840 1091 877 1126 id
901 1091 932 1126 ei
956 1092 1083 1127 abesse
1105 1092 1156 1127 vi-

66 1136 170 1171 detur
193 1136 230 1171 in
255 1136 351 1180 quo³
375 1135 553 1180 obligatus
579 1138 643 1171 est.

112 1178 165 1218 28
192 1179 271 1223 (29)
300 1181 586 1217 CALLISTRATUS
605 1181 696 1217 libro
718 1182 822 1217 tertio
843 1181 954 1217 edicti
973 1182 1160 1217 mmzitorii

66 1226 155 1261 Cum
178 1230 282 1271 pater
303 1228 519 1261 testamento
552 1230 718 1271 postumo
750 1230 906 1262 tutorem
938 1227 1076 1262 dederit
1106 1227 1155 1262 is-

66 1283 135 1317 que
157 1272 307 1307 tutelam
325 1271 466 1306 interim
487 1271 786 1308 administraverit
805 1282 872 1307 1100
890 1276 1078 1317 postumus
1090 1283 1155 1307 na-

64 1321 123 1352 tus
147 1316 273 1359 fuerit,
299 1327 381 1352 cum
406 1326 446 1351 eo
471 1327 544 1352 non
566 1317 719 1360 tutelae,
744 1317 808 1352 sed
831 1318 1054 1362 negotiorum
1077 1328 1156 1362 ges-

64 1366 183 1397 torum
208 1363 274 1397 erit
298 1361 489 1406 agendum:
523 1362 618 1407 quod
642 1362 672 1397 si
695 1366 802 1397 natus
825 1362 934 1398 fuerit
957 1366 1155 1408 postumus,

64 1408 197 1442 tutelae
222 1408 287 1442 erit
310 1407 403 1442 actio
429 1410 464 1441 et
486 1406 524 1441 in
548 1416 626 1442 eam
650 1411 839 1452 utrumque
862 1411 1003 1452 tempus
1026 1408 1154 1450 veniet,

0 1472 1 1492 1
66 1456 101 1487 et
125 1463 214 1497 quo,
248 1455 439 1497 antequam
462 1456 672 1504 nasceretur
694 1453 831 1495 infans,
863 1453 974 1498 gessit
1006 1457 1041 1488 et
1072 1464 1155 1498 quo,

0 1500 2 1534 *t
63 1502 190 1543 postea
215 1508 299 1533 uam
322 1501 430 1532 natus
455 1501 512 1532 sit.

111 1541 164 1580 29
193 1548 201 1583 (
235 1542 272 1583 Ο)
297 1542 322 1578 I
326 1552 490 1578 ULIANUS
499 1542 589 1578 libro
601 1543 705 1578 tertio
719 1542 940 1589 diqestorum
987 1543 1045 1578 Ex
1057 1543 1155 1579 facto

65 1589 320 1633 quaerebatur:
347 1587 522 1633 quendam
547 1587 594 1622 ad
611 1588 783 1632 siliginem
802 1589 988 1623 emendam
1011 1592 1154 1624 curato-

64 1644 138 1668 rem
163 1634 305 1669 decreto
330 1632 464 1668 ordinis
498 1633 748 1668 constitutum:
783 1633 895 1668 eidem
928 1634 1037 1669 alium
1070 1634 1155 1669 sub-

65 1682 264 1714 curatorem
289 1678 522 1713 constitutum
545 1678 718 1723 siliginem
741 1678 922 1714 miscendo
953 1680 1156 1724 corrupisse

64 1728 172 1769 atque
195 1725 245 1759 ita
268 1723 422 1769 pretium
446 1723 611 1768 siliginis,
645 1734 737 1769 quae
768 1724 806 1759 in
828 1725 1012 1769 publicum
1037 1728 1156 1769 empta

62 1773 159 1812 erat,
192 1769 349 1805 curatori
382 1768 565 1804 adflictum
589 1779 685 1804 esse:
719 1779 860 1821 quaque
884 1770 1026 1805 actione
1051 1780 1155 1805 cura-

63 1819 120 1850 tor
152 1826 232 1850 cum
264 1814 499 1850 subcuratore
530 1824 574 1849 ex
601 1814 684 1850 eriri
714 1818 828 1859 possit
852 1819 887 1850 et
911 1815 1083 1860 consequi
1105 1815 1154 1858 id,

611 1870 722 1895 causa
746 1860 821 1895 eius
846 1860 1016 1895 damnum
1041 1860 1154 1905 cepis-

3 1911 7 1937 }
64 1909 127 1941 set.
176 1905 340 1940 Valerius
353 1904 504 1939 Severus
528 1905 712 1950 respondit
735 1905 906 1941 adversus
931 1909 1156 1941 contutorem

6 3759 37 3918 U

20 3098 28 3321 ξ,
68 3169 151 3205 luit:
183 3171 214 3206 si
237 3182 260 3215 q

64 1951 284 1995 negotiorum
308 1954 489 1994 gestorum
513 1950 690 1985 actionem
713 1951 824 1986 tutori
856 1950 1029 1986 dandam:
1062 1951 1156 1986 idem

63 1996 264 2041 respondit:
286 2000 327 2030 ut
346 1995 569 2040 magistratui
589 1995 759 2030 adversus
772 1996 1019 2041 magistratum
1032 1996 1156 2031 eadem

64 2041 156 2076 actio
193 2041 314 2083 detur,
345 2041 397 2075 ita
428 2044 565 2082 tamen,
597 2041 627 2075 si
650 2051 723 2075 non
747 2041 793 2075 sit
817 2041 981 2077 conscius
1005 2041 1154 2077 fraudis.

63 2087 258 2122 secundum
270 2096 361 2131 quae
372 2086 477 2121 etiam
485 2085 522 2120 in
532 2085 768 2121 subcuratore
779 2086 873 2122 idem
887 2086 1076 2122 dicendum
1089 2090 1154 2122 est.

110 2129 162 2169 30
195 2129 276 2174 (31)
311 2131 558 2166 PAPJNJANUS
586 2130 679 2166 libro
709 2131 867 2167 secundo
898 2142 1155 2185 responsorum

63 2176 210 2212 Liberto
241 2177 297 2212 vel
329 2176 442 2211 amico
468 2175 651 2211 mandavit
673 2177 864 2221 pecuniam
888 2187 1052 2222 acc1pere
1076 2188 1154 2212 mu-

64 2225 180 2257 tuam:
219 2222 320 2257 cuius
355 2221 493 2256 litteras
530 2221 685 2257 creditor
720 2225 866 2257 secutus
903 2222 1083 2258 contraxit
1121 2226 1156 2257 et

64 2266 251 2303 fideiussor
273 2266 482 2302 intervenit:
516 2266 656 2301 etiamsi
678 2267 832 2312 pecunia
855 2278 928 2302 non
951 2268 998 2303 sit
1020 2268 1059 2302 in
1081 2278 1156 2302 rem

65 2313 138 2348 eius
162 2323 281 2355 versa,
315 2315 436 2347 tamen
460 2311 604 2346 dabitur
627 2312 665 2346 in
688 2322 769 2347 eum
792 2313 1014 2358 negotiorum
1036 2316 1154 2357 gesto-

65 2369 142 2393 rum
166 2358 259 2393 actio
285 2356 451 2392 creditori
473 2357 529 2391 vel
551 2356 774 2400 fideiussori,
808 2358 944 2393 scilicet
967 2358 1014 2393 ad
1037 2368 1154 2393 exem-

69 2406 81 2440 1
131 2403 230 2448 plum
252 2402 452 2438 institoriae
476 2402 639 2437 actionis.
687 2403 788 2437 Inter
819 2403 963 2448 negotia
986 2402 1153 2448 Sempro-

64 2448 123 2491 nii,
148 2458 240 2493 quae
264 2448 428 2493 gerebat,
451 2447 618 2491 ignorans
643 2447 728 2482 Titii
751 2449 933 2493 negotium
955 2448 1082 2493 gessit:
1108 2449 1153 2483 ob

65 2503 142 2529 eam
166 2503 307 2539 quoque
330 2493 484 2538 speciem
497 2492 705 2537 Sempronio
730 2493 920 2536 tenebitur,
945 2493 1010 2529 sed
1022 2494 1054 2528 ei
1067 2504 1152 2528 cau-

63 2538 196 2573 tionem
225 2538 467 2573 indemnitatis
499 2537 617 2572 officio
649 2537 776 2573 iudicis
799 2539 963 2583 praeberi
986 2539 1155 2574 necesse⁴

65 2588 117 2619 est
141 2583 309 2619 adversus
334 2583 478 2624 Titium,
507 2582 565 2616 cui
590 2582 696 2617 datur
720 2583 824 2618 actio.
858 2584 953 2619 idem
975 2584 1013 2618 in
1036 2587 1156 2619 tutore

65 2631 84 2663 2
130 2629 217 2664 iuris
243 2632 306 2664 est.
354 2628 472 2662 Litem
503 2627 540 2662 in
571 2627 742 2663 iudicium
775 2628 966 2664 deductam
990 2633 1025 2664 et
1048 2639 1070 2663 a
1093 2639 1154 2664 reo

65 2673 240 2710 desertam
262 2673 485 2709 frustratoris
510 2672 646 2708 amicus
678 2673 772 2708 ultro
806 2674 893 2718 egit,
929 2684 1058 2709 causas
1091 2675 1154 2709 ab·

65 2720 200 2755 sentiae
224 2719 297 2756 eius
321 2719 476 2763 allegans
499 2717 627 2753 iudici:
662 2718 804 2764 culpam
838 2719 1060 2754 contraxisse
1084 2730 1156 2754 non

64 2764 257 2807 videbitur,
282 2763 378 2809 quod
402 2763 578 2799 sententia
602 2766 729 2799 contra
752 2764 936 2799 absentem
959 2764 1057 2799 dicta
1079 2764 1157 2809 ipse

66 2820 137 2845 non
197 2809 389 2845 rovocavit.
445 2808 641 2845 ULPJANUS
673 2812 794 2844 notat:
829 2809 899 2844 hoc
933 2820 1055 2844 verum
1091 2813 1154 2851 est,

66 2855 148 2900 quia
187 2858 365 2890 rustrator
389 2853 647 2889 condemnatus
672 2856 745 2888 est:
772 2857 929 2889 ceterum
953 2854 984 2889 si
1007 2854 1154 2897 amicus,

34 2933 37 2936 Α
68 2910 148 2935 011111
171 2901 354 2935 absentem
386 2899 593 2934 defenderet
625 2899 902 2942 condemnatus,
935 2899 1156 2944 negotiorum

0 2937 2 2956 ⁵
66 2948 243 2989 gestorum
266 2948 355 2990 aget,
381 2944 512 2989 poterit
536 2944 568 2979 ei
586 2943 765 2989 imputari,
791 2945 821 2980 si
842 2956 923 2980 cum
941 2949 1064 2989 posset
1083 2955 1156 2979 non

0 2994 2 3014 ³
68 2992 88 3024 3
134 2990 359 3036 appellasset.
397 2989 465 3034 Qui
486 2989 601 3024 aliena
620 2989 762 3034 negotia
781 2990 882 3035 gerit,
902 3000 1033 3025 usuras
1052 2999 1155 3042 prae-

68 3038 162 3070 stare
186 3036 323 3080 cogitur
347 3035 422 3070 eius
446 3034 582 3070 scilicet
604 3035 789 3079 pecuniae,
815 3045 907 3080 quae
919 3038 1080 3080 purgatis
1093 3045 1155 3070 ne-

68 3082 89 3115 4
136 3080 297 3116 cessariis
321 3080 521 3125 sumptibus
545 3083 719 3123 superest.
767 3080 933 3116 Libertus·
948 3084 1082 3116 certam
1093 3090 1155 3125 pe-

70 3125 209 3160 cuniam
234 3126 311 3160 acci
339 3135 397 3160 ere
419 3128 570 3160 testator
589 3124 636 3159 ad
656 3129 837 3170 sumptum
856 3126 1076 3161 monumenti
1094 3136 1155 3160 vo-

287 3137 335 3205 'dp
345 3170 496 3215 amplius
519 3169 628 3204 fuerit
652 3174 853 3215 erogatum,
884 3170 1015 3206 iudicio
1048 3180 1155 3215 nego-

69 3214 197 3250 tiorum
227 3219 407 3260 gestorum
439 3216 484 3250 ab
516 3214 647 3249 herede
676 3226 750 3250 non
779 3219 877 3251 recte
901 3219 1043 3261 petetur
1065 3217 1156 3250 nec5

69 3259 144 3295 iure
175 3260 455 3303 fideicommissi,
492 3270 572 3295 cum
605 3259 770 3296 voluntas
801 3261 909 3296 finem
944 3260 1156 3306 erogationis

24 3325 26 3332 =
71 3306 89 3338 5
135 3304 270 3340 fecerit.
318 3305 462 3340 Tutoris
485 3306 588 3340 heres
611 3304 773 3350 impubes
797 3306 891 3341 filius
916 3306 962 3341 ob
987 3316 1041 3349 ea,
1066 3315 1158 3351 quae

70 3352 167 3384 tutor
190 3350 265 3386 eius
288 3350 326 3385 in
348 3351 455 3386 rebus
479 3349 636 3395 pupillae
659 3353 831 3395 paternae
854 3351 982 3396 gessit,
1007 3362 1080 3386 non
1102 3354 1155 3385 te-

71 3398 192 3437 netur,
225 3395 288 3430 sed
317 3399 415 3431 tutor
444 3395 589 3440 proprio
614 3395 756 3431 nomine
778 3396 909 3431 iudicio
933 3397 1157 3441 negotiorum

27 3455 31 3477 1
72 3441 92 3473 6
137 3443 316 3483 gestorum
340 3440 577 3476 convenietur.
626 3439 848 3486 Quamquam
871 3445 986 3476 mater
1007 3441 1071 3476 filii
1094 3451 1155 3475 110-

72 3484 166 3528 gotia
189 3485 383 3519 secundum
405 3485 517 3530 patris
540 3484 759 3521 voluntatem
783 3486 926 3531 pietatis
946 3486 1079 3521 fiducia
1096 3496 1155 3530 ge-

72 3531 138 3570 rat,
162 3532 280 3564 tamen
302 3529 358 3564 ius
383 3530 514 3566 actoris
536 3530 696 3575 periculo
718 3542 783 3566 suo
805 3531 920 3566 litium
940 3541 1051 3566 causa
1071 3542 1156 3566 con-

28 3529 31 3561 Ι

28 3597 33 3630 ἱ

30 3631 35 3704 ἱ
75 3639 114 3680 (1)
138 3639 241 3673 fratre
255 3640 289 3672 F
293 3640 342 3692 ³⁴5
349 3654 416 3675 cum
431 3643 475 3683 B,
488 3645 584 3685 patre
595 3643 647 3676 F¹

32 3705 34 3728 3
75 3687 260 3726 computari
274 3685 485 3718 desiderabat
495 3700 556 3720 scr.

31 3739 35 3760 ι
75 3737 202 3761 cecesse
215 3730 248 3761 F

742 3645 785 3685 (2)
810 3644 947 3676 meliore
959 3644 1049 3676 facta
1063 3643 1103 3676 ab
1119 3654 1157 3676 00

649 3689 691 3730 (3)
717 3689 754 3720 111
767 3689 855 3730 quod
868 3702 930 3722 scr.
1032 3690 1074 3730 (4)
1098 3699 1156 3721 ne-

348 3731 390 3771 (5)
416 3742 476 3762 nec
489 3732 669 3774 Ssortasse
683 3746 751 3766 cum
765 3734 811 3773 Β,
825 3733 865 3765 de
878 3734 912 3765 F

1165 107 1222 155 47

1009 3734 1053 3774 (6)
1079 3744 1117 3765 ac
1131 3733 1160 3766 S

2205 115 2325 157 1115

1231 232 1401 268 stituendi
1425 243 1497 268 non
1521 232 1677 275 habebit,
1704 233 1786 277 quia
1810 244 1876 269 nec
1896 234 1974 279 ipsa
1984 234 2047 269 filii
2067 235 2209 270 nomine
2228 240 2326 272 recte

1231 278 1304 323 agit
1327 282 1391 313 aut
1413 287 1472 313 res
1496 278 1671 313 bonorum
1696 279 1771 313 eius
1796 280 1929 314 alienat
1951 279 2006 315 vel
2030 280 2226 315 debitorem
2259 282 2325 316 im-

1231 326 1249 357 7
1298 323 1443 368 puberis
1468 323 1676 367 accipiendo
1701 324 1889 367 pecuniam
1913 325 2051 360 liberat.
2099 325 2179 361 Uno
2202 326 2323 361 defen-

1231 368 1337 403 dente
1361 378 1508 403 causam
1533 369 1729 403 communis
1754 379 1869 413 aquae
1893 370 2070 405 sententia
2093 371 2239 415 praedio
2261 372 2324 406 da-

1230 416 1308 448 tur:
1342 413 1406 448 sed
1437 413 1498 458 qui
1530 416 1694 458 sumptus
1719 415 1940 450 necessarios
1965 416 2036 450 ac6
2058 416 2263 460 probabiles
2287 417 2323 451 in

1231 458 1410 494 communi
1418 458 1479 493 lite
1487 458 1584 501 fecit,
1598 458 1821 503 negotiorum
1832 464 2014 503 gestorum
2026 461 2199 498 actionem
2210 460 2320 496 habet.

1275 500 1325 540 31
1355 501 1435 545 (32)
1461 503 1568 538 IDEM
1586 503 1677 539 libro
1699 505 1804 539 tertio
1823 515 2079 550 responsorum
2116 506 2324 542 Fideiussor

1227 548 1406 594 imperitia
1429 548 1553 594 lapsus
1578 548 1723 584 alterius
1747 559 1889 594 quoque
1914 554 2133 592 contractus,
2160 552 2219 597 qui
2241 562 2322 597 per—

1229 604 1354 629 sonam
1379 594 1455 629 eius
1479 604 1552 629 non
1577 594 1823 638 contingebat,
1848 595 1999 639 pignora
2022 597 2076 631 vel
2100 597 2123 631 h
2148 598 2323 642 pothecas

1229 639 1388 684 suscepit
1411 642 1447 674 et
1470 642 1659 684 utramque
1682 640 1872 684 pecuniam
1897 640 2064 675 creditori
2088 651 2127 676 so
2144 643 2203 684 vit,
2230 643 2322 677 exis*

1228 684 1357 719 timans
1376 684 1601 719 indemnitati
1613 694 1699 719 suae
1713 684 1871 720 confusis
1884 685 2039 730 praediis
2054 688 2191 722 consuli
2203 698 2321 732 posse.

1228 729 1274 764 ob
1296 739 1357 764 eas
1377 739 1434 764 res
1454 729 1585 765 iudicio
1606 730 1766 764 mandati
1784 730 1920 765 frustra
1944 731 2174 766 convenietur
2194 736 2229 767 et
2246 733 2324 777 ipse

1228 774 1424 810 debitorem
1447 774 1583 810 frustra
1607 775 1811 817 conveniet,
1845 776 2068 820 negotiorum
2101 781 2219 812 autem
2243 789 2322 822 ges-

1226 822 1345 855 torum
1368 820 1463 855 actio
1488 820 1630 872 utrique
1653 820 1856 855 necessaria
1880 821 1963 856 erit:
1988 821 2025 855 in
2045 832 2117 866 qua
2138 822 2225 857 lite⁷
2248 823 2322 858 cul-

1226 874 1310 944 piam
1321 864 1501 900 aestimari
1512 868 1599 900 sat1s
1621 869 1687 907 est,
1707 876 1779 900 non
1803 866 1909 901 etiam
1929 876 2063 908 casum,
2085 867 2168 911 quia
2189 868 2322 912 praedo

1254 909 1416 945 deiussor
1439 921 1512 945 non
1535 910 1684 945 videtur.
1723 910 1878 946 creditor
1902 912 1948 946 ob
1973 911 2010 946 id
2033 911 2171 947 factum
2196 913 2241 947 ad
2264 923 2320 948 re-

1227 955 1445 990 stituendum
1477 955 1607 991 iudicio
1621 982 1630 998 ,
1663 956 1759 1000 quod
1791 956 1833 991 de
1863 956 2009 1001 pignore
2042 957 2126 992 dato
2150 957 2321 1000 redditur,

1227 1011 1308 1035 cum
1345 1000 1510 1036 videatur
1542 1001 1599 1035 ius
1634 1011 1738 1035 suum
1769 1001 1988 1044 vendidisse,
2025 1013 2098 1037 non
2131 1003 2321 1038 tenebitur.

1229 1048 1243 1080 1
1294 1046 1486 1090 Ignorante
1508 1046 1642 1090 virgine
1666 1050 1782 1081 mater
1805 1057 1828 1081 a
1851 1057 1983 1092 sponso
2008 1047 2103 1082 filiae
2126 1058 2184 1083 res
2210 1047 2321 1083 dona-

1226 1094 1284 1125 tas
1310 1091 1486 1136 suscepit:
1522 1091 1606 1136 quia
1629 1091 1791 1126 mandati
1813 1091 1870 1127 vel
1894 1091 2047 1137 depositi
2073 1096 2191 1128 cessat
2215 1093 2322 1135 actio,

1225 1146 1270 1171 ne
1294 1136 1448 1171 otiorum
1494 1140 1651 1171 estorum
1675 1136 1802 1181 agitur.

1303 1179 1328 1218 2
1355 1178 1435 1222 (33)
1469 1147 1579 1217 §REM
1608 1181 1699 1216 libro
1734 1181 1872 1218 decimo
1906 1192 2162 1234 responsorum
2208 1183 2322 1218 Heres

1225 1226 1291 1261 viri
1316 1226 1477 1262 defuncti
1507 1237 1674 1269 uxorem,
1707 1236 1799 1271 quae
1822 1237 1879 1262 res
1902 1228 1968 1262 viri
1993 1231 2153 1273 tempore
2176 1228 2320 1272 nuptia-

1225 1283 1304 1307 rum
1327 1272 1365 1306 in
1389 1282 1455 1307 sua
1478 1275 1658 1317 potestate
1689 1272 1834 1314 habuit,
1868 1273 2083 1317 compilatae
2113 1273 2323 1308 hereditatis

1225 1317 1411 1362 postulare
1434 1328 1507 1352 non
1532 1317 1648 1352 debet.
1685 1317 1896 1362 prudentius
1920 1317 2042 1363 itaque
2065 1318 2196 1361 faciet,
2221 1319 2251 1354 si
2276 1318 2323 1353 ad

1226 1362 1464 1397 exhibendum
1489 1366 1524 1397 et
1547 1363 1769 1407 negotiorum
1792 1366 1984 1407 gestorum,
2010 1363 2041 1398 si
2064 1364 2208 1409 negotia
2233 1374 2321 1409 quo-

1226 1418 1294 1453 que
1317 1407 1384 1442 viri
1406 1408 1526 1452 gessit,
1552 1418 1633 1442 cum
1658 1417 1700 1442 ea
1722 1407 1832 1442 fuerit
1856 1412 2036 1452 expertus.

1270 1450 1323 1490 33
1352 1450 1432 1495 (34)
1458 1452 1619 1488 mes
1640 1452 1732 1488 libro
1751 1453 1874 1498 primo
1896 1454 2149 1498 quaestionum
2183 1453 2320 1489 Nesen-

1225 1497 1306 1533 nius
1329 1498 1549 1542 Apollinaris
1579 1498 1670 1533 Iulio
1693 1497 1808 1532 Paulo
1842 1497 2004 1533 salutem.
2053 1499 2146 1534 Avia
2177 1499 2319 1544 nepotis

1225 1543 1281 1578 sui
1313 1543 1456 1587 negotia
1487 1543 1615 1588 gessit:
1649 1542 1827 1578 defunctis
1861 1543 2022 1588 utrisque
2046 1544 2147 1579 aviae
2169 1544 2319 1579 heredes

1227 1588 1530 1624 conveniebantur
1564 1598 1586 1623 a
1609 1589 1750 1633 nepotis
1774 1588 1967 1623 heredibus
1992 1589 2217 1633 negotiorum
2239 1599 2319 1634 ges-

1224 1638 1343 1669 torum
1378 1634 1537 1669 actione:
1582 1633 1801 1678 reputabant
1835 1634 1984 1669 heredes
2020 1634 2119 1669 aviae
2154 1634 2322 1669 alimenta

1249 1679 1398 1714 raestita
1430 1679 1563 1724 nepoti.
1604 1679 1888 1724 respondebatur
1920 1679 2035 1714 aviam
2068 1679 2146 1714 iure
2177 1680 2321 1725 pietatis

1223 1690 1269 1759 ge
1293 1734 1358 1759 suo
1383 1724 1624 1769 praestitisse:
1650 1734 1717 1759 nec
1742 1724 1835 1758 enim
1858 1727 1922 1758 aut
1942 1724 2175 1767 desiderasse,
2199 1728 2240 1759 ut
2259 1724 2320 1759 de-

1225 1773 1455 1805 cernerentur
1490 1769 1676 1812 alimenta,
1711 1773 1775 1804 aut
1799 1768 1943 1804 decreta
1967 1773 2097 1804 essent.
2134 1773 2322 1814 praeterea

1225 1814 1459 1850 constitutum
1484 1824 1561 1850 esse
1585 1814 1782 1856 dicebatur,
1806 1818 1858 1857 ut,
1884 1814 1914 1849 si
1931 1818 2046 1849 mater
2066 1814 2223 1857 aluisset,
2248 1825 2321 1850 non

1224 1864 1348 1905 posset
1378 1860 1565 1902 alimenta,
1599 1870 1692 1905 quae
1724 1860 1857 1905 pietate
1883 1870 1924 1895 co
1952 1864 2032 1895 ente
2057 1859 2102 1895 de
2126 1870 2191 1895 suo
2216 1869 2320 1905 prae·

1225 1905 1394 1947 stitisset,
1418 1909 1593 1949 repetere.
1631 1915 1674 1940 ex
1707 1905 1887 1940 contrario
1947 1905 2109 1940 'cebatur
2139 1909 2227 1940 tunc
2251 1905 2321 1940 hoc

1225 1954 1323 1986 recte
1347 1950 1428 1992 dici,
1453 1953 1495 1985 ut
1518 1950 1563 1985 de
1586 1960 1651 1986 suo
1677 1950 1807 1985 aluisse
1831 1953 1946 1985 mater
1965 1951 2201 1995 probaretur:
2227 1953 2266 1985 at
2284 1950 2321 1985 in

1224 1995 1410 2041 proposito
1435 1995 1571 2037 aviam,
1605 2005 1697 2040 quae
1729 1996 1873 2039 negotia
1897 1995 2194 2038 administrabat,
2231 1995 2320 2030 veri-

1225 2041 1338 2076 simile
1363 2050 1442 2076 esse
1466 2040 1510 2075 de
1533 2050 1572 2075 re
1595 2041 1709 2085 ipsius
1733 2041 1873 2085 nepotis
1898 2051 1980 2076 eum
2004 2041 2148 2076 aluisse.
2184 2043 2320 2076 tracta-

1224 2089 1302 2120 tum
1333 2090 1405 2129 est,
1439 2085 1638 2131 numquid⁸
1660 2090 1814 2130 utroque
1844 2086 2059 2130 patrimonio
2092 2089 2238 2131 erogata
2269 2085 2320 2120 vi-

1226 2131 1389 2166 deantur.
1427 2141 1560 2176 quaero
1582 2130 1667 2176 quid
1686 2131 1752 2166 tibi
1771 2131 1900 2166 iustius
1921 2131 2094 2166 videatur.
2130 2130 2319 2176 respondi:

1224 2176 1314 2212 haec
1340 2176 1550 2222 disceptatio
1574 2176 1613 2211 in
1643 2176 1781 2211 factum
1815 2177 1996 2212 constitit:
2032 2186 2116 2211 nam
2152 2180 2188 2211 et
2217 2176 2319 2218 illud,

1225 2221 1321 2267 quod
1344 2222 1382 2256 in
1404 2225 1519 2256 matre
1545 2221 1777 2257 constitutum
1802 2225 1875 2264 est,
1908 2233 1982 2257 non
2005 2225 2093 2266 puto
2117 2222 2169 2256 ita
2191 2231 2319 2266 perpe-

1223 2271 1286 2302 tuo
1319 2267 1593 2302 observandum.
1631 2266 1717 2312 quid
1741 2267 1834 2302 enim
1858 2267 1888 2301 si
1912 2267 2019 2302 etiam
2042 2270 2244 2311 protestata
2268 2270 2321 2300 est

1225 2322 1263 2347 se
1294 2312 1406 2346 filium
1438 2312 1519 2348 ideo
1552 2312 1667 2354 alere,
1700 2316 1741 2346 ut
1766 2315 1829 2347 aut
1852 2312 1969 2356 ipsum
1994 2317 2058 2347 aut
2080 2315 2217 2347 tutores
2243 2311 2320 2346 eius

1225 2357 1454 2393 conveniret?
1489 2367 1585 2402 pone
1608 2367 1755 2402 peregre
1778 2361 1916 2402 patrem
1941 2357 2017 2392 eius
2042 2357 2160 2392 obisse
2185 2360 2220 2392 et
2243 2366 2319 2391 ma-

1224 2406 1333 2444 trem,
1367 2402 1451 2437 dum
1481 2402 1519 2437 in
1542 2402 1696 2447 patriam
1719 2403 1926 2444 revertitur,
1959 2406 2034 2437 tam
2066 2402 2178 2436 filium
2212 2411 2319 2446 quam

1223 2446 1393 2482 familiam
1418 2448 1493 2483 eius
1518 2447 1740 2482 exhibuisse:
1774 2448 1812 2482 in
1836 2458 1907 2492 qua
1931 2447 2050 2492 specie
2074 2447 2180 2481 etiam
2203 2447 2241 2481 in
2264 2446 2317 2491 ip-

1224 2503 1304 2528 sum
1326 2493 1501 2538 pupillum
1525 2493 1748 2537 negotiorum
1765 2495 1947 2537 gestorum
1967 2491 2121 2527 dandam
2141 2492 2319 2527 actionem

1225 2538 1326 2574 divus
1361 2537 1448 2573 Pius
1471 2538 1675 2573 Antoninus
1709 2537 1904 2573 constituit.
1950 2537 2057 2581 igitur
2090 2537 2128 2571 in
2159 2547 2200 2572 re
2231 2536 2320 2572 facti

1224 2583 1368 2618 facilius
1392 2584 1528 2628 putabo
1554 2583 1669 2617 aviam
1692 2582 1748 2618 vel
1771 2582 1919 2617 heredes
1945 2583 2020 2616 eius
2044 2581 2263 2624 audiendos,
2289 2582 2319 2616 si

1224 2632 1391 2673 reputare
1414 2628 1523 2663 velint
1546 2628 1733 2670 alimenta,
1757 2627 1911 2662 maxime
1935 2627 1966 2662 si
1989 2627 2097 2662 etiam
2120 2627 2157 2661 111
2180 2627 2320 2662 ratione

1224 2674 1466 2718 impensarum
1492 2683 1535 2708 ea
1557 2672 1740 2708 rettulisse
1764 2672 1880 2707 aviam
1905 2672 2105 2717 apparebit.
2141 2672 2231 2707 illud
2255 2682 2317 2707 ne-

1226 2728 1405 2764 quaquam
1428 2717 1687 2753 admittendum
1710 2720 1808 2762 puto,
1834 2720 1876 2752 ut
1900 2717 1944 2752 de
1967 2722 2120 2762 utroque
2143 2717 2317 2762 patrimo-

1225 2764 1283 2798 nio
1309 2774 1369 2798 ero
1395 2766 1455 2798 ata
1478 2763 1677 2799 videantur.

1273 2806 1327 2845 34
1353 2812 1363 2850 (
1395 2807 1433 2851 5)
1458 2807 1664 2844 δσΛΕνοιΑ
1695 2807 1786 2843 libro
1804 2808 1928 2854 primo
1953 2808 2207 2853 quaestionum
2253 2807 2317 2841 Di-

1225 2853 1339 2889 vortio
1363 2853 1461 2888 facto
1486 2853 1629 2898 negotia
1652 2853 1773 2888 uxoris
1803 2853 1913 2898 gessit
1943 2853 2112 2887 maritus:
2146 2852 2211 2887 dos
2246 2863 2318 2887 non

1226 2899 1341 2934 solum
1365 2898 1459 2933 dotis
1483 2898 1636 2940 actione,
1659 2908 1782 2934 verum
1802 2898 2025 2943 negotiorum
2043 2901 2224 2943 gestorum
2243 2907 2317 2932 ser-

1224 2944 1302 2978 vari
1331 2947 1459 2988 potest.
1495 2943 1587 2978 haec
1610 2944 1679 2985 ita,
1714 2943 1745 2978 si
1774 2943 1813 2977 in
1835 2943 1985 2988 negotiis
2009 2943 2144 2988 gestis⁹
2167 2943 2317 2977 maritus

1226 2988 1310 3023 dum
1330 2988 1419 3033 gerit
1438 2988 1560 3023 facere
1578 2989 1714 3034 potuit:
1740 2988 1829 3024 alias
1849 2989 1942 3023 enim
1962 2988 2130 3033 imputari
2150 2998 2222 3022 11011
2235 2992 2316 3032 pot-

1226 3037 1281 3069 est
1293 3035 1331 3075 ¹⁰,
1365 3033 1461 3078 quod
1492 3043 1515 3068 a
1547 3044 1586 3069 se
1616 3045 1689 3069 non
1720 3034 1884 3078 exegerit.
1922 3033 1985 3069 sed
2017 3037 2053 3068 et
2083 3036 2317 3078 posteaquam

1225 3079 1480 3124 patrimonium
1515 3079 1691 3122 amiserit,
1727 3079 1834 3159 {lena
1858 3079 1925 3114 erit
1947 3078 2172 3124 negotiorum
2195 3081 2313 3122 gesto-

1225 3135 1304 3159 rum
1327 3124 1442 3166 actio,
1499 3124 1634 3160 uamvis
1666 3125 1697 3160 si
1754 3124 1822 3159 otis
1847 3124 1988 3159 actione
2012 3123 2161 3158 maritus
2187 3133 2314 3158 conve-

1225 3169 1364 3211 niatur,
1390 3169 1477 3204 abso
1492 3169 1628 3205 vendus
1653 3173 1717 3204 est.
1754 3169 1818 3205 sed
1840 3169 1900 3204 hic
1925 3168 2068 3214 quidam
2091 3168 2218 3203 modus
2242 3178 2315 3203 ser-

1225 3214 1362 3250 vandus
1388 3217 1453 3256 est,
1477 3217 1519 3248 ut
1540 3214 1592 3249 ita
1616 3214 1793 3259 querellae
1816 3215 1917 3249 locus
1942 3215 1989 3249 sit
2012 3214 2237 3259 ‘quantum¹²
2261 3212 2315 3247 fa-

1226 3263 1319 3295 ‘cere
1342 3259 1471 3304 potuit,
1496 3260 1654 3304 quamvis
1678 3263 1805 3305 postea
1824 3259 2003 3302 amiserit’,
2028 3259 2059 3293 si
2076 3258 2137 3294 illo
2157 3262 2230 3293 tem
2256 3267 2316 3308 ore

1226 3305 1258 3339 ei
1282 3304 1417 3340 solvere
1439 3304 1574 3349 potuit:
1597 3315 1671 3340 non
1695 3305 1788 3340 enim
1812 3315 1831 3339 e
1853 3304 2000 3348 vestigio
2023 3304 2062 3338 in
2085 3303 2203 3338 officio
2255 3302 2315 3336 011-

1226 3350 1314 3394 quit,
1339 3350 1370 3384 si
1393 3360 1466 3384 non
1489 3349 1653 3394 protinus
1676 3360 1734 3385 res
1758 3360 1843 3385 suas
1868 3349 2033 3384 distraxit
2056 3348 2103 3383 ad
2126 3347 2315 3393 pecuniam

1225 3394 1470 3439 redigendam:
1503 3395 1698 3439 praeterire
1731 3395 1882 3439 denique
1906 3393 2040 3439 aliquid
2062 3392 2229 3437 temporis
2243 3391 2314 3442 ‚de-

1226 3440 1334 3482 bebit,
1361 3450 1430 3484 quo
1456 3449 1615 3475 cessasse
1637 3441 1810 3475 videatur.
1848 3439 1945 3491 quod
1974 3439 2005 3473 si
2027 3439 2173 3477 interea,
2198 3445 2313 3480 1111118-

1227 3495 1332 3528 quam
1356 3484 1514 3520 officium
1537 3485 1693 3530 impleat,
1717 3495 1773 3520 res
1798 3495 1930 3519 amissa
1954 3488 2018 3525 est,
2042 3481 2187 3527 perinde
2206 3490 2313 3524 nego-

1225 3529 1357 3564 tiorum
1379 3533 1559 3574 gestorum
1582 3541 1655 3566 non
1678 3534 1830 3572 tenetur,
1856 3540 1899 3564 ac
1923 3529 1954 3563 si
1977 3536 2170 3571 numquam
2192 3525 2314 3560 facere

1562 3643 1604 3684 (7)
1630 3653 1696 3685 qua
1709 3642 1769 3674 lite
1782 3641 1873 3681 F¹S,
1888 3639 2050 3682 qualitate
2063 3637 2115 3671 F³
2203 3638 2247 3678 (8)
2273 3636 2313 3669 de

1228 3654 1296 3675 cum
1309 3641 1355 3681 B,
1370 3653 1426 3674 om.
1442 3641 1476 3674 F

2094 3683 2154 3724 (10)
2179 3681 2319 3725 potesF'

1228 3688 1287 3720 ins.
1304 3687 1379 3720 dett.
1450 3687 1494 3729 (9)
1520 3688 1569 3720 ita
1581 3688 1618 3720 in
1630 3687 1778 3729 negotiis
1791 3686 1905 3728 gestis,
1919 3685 2023 3717 siser.

1232 3732 1286 3773 (11)
1312 3733 1474 3773 quantum
1487 3735 1559 3765 tum
1571 3745 1633 3765 scr.
