2528 3918
119 167 180 195 DE
210 165 371 196 FONTE.
411 165 472 194 DE
503 164 692 196 CLOACIS

591 278 707 317 XXII
716 277 742 316 ¹.

539 345 602 378 DE
626 344 719 377 FON
721 344 791 376 TE.

168 409 184 446 1
214 410 409 447 Urmfflvs
426 412 516 446 libro
532 412 824 456 septuaqensimo
842 409 892 444 ad
908 410 1062 445 edictum
1099 409 1208 443 Prae-

118 459 174 490 tor
197 457 266 491 ait:
300 457 371 492 ‘Uti
401 457 445 492 de
476 466 518 491 eo
543 456 660 497 fonte,
693 466 762 500 quo
788 455 831 490 de
856 456 987 499 agitur,
1019 455 1089 489 hoc
1114 464 1208 488 anno

118 504 249 545 ‘aqua2
279 513 345 537 nec
374 503 407 537 vi
439 512 505 537 nec
536 502 628 536 clam
658 511 725 535 nec
755 501 919 545 precario
951 501 996 535 ab
1028 500 1089 534 illo
1122 510 1209 534 usus

118 551 187 589 ‘es‚
220 558 289 592 quo
323 548 439 582 minus
470 547 522 581 ita
553 546 687 590 utaris,
719 546 789 580 vim
812 545 890 581 fieri
913 550 1006 581 veto.
1055 545 1099 580 de
1127 545 1210 579 lacu

121 597 133 625 1
186 597 306 638 ‘puteo
330 593 470 638 piscina
493 592 578 627 item
601 591 836 626 interdicam'.
879 592 958 626 Hoc
982 590 1211 626 interdictum

117 639 332 682 proponitur
355 638 398 682 ei,
425 638 487 683 qui
509 637 659 673 fontana
684 647 778 682 aqua
802 637 855 671 uti
878 637 1107 683 prohibetur:
1134 646 1209 671 ser-

117 684 245 718 vitutes
270 684 363 718 enim
387 694 459 718 non
478 686 619 718 tantum
641 693 758 727 aquae
776 682 962 718 ducendae
981 692 1059 717 esse
1081 681 1209 723 solent,

117 738 238 763 verum
264 730 371 764 etiam
393 729 625 772 hauriendae,
650 733 687 764 et
710 728 803 763 sicut
829 728 1005 763 discretae
1029 732 1114 763 sunt
1134 737 1208 761 ser-

117 775 245 809 vitutes
277 774 406 809 ductus
437 785 552 818 aquae
576 775 636 809 et³
667 775 819 809 haustus
849 784 984 818 aquae,
1016 773 1069 807 ita
1099 773 1209 807 inter-

118 823 136 853 2
185 819 282 854 dicta
306 821 498 865 separatim
521 819 732 855 redduntur.
780 819 860 854 Hoc
890 823 1010 854 autem
1040 818 1208 853 interdic-

116 869 192 899 tum
216 865 335 900 locum
358 866 478 908 habet,
505 866 535 900 si
560 865 639 910 quis
664 866 718 899 uti
741 864 978 909 prohibeatur
1002 874 1107 908 aqua,
1140 864 1209 898 hoc

117 915 171 945 est
209 911 282 946 sive
321 911 465 946 haurire
502 911 738 956 prohibeatur
776 910 849 945 sive
881 909 987 944 etiam
1019 920 1130 955 pecus
1164 909 1210 943 ad

118 959 136 989 3
185 967 315 1001 aquam
347 957 537 1002 appellere.
593 956 644 991 Et
678 955 802 991 eadem
837 958 923 990 sunt
952 955 1012 990 hic
1045 954 1209 996 dicenda,

117 1012 208 1046 quae
224 1003 278 1045 ⁴ad
302 1012 493 1046 personam
518 1002 689 1043 attinent,
717 1011 963 1046 quaecumque
986 1000 1023 1035 in
1048 1001 1210 1045 superio-

118 1051 137 1081 4
185 1047 284 1082 ribus
322 1048 522 1083 interdictis
563 1047 727 1082 diximus.
782 1046 862 1082 Hoc
898 1046 1131 1081 interdictum
1167 1046 1211 1080 de

117 1093 272 1128 cisterna
296 1104 367 1128 non
394 1093 582 1138 competit:
608 1103 691 1127 nam
717 1093 874 1127 cisterna
897 1103 970 1127 non
994 1091 1104 1127 habet
1127 1102 1209 1136 per-

117 1142 262 1183 petuam
287 1149 433 1174 causam
457 1149 522 1173 nec
547 1138 661 1173 vivam
686 1148 827 1182 aquam.
877 1148 922 1173 ex
954 1148 1023 1182 quo
1058 1140 1210 1182 apparet

117 1185 154 1218 in
177 1184 232 1219 his
257 1185 420 1219 omnibus
447 1184 673 1229 exigendum,
704 1187 745 1218 ut
767 1184 848 1218 viva
871 1193 966 1228 aqua
990 1183 1052 1218 sit:
1085 1184 1210 1218 cister-

118 1240 185 1264 nae
217 1234 337 1264 autem
365 1230 540 1264 imbribus
571 1229 835 1274 concipiuntur.
885 1229 1037 1274 denique
1069 1231 1213 1264 constat

118 1275 345 1310 interdictum
376 1285 536 1317 cessare,
569 1275 599 1310 si
628 1275 730 1310 lacus
760 1275 901 1319 piscina
933 1279 1064 1320 puteus
1096 1274 1212 1308 vivam

118 1324 135 1354 5
186 1331 315 1365 aquam
333 1332 406 1356 non
425 1321 569 1355 habeat.
605 1320 718 1355 Plane
741 1321 773 1355 si
797 1320 875 1364 quis
899 1320 952 1355 ire
977 1319 1023 1354 ad
1042 1319 1212 1354 haustum

118 1370 137 1400 6
185 1366 436 1411 prohibeatur,
467 1377 581 1411 aeque
604 1365 834 1401 interdictum
859 1365 1024 1401 sufficiet.
1072 1365 1212 1400 Deinde

117 1412 168 1445 ait
186 1415 349 1456 praetor:
376 1412 465 1456 ‘Quo
481 1412 599 1446 minus
618 1411 765 1453 fontem,
786 1422 855 1456 quo
875 1411 919 1446 de
935 1411 1064 1456 agitur,
1081 1421 1211 1456 purges

118 1457 287 1500 ‘reficias,
320 1461 361 1492 ut
391 1468 521 1503 aquam
552 1467 717 1492 coercere
746 1457 870 1501 utique
894 1467 937 1492 ea
960 1457 1094 1502 possis,
1128 1456 1212 1491 dum

117 1506 174 1537 ‘ne
197 1503 301 1538 aliter
324 1504 448 1547 utaris,
474 1507 581 1547 atque
604 1502 658 1537 uti
679 1503 748 1537 hoc
770 1513 865 1538 anno
884 1513 957 1537 non
975 1503 1009 1537 vi
1027 1513 1100 1537 non
1121 1503 1212 1536 clam

119 1551 136 1581 7
186 1552 271 1583 ‘non
287 1549 452 1594 precario
472 1549 517 1583 ab
539 1549 600 1584 illo
620 1559 708 1583 usus
727 1558 775 1591 es,
800 1548 871 1583 vim
893 1547 973 1583 fieri
991 1548 1096 1583 veto'.
1132 1548 1212 1582 Hoc

116 1594 344 1629 interdictum
376 1594 526 1630 eandem
562 1594 674 1629 habet
708 1593 917 1636 utilitatem,
959 1604 1067 1638 quam
1104 1593 1213 1628 habet

116 1639 347 1675 interdictum
378 1641 422 1675 de
454 1640 538 1675 rivis
570 1639 790 1675 reficiendis:
829 1639 898 1674 nisi
933 1640 1025 1674 enim
1057 1649 1213 1684 purgare

117 1689 154 1720 et
190 1685 338 1720 reficere
372 1685 508 1721 fontem
544 1685 700 1728 licuerit,
738 1685 858 1720 nullus
897 1695 984 1720 usus
1023 1684 1101 1720 eius
1132 1685 1210 1719 erit.

119 1734 137 1765 8
185 1731 397 1776 Purgandus
435 1735 554 1766 autem
593 1734 631 1765 et
668 1730 884 1766 reficiendus
919 1734 976 1765 est
1004 1730 1052 1765 ad
1082 1740 1213 1774 aquam

119 1777 371 1819 coercendam,
397 1779 438 1811 ut
460 1777 514 1810 uti
539 1776 618 1821 quis
642 1786 738 1820 aqua
761 1777 894 1822 possit,
921 1775 1112 1811 dummodo
1137 1786 1210 1811 non

118 1822 222 1857 aliter
256 1825 398 1865 utatur,
437 1832 543 1867 quam
580 1822 656 1857 sic⁴
692 1821 746 1856 uti
782 1822 852 1857 1106
893 1832 987 1856 anno
1025 1832 1113 1856 usus
1145 1825 1210 1856 est.

118 1871 138 1901 9
186 1867 361 1903 Coercere
397 1878 419 1903 a
445 1878 528 1902 uam
568 1870 622 1902 est
654 1867 837 1903 continere
869 1867 940 1909 sic,
980 1877 1024 1902 ne
1059 1866 1212 1909 diffluat,

118 1923 162 1948 ne
186 1913 384 1955 dilabatur,
441 1912 607 1948 ummodo
637 1923 711 1948 non
741 1913 970 1957 permittatur
995 1913 1054 1947 6111
1077 1914 1214 1948 novas5

119 1969 290 2003 quaerere
312 1959 368 1994 vel
393 1959 551 2003 aperire:
576 1958 635 1993 hic
659 1958 752 1993 enim
776 1958 925 1994 innovat
948 1957 1084 2003 aliquid
1108 1968 1212 2003 prae-

121 2008 161 2038 10
207 2008 262 2040 ter
285 2004 356 2047 idss,
389 2015 496 2050 quam
524 2004 756 2049 praecedenti
788 2015 882 2039 anno
915 2014 1002 2039 usus
1027 2007 1093 2039 est.
1143 2003 1214 2039 Sed

118 2054 154 2084 et
179 2050 223 2084 de
246 2050 329 2085 lacu
353 2054 462 2095 puteo
486 2049 627 2095 piscina
651 2049 853 2085 reficiendis
882 2049 1077 2095 purgandis
1101 2049 1211 2084 inter-

122 2099 159 2129 11
209 2095 343 2130 dictum
375 2096 555 2140 competit.
603 2095 654 2129 Et
678 2095 843 2131 omnibus
867 2095 1031 2141 personis
1056 2094 1211 2137 dabitur,

120 2141 248 2186 quibus
273 2141 492 2186 permittitur
514 2140 743 2176 interdictum
768 2141 813 2176 de
837 2151 932 2186 aqua
956 2140 1102 2176 aestiva.

583 2280 717 2318 XXIII
726 2278 753 2318 ⁷.

522 2347 585 2379 DE
610 2345 811 2379 GLOAGIS.

169 2411 187 2449 1
220 2411 413 2448 mmmm
430 2412 521 2448 libro
541 2412 833 2464 septuaqensz'mo
845 2412 970 2457 primo
992 2411 1042 2446 ad
1058 2411 1211 2447 edictum

120 2459 271 2493 Praetor
295 2458 364 2492 ait:
398 2457 489 2502 ‘Quo
521 2459 638 2493 minus
668 2457 721 2492 1111
745 2458 905 2492 cloacam
930 2467 1023 2502 quae
1047 2467 1091 2491 ex
1115 2457 1213 2492 aedi-

121 2504 199 2539 ‘bus
230 2504 306 2538 eius
335 2503 374 2537 in
395 2506 478 2538 tuas
501 2504 676 2549 pertinet,
711 2513 782 2548 qua
813 2502 858 2537 de
889 2503 1025 2547 agitur,
1057 2513 1212 2556 purgare

121 2548 281 2584 ‘reficere
306 2548 428 2591 liceat,
462 2549 533 2583 vim
556 2548 635 2584 fieri
658 2552 751 2584 veto.
799 2547 919 2583 damni
942 2547 1085 2590 infecti,
1117 2548 1213 2592 quod

126 2599 137 2628 1
189 2594 318 2639 ‘operis
343 2594 427 2629 vitio
451 2594 588 2629 factum
612 2594 670 2636 sit,
696 2593 815 2628 caveri
836 2593 993 2628 iubebo’.
1043 2593 1117 2628 Sub
1141 2594 1210 2628 hoc

120 2640 223 2674 titulo
249 2639 320 2674 duo
343 2639 536 2675 interdicta
558 2643 705 2685 praetor
729 2638 892 2680 subiecit,
918 2649 1029 2674 unum
1051 2639 1210 2683 prohibi-

120 2685 263 2727 torium,
288 2685 440 2720 alterum
463 2684 744 2720 restitutorium:
773 2689 810 2719 et
832 2683 986 2728 primum
1010 2684 1210 2729 prohibito-

121 2734 140 2764 2
188 2730 293 2765 rium.
332 2730 478 2765 Curavit
501 2733 622 2765 autem
644 2732 790 2775 praetor
813 2739 877 2774 per
898 2729 988 2764 haec
1008 2729 1212 2772 interdicta,

122 2779 161 2809 ut
179 2776 324 2810 cloacae
344 2779 380 2810 et
396 2779 595 2821 purgentur
611 2779 647 2811 et
664 2774 883 2818 reficiantur,
906 2785 1057 2819 quorum
1074 2779 1212 2809 utrum-

122 2831 190 2865 que
213 2824 249 2856 et
273 2820 318 2855 ad
342 2821 589 2856 salubritatem
615 2820 810 2856 civitatium
835 2823 871 2855 et
893 2820 940 2855 ad
961 2820 1110 2854 tutelam
1130 2831 1212 2865 per-

121 2867 228 2901 tinet:
261 2877 344 2900 nam
376 2870 412 2901 et
443 2866 581 2901 caelum
609 2866 780 2911 pestilens
812 2869 849 2900 et
877 2865 1000 2900 ruinas
1032 2866 1214 2901 minantur

123 2915 141 2945 3
188 2911 435 2946 immunditiae
460 2911 676 2954 cloacarum,
704 2910 757 2947 Β61
780 2921 854 2946 11011
877 2910 1096 2946 reficiantur.
1133 2911 1212 2947 Hoc

122 2960 241 2992 autem
259 2956 490 2992 interdictum
509 2957 732 3002 propositum
751 2960 808 2991 est
827 2956 872 2991 de
893 2956 1025 2992 cloacis
1045 2956 1211 3001 privatis:

122 3002 288 3047 publicae
327 3003 421 3037 enim
461 3003 606 3037 cloacae
645 3002 828 3047 publicam
864 3012 988 3037 curam
1018 3006 1211 3037 merentur.

122 3052 143 3081 4
191 3047 322 3083 Cloaca
345 3051 467 3082 autem
490 3051 546 3082 est
564 3047 665 3083 locus
687 3058 807 3090 cavus,
832 3057 897 3093 per
918 3057 1023 3092 quem
1043 3047 1213 3083 colluvies

124 3097 141 3126 5
191 3092 366 3137 quaedam
396 3092 498 3128 fluat.
546 3092 625 3128 Hoc
655 3093 899 3136 interdictum,
933 3091 1029 3137 quod
1059 3092 1213 3138 primum

122 3138 344 3183 proponitur,
368 3138 646 3184 prohibitorium
665 3142 731 3183 est,
755 3149 825 3184 quo
845 3138 1057 3183 prohibetur
1074 3138 1213 3173 vicinus

123 3185 191 3218 vim
213 3183 353 3227 facere,
378 3195 448 3229 quo
472 3184 590 3219 minus
615 3183 740 3219 cloaca.
760 3188 936 3229 purgetur
959 3187 995 3218 et
1018 3183 1211 3219 reficiatur.

123 3233 142 3263 6
191 3229 344 3264 0106666
360 3229 602 3275 appellatione
620 3232 657 3263 et
673 3229 783 3264 tubus
803 3233 840 3264 et
857 3228 979 3264 fistula
998 3229 1212 3264 continetur.

124 3278 140 3307 7
190 3274 281 3318 Quia
304 3278 424 3310 autem
448 3275 654 3310 cloacarum
672 3274 819 3310 refectio
841 3278 876 3309 et
895 3275 1061 3319 purgatio
1080 3274 1127 3309 ad
1146 3286 1213 3319 pu-

123 3319 252 3354 blicam
271 3319 459 3355 utilitatem
480 3323 644 3365 spectare
661 3319 810 3363 videtur,
830 3318 964 3355 idcirco
983 3320 1122 3365 placuit
1142 3331 1215 3355 non

1201 148 1285 194 697

1865 154 2098 196 XXXXIII
2130 158 2195 196 22.
2222 157 2287 196 23.
2315 158 2366 196 24

1283 283 1364 308 esse
1388 273 1424 307 in
1447 272 1639 307 interdicto
1665 273 1866 309 addendum
1899 278 2006 321 ‘quod
2030 288 2101 312 non
2125 278 2157 312 vi
2182 289 2253 314 non
2279 278 2370 313 clam

1284 322 1366 353 ‘non
1391 318 1553 363 precario
1579 318 1624 352 ab
1650 318 1710 353 illo
1735 330 1821 355 usus
1833 322 1868 361 θ’,
1903 326 1960 364 111,
1996 323 2135 358 etiamsi
2160 325 2238 369 quis
2262 325 2367 358 talem

1284 375 1386 399 usum
1410 363 1593 406 habuerit,
1626 367 1744 398 tamen
1775 376 1847 399 non
1871 368 2103 410 prohibeatur
2127 369 2247 404 volens
2274 370 2369 405 cloa-

1283 413 1302 444 8
1351 420 1430 444 cam
1464 409 1613 444 reficere
1647 409 1703 443 vel
1739 420 1902 454 purgare.
1959 413 2097 448 Deinde
2138 416 2189 449 ait
2225 418 2371 459 praetor

1283 458 1386 499 ‘quae
1419 466 1461 490 ex
1492 454 1640 488 aedibus
1674 454 1750 488 eius
1780 455 1816 489 in
1844 459 1925 491 tuas
1956 460 2133 502 pertinet'.
2181 460 2287 495 aedes
2312 460 2371 495 hic

1282 501 1444 546 accipere
1469 500 1577 535 debes
1600 510 1667 544 pro
1693 500 1789 534 omni
1809 501 1969 537 aedificio
1983 505 2021 545 ¹0,
2047 505 2115 539 hoc
2135 509 2190 539 est
2209 516 2252 540 ex
2274 505 2369 540 aedi-

1281 545 1363 580 ficio
1396 546 1471 580 eius
1501 545 1539 579 in
1572 549 1673 579 tuum
1703 545 1912 581 aedificium.
1962 548 2030 583 hoc
2063 550 2215 594 amplius
2247 551 2370 585 Labeo

1281 591 1434 635 putabat
1473 591 1581 625 h0c¹¹
1624 590 1815 625 interdicto
1857 592 1975 626 locum
2018 604 2096 629 esse
2140 599 2174 630 et
2216 596 2245 629 si
2288 606 2372 630 area

1281 637 1326 671 ab
1369 636 1540 671 utralibet
1577 639 1680 680 parte
1720 636 1861 671 aedium
1893 637 1940 672 sit
1969 642 2005 673 et
2037 640 2066 673 si
2097 640 2205 682 forte,
2246 641 2371 685 inquit,

1282 682 1406 716 cloaca
1431 682 1540 716 ducta
1564 683 1610 716 sit
1635 692 1678 716 ex
1703 682 1841 716 urbano
1873 683 2034 718 aedificio
2050 685 2076 705 ¹²
2105 687 2141 719 in
2171 686 2371 730 proximum

1281 731 1300 760 9
1349 738 1485 772 agrum.
1540 727 1638 761 Idem
1670 727 1793 762 Labeo
1824 727 1932 762 etiam
1964 739 2062 772 eum,
2103 732 2161 774 qui
2197 731 2372 775 privatam

1281 773 1441 807 cloacam
1465 773 1502 807 in
1527 772 1710 818 publicam
1733 772 1924 808 immittere
1947 774 2041 815 velit,
2066 776 2247 819 tuendum,
2272 787 2317 811 ne
2342 777 2372 811 ei

1280 818 1332 853 vis
1356 818 1430 852 fiat.
1480 819 1544 853 sed
1577 821 1612 852 et
1642 818 1673 853 si
1705 818 1784 863 quis
1817 819 1900 853 velit
1927 819 2034 854 talem
2059 821 2216 855 cloacam
2242 821 2371 864 facere,

1281 868 1321 898 ut
1353 864 1487 899 exitum
1520 864 1654 898 habeat
1687 863 1725 898 in
1754 864 1937 908 publicam
1970 865 2146 909 cloacam,
2186 877 2257 901 non
2294 878 2373 902 esse

1286 913 1323 943 10
1373 920 1453 943 eum
1491 909 1757 954 impediendum
1788 909 2008 954 Pomponius
2041 912 2214 946 scribit¹³.
2271 912 2372 956 Quod

1282 954 1332 989 ait
1355 959 1502 999 praetor
1527 955 1703 999 ‘pertinet'
1729 955 1798 989 hoc
1824 955 2010 999 significat,
2037 956 2132 1000 quod
2156 967 2199 991 ex
2225 958 2372 992 aedibus

1282 1000 1357 1035 eius
1381 1001 1418 1034 in
1441 1003 1523 1034 tuas
1554 1000 1710 1045 pertinet
1723 1001 1762 1042 ¹⁴,
1795 1000 1864 1035 hoc
1896 1005 1951 1036 est
1981 1001 2180 1045 ‘derigitur‚
2213 1003 2372 1037 extendi-

1284 1049 1322 1080 11
1374 1048 1453 1087 ‘tur,
1491 1046 1674 1090 pervenit’.
1731 1046 1781 1080 Et
1810 1049 1883 1081 tam
1916 1046 1962 1081 ad
1992 1048 2191 1091 proximum
2221 1048 2374 1082 vicinum

1280 1091 1350 1126 hoc
1381 1091 1611 1126 interdictum
1643 1091 1799 1136 pertinet
1833 1102 1939 1136 quam
1974 1091 2142 1127 adversus
2176 1093 2373 1136 ulteriores,

1285 1140 1323 1171 12
1372 1147 1438 1182 per
1470 1148 1622 1181 quorum
1653 1137 1759 1171 aedes
1791 1137 1917 1172 cloaca
1942 1137 2064 1173 currit.
2112 1137 2216 1173 Unde
2239 1139 2375 1174 Fabius

1281 1182 1378 1218 Mela
1403 1183 1529 1217 scribit
1553 1186 1755 1227 competere
1779 1183 1850 1218 hoc
1873 1183 2121 1225 interdictum,
2147 1188 2187 1217 ut
2210 1184 2247 1218 in
2270 1184 2375 1218 vicini

1282 1228 1388 1263 aedes
1413 1228 1532 1263 veniat
1556 1231 1592 1263 et
1615 1228 1797 1263 rescindat
1821 1229 2025 1273 pavimenta
2047 1229 2255 1273 purgandae
2281 1230 2374 1264 cloa-

1283 1284 1346 1309 cae
1370 1275 1497 1318 gratia.
1541 1274 1734 1309 verendum
1758 1277 1877 1308 tamen
1903 1285 1980 1309 esse
1997 1274 2215 1319 Pomponius
2242 1275 2374 1316 scribit,

1282 1330 1327 1354 116
1352 1329 1393 1354 60
1420 1330 1506 1354 66611
1531 1319 1650 1353 damni
1669 1318 1794 1353 infecti
1812 1319 1997 1364 stipulatio
2020 1320 2271 1354 committatur.
2313 1320 2375 1355 sed

1282 1366 1372 1400 haec
1412 1365 1596 1410 stipulatio
1635 1375 1707 1399 non
1747 1365 2031 1406 committitur¹⁵‚
2076 1365 2105 1400 si
2143 1369 2291 1410 paratus
2331 1366 2377 1400 sit

1284 1415 1487 1445 restaurare
1512 1410 1566 1453 id,
1601 1410 1697 1455 quod
1729 1420 1772 1445 ex
1805 1411 2017 1445 necessitate
2041 1410 2255 1445 reficiendae
2281 1411 2375 1446 cloa-

1289 1459 1325 1491 13
1375 1466 1439 1491 666
1472 1466 1584 1491 661166
1612 1455 1810 1491 resciderat
1823 1457 1860 1490 ¹⁶.
1916 1456 1953 1491 Si
1986 1457 2064 1501 quis
2095 1456 2262 1500 purganti
2292 1456 2376 1490 mihi

1284 1502 1444 1536 cloacam
1475 1502 1531 1537 vel
1560 1501 1734 1536 reficienti
1763 1512 1853 1546 opus
1878 1512 2010 1536 novum
2033 1501 2263 1543 nuntiaverit,
2297 1512 2375 1537 rec·

1283 1547 1419 1582 tissime
1452 1547 1591 1582 dicetur
1624 1550 1830 1591 contempta
1863 1547 2089 1582 nuntiatione
2113 1557 2168 1581 me
2191 1557 2297 1591 posse
2320 1558 2375 1582 re-

1289 1596 1327 1627 14
1373 1592 1482 1628 ficere
1505 1593 1541 1627 id
1567 1592 1663 1637 quod
1686 1592 1923 1627 institueram.
1960 1592 2030 1628 Sed
2055 1596 2090 1627 et
2116 1592 2235 1627 damni
2254 1592 2377 1627 infecti

1285 1639 1487 1673 cautionem
1508 1638 1707 1683 pollicetur,
1733 1639 1764 1673 si
1789 1638 1874 1682 quid
1898 1638 2017 1684 operis
2041 1638 2125 1673 vitio
2149 1638 2283 1672 factum
2303 1642 2375 1673 est:

1283 1694 1366 1718 nam
1391 1684 1499 1719 sicuti
1523 1683 1669 1719 reficere
1695 1683 1838 1718 cloacas
1863 1688 1899 1718 et
1922 1694 2076 1729 purgare
2101 1684 2377 1729 permittendum

1283 1729 1368 1771 fuit,
1409 1730 1461 1764 ita
1498 1729 1687 1764 dicendum
1703 1730 1740 1771 ¹⁷,
1778 1739 1823 1764 ne
1860 1729 2029 1764 damnum
2066 1729 2213 1764 aedibus
2253 1729 2376 1764 alienis

1287 1779 1326 1809 15
1376 1774 1490 1810 detur.
1546 1774 1685 1810 Deinde
1723 1773 1774 1809 ait
1813 1778 1977 1819 praetor:
2026 1774 2142 1818 ‘Quod
2178 1776 2215 1808 in
2253 1775 2377 1809 cloaca

1285 1821 1442 1866 ‘publica
1466 1820 1602 1856 factum
1626 1820 1700 1856 sive
1724 1830 1767 1855 ea
1780 1821 1808 1841 ¹⁸
1830 1820 2028 1856 immissum
2048 1820 2172 1861 habes,
2199 1830 2267 1865 quo
2289 1831 2377 1855 usus

1284 1866 1373 1901 ‘eius
1398 1866 1551 1901 deterior
1575 1866 1621 1901 sit
1644 1865 1718 1909 fiat,
1743 1865 1926 1901 restituas.
1975 1866 2060 1901 item
2074 1867 2101 1886 ¹⁹
2131 1876 2175 1900 ne
2207 1865 2291 1910 quid
2314 1864 2379 1899 fiat

1287 1915 1327 1946 16
1377 1912 1660 1954 ‘immittaturve,
1693 1911 1927 1946 interdicam'.
1975 1912 2055 1947 Hoc
2079 1910 2307 1946 interdictum
2331 1911 2376 1945 ad

1283 1957 1448 2002 publicas
1481 1957 1624 1992 cloacas
1656 1957 1830 2002 pertinet,
1861 1967 1906 1992 ne
1937 1956 2023 2002 quid
2055 1957 2102 1992 ad
2129 1957 2289 1991 cloacam
2312 1956 2375 1990 im-

1283 2002 1404 2038 mittas
1428 2013 1516 2038 neve
1540 2002 1654 2038 facias
1665 2004 1706 2046 ²⁰,
1737 2013 1807 2046 quo
1831 2013 1918 2038 usus
1944 2003 2099 2038 deterior
2122 2002 2169 2037 sit
2193 2012 2280 2037 neve
2303 2001 2376 2036 fiat.

1330 2046 1355 2085 2
1389 2048 1424 2082 V
1422 2058 1619 2083 ENULEJUS
1648 2048 1739 2083 libro
1764 2049 1890 2094 primo
1921 2048 2192 2083 interdictorum
2246 2047 2376 2091 Quam-

1285 2104 1391 2139 quam
1419 2093 1463 2129 de
1486 2093 1681 2128 reficienda
1705 2093 1849 2136 cloaca,
1880 2104 1953 2129 non
1985 2093 2093 2129 etiam
2125 2093 2169 2127 de
2201 2102 2293 2128 nova
2323 2092 2376 2127 fa-

1283 2139 1411 2175 cienda
1435 2140 1504 2174 hoc
1527 2139 1719 2174 interdicto
1745 2138 2090 2185 comprehendatur,
2121 2142 2241 2173 tamen
2266 2148 2378 2182 aeque

1282 2184 1569 2220 interdicendum
1584 2185 1708 2220 Labeo
1733 2184 1795 2227 ait,
1820 2194 1866 2220 ne
1890 2184 2035 2220 facienti
2055 2184 2215 2219 cloacam
2234 2183 2286 2218 vis
2303 2183 2377 2225 fiat,

1307 2230 1369 2265 uia
1400 2230 1525 2266 eadem
1556 2230 1693 2265 utilitas
1724 2230 1788 2265 sit:
1821 2234 2024 2275 praetorem
2058 2229 2152 2264 enim
2185 2229 2235 2264 sic
2266 2229 2377 2264 inter-

1284 2242 1434 2318 dixisse,
1458 2286 1504 2311 ne
1528 2275 1581 2310 vis
1605 2275 1724 2317 fieret,
1750 2286 1820 2320 quo
1845 2276 1961 2311 minus
1987 2276 2148 2310 cloacam
2171 2274 2208 2309 in
2232 2274 2376 2320 publico

1283 2321 1403 2357 facere
1432 2321 1615 2356 liceret²¹z
1647 2321 1756 2366 idque
1787 2320 1891 2356 Ofilio
1924 2324 1959 2356 et
1983 2320 2154 2356 Trebatio
2186 2319 2375 2365 placuisse.

1282 2366 1360 2412 ipse
1385 2366 1574 2402 dicendum
1598 2367 1667 2409 ait,
1699 2370 1740 2402 ut
1770 2376 1816 2401 ne
1827 2367 1858 2387 ²²
1881 2365 2015 2401 factam
2040 2367 2200 2402 cloacam
2223 2375 2377 2410 purgare

1284 2417 1319 2447 et
1337 2412 1527 2447 restituere
1544 2411 1822 2457 permittendum
1839 2412 1888 2447 sit
1902 2422 1968 2457 per
1986 2411 2225 2452 interdictum,
2250 2421 2376 2445 novam

1283 2468 1367 2493 vero
1391 2458 1513 2493 facere
1537 2458 1567 2492 is
1594 2458 1733 2492 demum
1758 2458 1955 2493 concedere
1979 2457 2127 2499 debeat,
2161 2456 2216 2491 cui
2242 2456 2376 2490 viarum

1282 2503 1510 2549 publicarum
1535 2514 1624 2538 cura
1647 2504 1704 2538 sit.

1730 2642 1886 2681 XXIIII
1897 2641 1936 2680 ²³.

1593 2708 1715 2745 QUOD
1740 2708 1790 2740 VI
1814 2707 1904 2740 AUT
1929 2706 2065 2740 CLAM.

1333 2774 1351 2812 1
1381 2774 1577 2810 ULPJANUS
1594 2775 1685 2811 libro
1706 2775 1997 2821 septicaqensz'mo
2012 2774 2136 2820 primo
2157 2773 2207 2807 ad
2223 2773 2373 2808 edictum

1282 2821 1434 2856 Praetor
1455 2820 1522 2855 ait:
1550 2820 1665 2864 ‘Quod
1685 2820 1720 2854 vi
1740 2824 1804 2854 aut
1824 2820 1917 2855 clam
1936 2819 2072 2854 factum
2092 2823 2156 2861 est,
2183 2828 2254 2863 qua
2273 2818 2316 2852 de
2336 2829 2373 2852 re

1283 2867 1429 2912 ‘agitur,
1460 2866 1497 2901 id
1509 2867 1539 2886 2⁴
1563 2876 1646 2900 cum
1670 2866 1875 2910 experiendi
1897 2868 2058 2918 potestas
2083 2868 2152 2907 est,
2183 2863 2371 2898 restituas'.

1287 2916 1301 2946 1
1352 2912 1430 2946 Hoc
1453 2910 1682 2946 interdictum
1706 2910 1968 2946 restitutorium
1993 2914 2048 2945 est
2076 2914 2112 2945 et
2134 2919 2199 2954 per
2222 2908 2290 2943 hoc
2314 2919 2372 2942 oc-

1283 2967 1428 2993 cursum
1454 2960 1508 2991 est
1532 2956 1720 2991 calliditati
1745 2966 1883 2998 eorum,
1917 2955 1979 3000 qui
2007 2955 2041 2990 vi
2064 2958 2128 2989 aut
2151 2954 2239 2988 clam
2265 2963 2372 2997 quae-

1284 3006 1303 3037 2
1352 3002 1435 3037 dam
1457 3001 1669 3036 moliuntur:
1702 3001 1873 3037 iubentur
1897 3000 1989 3035 enim
2014 3010 2056 3035 ea
2079 3000 2275 3034 restituere.
2324 2998 2372 3031 Et

1282 3048 1385 3094 parvi
1416 3047 1546 3089 refert,
1578 3050 1700 3082 utrum
1731 3046 1787 3081 ius
1811 3046 1979 3082 habuerit
2001 3044 2171 3086 faciendi,
2206 3053 2370 3095 amnon:

1283 3094 1357 3129 sive
1381 3093 1473 3128 enim
1497 3093 1553 3127 ius
1577 3093 1705 3127 habuit
1729 3092 1802 3127 sive
1827 3103 1915 3135 non,
1947 3095 2065 3125 tamen
2094 3092 2235 3124 tenetur
2262 3092 2370 3122 mter-

1284 3139 1398 3181 dicto‚
1430 3138 1618 3182 propter²⁵
1642 3137 1737 3182 quod
1761 3138 1795 3172 vi
1819 3141 1882 3172 aut
1906 3137 1996 3172 clam
2019 3135 2122 3170 fecit:
2157 3133 2247 3185 tueri
2280 3133 2371 3184 enim

1284 3188 1303 3219 3
1350 3184 1407 3218 ius
1431 3193 1536 3218 suum
1562 3182 1694 3227 debuit,
1720 3193 1792 3218 non
1812 3183 1977 3217 iniuriam
1998 3179 2222 3230 comminisci.
2261 3177 2370 3212 Deni-

1284 3239 1352 3274 que
1376 3231 1433 3264 est
1456 3228 1674 3273 quaesitum,
1707 3239 1754 3263 an
1783 3228 1852 3263 hoc
1882 3225 2068 3261 interdicto
2101 3227 2213 3258 utenti
2244 3232 2370 3267 excep-

1283 3276 1415 3309 tionem
1439 3273 1555 3318 possit
1578 3273 1739 3309 obicere:
1774 3273 1882 3318 ‘quod
1913 3283 1984 3307 non
2017 3270 2094 3304 iure
2125 3278 2201 3302 meo
2227 3277 2369 3318 recepe-

1285 3319 1426 3354 ‘rim'2⁶.
1476 3322 1511 3353 et
1534 3318 1647 3363 magis
1672 3322 1745 3361 est,
1770 3329 1814 3353 ne
1838 3317 1970 3363 possit:
2004 3325 2086 3349 nam
2110 3314 2278 3347 advorsus
2303 3324 2369 3345 vnn

170 3437 207 3474 (1)
233 3435 298 3468 Ed.
312 3453 358 3460 —
369 3435 455 3468 Bas.
470 3435 525 3476 58,
538 3442 572 3468 21
705 3435 749 3476 (2)
773 3444 894 3475 aquam
906 3435 940 3467 F

127 3482 167 3522 (4)
193 3480 222 3512 si
235 3481 270 3513 F
355 3482 398 3521 (5)
423 3490 523 3513 venas
536 3482 594 3513 ins.
612 3481 640 3512 S
733 3481 777 3521 (6)
802 3479 838 3512 id
851 3480 913 3513 del.

171 3526 213 3565 (7)
239 3525 303 3558 Ed.
318 3532 350 3563 1:
375 3527 462 3568 App.
478 3533 504 3559 2.
518 3543 564 3550 --
584 3526 669 3558 Bas.
685 3526 740 3566 58,
758 3532 794 3558 22
910 3525 955 3565 (8)
980 3525 1060 3557 item
1079 3527 1139 3558 ins.
1162 3524 1215 3557 F²

124 3571 170 3612 (9)
195 3581 228 3603 66
240 3571 319 3603 add.
413 3573 472 3612 (10)
497 3570 594 3603 aedes
604 3571 660 3603 hic
672 3571 823 3613 accipere
836 3569 933 3602 debes
943 3580 1005 3612 pro
1019 3570 1110 3602 omni
1123 3569 1213 3602 aedi-

123 3616 199 3649 ficio
214 3617 274 3648 del.
357 3616 411 3657 (11)
437 3616 517 3648 huic
530 3617 601 3648 edd.
686 3617 744 3657 (12)
770 3614 1008 3648 aedificiumF
1075 3619 1131 3654 (13)
1157 3614 1215 3647 sed

124 3663 157 3693 61
168 3660 374 3704 Pomponius
387 3660 514 3703 scribit,
531 3661 561 3693 si
581 3661 656 3703 quis
676 3660 759 3693 velit
778 3685 786 3692 .
797 3684 805 3692 .
817 3685 825 3692 .
843 3670 912 3692 non
931 3670 996 3692 esse
1018 3671 1093 3693 enm
1109 3661 1214 3702 impe-

127 3706 283 3738 diendum
302 3719 364 3739 scr.
470 3707 528 3747 (14)
552 3706 616 3738 hoc
634 3705 803 3748 significat
821 3705 910 3746 quod
931 3716 970 3737 ex
989 3705 1125 3738 aedibus
1144 3707 1215 3737 eius

125 3752 163 3782 in
176 3753 251 3783 tuas
262 3752 408 3793 pertinet
420 3751 483 3784 del.
587 3754 645 3791 (15)
670 3751 898 3783 committetur
910 3751 942 3782 F
946 3752 960 3771 2
1062 3752 1121 3790 (16)
1148 3760 1213 3783 res-

124 3796 276 3829 cinderat
297 3798 330 3829 F
427 3799 484 3835 (17)
510 3796 707 3829 edicendum
727 3809 791 3830 van
812 3797 851 3831 de
874 3796 983 3830 Wacer
1090 3797 1150 3837 (18)
1177 3805 1215 3828 ea

1063 3436 1106 3476 (3)
1132 3445 1171 3466 ex
1185 3434 1219 3466 F

1284 3434 1346 3465 del.
1361 3433 1443 3465 Hal.
1539 3435 1598 3472 (19)
1623 3432 1779 3465 restituat
1791 3431 1878 3463 idem
1890 3430 1923 3461 F
2006 3429 2069 3467 (20)
2095 3436 2176 3458 neve
2189 3426 2370 3475 immissum

1283 3478 1450 3510 factumve
1468 3477 1591 3510 habeas
1613 3479 1671 3510 ins.
1767 3478 1825 3515 (21)
1853 3478 1963 3506 tamen
1976 3472 2086 3505 Labeo
2101 3471 2157 3511 ait,
2178 3481 2218 3502 ne
2235 3470 2370 3502 facienti

1284 3522 1430 3555 cloacam
1442 3523 1492 3555 vis
1504 3522 1573 3564 fiat,
1586 3523 1665 3563 quia
1679 3521 1790 3554 eadem
1803 3519 1933 3551 utilitas
1944 3518 1997 3558 sit,
2010 3518 2194 3559 praetorem
2206 3515 2252 3546 sic
2266 3515 2370 3547 inter-

1284 3568 1404 3601 dixisse
1424 3569 1477 3600 ‘ne
1494 3569 1544 3600 vis
1561 3568 1656 3600 fieret
1676 3578 1741 3608 quo
1761 3565 1872 3597 minus
1890 3563 2036 3595 cloacam
2058 3562 2094 3592 in
2110 3560 2246 3603 publico
2264 3560 2370 3592 facere

1284 3612 1421 3646 ‘liceret'
1434 3626 1496 3646 scr.
1590 3614 1654 3654 (22)
1680 3611 1733 3653 ne]
1747 3611 1824 3641 anto
1836 3621 1896 3640 scr.

1330 3660 1392 3700 (23)
1417 3659 1482 3691 Ed.
1497 3666 1522 3693 ι.
1536 3666 1563 3692 3.
1576 3664 1657 3691 5...7.
1672 3663 1752 3689 9.(1.
1767 3662 1808 3687 13.
1826 3660 1945 3690 15...19;
1972 3652 2115 3701 Sala-14.
2136 3657 2183 3682 20.
2206 3656 2255 3686 21:
2280 3649 2368 3690 App.

1285 3711 1312 3737 2.
1327 3711 1354 3736 4.
1368 3711 1396 3738 8.
1411 3711 1456 3737 10.
1469 3711 1513 3737 12.
1527 3711 1573 3737 22.
1587 3720 1631 3727 -—
1648 3703 1729 3733 Bas.
1743 3700 1797 3740 58,
1811 3706 1845 3731 23
1950 3698 2012 3737 (24)
2037 3706 2064 3727 61
2085 3705 2151 3726 11011
2172 3693 2248 3736 plus
2268 3703 2368 3735 quam

1284 3759 1392 3781 annus
1405 3751 1454 3781 est
1467 3751 1526 3782 ins.
1548 3748 1679 3781 Voorda
1782 3747 1842 3783 (25)
1867 3744 2040 3784 propterea
2053 3740 2135 3772 Hal.
2229 3741 2292 3778 (26)
2317 3748 2368 3769 re-

1285 3794 1438 3837 ceperim]
1452 3793 1587 3826 fecerim
1600 3793 1629 3824 S
