2528 3918
13 103 44 170 2³⁵·
77 128 138 160 mr
166 128 319 159 naum>
363 127 449 158 vni.
478 127 576 160 Ac'r.
606 126 742 159 vam).

77 239 275 276 numeravit
308 238 502 285 perdidit¹:
547 237 654 318 iffiitur
687 238 865 273 sententia
897 237 1036 275 Neratii
1074 242 1162 275 tunc

77 286 186 321 habet
209 286 349 328 locum,
373 295 465 331 quae
487 287 543 319 est
590 294 738 325 umana,
770 283 912 328 quando
936 289 1074 331 emptor
1097 285 1161 320 ali-

77 334 95 365 2
144 340 250 376 quam
279 334 416 376 partem
445 329 550 375 pretii
573 328 679 364 dedit.
727 328 920 373 Eleganter
943 330 1162 376 Papinianus

75 376 165 411 libro
196 376 301 411 tertio
332 385 582 420 responsorum
613 373 738 409 scribit
772 374 895 409 statim
925 379 1034 421 atque
1066 386 1161 411 com-

75 421 184 456 missa
196 421 255 456 lex
274 424 328 456 est
346 424 502 455 statuere
521 419 741 455 venditorem
763 418 901 461 debere,
925 424 1045 456 utrum
1065 431 1160 456 com-

76 466 273 501 missoriam
303 465 386 501 velit
416 474 583 500 exercere
612 470 661 499 an
693 465 813 509 potius
843 465 998 509 pretium
1028 470 1160 512 petere,

76 520 141 546 nec
172 521 296 556 posse,
329 510 360 546 si
391 510 670 545 commissoriam
694 509 815 555 elegit,
840 514 967 555 postea
992 512 1161 547 van'are2.

35 588 48 595 ,,
76 559 96 590 3
142 556 183 590 10
207 555 481 591 commissoriam
516 555 622 590 etiam
652 555 721 590 hoc
752 555 844 590 solet
874 557 1079 599 convenire,
1110 559 1161 598 ut,

75 601 105 636 si
127 600 289 636 venditor
312 600 461 636 eundem
485 599 636 635 fundum
659 599 837 642 venderet,
862 605 996 646 quanto
1016 602 1162 637 minoris

75 645 287 689 vendiderit,
319 646 356 680 id
387 656 409 680 a
439 646 557 690 priore
589 648 747 690 emptore
771 646 906 690 exigat:
944 647 1011 682 erit
1039 648 1163 692 itaque

75 694 97 726 4
142 691 311 727 adversus
345 701 424 726 eum
454 701 498 726 ex
529 691 669 726 vendito
694 691 799 726 actio.
846 691 1040 727 Marcellus
1070 693 1161 728 libro

76 736 266 772 vicensimo
302 736 459 778 dubitat,
498 736 741 772 commissoria
774 739 893 771 utrum
924 741 1011 773 tunc
1043 738 1162 774 locum

76 782 202 824 habet,
236 782 266 817 si
289 782 535 827 interpellatus
567 792 639 817 non
670 781 804 823 solvat,
836 792 882 817 an
912 794 994 819 vero
1027 784 1057 818 si
1089 794 1162 818 non

75 827 252 872 optulerit.
287 830 323 862 et
352 827 463 871 magis
496 827 651 862 arbitror
682 827 810 862 offerre
842 838 919 863 eum
951 829 1099 870 debere,
1132 829 1163 863 si

74 873 148 908 vult
171 883 210 908 se
232 873 319 918 legis
344 872 608 908 commissoriae
631 875 811 917 potestate
834 874 987 908 solvere:
1013 874 1109 919 quod
1133 874 1163 909 si

74 929 145 953 non
167 918 276 952 habet
300 918 357 952 cui
380 918 516 959 offerat,
542 927 648 962 posse
671 927 748 952 esse
771 927 947 953 securum.

119 961 143 1000 5
165 962 370 998 Nummos
379 963 470 998 libro
483 964 608 1008 quinto
620 963 906 998 membr-cenarem
942 964 1038 1009 Lege
1049 963 1161 999 fundo

73 1008 214 1044 vendito
240 1008 349 1050 dicta,
373 1012 424 1050 ut,
449 1009 480 1043 si
503 1008 597 1043 intra
618 1012 753 1043 certum
771 1012 912 1088 tempus
931 1010 1083 1055 pretium
1104 1020 1161 1045 so-

73 1054 188 1089 lutum
211 1064 284 1090 non
307 1054 371 1096 sit,
403 1063 461 1088 res
485 1053 643 1098 inempta
672 1053 737 1094 sit,
769 1054 813 1089 de
859 1055 1039 1097 ructibus,
1073 1065 1162 1100 quos

72 1099 211 1134 interim
232 1103 369 1145 emptor
387 1099 617 1144 percepisset,
636 1099 706 1134 hoc
726 1099 783 1144 agi
801 1099 1074 1145 intellegendum
1095 1104 1161 1142 est,

73 1148 114 1180 ut
145 1148 282 1190 emptor
304 1145 452 1185 ⁴interim
484 1155 544 1179 eos
579 1144 646 1179 sibi
670 1155 734 1180 suo
759 1147 924 1190 quoque³
946 1146 1023 1181 iure
1046 1146 1161 1191 perci-

72 1194 188 1235 peret:
224 1190 288 1225 sed
318 1190 349 1225 si
377 1190 509 1225 fundus
540 1190 750 1232 revenisset,
783 1191 903 1226 Aristo
936 1191 1163 1226 existimabat

73 1235 245 1270 venditori
278 1235 321 1271 de
344 1235 399 1270 his
422 1235 591 1270 iudicium
614 1235 650 1270 in
675 1239 868 1281 emptorem
893 1237 1048 1272 dandum
1072 1247 1160 1279 esse,

96 1281 156 1315 uia
179 1281 265 1316 nihil
289 1290 397 1326 penes
419 1291 497 1316 eum
518 1280 674 1316 residere
694 1284 877 1326 oporteret
897 1292 941 1317 ex
960 1293 1010 1324 re,
1034 1283 1072 1317 in
1091 1292 1162 1327 qua

99 1325 177 1361 dem
200 1326 394 1361 fefellisset.

119 1369 143 1408 6
169 1370 372 1407 SGAEVOLA
403 1371 494 1407 libro
526 1371 682 1407 secundo
706 1382 962 1418 responsorum
1009 1371 1063 1406 De
1085 1372 1162 1416 lege

73 1417 316 1452 commissoria
339 1417 578 1462 interrogatus
601 1417 653 1451 ita
675 1417 878 1462 respondit,
913 1417 943 1452 si
973 1428 1038 1463 per
1063 1428 1161 1462 emp-

72 1465 185 1497 torem
216 1462 352 1498 factum
383 1463 446 1505 sit,
479 1473 549 1507 quo
574 1462 690 1497 minus
714 1463 782 1507 legi
812 1466 1017 1508 pareretur,
1051 1466 1087 1498 et
1119 1473 1162 1498 ea

73 1507 147 1553 lege
170 1508 224 1543 uti
246 1508 408 1543 venditor
430 1508 532 1550 velit,
563 1507 695 1543 fundos
726 1508 903 1554 inemptos
934 1507 1013 1543 fore
1045 1512 1080 1543 et
1111 1508 1160 1551 id,

73 1553 167 1598 quod
191 1563 293 1589 arrae
315 1554 371 1588 vel
394 1553 463 1589 alio
489 1553 630 1588 nomine
655 1554 779 1588 datum
803 1557 914 1596 esset,
946 1554 1043 1599 apud
1076 1564 1160 1589 ven-

75 1602 90 1632 1
140 1598 289 1634 ditorem
314 1609 566 1633 remansurum.
615 1599 712 1634 Idem
736 1599 939 1644 respondit,
963 1599 994 1634 si
1018 1609 1062 1634 ex
1084 1600 1161 1644 lege

71 1643 218 1689 inempti
242 1644 314 1679 sint
336 1644 457 1685 fundi,
483 1654 548 1679 nec
573 1643 628 1685 id,
653 1644 748 1690 quod
772 1655 1002 1680 accessurum
1026 1645 1161 1680 dictum

72 1692 92 1724 2
140 1693 213 1731 est,
238 1690 388 1735 emptori
412 1690 543 1724 deberi.
592 1689 680 1725 Post
703 1690 795 1725 diem
818 1690 894 1735 lege
918 1690 1162 1726 commissoria

73 1735 367 1779 comprehensum
389 1735 552 1770 venditor
575 1739 713 1780 partem
732 1736 796 1771 reli
821 1746 890 1771 uae
904 1736 1078 1781 pecuniae
1098 1746 1159 1771 ac-

73 1780 177 1824 cepit.
214 1781 417 1828 respoudit,
443 1781 473 1815 si
495 1783 579 1826 post
602 1784 776 1816 statutum
824 1781 892 1816 iem
916 1781 1074 1826 reliquae
1097 1791 1159 1826 pe-

73 1826 199 1861 ‹zuniae
233 1826 418 1861 vendit0r⁴
451 1826 563 1870 legem
598 1825 730 1861 dictam
763 1837 835 1861 non
872 1827 1090 1862 exercuisset
1124 1830 1161 1861 et

72 1874 209 1923 partem
233 1871 359 1923 reliqui
392 1871 502 1906 debiti
535 1872 752 1916 accepisset,
783 1872 894 1907 videri
925 1882 1106 1908 recessum
1138 1882 1160 1907 a

73 1927 321 1952 comm1ssor1a.

118 1959 140 1997 7
162 1962 505 1997 HERMOGENIANUS
520 1961 611 1997 libro
630 1962 787 1998 secundo
808 1963 900 1998 iuris
922 1963 1160 2009 epitomarum

71 2007 158 2042 Post
181 2008 271 2042 diem
295 2008 558 2043 commissoriae
581 2008 647 2052 legi
672 2008 922 2052 praestitutum
945 2008 976 2042 si
999 2008 1160 2043 venditor

72 2053 223 2098 pretium
256 2057 374 2098 petat,
407 2053 472 2098 legi
506 2053 768 2088 commissoriae
800 2054 1041 2088 renuntiatum
1064 2054 1159 2089 vide-

71 2103 141 2138 tur,
165 2108 231 2133 nec
255 2099 392 2133 variare
417 2103 452 2133 et
474 2098 521 2133 ad
545 2098 664 2133 hanc-⁷³
686 2099 802 2134 redire
824 2103 955 2144 potest.

119 2141 144 2181 8
169 2143 198 2179 S
203 2153 373 2178 CAEVOLA
393 2143 484 2179 libro
504 2144 656 2189 septimo
675 2144 895 2190 diqestmcm
929 2144 1060 2179 Mulier
1078 2144 1159 2180 fun-

71 2189 135 2224 dos
161 2188 250 2224 Gaio
276 2188 356 2224 Seio
380 2188 538 2223 vendidit
561 2193 596 2224 et
620 2189 777 2234 acceptis
798 2200 901 2225 arrae
922 2190 1063 2226 nomine
1084 2200 1160 2226 cer-

70 2235 115 2269 tis
147 2234 307 2280 pecuniis
339 2238 475 2269 statuta
506 2238 590 2269 sunt
619 2238 781 2279 tempora
815 2235 983 2270 solutioni
1006 2235 1161 2280 reliquae

71 2280 261 2324 pecuniae:
303 2280 431 2324 quibus
463 2280 493 2314 si
525 2290 598 2314 non
630 2281 808 2325 paruisset
840 2285 996 2325 emptor,
1032 2285 1160 2326 pactus

72 2330 135 2368 est,
161 2329 202 2360 ut
225 2335 343 2359 arram
366 2324 532 2370 perderet
554 2328 590 2360 et
612 2324 791 2370 inemptae
814 2326 917 2361 villae
941 2330 1069 2361 essent.
1104 2326 1161 2362 die

70 2374 204 2406 statuto
230 2374 368 2415 emptor
390 2374 541 2405 testatus
567 2373 621 2405 est
644 2380 683 2405 se
705 2371 892 2416 pecuniam
917 2381 1056 2406 omnem
1079 2372 1160 2407 reli-

71 2426 177 2461 quam
200 2420 366 2461 paratum
389 2415 500 2451 fuisse
525 2416 705 2451 exsolvere
726 2419 775 2457 (et
794 2416 977 2451 sacculum
997 2427 1077 2451 cum
1098 2427 1159 2462 pe-

71 2461 177 2496 cunia
200 2461 419 2506 signatorum
451 2461 560 2506 signis
592 2461 821 2506 obsignavit),
854 2461 1008 2497 defuisse
1041 2466 1160 2497 autem

69 2507 309 2549 venditricem,
333 2507 530 2551 posteriore
550 2510 670 2541 autem
691 2506 746 2541 die
767 2507 910 2542 nomine
930 2506 1008 2542 fisci
1026 2511 1157 2542 testato

71 2555 282 2587 conventum
306 2555 499 2597 emptorem
509 2552 533 2593 ⁰,
559 2561 604 2586 ne
627 2555 711 2587 ante
731 2553 869 2587 mulieri
888 2552 1077 2604 pecuniam
1098 2563 1159 2587 ex-

71 2597 222 2632 solveret
254 2607 360 2643 quam
390 2597 479 2632 fisco
504 2596 738 2632 satisfaceret.
776 2601 974 2643 quaesitum
1006 2601 1078 2639 est,
1113 2608 1160 2633 an

69 2642 173 2676 fundi
196 2653 268 2677 non
293 2643 364 2677 sint
387 2643 423 2676 in
448 2653 490 2677 ea
514 2652 636 2684 causa,
661 2646 702 2677 ut
725 2653 748 2677 a
770 2642 965 2678 venditrice
988 2643 1159 2678 vindicari

71 2687 223 2722 debeant
246 2698 290 2722 ex
314 2688 547 2722 conventione
565 2687 757 2723 venditoris
768 2689 792 2723 ⁷.
828 2688 1013 2732 respondit
1031 2699 1158 2723 secun-

71 2732 153 2767 dum
177 2743 220 2767 ea
243 2743 334 2785 quae
357 2736 642 2778 proponerentur
663 2744 734 2768 non
755 2733 972 2768 commisisse
990 2733 1028 2768 iu
1048 2733 1159 2778 legem

70 2778 281 2813 venditionis
307 2782 511 2823 emptorem.

554 2872 632 2910 IIII
644 2870 671 2911 ⁸.

128 2938 188 2970 DE
214 2937 509 2969 HEREDITATE
533 2937 625 2970 VEL
651 2937 848 2970 ACTIONE
873 2937 1089 2969 VENDITA.

119 3002 138 3040 1
166 3002 396 3039 Pom’omus
424 3003 514 3039 libro
537 3015 633 3039 nono
657 3003 707 3038 ad
729 3002 904 3039 Sabinum
951 3003 990 3038 Si
1019 3003 1157 3039 heredi-

71 3051 126 3083 tas
149 3049 297 3084 venierit
320 3049 415 3091 eius,
447 3049 509 3094 qui
531 3049 616 3084 vivit
638 3052 701 3083 aut
724 3049 842 3084 nullus
866 3049 930 3091 sit,
962 3049 1049 3084 nihil
1080 3059 1158 3084 esse

72 3093 154 3136 acti,
179 3094 264 3138 quia
286 3094 323 3128 in
346 3104 465 3129 rerum
488 3097 618 3129 natura
643 3104 715 3129 non
739 3094 786 3129 sit
810 3094 906 3139 quod
928 3095 1086 3130 venierit.

117 3136 142 3175 2
174 3139 369 3175 Urmzws
395 3139 486 3175 libro
519 3140 823 3185 quadraqensimo
856 3150 952 3174 nono
984 3140 1034 3174 ad
1055 3139 1158 3175 Sabi-

71 3194 156 3218 num
201 3184 375 3219 Venditor
397 3184 604 3219 hereditatis
627 3184 801 3219 satisdare
825 3184 869 3220 de
894 3185 1067 3220 evictione
1085 3195 1157 3219 non

72 3228 194 3272 debet,
227 3239 307 3264 cum
336 3229 373 3264 id
402 3230 495 3264 inter
527 3234 699 3265 ementem
730 3233 766 3264 et
787 3229 996 3265 vendentem
1020 3234 1157 3274 agatur,

73 3278 114 3308 ut
143 3284 258 3318 neque
289 3275 439 3319 amplius
469 3284 585 3319 neque
615 3275 731 3315 minus
754 3275 841 3310 iuris
867 3278 1004 3319 emptor
1026 3275 1159 3309 habeat

72 3329 178 3363 quam
202 3319 296 3363 apud
319 3320 485 3354 heredem
507 3319 668 3354 futurum
700 3324 813 3355 esset:
846 3320 952 3364 plane
984 3320 1028 3355 de
1058 3320 1156 3355 facto

76 3366 90 3397 1
139 3374 204 3399 suo
228 3364 387 3399 venditor
418 3365 592 3400 satisdare
625 3365 804 3410 cogendus
836 3368 900 3400 est.
948 3366 990 3399 In
1020 3365 1158 3400 heredi-

71 3411 146 3443 tate
169 3408 312 3443 vendita
334 3413 452 3444 utrum
477 3420 520 3445 ea
542 3410 724 3455 quantitas
748 3413 951 3455 spectatur,
976 3420 1067 3455 quae
1090 3410 1159 3444 fuit

71 3453 195 3488 mortis
218 3457 386 3497 tempore,
412 3464 458 3489 an
482 3464 542 3497 ea,
567 3465 659 3499 quae
681 3454 751 3490 fuit
774 3466 856 3490 cum
879 3455 998 3490 aditur
1019 3455 1156 3490 heredi-

73 3569 111 3601 (1)
136 3565 250 3607 perdit
260 3578 322 3598 scr.
462 3569 504 3606 (2)
529 3569 610 3609 Pap.
623 3567 646 3600 l.
660 3568 713 3599 111
725 3578 810 3610 resp.
837 3567 903 3603 Qui
917 3568 971 3599 die
984 3569 1155 3599 transacto

73 3609 177 3651 legem
189 3610 449 3642 commissoriam
462 3622 612 3644 exercere
628 3612 739 3644 noluit
748 3612 869 3653 [voluit
873 3613 1047 3655 proposuit
1057 3611 1155 3645 Hou-

73 3656 166 3697 weql,
187 3657 304 3697 postea
324 3655 453 3687 variare
466 3666 532 3688 non
545 3660 657 3698 potest
677 3658 750 3690 Vat.
765 3665 782 3690 4
864 3659 905 3698 (3)
931 3667 1079 3698 quosque
1091 3669 1154 3689 scr.

74 3699 116 3774 ἵ)
139 3699 313 3731 venditore
325 3699 360 3731 F
423 3703 465 3740 (51
490 3701 554 3733 hac
566 3701 601 3733 F
653 3702 697 3742 (6)
722 3704 908 3743 emptorum
918 3702 953 3733 F
1015 3702 1057 3740 (7)
1077 3711 1156 3731 ven-

96 3743 214 3776 itionis
227 3756 289 3776 scr.

1151 112 1237 160 237

2066 117 2210 161 XVIII
2241 121 2278 161 3.
2300 122 2322 160 4

1229 241 1303 281 tas,
1338 248 1385 273 an
1409 248 1452 274 ea
1475 248 1567 284 quae
1589 238 1658 273 fuit
1682 250 1763 275 cum
1785 239 1964 276 hereditas
1988 241 2242 284 venumdatur,
2275 242 2324 277 vi-

1231 283 1386 319 dendum
1409 284 1483 319 erit.
1522 287 1558 319 et
1579 284 1695 319 verius
1721 289 1775 320 est
1798 286 1867 321 hoc
1892 296 1970 321 esse
1993 286 2206 322 servandum
2228 287 2323 332 quod

1230 333 1350 364 actum
1363 332 1435 365 est:
1460 329 1669 375 plerumque
1690 334 1809 365 autem
1828 331 1897 366 hoc
1917 332 1974 376 agi
1991 332 2143 375 videtur,
2167 336 2210 367 ut
2229 333 2326 378 quod

1231 384 1275 409 ex
1298 375 1496 410 hereditate
1519 374 1679 420 pervenit
1701 375 1739 409 in
1761 375 1797 410 id
1821 379 1960 421 tempus
1985 388 2055 422 quo
2092 377 2248 413 venditio
2272 378 2323 419 fit,

1231 423 1250 454 2
1297 419 1334 454 id
1357 420 1521 455 videatur
1540 420 1678 455 venisse
1689 420 1714 454 ⁹.
1762 421 1854 455 Illud
1874 426 1992 466 potest
2036 423 2146 465 uaeri,
2167 423 2195 458 si
2218 423 2323 458 etiam

1229 465 1403 510 impuberi
1427 465 1474 500 sit
1504 465 1719 500 substitutus
1750 465 1781 499 is
1812 466 1872 510 qui
1902 467 2005 501 vendi
2030 469 2059 503 it
2091 468 2324 504 hereditatem

1230 511 1423 553 testatoris,
1448 521 1496 545 an
1520 511 1626 546 etiam
1649 510 1696 552 id,
1722 510 1817 555 quod
1842 521 1885 545 ex
1908 512 2100 556 impuberis
2124 513 2324 549 hereditate

1231 555 1277 590 ad
1303 565 1383 590 eum
1408 556 1469 601 qui
1491 555 1650 591 vendidit
1672 555 1906 590 hereditatem
1929 558 2109 601 pervenit,
2136 569 2180 593 ex
2205 563 2321 604 empto

1230 600 1363 636 actioni
1386 601 1504 636 locum
1528 601 1649 636 faciat.
1688 604 1724 636 et
1747 601 1858 645 magis
1890 606 1962 644 est,
1995 613 2041 637 ne
2071 604 2207 646 veniat,
2241 605 2324 649 quia

1231 646 1302 680 alia
1324 646 1503 681 hereditas
1529 649 1602 681 est:
1634 646 1720 681 licet
1742 645 1835 681 enim
1860 657 1969 681 unum
1992 651 2242 683 testamentum
2267 650 2323 691 sit,

1230 691 1300 726 alia
1323 694 1442 726 tamen
1467 696 1575 737 atque
1598 692 1670 726 alia
1692 691 1871 726 hereditas
1897 695 1961 726 est.
1997 693 2104 736 plane
2124 694 2153 728 si
2173 694 2242 729 hoc
2263 705 2323 730 ac-

1231 740 1307 772 tum
1331 737 1395 778 sit,
1421 737 1612 772 dicendum
1636 737 1704 772 erit
1727 737 1834 772 etiam
1864 736 2058 781 impuberis
2091 738 2323 775 hereditatem

1229 782 1266 817 in
1289 782 1527 817 venditionem
1551 782 1687 825 venire,
1719 782 1872 817 maxime
1903 782 1934 817 si
1965 782 2035 817 iam
2070 783 2188 819 delata
2210 785 2323 830 impu-

1231 831 1250 862 3
1298 827 1393 862 beris
1417 828 1614 863 hereditate
1637 827 1786 863 venierit
1808 827 1999 863 hereditas.
2047 828 2254 864 Pervenisse
2278 831 2324 865 ad

1230 872 1449 908 venditorem
1472 873 1678 908 hereditatis
1703 872 1880 918 quomodo
1915 873 2093 915 videatur,
2126 876 2319 919 quaeritur.

1232 921 1268 953 et
1291 927 1355 962 ego
1380 922 1487 963 puto,
1520 922 1714 963 antequam
1737 918 1881 963 quidem
1906 929 2058 963 corpora
2081 929 2198 954 rerum
2222 921 2322 956 here-

1231 963 1440 998 ditariamm
1463 967 1592 998 nactus
1615 963 1777 999 venditor
1798 964 1918 1006 fuerit,
1943 964 2118 999 hactenus
2142 965 2252 1000 videri
2277 966 2323 1001 ad

1231 1019 1312 1044 eum
1336 1009 1557 1054 pervenisse,
1583 1013 1760 1055 quatenus
1785 1008 1956 1044 mandare
1978 1013 2099 1054 potest
2122 1020 2244 1045 earum
2268 1021 2322 1045 re-

1230 1065 1309 1088 rum
1344 1055 1630 1099 persecutionem
1666 1055 1898 1099 actionesque
1932 1055 2110 1090 tribuere:
2147 1056 2323 1091 enimvero

1230 1100 1292 1134 ubi
1317 1110 1380 1134 cor
1406 1110 1470 1135 ora
1493 1104 1622 1135 nactus
1647 1104 1702 1135 est
1724 1100 1779 1134 vel
1803 1100 1925 1135 debita
1949 1100 2081 1145 exegit,
2115 1101 2253 1145 plenius
2279 1102 2324 1136 ad

1230 1156 1311 1180 eum
1334 1145 1369 1179 vi
1396 1145 1446 1180 eri
1477 1146 1692 1190 pervenisse.
1730 1145 1792 1181 sed
1825 1149 1860 1180 et
1890 1145 1922 1180 si
1951 1156 2071 1180 rerum
2102 1146 2324 1181 venditarum

1230 1194 1314 1225 ante
1337 1191 1572 1226 hereditatem
1602 1191 1780 1226 venditam
1811 1191 1928 1235 pretia
1958 1190 2067 1226 fuerit
2099 1196 2323 1234 consecutus,

1229 1236 1350 1281 palam
1374 1240 1428 1271 est
1453 1237 1500 1271 ad
1523 1246 1604 1271 eum
1627 1237 1743 1290 pretia
1765 1247 1884 1271 rerum
1908 1237 2122 1282 pervenisse.
2159 1237 2247 1272 illud
2271 1241 2323 1272 te-

1230 1281 1386 1316 nendum
1411 1285 1466 1317 est
1489 1293 1570 1317 cum
1595 1283 1725 1317 estectu
1748 1282 1858 1317 videri
1875 1282 2091 1327 pervenisse,
2116 1293 2188 1318 non
2209 1283 2325 1328 prima

1229 1327 1386 1362 ratione:
1419 1327 1553 1362 idcirco
1586 1327 1681 1372 quod
1713 1328 1910 1372 legatorum
1941 1328 2083 1362 nomine
2115 1328 2195 1372 quis
2219 1339 2322 1373 prae—

1230 1372 1330 1414 stitit,
1356 1383 1429 1408 non
1451 1373 1592 1407 videtur
1616 1372 1662 1407 ad
1686 1383 1766 1407 eum
1816 1372 2008 1408 ervenisse:
2036 1373 2099 1408 sed
2123 1378 2159 1408 et
2182 1373 2213 1408 si
2239 1373 2322 1418 quid

1230 1418 1322 1453 aeris
1346 1417 1452 1453 alieni
1476 1422 1530 1453 est
1553 1418 1609 1453 vel
1642 1418 1743 1453 cuius
1776 1429 1798 1452 a
1813 1418 1923 1453 terius
1957 1419 2074 1454 oneris
2106 1419 2322 1462 hereditarii,

1229 1463 1433 1508 pervenisse
1456 1463 1582 1499 merito
1606 1464 1804 1509 negabitur.
1843 1463 1905 1498 scd
1931 1467 1967 1498 et
1989 1474 2108 1499 rerum
2132 1468 2216 1499 ante
2239 1474 2321 1499 ven-

1230 1509 1398 1544 ditionem
1423 1509 1637 1544 donatarum
1661 1509 1776 1554 pretia
1800 1509 1976 1554 praestari
2007 1519 2049 1544 ae
2075 1509 2198 1545 uitatis
2230 1510 2321 1545 ratio

1229 1557 1249 1589 4
1298 1554 1414 1599 exigit.
1462 1554 1545 1590 Non
1576 1558 1716 1589 tantum
1749 1559 1868 1590 autem
1900 1554 1995 1599 quod
2027 1565 2047 1589 a
2103 1555 2322 1590 venditorem

1229 1599 1436 1635 hereditatis
1455 1598 1628 1645 pervenit,
1653 1600 1716 1635 sed
1741 1603 1777 1635 et
1800 1599 1895 1645 quod
1919 1599 1966 1634 ad
1989 1600 2155 1635 heredem
2179 1600 2254 1636 eius
2279 1611 2321 1635 ex

1229 1645 1426 1680 hereditate
1450 1646 1620 1690 pervenit,
1646 1645 1796 1691 emptori
1817 1645 2075 1680 restituendum
2096 1650 2167 1680 est:
2194 1650 2229 1681 et
2249 1657 2321 1681 non

1229 1691 1344 1725 solum
1377 1691 1473 1736 quod
1503 1691 1574 1726 iam
1598 1691 1777 1743 pervenit,
1813 1690 1876 1726 sed
1910 1694 1946 1725 et
1976 1691 2077 1770 <quod
2109 1691 2322 1736 quandoque

1228 1739 1248 1770 5
1295 1737 1506 1781 pervenerit,
1531 1736 1790 1772 restituendum
1814 1739 1879 1771 est.
1929 1735 1974 1771 Se
2024 1740 2060 1771 et
2083 1736 2113 1771 si
2134 1736 2219 1782 quid
2239 1736 2320 1772 dolo

1228 1781 1322 1816 malo
1348 1791 1469 1816 eorum
1492 1781 1629 1817 factum
1653 1786 1718 1824 est,
1744 1792 1813 1826 quo
1838 1781 1955 1816 minus
1979 1781 2026 1816 ad
2046 1791 2106 1817 eos
2127 1782 2321 1827 perveniat,

1229 1830 1265 1861 et
1287 1827 1356 1862 hoc
1382 1828 1531 1872 emptori
1555 1827 1810 1872 praestandum
1834 1831 1907 1862 est:
1941 1826 2070 1862 fecisse
2094 1830 2214 1862 autem
2238 1827 2320 1863 dolo

1228 1872 1321 1907 malo
1347 1883 1416 1917 quo
1441 1873 1558 1908 minus
1582 1873 1765 1918 perveniat
1788 1872 1944 1913 videtur,
1970 1873 2042 1907 sive
2066 1872 2234 1907 alienavit
2257 1873 2321 1907 ali-

1228 1917 1332 1998 quid,
1367 1918 1422 1953 vel
1447 1919 1553 1953 etiam
1577 1922 1726 1963 accepto
1752 1927 1857 1963 quem
1881 1918 2061 1960 liberavit,
2096 1917 2150 1952 vel
2182 1918 2219 1953 id
2253 1918 2320 1963 egit

1254 1963 1311 1998 010
1343 1964 1457 2006 malo,
1492 1974 1537 1999 ne
1568 1964 1611 1999 de
1641 1964 1840 1999 hereditate
1870 1963 2118 2008 adquireretur
2132 1964 2159 1985 ¹⁰
2189 1963 2245 1998 vel
2278 1973 2319 1998 ne

1228 2009 1488 2054 possessionem
1513 2009 1770 2054 adipisceretur
1793 2019 1900 2054 quam
1923 2012 2045 2054 posset
2065 2008 2226 2053 adipisci.
2260 2008 2320 2043 sed

1229 2057 1265 2089 et
1288 2054 1319 2089 si
1342 2065 1415 2089 non
1439 2054 1520 2090 dolo
1542 2055 1648 2095 malo,
1673 2054 1736 2089 sed
1754 2054 1829 2089 lata
1849 2054 1957 2099 culpa
1976 2054 2158 2089 admiserit
2170 2054 2320 2099 aliquid,

1228 2099 1352 2144 utique
1383 2100 1581 2135 tenebitur:
1615 2099 1800 2145 deperdita
1831 2103 1948 2134 autem
1981 2103 2016 2134 et
2041 2099 2223 2134 deminuta
2247 2099 2322 2134 sine

1229 2148 1250 2180 6
1297 2144 1378 2180 (1010
1415 2146 1508 2181 malo
1543 2145 1736 2180 venditoris
1771 2155 1844 2180 non
1877 2145 2168 2190 praestabuntur.
2229 2144 2320 2179 Illud

1252 2191 1428 2226 uaesitum
1453 2195 1526 2233 est,
1559 2201 1606 2225 an
1628 2191 1791 2226 venditor
1813 2190 2021 2225 hereditatis
2047 2190 2092 2225 ob
2119 2190 2275 2225 debitum
2300 2200 2321 2224 a

1269 2236 1300 2271 ‘o
1326 2246 1391 2271 suo
1417 2237 1477 2281 qui
1500 2236 1537 2271 in
1561 2240 1739 2281 potestate
1763 2236 1838 2271 eius
1864 2240 1957 2271 esset
1981 2245 2126 2271 servove
2151 2236 2193 2277 ei,
2219 2235 2320 2270 cuius

1228 2281 1459 2317 hereditatem
1482 2282 1708 2323 vendidisset,
1732 2284 1918 2326 praestare
1942 2280 2071 2316 debeat
2091 2280 2252 2332 emptori.
2287 2285 2322 2315 et

1228 2326 1341 2362 visum
1366 2331 1440 2369 est,
1465 2327 1636 2372 quidquid
1660 2326 1846 2361 dumtaxat
1870 2326 1913 2361 de
1936 2326 2076 2371 peculio
2100 2326 2162 2360 filii
2187 2325 2321 2361 servive

1229 2375 1293 2406 aut
1314 2372 1351 2406 in
1375 2382 1478 2407 suam
1501 2383 1576 2408 rem
1600 2383 1741 2407 versum
1772 2372 1991 2413 inveniatur,
2025 2375 2209 2416 praestare
2241 2381 2320 2405 eum

1229 2420 1248 2450 7
1297 2417 1438 2452 debere.
1487 2417 1587 2453 Solet
1610 2417 1751 2462 quaeri,
1785 2428 1831 2452 an
1856 2420 1909 2459 et,
1941 2417 1969 2451 si
1994 2416 2079 2461 quid
2101 2416 2190 2451 lucri
2214 2426 2319 2451 occa-

1228 2462 1328 2497 sione
1350 2462 1557 2497 hereditatis
1582 2462 1743 2497 venditor
1768 2462 1935 2503 senserit,
1961 2461 2111 2506 emptori
2134 2461 2321 2496 restituere

1227 2507 1264 2541 id
1289 2507 1426 2542 debeat.
1470 2511 1506 2543 et
1530 2511 1584 2542 est
1606 2507 1703 2552 apud
1726 2507 1902 2541 Iulianum
1925 2507 2015 2541 haec
2039 2506 2200 2551 quaestio
2224 2510 2319 2541 trac-

1227 2555 1304 2587 tata
1326 2553 1418 2588 libro
1442 2556 1543 2588 sexto
1570 2553 1784 2597 digestorum
1809 2555 1844 2587 et
1867 2552 1928 2593 ait,
1954 2551 2048 2596 quod
2068 2562 2141 2586 non
2161 2551 2319 2586 debitum

1228 2598 1402 2642 exegerit,
1427 2598 1580 2634 retinere
1602 2598 1767 2633 heredem
1792 2600 1827 2632 et
1850 2596 1945 2641 quod
1968 2607 2041 2631 non
2066 2596 2224 2631 debitum
2248 2596 2318 2631 sol-

1226 2643 1327 2685 verit,
1351 2654 1425 2679 non
1448 2647 1634 2688 reputare:
1660 2654 1743 2678 nam
1766 2643 1835 2677 hoc
1860 2642 2001 2684 servari,
2026 2645 2067 2676 ut
2089 2641 2192 2677 heres
2218 2651 2314 2686 emp-

1227 2689 1296 2724 tori
1320 2699 1393 2723 non
1417 2692 1575 2733 praestet
1599 2688 1694 2733 quod
1718 2698 1790 2722 non
1816 2687 1973 2722 debitum
1998 2687 2170 2731 exegerit,
2203 2697 2319 2731 neque

1227 2734 1272 2768 ab
1298 2744 1339 2769 eo
1365 2737 1605 2779 consequatur
1629 2732 1724 2778 quod
1748 2743 1820 2767 non
1844 2732 2002 2767 debitum
2026 2732 2254 2777 praestiterit.
2289 2732 2318 2767 si

1227 2783 1347 2814 autem
1379 2779 1636 2814 condemnatus
1671 2778 1905 2823 praestiterit,
1941 2777 2012 2812 hoc
2047 2777 2163 2813 solum
2196 2777 2318 2812 heredi

1227 2824 1360 2859 sufficit
1390 2834 1469 2859 esse
1501 2834 1581 2859 eum
1612 2823 1886 2858 condemnatum
1916 2823 1992 2858 sine
2016 2822 2096 2858 dolo
2120 2823 2214 2858 malo
2239 2833 2316 2865 suc,

1227 2870 1364 2905 etiamsi
1387 2869 1539 2904 maxime
1571 2869 1726 2904 creditor
1757 2878 1828 2903 non
1859 2867 1969 2904 fuerit
1998 2868 2029 2903 is
2062 2868 2119 2903 cui
2151 2868 2316 2903 condem-

1227 2917 1247 2949 8
1294 2918 1401 2949 natus
1427 2918 1480 2949 est
1503 2914 1624 2949 heres:
1652 2924 1744 2958 quae
1768 2914 1944 2948 sententia
1967 2913 2052 2948 mihi
2095 2913 2199 2949 lacet.
2234 2913 2316 2948 Non

1227 2960 1341 2994 solum
1377 2963 1496 2994 autem
1530 2959 1764 2994 hereditarias
1800 2959 1978 3001 actiones,
2015 2969 2053 2994 se
2114 2959 2219 2994 etiam
2255 2968 2315 2993 eas

1227 3005 1458 3049 obligationes
1483 3015 1572 3049 quas
1596 3005 1673 3049 ipse
1695 3005 1798 3039 heres
1823 3004 2009 3039 constituit
2032 3003 2219 3038 dicendum
2251 3003 2317 3037 erit

1225 3050 1400 3094 praestari
1432 3049 1581 3094 emptori
1611 3049 1757 3084 debere:
1790 3049 1911 3094 itaque
1944 3052 1979 3084 et
2010 3049 2040 3084 si
2073 3049 2315 3084 fideiussorem

1226 3095 1406 3139 acceperit
1437 3095 1482 3129 ab
1506 3094 1721 3129 hereditario
1747 3094 1924 3136 debitore,
1958 3095 2112 3139 ipsam¹¹
2139 3094 2315 3129 actionem

1227 3151 1333 3185 quam
1357 3140 1466 3174 habet
1489 3140 1591 3174 heres
1615 3142 1801 3184 praestare
1825 3140 1975 3184 emptori
2000 3139 2159 3174 debebit:
2193 3138 2254 3173 sed
2280 3141 2315 3172 et

1226 3185 1255 3220 si
1275 3185 1455 3220 novaverit
1473 3184 1529 3219 vel
1548 3184 1584 3219 in
1603 3184 1772 3219 iudicium
1795 3185 1982 3220 deduxerit
2001 3184 2185 3225 actionem,
2211 3193 2312 3227 prae-

1226 3234 1321 3265 stare
1345 3230 1488 3264 debebit
1511 3229 1604 3264 hanc
1628 3230 1742 3274 ipsam
1766 3230 1943 3265 actionem
1967 3239 2071 3275 quam
2096 3233 2222 3263 nactus
2248 3231 2310 3278 est.

1226 3278 1246 3310 9
1294 3274 1407 3310 Sicuti
1442 3275 1579 3309 lucrum
1615 3285 1719 3310 omne
1734 3275 1760 3296 ¹²
1796 3275 1843 3310 ad
1878 3279 2071 3320 emptorem
2107 3273 2312 3322 hereditatis

1225 3320 1381 3364 respicit,
1404 3320 1456 3354 ita
1480 3319 1645 3354 damnum
1669 3330 1810 3365 quoque
1834 3320 1940 3355 debet
1964 3320 2010 3354 ad
2031 3319 2179 3354 eundem
2202 3327 2311 3367 respi-

1230 3368 1269 3399 10
1317 3375 1408 3400 cere.
1456 3364 1618 3409 Denique
1642 3365 1672 3400 si
1694 3376 1770 3400 rem
1792 3365 2041 3400 hereditariam
2064 3364 2166 3397 heres
2191 3361 2311 3396 vendi-

1227 3409 1318 3444 derit
1341 3420 1384 3444 ac
1408 3419 1473 3454 per
1496 3409 1565 3445 hoc
1583 3409 1692 3444 fuerit
1712 3410 1980 3451 condemnatus,
2005 3419 2077 3443 non
2096 3408 2204 3442 habet
2226 3416 2311 3440 con-

1225 3459 1282 3489 tra
1306 3458 1499 3498 emptorem
1523 3454 1717 3497 actionem,
1751 3456 1834 3500 quia
1857 3466 1929 3490 non
1952 3454 2030 3488 ideo
2056 3452 2311 3487 condemnatur

1271 3567 1314 3606 (s)
1341 3565 1421 3598 Sab.
1438 3573 1514 3600 1...5.
1528 3568 1880 3605 9.11.12.14...20;Ed.
1897 3574 1921 3599 τ.
1937 3573 1963 3599 s.
1978 3573 2024 3598 10.
2038 3571 2088 3602 133
2103 3563 2187 3605 Pap.
2203 3570 2229 3595 6.
2242 3569 2308 3595 2¹...

1225 3618 1278 3650 233
1292 3611 1378 3653 App.
1393 3618 1438 3644 24.
1453 3619 1500 3645 25.
1512 3630 1559 3637 —
1570 3613 1655 3646 Bas.
1673 3613 1725 3652 19,
1739 3620 1766 3645 4.
1779 3631 1813 3635 -
1841 3613 1889 3654 Cs.
1908 3611 1984 3643 Cod.
1998 3611 2030 3648 4,
2044 3615 2079 3642 39
2184 3609 2228 3646 (9)
2254 3617 2309 3637 ve-

1225 3656 1331 3687 nisset
1341 3655 1376 3688 F
1508 3659 1567 3699 (10)
1592 3657 1785 3699 adquireret
1796 3669 1857 3688 scr.
2004 3654 2058 3693 (11)
2084 3653 2169 3684 hanc
2185 3653 2245 3686 im.
2258 3650 2310 3684 F²

1227 3701 1284 3739 (12)
1310 3701 1487 3734 omnemF
