2528 3918
99 133 129 163 D
135 132 436 163 ONATIONIBUS

97 244 190 280 idem
223 244 261 279 in
294 243 406 280 fundo
437 243 498 297 qui
529 242 706 286 obligatus
737 243 793 276 est
824 239 1007 276 observari
1038 238 1182 286 poterit,

101 294 141 325 ut
164 290 317 335 pretium
340 291 552 324 excutiatur.

148 333 223 372 19¹
246 334 354 370 [osu
379 334 468 369 libro
497 331 736 378 oetoqensimo
768 330 989 383 diqestorum
1042 330 1081 365 Si
1108 329 1182 365 filio

98 380 249 415 familias
273 389 330 415 res
353 377 476 414 mortis
495 386 606 412 causa
624 376 710 411 data
729 375 839 411 fuerit
858 379 894 410 et
910 376 1148 411 convaluisset
1157 375 1182 417 2,

99 426 252 461 donator
275 424 449 460 actionem
474 422 518 457 de
541 422 680 466 peculio
706 431 786 456 cum
810 424 912 466 patre
935 422 1061 456 habet:
1092 424 1130 455 at
1152 420 1183 455 si

99 475 201 516 pater
222 469 391 510 familias,
424 478 504 502 cum
535 467 659 502 mortis
689 476 800 502 causa
829 466 1056 502 donationem
1080 475 1182 501 acce-

98 517 219 560 pisset,
243 515 281 549 in
303 513 529 558 adoptionem
553 522 590 547 se
615 511 764 554 dederit,
788 521 845 546 res
868 511 949 556 ipsa
969 522 991 546 a
1011 512 1183 547 donatore

98 561 280 605 repetitur.
327 568 393 593 nec
421 557 506 592 huic
536 557 658 593 similis
692 560 746 592 est
775 556 825 599 is,
860 557 921 601 qui
951 567 1044 600 rem,
1078 567 1184 601 quam

98 606 218 641 mortis
243 614 352 639 causa
375 606 579 647 acceperat,
611 602 672 637 alii
695 612 803 646 porro
829 602 983 637 dederit:
1013 612 1096 637 nam
1121 601 1183 637 do-

97 654 202 685 nator
222 648 306 684 huic
330 659 403 683 non
425 658 513 690 rem,
537 647 599 683 sed
622 648 778 692 pretium
802 647 879 682 eius
904 647 1119 682 condiceret.

143 693 195 732 20
220 694 326 729 IDEM
353 694 444 728 libro
475 694 599 739 primo
630 692 680 728 ad
717 692 877 727 Urseium
908 693 1080 728 Ferocem
1126 692 1184 734 Ei,

120 740 155 774 ui
184 750 256 774 non
286 738 439 783 amplius
470 742 573 784 parte
610 748 737 782 capere
768 742 929 782 poterat,
962 739 1100 782 legatus
1132 741 1186 772 est

111 784 245 826 undus,
279 785 309 819 si
340 784 462 819 decem
491 783 647 819 dedisset
675 783 814 818 heredi:
849 794 921 818 non
951 787 1063 819 totam
1087 794 1184 819 sum-

94 840 186 865 mam
216 829 247 864 is
279 829 365 864 dare
397 829 518 871 debet,
552 832 592 864 ut
624 833 762 874 partem
793 828 895 864 fundi
923 829 1088 872 haberet,
1123 828 1186 864 sed

94 879 229 921 partem
250 874 436 909 dumtaxat
458 885 525 919 pro
548 878 640 917 rata,
657 885 736 954 (qua
761 874 916 919 legatum
942 874 1184 919 consequitur.

139 918 188 957 21
217 919 324 954 IDEM
342 921 432 955 libro
454 919 611 955 secundo
633 931 655 954 a
700 919 859 955 Urseium
872 920 1042 955 Ferocem
1079 920 1184 963 Eum,

94 966 153 1011 qui
177 969 217 1000 ut
240 965 355 1000 adiret
378 965 611 1000 hereditatem
630 965 819 1010 pecuniam
844 965 1054 1010 accepisset,
1078 965 1185 1010 pleri-

94 1021 181 1056 que,
205 1011 241 1045 in
266 1011 394 1056 quibus
419 1010 567 1045 Priscus
591 1020 750 1055 quoque,
775 1011 1039 1055 responderunt
1062 1011 1186 1045 mortis

94 1067 203 1092 causa
226 1058 332 1092 eum³
357 1066 497 1101 capere.

139 1099 192 1138 22
216 1102 443 1136 AFRICANUS
459 1101 549 1137 libro
567 1102 691 1148 primo
717 1102 967 1147 quaestionum
1002 1101 1044 1135 In
1061 1102 1186 1136 mortis

93 1158 203 1182 causa
222 1147 474 1182 donationibus
495 1157 568 1182 non
584 1150 723 1191 tempus
744 1146 958 1189 donationis,
979 1146 1042 1182 sed
1061 1147 1186 1182 mortis

91 1192 300 1228 intuendum
324 1196 389 1235 est,
416 1202 462 1226 an
487 1192 566 1237 quis
592 1202 720 1236 capere
743 1192 869 1237 possit.

139 1236 190 1276 23
217 1237 325 1272 IDEM
352 1238 442 1273 libro
473 1238 631 1273 secundo
665 1239 914 1282 quaestionum
963 1237 1000 1273 Si
1031 1237 1105 1273 filio
1129 1238 1183 1272 fa-

92 1284 208 1319 milias
246 1283 369 1318 mortis
403 1293 515 1318 causa
547 1283 718 1317 donatum
758 1283 804 1317 sit
834 1287 871 1318 et
900 1283 979 1318 vivo
1013 1283 1185 1319 donatore

92 1330 264 1365 moriatur
287 1329 394 1371 filius,
418 1333 522 1373 pater
542 1328 647 1370 vivat,
673 1328 873 1372 quaesitum
898 1332 962 1371 est,
989 1329 1074 1373 quid
1097 1329 1185 1364 iuris

92 1375 146 1410 sit.
196 1374 380 1419 respondit
403 1377 517 1409 morte
541 1373 604 1407 filii
629 1373 889 1408 condictionem
915 1378 1128 1419 competere,
1155 1374 1186 1409 si

92 1419 196 1455 modo
220 1419 312 1464 ipsi⁴
336 1419 455 1464 potius
474 1419 548 1454 filio
573 1429 679 1463 quam
696 1420 792 1463 patri
812 1419 1009 1454 donaturus
1030 1420 1184 1455 dederit:

92 1465 260 1510 alioquin,
282 1465 312 1500 si
333 1464 436 1509 quasi
454 1464 651 1499 ministerio
674 1465 749 1500 eius
767 1468 873 1509 pater
889 1475 975 1500 usus
995 1465 1052 1507 sit,
1072 1465 1185 1510 ipsius

90 1511 203 1556 patris
227 1513 377 1545 mortem
406 1509 639 1554 spectandam
669 1519 759 1545 esse.
806 1510 915 1555 idque
937 1511 1025 1546 iuris
1049 1510 1127 1546 fore
1150 1514 1187 1546 et

91 1556 122 1591 si
146 1556 190 1591 de
213 1566 369 1601 persona
392 1556 484 1591 servi
509 1558 715 1600 quaeratur.

137 1599 190 1638 24
214 1601 322 1636 IDEM
351 1601 442 1636 libro
473 1611 568 1635 nono
599 1601 850 1646 quaestionum
898 1601 1002 1645 Quod
1034 1601 1187 1637 debitori

92 1650 280 1692 acceptum
308 1646 445 1681 factum
475 1649 571 1682 esset
593 1646 718 1681 mortis
750 1656 876 1689 causa,
908 1647 939 1681 si
964 1647 1187 1682 convaluerit

91 1693 261 1735 donator,
293 1692 400 1727 etiam
433 1696 594 1736 tempore
623 1691 775 1726 liberato
812 1692 846 1727 ei
875 1695 995 1737 potest
1025 1692 1183 1728 condici:

91 1748 244 1783 namque
276 1737 549 1782 acceptilatione
581 1737 839 1772 interveniente
868 1737 1004 1773 abitum
1036 1738 1083 1773 ab
1106 1738 1185 1773 iure

91 1783 262 1829 pristinae
293 1783 520 1828 obligationis
553 1792 700 1827 eamque
730 1783 768 1817 in
791 1783 923 1818 huius⁵
948 1783 1184 1819 condictionis

90 1828 320 1864 transfusam.

137 1873 190 1912 25
215 1873 454 1910 MARCJANUS
482 1873 574 1909 libro
606 1884 702 1908 nono
728 1873 993 1908 institutionum
1041 1874 1129 1908 Tam
1153 1874 1185 1909 is

91 1920 150 1966 qui
182 1922 435 1955 testamentum
465 1918 554 1954 facit
590 1928 697 1963 quam
733 1918 795 1963 qui
832 1929 905 1953 non
941 1918 1030 1954 facit
1059 1919 1185 1954 mortis

94 1969 109 2000 1
160 1975 271 2001 causa
311 1965 445 2000 donare
480 1967 611 2010 potest.
660 1963 774 1999 Filius
809 1963 981 2006 familias,
1018 1964 1081 2010 qui
1111 1975 1184 1999 non

91 2014 211 2055 potest
253 2010 376 2046 facere
420 2013 674 2045 testamentum
717 2019 784 2044 nec
831 2010 1015 2045 voluntate
1060 2010 1184 2054 patris,

91 2061 210 2092 tamen
231 2056 356 2091 mortis
381 2065 493 2091 causa
517 2054 651 2091 donare
674 2059 779 2100 patre
802 2055 1029 2100 permittente
1052 2059 1183 2100 potest.

137 2100 190 2140 26
214 2101 322 2137 IDEM
342 2101 433 2137 libro
457 2101 616 2136 seeundo
639 2101 851 2146 reqularum
887 2099 926 2136 Si
974 2101 1012 2135 ui
1033 2100 1185 2136 invicem

92 2148 160 2183 sibi
198 2146 324 2182 mortis
363 2157 475 2181 causa
511 2145 733 2181 donaverunt
772 2146 909 2191 pariter
966 2150 1183 2189 ecesserunt,

91 2193 254 2228 neutrius
278 2193 383 2228 heres
407 2195 562 2237 repetet,
588 2191 673 2236 quia
695 2196 823 2227 neuter
847 2191 951 2226 alteri
975 2192 1182 2236 supervixit.

90 2239 183 2274 idem
206 2238 293 2273 iuris
317 2241 391 2280 est,
416 2237 447 2272 si
469 2237 607 2282 pariter
630 2237 781 2272 maritus
804 2240 840 2272 et
864 2248 957 2272 uxor
980 2237 1050 2273 sibi
1073 2237 1184 2273 dona-

90 2285 250 2320 veruntss.

138 2327 191 2367 27
216 2329 325 2364 IDEM
343 2328 434 2364 libro
460 2329 585 2374 quinto
609 2327 820 2374 reqularum
862 2327 933 2364 Ubi
954 2328 1006 2363 ita
1030 2327 1186 2363 donatur

91 2375 216 2411 moitis
241 2384 361 2417 causa,
387 2378 428 2409 ut
445 2374 543 2409 nullo
568 2383 657 2409 casu
676 2376 873 2416 revocetur,
900 2384 1011 2409 causa
1029 2373 1186 2409 donandi

93 2431 150 2455 ma
177 2421 228 2456 's⁷
259 2423 313 2455 est
345 2430 451 2464 quam
475 2420 600 2454 mortis
626 2428 738 2454 causa
761 2418 924 2454 donatio:
958 2423 993 2454 et
1016 2419 1096 2454 ideo
1121 2430 1184 2464 pe-

93 2467 147 2501 rin
174 2477 193 2502 e
230 2465 356 2501 haberi
385 2464 492 2501 debet
527 2468 635 2509 atque
669 2464 740 2499 alia
780 2464 925 2509 quaevis
963 2465 1056 2500 inter
1086 2465 1184 2500 vivos

94 2511 249 2546 donatio.
298 2510 450 2555 ideoque
479 2510 574 2545 inter
602 2509 698 2545 viros
722 2513 758 2545 et
782 2520 912 2545 uxores
936 2520 1009 2545 non
1033 2511 1126 2545 valet
1149 2514 1186 2545 ct

92 2557 171 2592 ideo
196 2567 262 2591 nec
275 2556 438 2591 Falcidia
460 2556 580 2591 locum
604 2555 713 2590 habet
737 2556 840 2599 quasi
864 2556 901 2589 in
924 2555 1051 2591 mortis
1075 2566 1186 2591 causa

93 2602 296 2638 donatione.

138 2645 191 2684 28
213 2647 402 2682 Mazacam
410 2656 452 2681 vs
468 2646 558 2680 libro
574 2645 758 2691 sz'nqularz·
773 2656 1029 2691 responsorum
1061 2647 1184 2682 Avun-

95 2694 175 2728 culo
208 2703 273 2729 suo
299 2691 454 2727 debitori
483 2690 609 2726 mortis
642 2701 753 2726 causa
777 2690 976 2726 donaturus
1007 2702 1099 2736 quae
1123 2691 1185 2727 de-

93 2739 202 2774 bebat
225 2739 275 2772 ita
299 2736 444 2789 scripsit
467 2735 612 2771 tabulae
643 2736 698 2771 vel
728 2736 1005 2781 chirographum
1027 2740 1082 2772 tot
1105 2737 1184 2772 ubi-

95 2794 245 2829 cumque
263 2786 358 2824 sunt,
377 2792 502 2816 inanes
522 2791 600 2817 esse
612 2782 625 2802 ⁸
645 2792 760 2826 neque
780 2792 861 2817 eum
881 2782 1018 2817 solvere
1037 2782 1183 2818 debere:

94 2839 238 2873 quaero,
261 2839 306 2863 an
325 2827 485 2869 heredes,
507 2827 538 2862 si
555 2827 744 2871 pecuniam
762 2827 807 2862 ab
829 2827 1004 2862 avunculo
1027 2827 1185 2863 defuncti

94 2878 228 2919 petant,
253 2873 464 2918 exceptione
488 2872 560 2907 doli
582 2872 667 2907 mali
690 2873 783 2907 tueri
808 2882 847 2908 se
868 2873 1009 2918 possint
1019 2873 1044 2908 ⁹.
1085 2873 1185 2908 Mar-

95 2920 206 2955 cellus
229 2918 416 2963 respondit
438 2928 561 2963 posse:
594 2917 761 2953 nimirum
792 2917 886 2953 enim
910 2922 1037 2953 contra
1058 2918 1184 2954 volun-

95 2969 203 3000 tatem
227 2964 387 3000 defuncti
410 2964 513 2999 heres
537 2962 628 3008 petit
650 2963 695 2998 ab
721 2973 773 2999 eo.

141 3008 194 3048 29
226 3009 422 3046 Uzmzvos
458 3009 549 3044 libro
585 3009 736 3054 septimo
778 3009 913 3044 decimo
952 3010 1001 3044 ad
1032 3010 1184 3046 edictum

96 3056 132 3091 Si
155 3056 278 3091 mortis
309 3064 419 3090 causa
448 3064 506 3090 res
530 3053 664 3089 donata
688 3057 744 3089 est
772 3059 807 3088 et
831 3055 1012 3090 convaluit
1036 3055 1097 3101 qui
1122 3055 1184 3091 do-

96 3101 209 3142 navit,
233 3100 441 3142 videndum,
472 3110 519 3135 an
543 3099 676 3134 habeat
699 3099 736 3133 in
760 3110 835 3134 rem
858 3100 1046 3136 actionem.
1095 3105 1132 3136 et
1155 3102 1186 3136 si

96 3146 237 3190 quidem
260 3146 338 3190 quis
359 3145 411 3181 sic
436 3145 590 3187 donavit,
615 3148 667 3186 ut,
692 3145 723 3179 si
739 3155 835 3180 mors
857 3146 1073 3191 contigisset,
1098 3151 1185 3181 tunc

97 3191 245 3226 haberet
267 3190 325 3226 cui
349 3190 519 3226 donatum
544 3193 619 3232 est,
644 3190 720 3225 sine
745 3190 852 3225 dubio
877 3190 1031 3227 donator
1052 3192 1186 3236 poterit

97 3246 170 3271 rem
200 3235 392 3271 vindicare:
422 3240 564 3272 mortuo
595 3245 637 3270 eo
667 3239 755 3270 tunc
783 3235 814 3271 is
839 3236 898 3270 cui
922 3236 1093 3272 donatum
1117 3242 1182 3273 est.

97 3281 127 3316 si
151 3291 232 3316 vero
257 3279 325 3323 sic,
357 3285 397 3315 ut
420 3282 489 3316 iam
513 3291 609 3316 nunc
633 3281 799 3322 haberet,
830 3281 1012 3325 redderet,
1043 3283 1074 3318 si
1099 3293 1183 3319 con-

98 3326 267 3361 valuisset
294 3325 348 3360 vel
379 3326 422 3361 de
450 3326 584 3372 proelio
614 3327 670 3362 vel
702 3337 849 3371 peregre
871 3326 1040 3371 redisset,
1063 3332 1184 3373 potest

98 3370 239 3407 defendi
266 3370 302 3405 in
333 3381 408 3406 rem
437 3375 637 3417 competere
668 3371 849 3415 donatori,
880 3372 911 3408 si
943 3373 1026 3418 quid
1055 3373 1183 3409 horum

99 3416 322 3461 contigisset,
350 3415 490 3451 interim
521 3420 639 3452 autem
663 3417 696 3452 ei
730 3418 787 3451 cui
813 3416 982 3452 donatum
1006 3422 1070 3454 est.
1118 3419 1182 3455 sed

1176 113 1251 160 611

2032 117 2283 158 XXXVIIII
2315 119 2339 158 6

1252 241 1288 273 et
1311 238 1342 273 si
1364 241 1479 273 morte
1501 240 1716 283 praeventus
1742 238 1788 272 sit
1810 239 1840 273 is
1866 239 1922 274 cui
1946 239 2117 275 donatum
2134 244 2201 282 est,
2225 239 2342 275 adhuc

1252 284 1331 329 quis
1356 283 1455 318 dabit
1477 283 1515 318 in
1538 293 1613 318 rem
1638 283 1813 318 donatori.

1298 326 1352 366 30
1382 328 1491 364 IDEM
1516 328 1607 364 libro
1638 328 1830 363 vicensimo
1855 330 1978 374 primo
2003 331 2052 365 ad
2074 331 2227 366 edietum
2275 330 2342 375 Qui

1253 374 1376 409 mortis
1402 384 1513 409 causa
1537 373 1700 416 donavit,
1737 373 1812 418 ipse
1836 384 1880 408 ex
1903 376 2122 419 paenitentia
2146 376 2342 412 condictio-

1252 429 1333 454 nem
1357 419 1412 454 vel
1436 419 1558 454 utilem
1583 418 1759 453 actionem
1783 418 1902 453 habet.

1300 462 1393 501 31ιο
1428 464 1551 500 GAJUs
1579 464 1670 499 libro
1701 467 1827 498 octavo
1859 465 1908 498 ad
1938 465 2091 501 edictum
2116 467 2342 512 provinciale

1253 509 1381 544 Mortis
1412 519 1525 544 causa
1552 509 1710 554 capitur,
1742 519 1822 543 cum
1846 514 1994 562 propter
2016 516 2164 546 mortem
2193 512 2343 547 alicuius

1254 555 1419 599 capiendi
1444 555 1586 590 occasio
1613 554 1766 597 obvenit,
1792 559 1950 598 exceptis
1971 556 2024 590 his
2045 558 2207 601 capiendi
2223 558 2344 602 figuris

1254 610 1347 644 quae
1370 600 1516 644 proprio
1542 600 1685 634 nomine
1709 599 1946 644 appellantur.
1991 606 2085 636 certe
2109 603 2201 637 enim
2226 608 2262 638 et
2285 603 2345 648 qui

1254 645 1471 680 hereditario
1497 648 1561 680 aut
1584 645 1690 690 legati
1714 649 1778 679 aut
1794 644 2057 681 fideicommissi
2074 647 2151 682 iure
2171 649 2276 692 capit,
2301 660 2344 683 ex

1254 694 1368 725 morte
1392 690 1540 726 alterius
1563 690 1784 725 nanciscitur
1817 690 1981 734 capiendi
2006 693 2245 735 occasionem,
2282 694 2345 729 sed

1254 736 1338 780 quia
1367 736 1680 781 proprio'nomine
1708 736 1777 770 hae
1801 736 1938 780 species
1970 737 2131 781 capiendi
2162 740 2344 783 appellan-

1259 785 1270 815 1
1321 784 1397 823 tur,
1431 781 1511 816 ideo
1536 782 1582 816 ab
1607 781 1675 815 hac
1706 780 1911 816 definitione
1935 786 2158 826 separantur.
2208 785 2344 819 Iuliano

1254 826 1391 872 placet,
1416 826 1500 861 licet
1523 826 1693 861 solvendo
1718 837 1791 861 non
1816 826 1862 861 sit
1886 826 2044 870 debitor,
2080 829 2135 862 cui
2159 835 2345 874 acceptum

1255 876 1275 907 2
1323 872 1435 906 latum
1458 872 1521 913 sit,
1554 871 1667 906 videri
1692 871 1723 906 ei
1746 871 1871 907 mortis
1897 882 2006 907 causa
2033 872 2213 908 donatum.
2263 876 2347 910 Sine

1256 917 1448 953 donatione
1472 919 1630 952 autem¹¹
1657 917 1798 962 capitur
1821 917 1930 952 veluti
1954 919 2117 962 pecunia,
2143 930 2249 963 quain
2274 924 2345 955 sta-

1254 963 1388 998 tuliber
1416 966 1480 997 aut
1515 962 1708 1006 legatarius
1747 962 1857 997 alicui
1895 963 2114 998 condicionis
2145 965 2346 1009 implendae

1254 1008 1370 1052 gratia
1393 1011 1574 1050 numerat,
1601 1008 1674 1043 sive
1698 1011 1890 1043 extraneus
1916 1009 1961 1042 sit
1986 1009 2046 1053 qui
2070 1011 2210 1054 accepit
2224 1011 2252 1032 ¹2
2276 1012 2347 1046 sive

1254 1054 1370 1089 heres.
1408 1053 1532 1088 eodem
1549 1064 1698 1089 numero
1724 1057 1778 1088 est
1802 1054 1966 1098 pecunia,
1992 1064 2098 1098 quam
2118 1055 2197 1099 quis
2221 1056 2258 1090 in
2279 1057 2347 1091 hoc

1256 1099 1398 1144 accipit,
1423 1103 1465 1133 ut
1488 1099 1543 1134 vel
1567 1098 1674 1134 adeat
1696 1099 1930 1133 hereditatem
1954 1100 2009 1134 vel
2033 1110 2106 1135 non
2129 1100 2246 1143 adeat,
2273 1103 2346 1146 qui-

1255 1155 1324 1190 que
1355 1145 1392 1179 in
1424 1145 1493 1180 hoc
1526 1144 1658 1189 accipit
1687 1144 1894 1189 pecuniam,
1930 1148 1971 1179 ut
2006 1145 2163 1190 legatum
2197 1147 2346 1181 omittat.

1255 1190 1318 1225 sed
1342 1194 1378 1225 et
1403 1190 1486 1232 dos,
1521 1200 1627 1234 quam
1653 1190 1733 1235 quis
1756 1190 1794 1224 in
1816 1194 1967 1225 mortem
1990 1191 2148 1226 mulieris
2174 1202 2196 1226 a
2218 1194 2346 1228 marito

1255 1236 1464 1280 stipulatur,
1491 1235 1633 1280 capitur
1657 1245 1743 1270 sane
1768 1236 1891 1271 mortis
1917 1246 2046 1271 causa:
2084 1237 2184 1271 cuius
2209 1238 2348 1281 generis

1256 1281 1358 1316 dotes
1382 1281 1597 1325 recepticiae
1622 1284 1806 1316 vocantur.
1855 1292 1979 1317 rursus
2011 1281 2063 1325 id,
2097 1282 2193 1327 quod
2224 1284 2348 1319 mortis

1257 1337 1367 1361 causa
1397 1326 1571 1369 donatur,
1608 1331 1671 1361 aut
1700 1327 1738 1361 in
1765 1326 1964 1371 periculum
1992 1328 2117 1363 mortis
2148 1328 2255 1363 datur
2286 1334 2350 1364 aut

1257 1372 1509 1416 cogitationem
1523 1373 1550 1393 ¹³
1574 1372 1813 1415 mortalitatis,
1839 1373 1934 1417 quod
1953 1383 2018 1408 nos
2039 1373 2254 1418 quandoque
2273 1386 2348 1410 mo-

1256 1421 1275 1452 3
1324 1418 1457 1453 rituros
1493 1417 1741 1462 intellegimus.
1790 1417 1827 1453 Si
1862 1417 2009 1454 iusseris
2040 1419 2162 1455 mortis
2199 1430 2310 1463 causa
2323 1421 2348 1441 ¹⁴

1256 1463 1452 1498 debitorem
1476 1466 1577 1498 tuum
1601 1463 1689 1498 mihi
1713 1467 1776 1497 aut
1801 1463 1969 1498 creditori
1991 1475 2071 1499 meo
2096 1466 2349 1509 expromittere

1256 1509 1388 1551 decem,
1415 1508 1500 1553 quid
1516 1509 1604 1544 iuris
1630 1513 1724 1544 esset
1748 1509 1942 1553 quaeritur,
1967 1509 1999 1545 si
2023 1510 2092 1545 iste
2116 1510 2257 1546 debitor
2277 1512 2347 1547 sol-

1254 1554 1368 1589 vendo
1402 1565 1475 1590 non
1514 1554 1570 1589 sit.
1620 1558 1656 1589 et
1694 1554 1746 1589 ait
1775 1554 1956 1598 Iulianus,
1993 1555 2024 1590 si
2063 1565 2125 1600 ego
2157 1556 2348 1601 stipulatus

1254 1599 1394 1643 fuerim,
1419 1603 1558 1635 tantam
1581 1600 1772 1645 pecuniam
1789 1599 1900 1635 videri
1925 1610 1980 1635 me
2006 1601 2153 1645 cepisse,
2178 1602 2215 1635 in
2236 1613 2348 1647 quan-

1254 1649 1332 1680 tum
1355 1644 1496 1680 debitor
1519 1645 1688 1680 solvendo
1712 1645 1856 1680 fuisset:
1882 1656 1966 1680 nam
1984 1650 2020 1680 et
2043 1646 2074 1681 si
2098 1648 2348 1691 convaluisset,

1253 1691 1378 1736 inquit,
1405 1691 1575 1733 donator,
1609 1691 1862 1736 obligationem
1886 1691 2073 1726 dumtaxat
2097 1692 2268 1728 debitoris
2291 1704 2348 1728 re-

1256 1736 1374 1781 cipere
1416 1736 1572 1772 deberet.
1622 1736 1653 1771 si
1695 1746 1778 1771 vero
1815 1737 1971 1772 creditor
2011 1747 2113 1772 meus
2156 1738 2348 1782 stipulatus

1254 1781 1379 1823 fuerit,
1421 1785 1560 1817 tantam
1599 1781 1711 1817 videri
1746 1792 1801 1817 me
1842 1782 2032 1827 pecuniam
2067 1783 2270 1828 accepisse,
2311 1785 2349 1819 in

1254 1830 1275 1861 4
1324 1831 1498 1871 quantum
1529 1837 1551 1862 a
1583 1827 1759 1862 creditore
1787 1838 1867 1863 meo
1898 1828 2070 1863 liberatus
2107 1839 2230 1865 essem.
2280 1829 2350 1864 Per

1255 1872 1395 1917 accepti
1414 1883 1556 1918 quoque
1577 1873 1745 1908 lationem
1765 1883 1871 1918 egens
1892 1873 2033 1909 debitor
2044 1874 2216 1910 liberatus
2237 1878 2348 1910 totam

1254 1928 1333 1953 eam
1356 1919 1556 1962 pecuniam,
1583 1928 1654 1962 qua
1677 1918 1849 1954 liberatus
1875 1922 1941 1961 est,
1967 1919 2106 1964 cepisse
2129 1919 2279 1958 videtur.

1301 1960 1355 2000 32
1387 1963 1583 1999 Urmiws
1599 1964 1689 1998 libro
1702 1965 1993 2010 septuaqensimo
2011 1971 2116 2001 seaeto
2134 1967 2184 2001 ad
2195 1967 2349 2003 edictum

1254 2008 1336 2044 Non
1374 2009 1514 2044 videtur
1551 2008 1714 2054 perfecta
1745 2009 1891 2045 donatio
1932 2010 2057 2046 mortis
2099 2022 2210 2047 causa
2239 2013 2349 2056 facta,

1254 2059 1446 2099 antequam
1470 2065 1567 2090 mors
1590 2055 1813 2099 insequatur.

1300 2097 1352 2137 33
1379 2100 1436 2135 ΡΑ
1445 2110 1540 2135 ULUS
1557 2100 1647 2135 libro
1669 2104 1801 2145 quarto
1821 2101 1871 2135 ad
1888 2099 2074 2136 Plautium
2110 2101 2178 2146 Qui
2197 2103 2349 2138 alienam

1252 2156 1329 2181 rem
1348 2146 1473 2181 mortis
1499 2156 1610 2181 causa
1633 2145 1804 2180 traditam
1820 2146 1996 2191 usucepit‚
2021 2157 2095 2182 non
2119 2148 2164 2183 ab
2189 2158 2231 2184 eo
2253 2149 2348 2185 vide-

1253 2196 1354 2227 retur
1377 2191 1526 2236 cepisse,
1553 2191 1654 2226 cuius
1679 2201 1737 2226 res
1760 2191 1899 2231 fuisset,
1924 2191 1988 2227 sed
2012 2192 2058 2227 ab
2083 2203 2136 2235 eo,
2162 2194 2224 2238 qui
2243 2205 2349 2230 occa-

1254 2237 1390 2273 sionem
1411 2237 1644 2282 usucapionis
1667 2237 1915 2281 praestitisset.

1300 2281 1354 2321 34
1378 2281 1621 2317 MARCELLUS
1647 2282 1738 2318 libro
1763 2283 1952 2317 vicensimo
1977 2287 2102 2318 octavo
2127 2284 2348 2331 diqestorum

1254 2329 1382 2364 Mortis
1415 2338 1524 2363 causa
1554 2327 1699 2363 donatio
1733 2328 1839 2363 etiam
1869 2328 1921 2363 sic
1946 2328 2115 2363 constitui
2136 2333 2276 2374 potest,
2308 2335 2349 2366 ut

1255 2374 1340 2419 quid
1355 2375 1382 2395 ¹⁵
1418 2374 1610 2418 stipuletur
1645 2374 1683 2408 in
1714 2383 1828 2408 annos
1861 2373 2020 2417 singulos
2053 2375 2173 2419 quoad
2204 2375 2347 2420 viveret,

1254 2420 1392 2456 scilicet
1422 2423 1464 2453 ut
1487 2423 1570 2463 post
1594 2422 1744 2454 mortem
1767 2419 1995 2463 promissoris
2021 2419 2170 2464 incipiat
2193 2422 2346 2457 exactio.

1302 2463 1354 2503 35
1370 2466 1396 2485 ¹⁶
1421 2464 1581 2499 Patmos
1602 2464 1694 2499 libro
1717 2468 1823 2499 sexto
1848 2464 1898 2499 ad
1921 2464 2034 2509 leqem
2058 2464 2191 2500 Iuliam
2217 2470 2251 2501 et
2275 2466 2346 2502 Pa-

1247 2512 1353 2558 piam
1401 2510 1554 2545 Senatus
1587 2509 1726 2544 censuit
1761 2510 1905 2554 placere
1936 2510 2060 2545 mortis
2094 2520 2205 2546 causa
2236 2512 2346 2548 dona·

1254 2557 1370 2593 tiones
1399 2555 1515 2590 factas
1548 2555 1586 2589 in
1617 2565 1696 2597 eos,
1733 2565 1823 2600 quos
1855 2555 1913 2590 lex
1941 2555 2107 2599 prohibet
2131 2567 2278 2602 capere,
2310 2559 2346 2593 in

1255 2602 1379 2637 eadem
1404 2611 1516 2636 causa
1539 2600 1675 2641 haberi,
1700 2600 1737 2635 in
1761 2610 1832 2645 qua
1857 2604 1991 2644 essent,
2018 2611 2110 2645 quae
2132 2605 2347 2639 testamento

1254 2648 1310 2683 his
1328 2648 1447 2691 legata
1467 2650 1598 2687 essent,
1621 2646 1751 2690 quibus
1773 2656 1900 2690 capere
1912 2656 1977 2690 per
1996 2646 2108 2691 legem
2120 2658 2192 2683 non
2210 2648 2345 2684 liceret.

1255 2704 1299 2729 ex
1318 2694 1388 2727 hoc
1407 2695 1554 2727 senatus
1574 2691 1739 2726 consulto
1759 2691 1893 2725 multae
1911 2692 2102 2736 variaeque
2121 2694 2347 2738 quaestiones

1257 2742 1273 2774 1
1323 2739 1514 2783 agitantur,
1541 2737 1584 2772 de
1608 2737 1737 2781 quibus
1762 2746 1879 2781 pauca
1902 2736 2109 2773 referamus.
2158 2738 2346 2775 ¹⁷Donati0

1255 2784 1352 2819 dicta
1370 2788 1424 2818 est
1443 2794 1464 2817 a
1484 2783 1576 2818 dono
1599 2783 1702 2827 quasi
1720 2782 1812 2817 dono
1827 2782 1960 2825 datum,
1985 2786 2091 2827 rapta
2105 2784 2132 2804 ¹⁸
2151 2794 2173 2818 a
2186 2783 2345 2821 Graeco:

1256 2833 1274 2864 2
1321 2839 1406 2864 nam
1428 2828 1466 2863 hi
1491 2828 1613 2863 dieunt
1645 2826 1767 2871 δῶρον
1795 2830 1855 2860 καὶ
1888 2825 2102 2873 δωρεῖσθαι.
2151 2828 2220 2865 Sed
2251 2841 2344 2866 mor..

1253 2876 1299 2910 tis
1325 2885 1436 2909 causa
1468 2874 1615 2908 donatio
1646 2873 1749 2917 longe
1775 2872 1893 2907 differt
1917 2873 1962 2907 ab
1986 2872 2048 2908 illa
2071 2884 2155 2909 vera
2179 2879 2215 2910 et
2239 2876 2343 2911 abso-

1253 2920 1330 2955 luta
1356 2919 1562 2960 donatione,
1588 2929 1679 2963 quae
1702 2918 1754 2952 ita
1766 2917 2035 2998 dproficiscitur,
2071 2923 2113 2954 ut
2135 2921 2232 2956 nullo
2258 2932 2344 2957 casu

1254 2969 1451 3000 revocetur.
1501 2968 1536 2998 et
1548 2965 1575 2984 ¹⁰
1605 2964 1656 2999 ibi
1680 2963 1742 3008 qui
1791 2966 1877 2998 onat
1906 2963 2008 2998 illum
2031 2965 2151 3009 potius
2177 2977 2282 3010 quam
2307 2977 2344 3001 se

1253 3011 1387 3045 habere
1418 3010 1567 3044 mavult:
1606 3012 1643 3043 at
1671 3009 1722 3050 is,
1758 3008 1820 3053 qui
1850 3009 1974 3045 mortis
2006 3020 2117 3045 causa
2148 3011 2274 3053 donat,
2305 3022 2343 3046 se

1256 3055 1390 3100 cogitat
1413 3059 1521 3099 atque
1546 3064 1665 3089 amore
1689 3054 1781 3089 vitae
1805 3054 1985 3099 recepisse
2008 3055 2127 3100 potius
2152 3066 2257 3100 quam
2283 3056 2342 3091 de-

1255 3101 1348 3136 disse
1379 3100 1531 3135 mavult:
1566 3103 1601 3134 et
1631 3100 1701 3134 hoc
1731 3103 1804 3142 est,
1838 3110 1948 3144 quare
1971 3101 2075 3153 vulgo
2101 3100 2255 3136 dicatur:
2294 3103 2342 3135 ‘se

1255 3146 1384 3192 ‘potius
1420 3145 1554 3180 habere
1592 3145 1684 3188 vult,
1724 3155 1831 3190 quam
1869 3155 1949 3180 eum
1988 3156 2046 3180 cm
2084 3145 2210 3187 donat,
2244 3146 2341 3180 illum

1255 3197 1273 3226 3
1323 3190 1462 3226 ‘deinde
1492 3191 1613 3235 potius
1646 3200 1752 3235 quam
1781 3190 1948 3226 heredem
1980 3191 2106 3226 suum'.
2154 3191 2250 3234 Ergo
2282 3191 2342 3234 qui

1253 3236 1378 3272 mortis
1404 3246 1514 3271 causa
1539 3235 1669 3278 donat,
1702 3246 1773 3281 qua
1796 3240 1899 3281 parte
1924 3246 1962 3271 se
1987 3236 2135 3280 cogitat,
2162 3236 2341 3279 negotium

1251 3283 1353 3328 gerit,
1378 3282 1515 3317 scilicet
1538 3285 1589 3323 ut,
1615 3291 1696 3316 cum
1720 3281 1949 3325 convaluerit,
1974 3281 2144 3316 reddatur
2168 3281 2249 3315 sibi:
2275 3291 2341 3315 nec

1253 3328 1505 3363 dubitaverunt
1527 3326 1688 3362 Cassiani
1698 3327 1739 3369 2⁰,
1765 3328 1849 3372 quin
1874 3326 2097 3362 condictione
2122 3325 2233 3370 repeti
2257 3336 2340 3370 pos-

1253 3374 1298 3409 sit
1322 3372 1425 3418 quasi
1448 3382 1487 3407 re
1510 3382 1581 3407 non
1601 3376 1727 3408 secuta
1775 3376 1898 3418 ropter
1921 3372 2014 3406 hanc
2038 3371 2221 3412 rationem,
2247 3370 2342 3414 quod

1252 3430 1295 3454 ea
1320 3428 1410 3464 quae
1435 3417 1566 3452 dantur
1588 3422 1652 3452 aut
1674 3418 1725 3453 ita
1769 3423 1887 3459 antur,
1913 3422 1952 3452 ut
1976 3415 2107 3460 aliquid
2128 3415 2251 3456 facias,
2278 3419 2341 3450 aut

98 3531 139 3571 (1)
167 3531 208 3573 cs}
223 3530 243 3563 l.
258 3536 291 3563 37
311 3534 356 3568 §1
369 3530 399 3563 h.
415 3536 435 3562 t.
555 3531 597 3572 (2)
623 3530 764 3564 donator
786 3533 843 3564 ins.
963 3533 1004 3573 (3)
1031 3543 1103 3565 eam
1122 3546 1183 3566 scr.

100 3577 140 3614 (4)
166 3575 236 3616 ipse
256 3575 288 3606 F
399 3576 441 3615 (5)
466 3574 502 3606 in
522 3576 575 3607 ius
596 3576 624 3608 S
738 3578 783 3618 (6)
809 3576 872 3608 sibi
893 3577 1102 3610 donaverunt
1122 3579 1182 3611 del.

101 3622 141 3659 (¹1)
166 3630 254 3652 mors
271 3621 327 3652 ins.
423 3621 466 3660 (8)
492 3619 635 3653 ‘tabulae
655 3620 707 3654 vel
725 3622 983 3664 chirographum
998 3625 1098 3655 sunto
1110 3623 1183 3655 ubi-

98 3664 250 3706 ‘oumque
262 3667 341 3697 sunt
352 3663 475 3697 inanes'
489 3677 549 3697 scr.
629 3667 673 3707 (9)
698 3676 752 3707 an,
764 3667 792 3699 si
804 3667 940 3700 heredes
951 3669 1127 3710 pecuniam
1143 3694 1148 3699 .
1160 3693 1183 3700 ..

99 3712 224 3751 petant,
292 3710 381 3742 tueri
393 3720 426 3742 se
437 3709 542 3752 possit
552 3722 613 3743 scr.
712 3714 771 3752 (10)
797 3713 844 3744 ad
858 3717 872 3750 ξ
888 3719 903 3745 3
918 3714 958 3756 cf
976 3714 997 3746 l.
1012 3721 1042 3746 18
1060 3718 1075 3752 ς’
1093 3721 1103 3747 1
1119 3715 1147 3746 Ιι.
1163 3722 1182 3746 ι.

104 3754 156 3789 (11)
180 3755 297 3786 mortis
316 3764 414 3787 causa
434 3756 493 3788 ins.
594 3757 651 3796 (ιῖ)
676 3757 817 3799 accipiet
836 3757 889 3789 F2
987 3760 1045 3798 (13)
1072 3761 1130 3790 aut
1148 3759 1184 3790 in

1253 3530 1405 3574 periculo
1422 3531 1539 3563 mortis
1561 3531 1661 3564 datur
1678 3535 1737 3564 aut
1756 3531 1957 3573 cogitatione
1975 3530 2056 3562 Hal.
2174 3530 2229 3569 (14)
2255 3529 2338 3561 mihi

1255 3577 1439 3610 donaturus
1455 3589 1516 3610 sec.
1534 3577 1567 3609 Β
1580 3577 1609 3610 S
1620 3579 1680 3611 ins.
1795 3580 1850 3615 (15)
1877 3575 1951 3616 quis
1965 3576 2034 3608 edd.
2145 3576 2204 3614 (16)
2230 3575 2277 3606 ad
2290 3578 2305 3612 ᾗ
2321 3582 2337 3607 4

1255 3623 1297 3665 cs]
1313 3623 1332 3655 l.
1348 3628 1379 3655 13
1395 3625 1410 3660 ἓ
1426 3629 1438 3656 1
1452 3622 1481 3655 h.
1497 3629 1516 3654 t.
1612 3624 1670 3663 (17)
1700 3622 1823 3654 Iuliani
1836 3622 2096 3652 ‹ulnotatorumve
2110 3621 2177 3651 eius
2190 3619 2339 3652 videntur

1255 3679 1338 3710 quae
1351 3674 1527 3709 sequuntur
1597 3669 1657 3708 (18)
1682 3666 1776 3709 quasi
1789 3666 1875 3697 dono
1889 3665 1978 3697 datio
1993 3666 2097 3696 tracta
2111 3663 2139 3695 S
2209 3671 2266 3699 (19)
2293 3663 2336 3705 et]

1253 3711 1380 3744 scilicet
1391 3725 1453 3745 scr.
1548 3715 1611 3754 (20)
1637 3711 1764 3744 cassani
1778 3711 1813 3742 F

2001 3811 2064 3842 77*
