2528 3918
124 120 433 178 'NUNTIATIONE

174 255 225 296 13
249 258 276 294 I
277 267 442 295 vzmws
463 257 555 294 libro
584 257 889 304 quadraqeuaemo
906 257 1032 303 primo
1058 256 1214 302 diqesto-

124 314 206 339 rum
241 303 331 340 Cum
373 305 564 339 rocurator
580 311 671 346 opus
692 311 824 337 novum
841 300 995 342 nuntiat,
1010 303 1047 336 et
1063 300 1216 338 satisdat

123 359 199 385 rem
217 353 332 384 ratam
376 348 530 385 ominum
551 346 758 387 habiturum
783 350 819 382 et
841 347 1003 383 remissio
1026 347 1064 382 in
1083 346 1216 382 domini

128 397 143 430 1
192 404 383 440 personam
404 391 603 430 confertur:
625 391 657 427 si
676 391 840 427 dominus
862 402 952 437 opus
973 403 1104 428 novum
1123 403 1213 427 nun-

126 439 268 475 tiaverit
289 439 384 475 intra
403 438 505 481 diem,
530 447 623 490 quae
646 436 877 482 stipulatione
900 447 945 473 ex
969 437 1109 483 operis¹
1132 436 1216 490 novi

126 485 348 521 nuntiatione
377 483 589 527 interposita
621 482 880 527 comprehensa
905 487 1015 526 esset,
1054 485 1213 519 commit-

125 530 215 565 titur
242 527 444 576 stipulatio:
476 528 507 562 si
537 527 733 573 praeterita
765 538 807 563 ea
838 527 894 563 die
924 528 1090 564 dominus
1121 538 1213 563 nun-

125 575 232 611 tiaret
240 575 265 617 ²,
296 584 368 610 non
392 573 635 609 committitur.
683 583 766 608 nam
790 576 826 608 et
847 572 917 618 ipsi
942 573 1102 616 domino,
1134 583 1215 609 cum

128 619 237 656 semel
265 618 499 661 nuntiaverit,
531 629 605 653 non
635 618 852 664 permittitur
881 619 1012 654 iterum
1036 619 1212 661 nuntiare,

125 663 290 710 quamdiu
307 663 493 709 stipulatio
514 673 559 699 ex
580 664 697 709 operis
718 664 801 699 novi
821 664 1045 700 nuntiatione
1063 667 1211 700 teneret.

125 713 145 745 2
191 709 230 745 Si
259 709 297 744 in
327 708 536 745 remissione
560 719 583 744 a
605 713 710 755 parte
734 709 830 752 eius,
869 709 931 755 qui
960 720 1052 755 opus
1083 720 1213 745 novum

123 753 367 797 nuntiaverat,
399 758 613 799 procurator
643 755 877 797 interveniat,
909 755 948 790 id
980 765 1086 800 agere
1108 764 1213 800 prae-

122 804 235 836 torem
259 804 420 845 oportet,
452 809 498 835 ne
521 799 634 835 falsus
658 804 875 845 procurator
907 800 1049 836 absenti
1071 803 1212 844 noceat,

123 855 204 881 cum
235 845 282 880 sit
308 844 494 890 indignum
525 845 685 891 quolibet
712 845 969 881 interveniente
1000 845 1213 882 beneficium

121 889 298 935 praetoris
322 890 447 926 amitti.

170 934 221 972 14
246 935 357 971 lom
383 936 473 971 libro
510 935 815 982 quadraqensimo
856 947 952 972 nono
991 937 1212 983 diqestorum

121 981 190 1025 Qui
212 980 305 1016 viam
327 981 454 1024 habet,
479 982 510 1017 si
534 992 554 1016 o
581 992 624 1017 us
648 992 779 1017 novum
802 982 1018 1018 nuntiaverit
1041 982 1212 1018 adversus

121 1036 219 1068 eum,
244 1026 306 1072 qui
326 1026 366 1062 in
387 1026 445 1062 via
468 1026 547 1062 aedi
564 1027 651 1070 'cat,
684 1027 772 1062 nihil
796 1028 886 1072 agit:
917 1027 982 1063 sed
1006 1027 1213 1064 servitutem

122 1071 301 1107 vindicare
323 1082 397 1108 non
418 1072 642 1117 prohibetur.

170 1115 220 1154 15
244 1117 472 1153 AFRICANUS
503 1117 593 1153 libro
618 1129 714 1154 nono
739 1119 990 1165 quaestionum
1038 1118 1077 1154 Si
1099 1118 1211 1164 prius,

121 1173 228 1207 quam
251 1162 479 1198 aedificatum
497 1166 602 1206 esset,
628 1168 794 1209 ageretur
816 1164 872 1201 ius
894 1163 1012 1200 vicino
1035 1174 1109 1199 non
1134 1174 1212 1199 esse

120 1208 227 1244 aedes
250 1207 359 1245 altius
372 1208 509 1244 tollere
527 1218 594 1244 nec
618 1219 675 1245 res
701 1209 748 1245 ab
773 1220 814 1245 eo
840 1209 1102 1253 defenderetur,
1127 1220 1211 1255 par-

122 1258 175 1289 tes
198 1253 327 1289 iudicis
347 1265 422 1289 non
446 1254 535 1289 alias
558 1254 700 1290 futuras
716 1254 828 1290 fuisse
844 1254 906 1298 ait,
931 1265 1039 1301 quam
1061 1258 1103 1289 ut
1119 1265 1209 1299 eum,

121 1309 203 1334 cum
228 1309 297 1344 quo
322 1302 498 1344 ageretur,
525 1309 649 1335 cavere
668 1300 808 1336 iuberet
830 1311 903 1335 non
926 1301 1026 1346 prius
1052 1311 1090 1335 se
1114 1300 1209 1335 aedi-

120 1344 330 1387 ficaturum,
363 1355 469 1390 quam
499 1344 594 1381 ultro
635 1346 765 1390 egisset
798 1346 854 1381 ius
894 1346 964 1381 sibi
994 1356 1072 1382 esse
1103 1345 1210 1381 altius

120 1389 257 1426 tollere.
303 1389 468 1436 idemque
500 1400 519 1426 e
548 1391 748 1435 contrario,
787 1391 837 1434 si,
880 1402 962 1426 cuin
994 1391 1074 1436 quis
1105 1401 1210 1436 agere

119 1435 223 1471 vellet
252 1435 309 1471 ius
341 1435 411 1471 sibi
442 1445 521 1471 esse
551 1435 661 1471 invito
694 1436 899 1473 adversario
931 1436 1040 1472 altius
1071 1437 1209 1478 tollere,

120 1491 162 1516 eo
193 1491 267 1516 non
299 1480 512 1516 defendente
542 1481 720 1525 similiter,
756 1482 890 1527 inquit,
928 1481 1048 1518 officio
1080 1482 1208 1517 iudicis

120 1526 370 1569 continebitur,
393 1530 436 1562 ut
455 1536 580 1562 cavere
600 1527 844 1564 adversarium
864 1528 1016 1570 iuberet,
1040 1538 1106 1563 nec
1119 1538 1210 1573 opus

118 1582 250 1607 novum
272 1582 311 1608 se
333 1572 582 1607 nuntiaturum
604 1583 672 1608 nec
695 1572 899 1609 aedificanti
923 1573 992 1608 vim
1014 1573 1208 1609 facturum.

120 1627 232 1662 eaque
254 1617 395 1654 ratione
425 1618 600 1654 hactenus
623 1618 672 1662 is,
706 1619 767 1663 qui
790 1629 865 1654 rem
895 1629 969 1654 non
992 1618 1210 1661 defenderet,

119 1662 306 1707 punietur,
338 1666 381 1698 ut
409 1662 478 1699 de³
500 1663 579 1698 iure
602 1674 669 1699 suo
692 1664 848 1709 probare
871 1674 1019 1700 necesse
1042 1664 1207 1700 haberet:

118 1708 155 1743 id
177 1708 272 1744 enim
296 1717 374 1744 esse
397 1708 560 1754 petitoris
584 1713 705 1754 partes
730 1709 918 1746 sustinere.

169 1750 219 1790 16
252 1751 446 1789 ULPJANUS
474 1754 565 1790 libro
595 1756 698 1790 tertio
729 1755 866 1791 decimo
890 1754 941 1791 ad
970 1755 1125 1790 edictum
1173 1755 1211 1791 Si

121 1809 212 1844 opus
235 1809 367 1834 novum
395 1803 543 1844 praetor
572 1799 719 1836 iusserit
741 1800 911 1844 nuntiari,
937 1800 1064 1836 deinde
1086 1800 1209 1846 prohi-

120 1844 208 1887 buit,
233 1854 278 1880 ex
326 1845 420 1880 riore
437 1844 662 1881 nuntiatione
686 1846 745 1891 agi
767 1856 841 1882 non
862 1850 993 1892 potest,
1018 1846 1123 1891 quasi
1145 1846 1209 1882 ad-

119 1900 242 1925 versus
267 1900 286 1925 e
314 1890 423 1925 ‘ctum
446 1889 522 1926 eius
545 1890 682 1926 factum
706 1892 764 1927 sit.

168 1932 217 1972 17
247 1935 301 1971 ΡΑ
309 1945 404 1971 vaus
420 1935 512 1971 libro
530 1937 856 1983 quinquaqensimo
877 1938 1029 1984 septimo
1048 1937 1099 1972 ad
1116 1937 1210 1973 edic-

120 1983 193 2015 tum
240 1980 278 2016 Si
300 1984 516 2026 procurator
540 1993 630 2027 opus
653 1993 785 2018 novum
807 1981 998 2018 facientem
1016 1982 1209 2027 prohibue-

120 2025 166 2061 rit
211 2025 353 2062 domino
386 2027 556 2073 competit
584 2027 681 2073 quod
706 2027 742 2063 vi
765 2032 829 2063 aut
853 2028 945 2063 clam
967 2028 1208 2063 interdictum.

168 2054 219 2110 18
243 2071 491 2107 PAPINJANUS
513 2073 603 2108 libro
628 2074 733 2108 tertio
758 2075 1008 2119 quaestionum
1051 2073 1210 2109 Aedibus

119 2117 366 2153 communibus
391 2118 423 2152 si
452 2118 499 2153 ob
524 2119 640 2162 opus⁴
669 2129 806 2154 novum
834 2118 1011 2154 nuntiatio
1041 2119 1105 2154 uni
1135 2119 1209 2163 fiat,

119 2162 151 2198 si
182 2162 325 2208 quidem
364 2172 409 2198 ex
438 2163 622 2198 voluntate
654 2164 812 2199 omnium
844 2175 935 2209 opus
963 2163 1047 2207 fiat,
1088 2175 1209 2200 omnes

119 2208 297 2243 nuntiatio
321 2208 475 2251 tenebit,
506 2208 539 2244 si
567 2219 651 2245 vero
684 2209 829 2254 quidam
851 2209 1033 2254 ignorent,
1064 2210 1102 2245 in
1126 2210 1210 2246 soli—

120 2253 205 2289 dum
222 2253 447 2298 obligabitur,
473 2253 534 2299 qui
550 2258 677 2290 contra
696 2254 851 2290 edictum
899 2255 1051 2291 raetoris
1068 2256 1209 2291 fecerit.

123 2302 137 2333 1
187 2298 264 2335 Nec
293 2298 341 2334 ad
368 2309 441 2333 rem
472 2299 644 2344 pertinet,
678 2299 804 2336 ⁵cuius
834 2310 874 2336 so
891 2311 951 2336 um
975 2300 1039 2343 sit,
1072 2301 1109 2336 in
1139 2311 1209 2346 quo

121 2354 212 2389 opus
242 2343 325 2386 fiat,
365 2344 428 2379 sed
462 2344 539 2388 quis
572 2345 648 2381 eius
683 2345 752 2381 soli
778 2356 967 2392 possessor
996 2346 1209 2391 inveniatur,

121 2389 224 2425 modo
250 2390 281 2425 si
303 2389 379 2425 eius
403 2390 545 2426 nomine
569 2401 660 2436 opus
683 2390 759 2427 fiat.

170 2432 221 2473 19
245 2434 303 2470 PA
311 2444 405 2470 ULUS
433 2435 525 2471 libro
549 2438 801 2482 quaestionum
849 2436 1040 2473 Sciendum
1070 2440 1125 2473 est
1148 2436 1209 2473 de-

123 2483 252 2524 negata
275 2481 504 2516 exsecutione
528 2481 647 2526 operis
670 2482 755 2518 novi
777 2482 888 2518 nihilo
911 2483 1029 2518 minus
1052 2482 1210 2528 integras

121 2525 294 2571 legitimas
314 2526 474 2562 actiones
495 2537 650 2570 manere,
675 2527 771 2563 sicut
792 2527 830 2563 in
853 2527 910 2563 his
929 2538 1071 2573 quoque
1091 2528 1211 2564 causis

120 2574 266 2607 manent
274 2571 299 2613 ⁶,
328 2571 367 2606 in
398 2571 526 2616 quibus
558 2572 604 2607 ab
635 2573 737 2609 initio
767 2574 885 2618 operis
914 2573 998 2609 novi
1022 2573 1210 2609 denuntia-

120 2616 254 2652 tionem
276 2620 424 2661 praetor
447 2616 607 2662 denegat.

166 2659 220 2699 20
252 2661 446 2697 ULPJANUS
467 2662 558 2698 libro
582 2666 710 2709 septua
738 2665 872 2698 ensimo
889 2665 1014 2710 primo
1047 2664 1097 2699 ad
1119 2664 1211 2700 edio-

123 2710 194 2741 tum
243 2707 395 2743 Praetor
417 2707 487 2743 ait:
514 2707 638 2752 ‘Quem
660 2708 697 2743 in
730 2719 835 2744 ocum
853 2708 1057 2744 nuntiatum
1076 2713 1143 2752 est,
1167 2719 1213 2745 ne

122 2752 219 2797 ‘quid
239 2752 355 2797 operis
373 2754 387 2773 '¹
398 2752 481 2788 novi
498 2752 610 2797 fieret,
636 2764 708 2798 qua
728 2754 771 2789 de
789 2765 829 2789 re
849 2755 976 2799 agitur,
1002 2754 1098 2799 quod
1113 2754 1152 2790 in
1169 2764 1211 2790 eo

123 2797 226 2839 ‘loco,
246 2801 437 2842 antequam
456 2798 633 2834 nuntiatio
653 2799 761 2835 missa
778 2799 880 2835 fieret
900 2803 963 2834 aut
981 2799 1019 2834 in
1040 2809 1084 2835 ea
1101 2810 1213 2835 causa

123 2846 248 2885 ‘esset,
278 2846 319 2877 ut
342 2843 474 2878 remitti
498 2843 660 2887 deberet,
693 2844 829 2880 factum
853 2848 925 2887 est,
957 2844 995 2879 id
1017 2845 1211 2881 restituas'.

126 2891 139 2922 1
190 2888 423 2923 Interdictum
446 2889 515 2924 hoc
538 2890 752 2934 proponitur
783 2900 828 2925 ex
850 2890 1056 2925 huiusmodi
1080 2891 1210 2934 causis,

125 2932 264 2968 ⁸edicto
296 2944 506 2978 expressum
538 2939 610 2977 est,
650 2946 695 2970 ne
728 2939 812 2980 post
851 2936 968 2980 operis
1005 2936 1089 2971 novi
1120 2947 1210 2971 nun-

122 2978 305 3014 tiationem
335 2978 525 3024 quicquam
558 2980 674 3025 operis
705 2980 788 3022 fiat,
821 2985 1013 3026 antequam
1041 2982 1097 3016 vel
1119 2992 1210 3016 nun-

123 3023 223 3059 tiatio
253 3024 362 3060 missa
392 3024 457 3059 fiat
488 3025 541 3060 vel
574 3025 650 3060 vice
680 3026 915 3061 nuntiationis
944 3026 1076 3061 missae
1105 3027 1210 3062 satis-

125 3068 221 3104 datio
254 3069 298 3104 de
328 3079 436 3114 opere
470 3070 691 3106 restituendo
730 3071 840 3107 fuerit
877 3071 1102 3117 interposita.
1151 3072 1213 3116 qui

124 3114 231 3158 igitur
261 3114 366 3159 facit,
401 3115 467 3150 etsi
488 3115 546 3150 ius
570 3115 727 3151 faciendi
749 3117 892 3161 habuit,
930 3121 1052 3153 tamen
1085 3121 1212 3153 contra

123 3158 349 3195 interdictum
377 3160 554 3205 praetoris
584 3161 705 3197 facere
728 3161 868 3198 videtur
891 3166 928 3198 et
950 3162 1031 3198 ideo
1055 3163 1125 3198 hoc
1149 3162 1213 3198 de-

125 3206 145 3238 2
193 3207 330 3241 struere
355 3206 504 3250 cogitur.
543 3206 623 3242 Sive
646 3210 766 3242 autem
783 3217 918 3243 vacuus
942 3208 1043 3244 locus
1067 3207 1124 3250 sit,
1149 3207 1210 3243 ubi

124 3248 327 3285 nuntiatum
357 3254 430 3294 est,
461 3251 536 3287 sive
566 3252 795 3296 aedificatus,
834 3262 947 3298 aeque
978 3253 1071 3289 hoc⁹
1099 3253 1210 3288 inter-

125 3297 145 3328 3
194 3293 289 3330 dicto
318 3294 420 3331 locus
445 3297 522 3332 erit.
570 3297 633 3332 Ait
656 3302 819 3342 praetor:
851 3298 960 3343 ‘quod
983 3298 1120 3334 factum
1143 3302 1210 3341 est,

126 3338 329 3391 {restituas'.
377 3342 473 3385 quod
503 3341 640 3378 factum
670 3347 742 3385 est,
773 3343 874 3378 iubet
903 3343 1064 3387 restitui,
1094 3354 1210 3389 neque

125 3387 293 3437 interest,
327 3384 405 3421 iure
433 3385 571 3422 factum
601 3387 648 3423 sit
670 3398 718 3423 an
740 3399 831 3423 non:
867 3387 941 3424 sive
970 3388 1050 3425 iure
1073 3389 1210 3425 factum

126 3433 182 3465 est
205 3439 278 3465 sive
299 3440 372 3466 non
393 3430 472 3467 iure
494 3431 631 3468 factum
653 3437 724 3476 est,
749 3433 979 3469 interdictum
1001 3435 1120 3470 locum
1144 3435 1208 3469 ha-

128 3478 146 3509 4
194 3474 305 3511 bebit.
352 3475 530 3522 Quidquid
556 3482 677 3514 autem
708 3481 792 3514 ante
822 3479 1067 3515 remissionem
1090 3479 1132 3515 fit
1155 3479 1211 3516 vel

127 3519 214 3555 illud
238 3519 334 3564 quod
363 3521 443 3556 loco
472 3522 690 3559 remissionis
714 3524 885 3566 habetur,
914 3535 980 3569 pro
1005 3534 1048 3561 eo
1071 3525 1208 3562 haben-

126 3568 144 3599 5
194 3565 276 3600 dum
309 3569 380 3609 est,
417 3568 523 3611 atque
551 3568 584 3602 si
614 3569 712 3604 nullo
741 3570 819 3604 iure
850 3568 987 3605 factum
1017 3573 1122 3607 esset.
1171 3570 1210 3607 Si

128 3682 167 3720 (1)
191 3681 297 3723 eperia
316 3680 351 3712 F

129 3726 170 3763 (4)
194 3735 274 3767 opos
287 3726 322 3758 F

127 3772 171 3825 (Β)
196 3770 243 3802 sic
264 3773 303 3803 ut
322 3772 380 3804 ins.

487 3680 529 3719 (2)
555 3682 762 3715 nuntiaverit
780 3683 832 3715 F²
973 3688 1015 3725 (3)
1041 3683 1081 3717 de
1102 3697 1159 3718 om.
1183 3685 1217 3717 F

401 3726 444 3766 (5)
467 3724 633 3760 ἰδίω-,ΕΞ
716 3728 758 3768 (6)
784 3729 940 3761 manetF
1018 3729 1061 3769 (7)
1087 3730 1216 3772 opusF'

520 3771 566 3814 (9)
591 3772 670 3806 huic
691 3774 763 3808 dett.
908 3775 966 3816 (10)
994 3785 1125 3817 quoquc¹
1147 3775 1207 3808 del.

1208 129 1293 177 593

2071 134 2325 179 XXXVIIII
2357 139 2372 177 1

1285 255 1364 301 quis
1388 258 1537 300 paratus
1563 255 1672 290 fuerit
1696 257 1888 300 satisdare,
1923 256 2050 292 deinde
2083 260 2185 292 actor
2214 259 2380 302 stipulari

1286 300 1374 336 nolit
1410 300 1450 336 in
1473 310 1516 336 ea
1539 310 1652 336 causa
1675 305 1746 343 est,
1778 306 1819 335 ut
1842 302 1972 337 remitti
2005 302 2154 338 debeat:
2190 311 2274 338 nain
2298 313 2379 339 cum

1284 355 1350 391 per
1373 349 1532 382 actorem
1547 345 1620 390 fiet,
1646 349 1797 390 apparet
1816 346 1854 381 in
1876 357 1918 382 ea
1939 357 2050 382 causa
2074 357 2163 390 esse,
2188 351 2230 382 ut
2248 347 2379 383 remitti

1286 394 1306 427 6
1353 390 1494 427 debeat.
1530 391 1610 427 Hoc
1633 389 1864 426 interdictum
1885 396 2060 437 perpetuo
2080 392 2186 427 datur
2207 396 2244 428 et
2258 392 2379 429 heredi

1285 438 1304 471 7
1352 436 1554 482 ceterisque
1586 436 1858 472 successoribus
1891 447 1969 472 coni
1996 437 2069 473 etit.
2119 437 2299 474 Adversus
2323 438 2378 484 ip-

1284 492 1364 517 sum
1388 492 1529 527 quoque
1542 482 1581 525 ¹⁰,
1614 481 1677 527 qui
1701 492 1792 526 opus
1816 481 1903 517 fecit
1924 493 1965 518 ve
2011 482 2148 518 factum
2170 486 2290 518 ratum
2311 484 2376 518 ha-

1285 529 1305 562 8
1352 527 1449 570 buit,
1480 526 1673 563 interdicto
1707 527 1811 562 locus
1842 526 1921 562 erit.
1967 527 2080 564 Plane
2111 528 2142 564 si
2172 532 2377 573 quaeratur,

1284 582 1332 607 an
1354 571 1392 607 in
1416 572 1585 609 heredem
1610 572 1698 615 eius,
1723 572 1785 618 qui
1810 582 1900 617 opus
1923 571 2029 615 fecit,
2055 573 2284 609 interdictum
2307 574 2378 610 hoc

1285 620 1483 662 competat,
1516 617 1702 654 sciendum
1727 620 1783 654 est
1804 617 2011 653 Labeonem
2035 618 2257 655 existimasse
2280 619 2318 654 in
2341 619 2379 655 id

1284 663 1380 707 quod
1403 662 1451 698 ad
1474 673 1556 699 eum
1579 663 1742 708 pervenit
1763 662 1953 698 dumtaxat
1975 662 2053 698 dari
2077 668 2245 708 oportere
2268 664 2325 700 vel
2347 665 2379 701 si

1284 707 1370 753 quid
1401 708 1484 744 dolo
1513 709 1608 744 malo
1638 708 1752 754 ipsius
1782 707 1922 743 factum
1953 708 2019 752 sit,
2052 720 2122 753 quo
2154 709 2272 746 minus
2322 720 2377 746 er-

1282 753 1433 789 veniret.
1488 754 1652 790 nonnulli
1686 757 1817 799 putant
1851 753 1890 789 in
1930 752 2067 789 factum
2105 763 2183 790 esse
2224 754 2295 790 dan
2321 765 2378 790 am

1283 801 1304 834 9
1352 810 1460 844 quam
1482 799 1712 834 interdictum
1766 799 1862 845 quod
1895 808 2021 834 verum
2053 802 2117 834 est.
2166 799 2305 836 Deinde
2329 801 2380 835 ait

1282 848 1448 889 praetor:
1490 844 1614 889 ‘Quem
1643 845 1682 879 in
1718 826 1840 880 iocum
1874 844 2077 880 nuntiatum
2109 848 2181 887 est,
2217 856 2262 880 ne
2294 845 2379 891 quid

1284 890 1412 935 ‘operis
1437 890 1521 926 novi
1543 889 1656 933 fieret,
1682 900 1753 935 qua
1776 889 1820 925 de
1843 899 1884 926 re
1908 890 2037 935 agitur,
2064 889 2095 925 si
2119 890 2163 925 de
2187 900 2230 925 ea
2257 901 2297 926 re
2320 901 2377 927 sa-

1283 934 1466 970 ‘tisdatum
1489 939 1560 980 est,
1594 934 1690 981 quod
1715 935 1790 971 eius
1816 938 1962 970 cautum
1988 934 2036 971 sit
2059 938 2124 970 aut
2145 945 2212 980 per
2234 939 2271 971 te
2295 940 2378 978 stat,

1283 982 1366 1025 ‘quo
1400 981 1518 1017 minus
1559 980 1772 1017 satisdetur:
1811 991 1882 1026 quo
1916 981 2034 1016 minus
2070 980 2122 1015 illi
2157 980 2195 1015 in
2227 990 2269 1017 eo
2299 981 2378 1017 loco

1285 1029 1325 1061 10
1374 1027 1476 1071 ‘opus
1508 1026 1630 1062 facere
1658 1026 1783 1069 liceat,
1815 1026 1886 1061 vim
1910 1025 1988 1062 fieri
2013 1026 2118 1061 veto’.
2167 1025 2246 1061 Hoc
2269 1026 2378 1062 inter-

1283 1071 1416 1107 dictum
1445 1071 1722 1117 prohibitorium
1755 1074 1827 1116 est,
1862 1081 1908 1107 ne
1942 1070 2021 1117 quis
2045 1071 2238 1116 prohibeat
2260 1071 2380 1108 facere

1282 1117 1459 1152 volentem
1484 1128 1563 1152 eum
1589 1117 1650 1162 qui
1674 1116 1878 1153 satisdedit:
1914 1117 2045 1152 etenim
2068 1117 2224 1162 pertinet
2247 1117 2294 1152 ad
2319 1118 2379 1153 de-

1285 1165 1323 1197 11
1374 1173 1437 1198 cus
1461 1162 1605 1198 urbium
1629 1162 1794 1198 aedificia
1824 1173 1898 1198 non
1922 1162 2130 1207 derelinqui.
2179 1162 2255 1198 Nec
2281 1162 2379 1207 quic-

1280 1218 1390 1288 qluam
1412 1208 1579 1250 interest,
1610 1208 1687 1244 iure
1712 1208 1791 1254 quis
1817 1207 1983 1244 aedificet
2014 1218 2061 1242 an
2084 1217 2157 1242 non
2180 1207 2258 1243 iure
2283 1208 2379 1243 aedi-

1308 1257 1383 1298 cet,
1421 1264 1503 1289 cum
1525 1254 1574 1289 sit
1596 1264 1746 1290 securus
1777 1254 1809 1289 is
1835 1253 1896 1299 qui
1921 1264 2011 1299 opus
2035 1263 2168 1288 novum
2190 1253 2379 1296 nuntiavit,

1286 1302 1325 1334 12
1373 1302 1610 1344 posteaquam
1639 1300 1673 1335 ei
1708 1303 1857 1335 cautum
1891 1303 1957 1334 est.
2005 1298 2086 1334 Hoc
2116 1301 2236 1334 autem
2267 1298 2379 1334 inter-

1282 1343 1416 1380 dictum
1447 1345 1618 1390 competit
1648 1345 1682 1380 ei
1712 1346 1773 1390 qui
1806 1344 2013 1380 satisdedit:
2051 1343 2207 1379 adicitur
2230 1347 2267 1380 et
2290 1344 2380 1379 illud

1284 1393 1324 1425 13
1374 1393 1449 1425 ‘aut
1472 1400 1538 1435 per
1561 1393 1598 1426 te
1623 1394 1706 1433 stat,
1733 1401 1804 1435 quo
1829 1390 1945 1425 minus
1970 1389 2188 1425 satisdetur'.
2229 1389 2381 1434 proinde

1281 1436 1312 1471 si
1336 1435 1549 1471 satisdatum
1581 1446 1654 1471 non
1676 1440 1750 1478 est,
1785 1435 1850 1471 sed
1878 1435 2155 1480 repromissum,
2188 1434 2379 1471 interdicto

1280 1480 1365 1516 huic
1397 1481 1500 1516 locus
1532 1492 1606 1516 non
1630 1482 1715 1517 erit:
1747 1491 1864 1527 neque
1888 1481 1983 1516 enim
2012 1480 2288 1526 permittendum
2312 1480 2382 1516 fuit

1279 1526 1318 1561 in
1341 1527 1486 1572 publico
1511 1526 1722 1570 aedificare,
1747 1527 1958 1573 priusquam
1981 1529 2174 1579 appareat,
2207 1537 2278 1571 quo
2303 1526 2380 1562 iure

1284 1575 1324 1606 14
1373 1572 1453 1617 quis
1470 1571 1646 1607 aedificet.
1674 1572 1725 1607 Et
1745 1573 1776 1607 si
1789 1571 2005 1608 satisdatum
2016 1575 2076 1614 sit,
2100 1575 2246 1607 cautum
2258 1576 2380 1608 tamen

1284 1621 1322 1652 15
1371 1628 1445 1652 non
1460 1621 1677 1662 perseveret,
1701 1617 1932 1653 interdictum
1957 1622 2086 1654 cessat.
2129 1617 2167 1652 Si
2186 1617 2379 1662 aliquando

1280 1663 1380 1698 stetit
1410 1673 1476 1708 per
1499 1663 1760 1706 nuntiatorem,
1796 1673 1867 1709 quo
1892 1663 2010 1699 minus
2033 1662 2249 1705 satisdetur,
2281 1673 2378 1698 nunc

1284 1711 1324 1744 16
1371 1719 1445 1744 non
1476 1712 1566 1751 stat,
1598 1709 1828 1744 interdictum
1860 1712 1989 1744 cessat.
2036 1708 2116 1743 Hoc
2148 1708 2379 1743 interdictum

1281 1753 1389 1789 etiam
1412 1757 1496 1799 post
1515 1764 1650 1789 annum
1674 1757 1711 1790 et
1733 1753 1856 1790 heredi
1881 1754 2080 1799 ceterisque
2103 1754 2378 1790 successoribus

1280 1809 1359 1835 com
1386 1800 1462 1835 etit.

1326 1810 1383 1882 21)
1412 1844 1643 1881 Utpmmssss
1665 1845 1757 1881 libro
1778 1845 2021 1892 ootoqensimo
2043 1844 2093 1880 ad
2111 1844 2266 1880 edictum
2308 1845 2377 1880 Sti-

1280 1889 1418 1936 pulatio
1451 1890 1496 1925 de
1535 1889 1653 1935 operis
1690 1890 1774 1926 novi
1804 1890 2030 1926 nuntiatione
2061 1889 2244 1935 interponi
2273 1890 2376 1933 solet,

1281 1936 1445 1980 quotiens
1462 1935 1600 1971 vicinus
1625 1935 1712 1970 dicit
1735 1935 1793 1971 ius
1818 1935 1887 1972 sibi
1903 1945 1982 1971 esse
2005 1935 2198 1981 prohibere
2222 1935 2378 1971 vicinum

1283 1985 1298 2016 1
1349 1991 1440 2027 opus
1465 1992 1597 2017 novum
1619 1980 1729 2016 invito
1755 1991 1794 2017 se
1818 1980 1950 2016 facere.
1996 1981 2033 2016 Si
2056 1981 2135 2025 quis
2160 1984 2279 2016 autem
2296 1981 2379 2016 vult

1279 2030 1365 2107 gost
1379 2037 1469 2072 opus
1485 2037 1617 2062 novum
1634 2026 1840 2062 nuntiatum
1856 2026 2003 2079 impune
2019 2025 2221 2069 aedificare,
2247 2025 2378 2062 offerre

1304 2073 1388 2108 ebet
1410 2073 1498 2108 satis
1523 2071 1739 2107 nuntiatori:
1771 2071 1868 2118 quod
1890 2083 1923 2108 si
1945 2071 2089 2114 fecerit,
2123 2071 2266 2117 utrique
2290 2082 2374 2108 con-

1280 2118 1414 2153 sultum
1452 2120 1509 2153 est
1543 2121 1619 2153 tam
1648 2117 1681 2153 ei
1713 2117 1774 2162 qui
1804 2117 1996 2160 nuntiavit,
2031 2117 2201 2162 quoniam
2231 2121 2377 2153 cautum

1279 2163 1391 2199 habet
1420 2162 1465 2199 de
1496 2173 1606 2208 opere
1629 2163 1871 2205 restituendo,
1906 2173 2012 2207 quam
2037 2162 2070 2198 ei
2094 2163 2152 2198 cui
2175 2163 2376 2198 nuntiatum

1281 2212 1347 2252 est,
1373 2209 1457 2254 quia
1473 2208 1609 2244 molitio
1634 2209 1710 2244 eius
1734 2219 1807 2244 non
1829 2208 2041 2253 impeditur:
2068 2212 2261 2254 antequam
2285 2209 2376 2244 enim

1281 2258 1407 2290 caveat
1436 2253 1610 2299 quidquid
1642 2253 1902 2296 aedificaverit,
1933 2253 2125 2289 interdicto
2154 2254 2374 2289 restitutorio

1282 2303 1300 2334 2
1349 2300 1535 2335 destruere
1553 2299 1790 2345 compellitur.
1830 2299 1950 2334 Habet
1966 2303 2084 2334 autem
2104 2299 2175 2334 ista
2192 2299 2375 2352 stipulatio

1282 2345 1544 2389 condicionem,
1578 2349 1620 2380 ut
1641 2346 1694 2380 ita
1724 2345 1866 2381 demum
1891 2345 2149 2387 committatur,
2183 2345 2215 2380 si
2237 2345 2375 2380 iudica-

1280 2394 1359 2426 tum
1381 2390 1491 2427 fuerit
1515 2391 1588 2426 sive
1621 2394 1704 2426 ante
1728 2400 1803 2426 rem
1826 2389 2021 2425 iudicatam
2047 2400 2158 2425 causa
2190 2400 2283 2435 quae
2314 2401 2375 2425 ac-

1281 2436 1407 2472 ciderit
1442 2447 1558 2481 neque
1595 2446 1653 2472 res
1667 2437 1695 2457 ¹²
1735 2435 1964 2471 defendatur:
2007 2438 2043 2470 et
2080 2435 2124 2470 de
2164 2435 2244 2470 dolo
2281 2436 2375 2471 malo

1283 2485 1301 2516 3
1349 2482 1527 2517 subicitur
1551 2481 1724 2517 clausula.
1763 2480 1863 2526 Opus
1883 2485 2001 2516 autem
2021 2480 2157 2515 factum
2178 2480 2376 2526 accipimus

1280 2537 1372 2570 non,
1396 2527 1429 2563 si
1450 2538 1563 2562 unum
1585 2527 1643 2562 vel
1666 2526 1818 2562 alterum
1844 2529 2044 2562 cementum
2067 2525 2137 2560 fuit
2158 2526 2376 2571 impositum,

1281 2573 1345 2608 sed
1376 2573 1407 2608 si
1438 2575 1663 2618 proponatur
1692 2572 1807 2607 instar
1839 2571 2019 2617 quoddam
2052 2570 2170 2615 operis
2205 2575 2241 2606 et
2272 2573 2376 2617 quasi

1282 2623 1303 2652 4
1349 2617 1462 2654 facies
1495 2617 1670 2662 quaedam
1709 2616 1808 2652 facta
1839 2616 1958 2662 operis
1972 2618 1997 2638 ¹³
2058 2616 2138 2653 Sive
2167 2620 2288 2653 autem
2317 2627 2374 2653 res

1281 2662 1459 2699 iudicetur
1489 2663 1563 2699 sive
1593 2673 1650 2699 res
1680 2673 1754 2698 non
1784 2662 2016 2704 defendatur,
2055 2662 2240 2707 stipulatio
2269 2662 2308 2698 in
2337 2663 2376 2699 id

1283 2708 1535 2751 committitur,
1571 2712 1613 2743 ut
1640 2718 1698 2744 res
1727 2708 1793 2743 viri
1824 2708 1910 2743 boni
1942 2707 2120 2743 arbitratu
2143 2708 2373 2744 restituatur:

1283 2754 1379 2799 quod
1409 2754 1440 2790 si
1468 2755 1521 2789 ita
1551 2754 1759 2790 restitutum
1783 2764 1856 2788 non
1880 2753 1963 2796 erit,
1997 2753 2123 2798 quanti
2147 2763 2190 2789 ea
2212 2763 2271 2789 res
2295 2754 2373 2797 erit,

1281 2803 1421 2835 tantam
1454 2800 1645 2845 pecuniam
1676 2798 1794 2841 dabit,
1830 2798 1862 2834 si
1891 2799 1962 2834 hoc
2000 2798 2147 2843 petitori
2209 2799 2363 2835 lacuerit

1282 2848 1301 2879 5
1350 2845 1559 2890 Quaesitum
1590 2848 1664 2887 est,
1701 2844 1734 2880 si
1763 2844 1884 2889 plures
1917 2844 2050 2879 domini
2086 2843 2166 2879 aedi
2194 2848 2294 2888 cent,
2326 2854 2374 2879 an

1282 2900 1405 2926 omnes
1438 2900 1564 2926 cavere
1595 2890 1760 2925 debeant.
1809 2893 1845 2924 et
1875 2890 1927 2924 ait
1949 2889 2072 2926 Labeo
2105 2900 2216 2925 unum
2248 2899 2373 2926 cavere

1282 2934 1429 2978 debere,
1471 2936 1556 2980 quia
1589 2934 1769 2973 restitutio
1811 2935 1929 2980 operis
1956 2934 2035 2970 fieri
2065 2946 2136 2988 pro
2164 2938 2269 2980 parte
2299 2945 2372 2971 non

1283 2983 1302 3015 6
1349 2980 1476 3025 possit.
1515 2980 1614 3016 Idem
1637 2980 1689 3016 ait
1711 2983 1748 3016 et
1770 2980 1804 3016 si
1825 2980 1947 3033 plures
1972 2984 2148 3027 nuntient,
2175 2980 2372 3016 curandum

1281 3035 1371 3068 esse,
1396 3029 1437 3060 ut
1460 3026 1524 3061 uni
1548 3029 1732 3067 caveatur,
1762 3025 1793 3061 si
1823 3028 1916 3061 inter
1939 3036 2002 3061 eos
2027 3026 2231 3061 conveniat:
2265 3026 2371 3070 plane

1282 3075 1299 3105 7
1349 3071 1381 3106 si
1401 3081 1474 3106 non
1492 3071 1698 3113 conveniat,
1721 3075 1757 3106 et
1775 3071 1922 3116 singulis
1942 3071 2010 3107 erit
2030 3070 2237 3107 cavendum.
2272 3070 2370 3106 idem

1282 3116 1369 3151 dicit
1386 3116 1612 3152 adiciendum
1627 3126 1707 3152 esse
1727 3116 1765 3151 in
1786 3117 2030 3161 stipulatione,
2055 3121 2095 3151 ut
2110 3120 2248 3151 tantum
2264 3125 2369 3161 prae-

1281 3165 1414 3204 stetur,
1448 3161 1573 3206 quanti
1596 3161 1879 3207 uniuscuiusque
1901 3162 2058 3204 intersit,
2089 3162 2120 3198 si
2142 3162 2211 3196 hoc
2234 3160 2370 3196 malue-

1280 3207 1368 3242 rint:
1395 3210 1553 3242 ceterum
1577 3206 1609 3242 si
1631 3207 1683 3242 ita
1704 3207 1823 3250 fuerit,
1846 3208 1972 3253 inquit,
1999 3210 2145 3242 cautum
2170 3206 2303 3250 ‘quanti
2326 3215 2369 3241 ea

1282 3255 1349 3288 ‘res
1368 3252 1458 3293 erit’,
1483 3251 1716 3295 dubitabitur,
1741 3256 1863 3287 utrum
1880 3253 1927 3287 ad
1950 3253 2059 3288 totius
2085 3250 2244 3296 corporis
2262 3250 2368 3286 aesti-

1279 3297 1471 3332 mationem
1501 3297 1593 3332 haec
1615 3298 1725 3334 verba
1747 3297 1994 3334 referuntur¹⁴
2025 3307 2072 3332 an
2094 3306 2178 3332 vero
2202 3295 2248 3330 ad
2272 3295 2368 3340 quod

1281 3342 1357 3378 eius
1379 3342 1530 3378 interest
1553 3342 1613 3388 qui
1637 3343 1841 3388 stipulatur.
1878 3353 1942 3387 ego
1992 3346 2054 3377 uto
2079 3345 2115 3377 et
2138 3340 2169 3376 si
2192 3341 2243 3375 sic
2259 3340 2368 3393 fuerit

1278 3388 1342 3424 uni
1366 3391 1511 3423 cautum
1535 3390 1544 3407 ‘
1570 3388 1671 3424 uanti
1693 3399 1737 3425 ea
1759 3399 1818 3424 res
1843 3389 1932 3430 erit',
1982 3386 2100 3423 efendi
2123 3396 2228 3438 posse
2252 3389 2367 3430 stipu-

1278 3433 1448 3513 lassionem
1479 3432 1543 3469 suf
1566 3444 1662 3470 cere:
1702 3434 1748 3470 ad
1784 3434 1902 3479 operis
1935 3432 2028 3467 enim
2060 3433 2294 3476 quantitatem
2324 3440 2368 3466 ea

1278 3489 1316 3514 re
1334 3482 1442 3514 ertur.

1325 3521 1379 3561 22
1410 3522 1653 3561 ΜΑιῑσΕιιυε
1686 3524 1778 3561 libro
1819 3524 1944 3569 quinto
1976 3521 2112 3557 decimo
2143 3520 2363 3573 fiiqestorun:

1279 3568 1346 3605 Cui
1369 3579 1461 3615 opus
1484 3580 1616 3607 novum
1639 3570 1841 3606 nuntiatum
1864 3571 1935 3611 est,
1959 3569 2042 3602 ante
2065 3575 2251 3601 remissam
2273 3576 2365 3601 nun-

1281 3685 1336 3726 (11)
1359 3684 1448 3718 idem
1461 3685 1512 3720 F’
1603 3687 1662 3726 (12)
1686 3694 1752 3725 qua
1764 3683 1922 3716 acciderit
1932 3693 1974 3715 ne
1986 3693 2039 3715 res
2049 3695 2111 3716 scr.
2205 3680 2264 3725 (18)
2286 3691 2360 3723 ope—

1280 3730 1326 3762 ris
1342 3731 1404 3763 del.
1499 3733 1556 3773 (14)
1583 3731 1769 3764 reserantur
1783 3729 1834 3763 F2

2050 3830 2090 3866 75
