2528 3918
164 112 374 156 XXVIIII
403 113 442 154 6.
468 114 489 152 7

163 235 242 271 eius
274 244 345 270 non
376 232 648 274 vindicaverint,
680 242 727 267 an
751 231 866 268 Titius
897 232 1006 268 nihilo
1038 233 1154 268 minus
1184 242 1246 269 eos

163 278 313 316 heredes
324 283 365 313 ut
377 277 538 323 indignos
556 286 728 313 accusare
743 278 858 323 possit
874 278 919 313 ob
936 277 983 319 id,
1032 277 1105 313 uod
1124 287 1248 314 necem

164 325 240 361 eius
264 334 336 359 non
359 322 632 364 vindicaverint,
663 332 731 358 nec
754 322 849 359 obsit
871 323 914 364 ei,
947 288 1043 367 quoqd
1065 323 1112 358 ab
1134 322 1249 359 isdem

165 368 476 405 fideicommissum
500 377 546 403 ex
558 371 772 403 testamento
796 367 922 403 fratris
939 368 1112 412 patruelis
1124 378 1248 404 conse·

165 418 269 450 cutus
293 413 351 448 sit.
398 412 583 457 respondit
604 412 693 448 nihil
715 413 878 458 proponi,
904 423 968 447 cur
991 413 1161 449 obstaret.

212 456 263 495 27
293 458 580 494 Gaul-amaros
599 457 691 494 libro
710 459 831 504 primo
856 457 900 492 de
923 458 1002 492 iure
1022 458 1106 503 fisci
1150 457 1188 494 Si
1207 457 1251 494 de

164 504 327 548 pluribus
350 501 541 539 heredibus
557 502 770 548 quibusdam
787 502 904 537 invitis
923 506 987 537 aut
1004 503 1253 548 ignorantibus

164 552 327 593 apertum
358 548 427 584 erit
456 551 728 590 testamentum,
764 558 837 583 non
868 548 1036 583 amittunt
1071 548 1253 594 portiones

164 603 249 629 suas
273 593 334 639 qui
358 593 466 638 culpa
489 596 624 628 carent.

659 730 694 771 V
728 731 753 773 ².

165 796 206 829 SI
230 795 335 833 QUIS
359 796 571 834 ALIQUEM
586 730 1136 875 ἓὲἒέἓὲἒΤΡΒΟΗῙΒΠΕΒΙΤ
1159 795 1251 829 VEL

214 906 233 945 1
254 907 471 944 ’napuras
482 908 573 945 libro
586 908 891 954 quadraqensimo
902 911 1028 944 octavo
1037 907 1087 943 ad
1098 907 1251 944 edictum

164 953 234 998 Qui
263 953 350 989 dum
369 964 413 989 ca
438 957 492 989 tat
519 953 749 989 hereditatem
773 953 964 998 legitimam
986 952 1043 989 vel
1065 963 1111 988 ex
1140 956 1247 988 testa·

163 1002 295 1041 mento,
311 999 415 1044 probi
441 999 493 1034 uit
503 998 809 1035 testamentarium
823 997 971 1034 introire
982 997 1123 1034 volente
1137 1008 1181 1033 eo
1196 996 1250 1032 fa·

164 1053 246 1080 cere
257 1047 506 1080 testamentum
519 1044 574 1079 vel
585 1048 733 1086 mutare,
742 1042 843 1079 divus
851 1042 1054 1078 Hadrianus
1067 1042 1253 1078 constituit

164 1088 330 1134 denegari
345 1089 379 1125 ei
394 1088 524 1125 debere
543 1089 702 1124 actiones
725 1088 978 1133 denegatisque
1001 1087 1035 1124 ei
1049 1087 1251 1124 actionibus

167 1137 181 1168 1
232 1134 321 1170 fisco
337 1134 454 1170 locum
471 1133 560 1169 fore.
609 1133 646 1169 Si
657 1133 821 1169 dominus
834 1133 916 1168 dolo
930 1132 1066 1175 fecerit,
1083 1143 1128 1169 ne
1139 1136 1250 1168 testa-

163 1183 321 1215 mentum
344 1183 554 1220 mutaretur,
578 1178 616 1213 in
639 1189 710 1231 quo
734 1189 858 1214 servus
882 1177 958 1213 eius
982 1177 1138 1223 scriptus
1161 1183 1249 1219 erat,

186 1224 324 1260 uamvis
339 1224 575 1259 manumissus
607 1223 735 1259 adierit
757 1222 1000 1265 hereditatem,
1035 1223 1195 1258 actiones
1217 1223 1250 1259 ei

186 1274 401 1314 enegantur,
426 1280 507 1304 cum
530 1273 567 1304 et
592 1268 712 1304 liberis
737 1268 813 1304 eius
829 1268 861 1303 si
881 1267 967 1312 quid
989 1267 1098 1303 fuerit
1116 1267 1249 1309 datum,

163 1314 329 1359 denegari
346 1314 485 1355 debeat,
509 1313 577 1349 etsi
600 1324 672 1348 non
695 1312 830 1348 fuerint
851 1313 888 1348 in
903 1316 1093 1358 potestate.
1141 1312 1205 1349 sed
1220 1313 1252 1349 si

162 1359 317 1404 legatum
355 1359 388 1394 ei
412 1358 575 1394 relictum
599 1358 646 1394 sit
671 1357 778 1411 idque
803 1358 991 1394 restituere
1025 1358 1073 1394 sit
1092 1362 1250 1403 rogatus,

163 1414 384 1457 consequens
408 1403 476 1456 erit
498 1403 616 1470 dicere
640 1403 779 1438 admitti
801 1413 884 1456 eum
901 1402 948 1438 ad
963 1403 1130 1448 legatum,
1155 1403 1252 1449 quod

162 1448 756 1539 ¹2¹⁰”s31'3f0332b13'32322’1233&
775 1448 907 1529 ἒὲῗῖῗι
922 1448 1250 1530 {intfflffffl

161 1539 244 1580 rint,
269 1549 340 1584 quo
360 1538 475 1574 minus
492 1542 744 1574 testamentum
761 1542 969 1581 mutaretur,
989 1538 1178 1574 dicendum
1197 1542 1253 1575 est

162 1583 322 1620 actiones
341 1584 504 1619 omnibus
529 1583 705 1628 denegari,
730 1583 815 1628 quia
829 1594 953 1619 omnes
970 1583 1053 1619 dolo
1076 1583 1250 1620 fecerunt.

208 1627 234 1666 2
258 1628 315 1664 ΡΑ
322 1638 367 1665 σι,
374 1638 418 1664 vs
438 1629 530 1664 libro
605 1629 859 1675 adraqensimo
883 1632 1015 1674 quarto
1031 1628 1082 1664 ad
1096 1629 1251 1664 edictum

164 1674 201 1709 Si
224 1673 303 1720 quis
328 1673 411 1710 dolo
434 1673 529 1709 malo
568 1673 689 1715 ecerit,
723 1677 765 1708 ut
786 1677 897 1710 testes
927 1684 1000 1709 non
1030 1673 1184 1716 veniant,
1215 1677 1252 1710 ct

160 1729 226 1765 per
248 1719 319 1755 hoc
340 1718 528 1755 deficiatur
551 1718 705 1754 facultas
728 1718 933 1754 testamenti
951 1718 1119 1762 faciendi,
1143 1718 1250 1755 dene-

161 1764 299 1809 gandae
321 1767 406 1800 sunt
428 1763 588 1799 actiones
612 1763 646 1799 ei
677 1763 739 1808 qui
763 1763 846 1800 dolo
877 1763 1014 1806 fecerit,
1039 1764 1113 1800 sive
1135 1764 1149 1799 I
1195 1763 1250 1799 ‘ti-

165 1814 179 1844 1
229 1820 309 1844 mus
320 1809 424 1844 heres
441 1809 489 1844 sit
500 1808 573 1844 sive
584 1808 704 1854 prlore
718 1812 932 1845 testamento
944 1809 1015 1844 scri
1041 1812 1112 1845 tus.
1192 1819 1250 1845 ra-

163 1857 182 1889 2
228 1854 293 1890 tris
318 1858 437 1890 autem
459 1853 596 1889 factum
618 1853 722 1889 fratri
745 1865 818 1889 non
840 1858 957 1890 nocet.
1030 1853 1044 1889 i
1066 1854 1151 1890 fidei
1171 1854 1250 1890 eius

161 1899 223 1945 qui
254 1899 375 1934 dolum
406 1899 549 1934 admisit
583 1899 810 1934 commissum
840 1903 914 1942 est,
946 1902 989 1934 ut
1017 1899 1251 1936 hereditatem

160 1944 382 1980 restitueret:
406 1954 450 1980 ea
459 1944 640 1979 hereditas
653 1944 790 1979 caduca
809 1954 890 1979 cum
900 1944 976 1980 suis
997 1944 1164 1981 oneribus
1176 1945 1250 1987 fiet,

160 1993 203 2025 ut
225 1989 448 2025 commodum
471 1988 559 2033 legis
576 1989 757 2025 Falcidiae
773 1989 884 2026 fiscus
899 1989 1041 2032 sentiat,
1065 1989 1250 2026 dodrantis

161 2037 281 2070 autem
304 2034 664 2081 fideicommissarius.

207 2077 232 2118 3
258 2079 505 2114 Palu-mimos
533 2079 624 2115 libro
660 2080 786 2125 quinto
822 2079 959 2115 decimo
994 2090 1251 2134 responsorum

161 2124 297 2166 Virum,
324 2124 385 2170 qui
408 2135 480 2160 non
502 2134 567 2169 per
589 2123 659 2159 vim
682 2135 749 2160 nec
769 2124 900 2167 dolum,
949 2135 997 2161 uo
1013 2135 1130 2161 minus
1146 2136 1250 2169 uxor,

162 2173 289 2206 contra
311 2180 393 2205 euin
415 2173 553 2204 mutata
575 2169 769 2211 voluntate,
803 2169 915 2205 codic·
944 2180 986 2206 os
1008 2169 1163 2213 faceret,
1195 2171 1250 2206 in·

160 2218 386 2256 tercesserat,
411 2214 475 2250 sed
497 2218 539 2249 ut
561 2214 638 2250 fieri
661 2214 810 2256 adsolet,
835 2215 1008 2251 offensam
1023 2225 1152 2260 aeg-rae
1175 2227 1248 2251 mua

160 2259 256 2296 lieris
288 2259 443 2295 maritali
474 2270 636 2295 sermone
666 2259 871 2312 placaverat
879 2261 907 2302 ⁴,
945 2260 985 2295 in
1016 2261 1150 2296 crimen
1179 2272 1252 2297 non

160 2304 328 2341 incidisse
353 2315 410 2340 res
438 2304 532 2346 ondi,
557 2314 624 2340 nec
647 2315 680 2340 ei
705 2304 801 2350 quod
815 2308 1029 2341 testamento
1053 2305 1172 2342 fuerat
1187 2306 1250 2342 da-

160 2354 238 2386 tum
259 2349 407 2386 auferen
432 2360 504 2385 um.

738 2486 752 2507 ³

417 2552 480 2586 DE
503 2552 615 2585 IURE
640 2486 993 2588 (xgmnimaum.

181 2664 191 2673 ο
210 2618 230 2657 1
264 2618 458 2672 vannos
486 2619 578 2656 libro
611 2624 743 2672 quarto
775 2619 1060 2666 disputationum
1105 2620 1249 2675 §aepis-

161 2668 1249 2762 :ntitffixfflwiiaffiffitffl,intratam

159 2754 199 2791 id
219 2754 347 2796 valere,
372 2754 482 2790 videri
504 2765 570 2790 nec
596 2754 778 2791 codicillos
801 2754 950 2791 fecisse:
979 2755 1131 2802 ideoque
1155 2757 1250 2802 quod

159 2799 199 2836 in
220 2799 282 2835 illo
305 2803 517 2835 testamento
533 2799 705 2844 scriptum
722 2803 788 2841 est,
804 2800 890 2836 licet
904 2800 1006 2846 quasi
1021 2800 1060 2836 in
1076 2801 1248 2838 codicillis

160 2844 294 2891 poterit
316 2844 443 2883 valere,
467 2848 586 2880 tamen
609 2856 682 2881 non
705 2845 865 2881 debetur.

207 2886 234 2927 2
258 2888 281 2925 1
286 2899 451 2925 omnes
486 2890 576 2925 libro
616 2891 797 2936 triqesimo
837 2891 987 2937 septimo
1027 2891 1247 2938 diaestorum

162 2933 201 2971 Si
223 2933 269 2977 ei,
292 2933 354 2980 qui
375 2938 460 2979 post
480 2938 731 2970 testamentum
754 2935 891 2971 factum
905 2939 943 2972 et
965 2939 1047 2972 ante
1065 2936 1247 2973 codicillos

161 2979 316 3026 scriptos
347 2983 453 3015 natus
485 2984 601 3022 esset,
638 2980 811 3017 codicillis
840 2991 906 3026 per
936 2980 1248 3018 fideicommissum

164 3028 180 3060 1
230 3023 366 3070 aliquid
389 3024 553 3066 daretur,
586 3025 671 3061 utile
702 3030 768 3061 est.
815 3025 920 3070 Quod
943 3026 975 3062 si
997 3026 1049 3069 ei,
1081 3026 1142 3072 qui
1164 3031 1249 3073 post

160 3073 412 3107 testamentum
428 3069 562 3104 factum
577 3074 614 3105 et
630 3075 821 3115 antequam
837 3070 992 3107 codicilli
1007 3071 1248 3108 scriberentur

161 3118 324 3151 mortuus
347 3118 453 3157 esset,
477 3114 599 3150 datum
622 3120 728 3158 esset,
752 3126 903 3161 pronon
925 3116 1060 3162 scripto
1082 3117 1246 3153 habetur.

162 3163 183 3195 2
232 3159 481 3196 Codicillorum
504 3159 560 3212 ius
584 3159 761 3204 singulare
784 3165 856 3204 est,
880 3165 921 3196 ut
943 3171 1188 3215 quaecumque
1209 3162 1248 3197 in

161 3204 218 3242 his
241 3204 443 3242 scribentur
457 3204 603 3250 perinde
627 3205 855 3249 haberentur,
880 3216 923 3242 ac
935 3217 967 3242 si
982 3205 1020 3242 in
1034 3210 1247 3243 testamento

162 3249 299 3296 scripta
327 3252 459 3286 essent.
510 3249 662 3294 ideoque
686 3260 804 3293 servo,
861 3251 899 3287 ui
929 3251 1131 3287 testamenti
1160 3251 1249 3287 facti

162 3299 323 3340 tempore
343 3294 527 3331 testatoris
550 3293 688 3335 fuisset,
713 3295 825 3330 codic·
855 3307 957 3332 orum
979 3299 1138 3342 tempore
1161 3296 1246 3333 alie·

161 3350 242 3383 nus,
274 3351 347 3376 non
369 3343 468 3376 recte
489 3339 636 3375 libertas
667 3339 803 3392 directa
833 3340 951 3376 datur.
998 3346 1036 3378 et
1058 3345 1183 3377 contra
1205 3341 1247 3385 si,

163 3395 243 3420 cum
266 3389 516 3421 testamentum
539 3383 667 3426 fiebat,
699 3384 835 3421 alienus
866 3389 972 3426 esset,
1005 3386 1248 3422 codicillorum

164 3432 322 3476 tempore
345 3429 545 3471 testatoris,
576 3428 793 3474 intelleffl‘tur
824 3430 939 3467 alieno
970 3441 1071 3467 servo
1101 3431 1248 3468 libertas

164 3542 205 3585 (ι)
229 3542 310 3576 Sab.
324 3550 346 3577 1.
362 3550 397 3586 ²3
421 3542 503 3586 Pap.
517 3550 545 3576 ³.
567 3542 652 3576 Bas.
667 3543 721 3582 35,
735 3549 761 3576 4.
776 3560 819 3567 -
837 3541 887 3585 cs.
904 3543 981 3577 Cod.
995 3545 1027 3584 6,
1040 3550 1076 3579 84
1142 3544 1248 3587 (aad

165 3588 267 3630 §icjt
282 3588 328 3621 D.
342 3589 397 3629 38,
411 3595 480 3628 is,i
580 3587 623 3629 (s)
648 3586 826 3620 habiturus
838 3587 958 3622 sitscr.
1057 3589 1103 3631 (⁴)
1127 3588 1244 3632 placu-

164 3632 367 3717 mlgfsab.
390 3684 465 3711 ι...4.
488 3684 568 3712 oms.
584 3685 635 3717 ως
676 3676 760 3720 Pap.
781 3685 808 3711 s.
831 3683 943 3711 io...1⁴.
972 3685 1015 3711 ιο.
1042 3685 1093 3717 173
1126 3679 1191 3712 Ed.
1214 3685 1244 3713 ο.

162 3727 281 3755 is...2o.
293 3740 334 3745 —
346 3722 431 3755 Βω.
442 3724 496 3762 36,
507 3730 529 3756 ι.
540 3740 583 3746 -
594 3720 645 3766 Cjt
656 3721 736 3756 Ima
748 3723 779 3763 2,
790 3728 837 3762 2⁵3
854 3720 928 3756 Coei.
939 3724 970 3762 6,
980 3729 1016 3756 ac
1053 3725 1097 3764 (c)
1110 3723 1247 3756 herede·

1238 106 1321 154 414
1504 48 1565 128 Ὗ

1565 139 1572 145 κ
1590 155 1606 159 2
1634 122 1676 154 81
1705 121 1806 160 QUIS
1834 122 2037 162 ALlQUEM
2063 122 2185 154 'ms'n
2214 122 2397 154 Paomis.

1318 230 1414 266 data.
1459 234 1497 267 et
1518 230 1598 274 ideo
1620 231 1706 268 licet
1728 231 1884 268 directae
1913 233 2096 269 libertates
2127 232 2314 275 deficiunt,
2346 240 2398 269 at·

1319 279 1339 311 3
1385 279 1506 312 tamen
1521 276 1567 312 ad
1583 276 1928 314 fideicommissarias
1944 277 2099 314 eundum
2115 281 2180 314 est.
2227 277 2400 314 Furiosus

1318 331 1391 356 non
1413 320 1628 375 intellegitur
1644 321 1827 375 codicillos
1842 321 1972 366 facere,
1998 322 2163 375 quia-nec
2179 322 2277 376 aliud
2299 323 2399 376 quic·

1319 375 1546 447 {⁰⁸33}ssss
1563 377 1625 447 ’ἔοι
1646 370 1976 466 ςωὲεῗέηὲἻοξῗ
1987 371 2170 449 affl?
2182 368 2400 449 mn‘ssfflllss

1321 458 1532 508 testamento
1554 455 1725 493 inutiliter
1748 457 1833 492 data
1855 468 1927 493 non
1955 462 2075 503 potest
2104 456 2275 494 codicillis
2299 458 2402 503 quasi

1320 499 1499 536 hereditas
1530 500 1749 541 confirmari.
1788 501 1854 538 sed
1886 512 1931 538 ex
1960 501 2233 539 fideicommisso
2267 503 2402 549 petitur

1321 544 1420 582 salva
1441 545 1578 582 ratione
1599 545 1687 591 legis
1710 546 1902 583 Falcidiae.

1368 587 1392 628 3
1417 588 1526 625 IDEM
1544 591 1634 627 libro
1659 592 1865 638 triqensimo
1889 602 1984 628 nono
2003 593 2223 640 diqestorum
2270 591 2309 628 Si
2322 593 2401 638 quis

1323 645 1405 671 cum
1427 638 1677 671 testamentum
1692 636 1829 672 nullum
1845 637 2009 679 habebat,
2035 638 2207 675 codicillis
2221 636 2401 676 fideicom-

1322 680 1432 717 missa
1453 681 1522 716 hoc
1545 680 1649 717 modo
1672 681 1786 717 dedit:
1820 682 1991 728 ‘quisquis
2013 683 2099 719 mihi
2120 684 2224 721 heres
2247 685 2316 721 erit
2338 686 2401 721 bo-

1322 726 2188 811 lissffimvssgffi⁸issianss¹⁰⁸uffffiffiffiss
2221 729 2402 812 ¹⁵3?ssssss

1321 815 1430 852 menti
1469 815 1643 852 actionem
1666 783 1839 852 habet'e‘tl
1858 827 1901 852 co
1928 817 2040 854 'cillos
2071 786 2240 862 faceret?
2256 821 2403 866 perinde

1320 860 1447 896 haberi
1469 860 1593 904 debet,
1624 871 1668 897 ac
1691 862 1723 898 si
1745 872 1868 898 omnes
1898 862 2048 899 heredes
2071 863 2148 900 eius
2171 870 2293 901 essent
2301 867 2326 909 ⁶,
2357 866 2404 902 ad

1320 916 1411 951 quos
1442 905 1598 950 legitima
1620 906 1696 942 eius
1719 907 1899 943 hereditas
1932 907 1989 943 vel
2017 908 2194 945 bonorum
2222 912 2404 956 possessio

1323 954 1339 986 1
1387 955 1602 996 perventura
1624 955 1730 988 esset.
1778 951 1848 988 Sed
1870 956 1907 988 et
1929 953 1961 988 si
1982 957 2067 998 post
2081 954 2264 992 codicillos
2288 955 2403 993 factos

1318 999 1425 1031 natus
1449 996 1527 1041 quis
1550 1000 1646 1032 esset
1673 996 1858 1042 proximus
1889 997 2063 1042 adgnatus
2094 999 2150 1035 vel
2180 1010 2266 1037 suus
2288 1001 2404 1042 heres,

1320 1040 1666 1078 fideicommmissum
1689 1042 1865 1087 praestari
1888 1042 2049 1079 debebit:
2073 1044 2289 1090 intellegitur
2310 1047 2404 1082 enim

1318 1085 1350 1166 ¹2⁸
1375 1087 1654 1168 Ἧίΐὲἓὲιὴὲἔθξῑ
1667 1086 1832 1168 ῗιῖἰῑὲξέι
1846 1087 2405 1173 ῗοὲᾶὲἓᾱιῖῗῖἷοξθὴἓὲἓωῗὲἓῗᾶ

1319 1175 1415 1212 facto
1447 1177 1587 1212 etiamsi
1618 1143 1773 1212 codicilli
1803 1177 1841 1212 in
1871 1188 1914 1213 eo
1946 1178 2147 1215 confirmati
2179 1191 2252 1216 non
2273 1186 2403 1223 essent.

1319 1221 1410 1256 vires
1434 1225 1554 1257 tamen
1576 1232 1621 1258 ex
1643 1232 1687 1258 eo
1704 1222 1856 1267 capient.
1904 1222 2055 1268 denique
2077 1223 2110 1260 si
2131 1235 2178 1261 ex
2192 1228 2406 1263 testamento

1318 1266 1500 1303 hereditas
1523 1266 1622 1302 adita
1636 1277 1709 1303 non
1723 1267 1861 1311 fuisset,
1886 1267 2197 1306 fideicommissum
2213 1281 2259 1306 ex
2280 1271 2404 1308 huius·

1319 1311 1415 1347 modi
1440 1311 1611 1348 codicillis
1634 1311 1766 1348 numus
1790 1313 1959 1349 momenti
1980 1314 2057 1349 erit.

1366 1355 1392 1394 4
1416 1356 1525 1392 Imm
1543 1357 1634 1393 libro
1657 1359 1887 1404 sexaqesimo
1911 1360 2015 1394 tertio
2033 1359 2253 1403 dioestorum
2298 1361 2405 1404 Eum,

1405 1402 1660 1493 fflfflffit
1709 1448 2102 1493 Μ,
2136 1406 2407 1497 griffi

1668 1473 1677 1490 9

1320 1492 1489 1528 solvendo
1514 1503 1586 1528 non
1609 1492 1727 1528 fuerit.

1367 1536 1392 1575 5
1418 1537 1687 1573 'PAPINIANUS
1708 1538 1800 1574 libro
1822 1548 1842 1573 s
1889 1542 1974 1574 tamo
2008 1549 2265 1585 responsorum
2310 1543 2406 1578 Ante

1319 1582 1460 1618 tabulas
1490 1582 1694 1619 testamenti
1725 1548 1886 1619 codiciffiI
1916 1583 2004 1618 facti
2041 1594 2113 1620 non
2143 1585 2246 1622 aliter
2275 1587 2405 1625 valent.

1320 1638 1427 1709 iffi?
1442 1627 1716 1709 Zssnoefimmffi?
1734 1628 1988 1709 ἓὲέοἳξῗηὶἳέε
2001 1627 2407 1713 Ὑσᾛθᾝίξέῗῗὲ

1318 1717 1450 1753 indicio
1466 1717 1678 1754 retineatur:
1703 1717 1768 1754 sed
1789 1729 1863 1754 non
1887 1719 2121 1755 servabuntur
2136 1686 2206 1763 ea:l
2215 1720 2259 1757 de
2276 1688 2407 1767 quilius

1319 1763 1424 1798 aliter
1447 1762 1638 1799 defunctus
1661 1763 1850 1799 novissime
1873 1762 2054 1799 iudicavit.

1365 1805 1391 1845 6
1418 1807 1677 1843 ’ΜΑκσιΑΝσε
1708 1808 1801 1844 libro
1831 1809 1982 1854 septimo
2015 1809 2278 1845 institutionum
2324 1811 2406 1847 Divi

1321 1853 1470 1890 Severus
1494 1856 1531 1889 et
1553 1853 1758 1889 Antoninus
1789 1853 2053 1899 rescripserunt
2082 1854 2171 1890 nihil
2192 1855 2308 1900 egisse
2330 1867 2405 1892 ma·

1319 1902 1421 1940 trem,
1446 1908 1548 1951 quae,
1575 1908 1655 1934 cum
1670 1908 1760 1944 pure
1782 1898 1915 1935 liberos
1938 1908 2022 1934 suos
2037 1898 2186 1936 heredes
2201 1900 2405 1945 instituerit,

1320 1943 1565 1980 condicionem
1597 1943 1890 1989 emancipationis
1930 1943 2102 1981 codicillis
2133 1945 2281 1985 adiecit,
2323 1946 2407 1991 quia

1318 1999 1434 2034 neque
1459 1988 1703 2024 condicionem
1726 1988 1848 2025 heredi
1870 1988 2033 2025 instituto
2051 1989 2223 2026 codicillis
2240 1991 2380 2027 adicere
2393 1991 2408 2012 ⁹

1322 2037 1338 2069 1
1375 2045 1420 2070 ne
1446 2044 1491 2069 ue
1503 2033 1721 2070 substituere
1732 2034 1868 2070 directo
1879 2037 2009 2079 potest.
2034 2033 2225 2072 Codicillos
2237 2040 2273 2071 et
2283 2036 2404 2082 plures

1320 2079 1400 2124 quis
1462 2089 1543 2115 cere
1565 2083 1686 2124 potest
1708 2083 1746 2115 et
1766 2079 1880 2124 ipsius
1898 2089 2006 2114 manu
2027 2090 2053 2115 n
2098 2090 2143 2116 ue
2166 2080 2277 2117 scribi
2291 2092 2405 2127 neque

1321 2126 1341 2159 2
1388 2124 1520 2169 sig-nari
1542 2134 1689 2160 necesse
1712 2128 1779 2160 est.
1833 2124 1937 2160 Licet
1954 2124 1994 2159 in
2017 2135 2059 2160 co

2165 2125 2283 2162 atione
2307 2127 2404 2162 codi-

1320 2169 1483 2205 cillorum
1505 2173 1609 2215 pater
1631 2168 1783 2205 familias
1807 2169 1987 2212 adiecerit,
2018 2173 2060 2205 ut
2082 2181 2155 2206 non
2177 2170 2265 2207 alias
2288 2172 2405 2208 valere

1319 2214 1405 2250 velit
1426 2224 1546 2267 quam·
1558 2224 1625 2250 sua
1646 2224 1755 2249 manu
1777 2215 1935 2267 signatos
1958 2218 1996 2250 et
2017 2215 2159 2251 subscri
2184 2220 2251 2258 tos,
2286 2220 2406 2271 tamen

1319 2259 1439 2350 iffi}
1451 2258 2263 2350 ssfflffliisssscssssssiffffhffissssss2nffl⁰essqffl
2276 2266 2408 2343 ⁸¹⁸0&

1321 2352 1341 2385 3
1388 2352 1561 2429 feruntur
1582 2348 1763 2403 prioribus
1779 2349 1962 2394 derogant.
2010 2349 2200 2386 Codicillos
2216 2350 2247 2386 is
2288 2362 2405 2387 emum

1321 2398 1341 2429 4
1404 2404 1508 2430 acere
1523 2397 1654 2439 potest,
1673 2405 1734 2439 qui
1749 2398 1786 2430 et
1807 2398 2059 2430 testamentum
2070 2394 2189 2431 facere
2203 2399 2332 2440 potest.
2366 2397 2403 2433 Si

1319 2443 1403 2485 post
1423 2443 1675 2475 testamentum
1705 2439 1841 2475 factum
1871 2443 2013 2475 mortuo
2044 2439 2216 2476 codicillis
2251 2441 2330 2486 quis
2353 2442 2404 2478 le-

1365 2485 1458 2564 νῖτίι·
1477 2485 1562 2564 uscia
1583 2487 1797 2520 testamento
1822 2483 2051 2527 confirmatis,
2083 2495 2151 2530 pro
2173 2496 2247 2521 non
2269 2486 2404 2532 scripto

1416 2541 1476 2565 um
1523 2534 1550 2564 t.

1366 2574 1390 2613 7
1415 2574 1522 2610 Iesu
1549 2575 1640 2610 libro
1671 2574 1827 2610 secundo
1858 2574 2067 2621 regularum
2120 2574 2302 2619 Quaedam
2332 2587 2406 2613 non

1318 2621 1523 2658 referuntur
1545 2619 1592 2655 ad
1616 2619 1763 2655 confirm'
1764 2619 1918 2655 ationem
1950 2619 2212 2663 codicillorum,
2242 2621 2351 2657 veluti
2372 2621 2404 2657 si

1319 2669 1403 2702 ante
1426 2664 1668 2711 captivitatem
1691 2665 1771 2709 quis
1802 2664 1985 2700 codicillos
2017 2664 2278 2701 confirmaverit
2307 2672 2344 2702 et
2365 2668 2404 2702 in

1319 2710 1525 2757 captivitate
1549 2709 1731 2746 codicillos
1755 2709 1907 2746 scribat:
1933 2719 2016 2745 nam
2038 2720 2111 2745 non
2133 2710 2261 2746 valent.
2307 2711 2402 2747 idem

1318 2761 1384 2800 est,
1408 2755 1440 2791 si
1462 2755 1581 2801 aliquo
1596 2757 1623 2778 ¹¹
1647 2754 1752 2790 modo
1774 2754 1831 2791 ius
1854 2754 2060 2791 testamenti
2082 2755 2237 2792 faciendi
2259 2755 2404 2792 desierit

1321 2809 1335 2836 1
1385 2801 1530 2837 habere.
1577 2800 1769 2836 Praeterea
1797 2800 1837 2835 in
1857 2800 1948 2842 illis,
1983 2810 2075 2844 quae
2105 2811 2178 2836 non
2199 2801 2307 2843 iuris,
2339 2801 2403 2837 sed

1317 2846 1405 2882 facti
1426 2849 1522 2888 sunt,
1546 2855 1619 2882 non
1640 2847 1698 2881 est
1717 2844 1864 2890 perinde
1887 2845 2089 2881 habendum
2112 2845 2207 2890 qnod
2231 2846 2401 2882 codicillis

1318 2891 1496 2934 scribitur,
1528 2894 1636 2944 atque
1658 2889 1691 2925 si
1712 2890 1776 2925 ubi
1799 2889 2021 2926 confirmatio
2052 2890 2225 2936 scriptum
2255 2890 2399 2927 fuisset:

1317 2936 1427 2973 veluti
1449 2936 1481 2972 si
1502 2935 1555 2971 ita
1575 2946 1615 2970 in
1642 2934 1813 2971 codicillis
1838 2935 2009 2980 scriptum
2031 2935 2120 2971 erit:
2144 2938 2287 2971 ‘vestem
2310 2946 2401 2981 quae

1317 2985 1409 3018 ‘mea
1430 2981 1511 3024 est’,
1535 2979 1779 3017 codicillorum
1795 2984 1866 3015 tem
1893 2991 1936 3016 us
1954 2979 2199 3025 spectandum,
2233 2991 2305 3016 non
2329 2992 2400 3026 quo

1317 3026 1592 3087 confirmantur:
1622 3025 1707 3061 item
1719 3025 1748 3046 ¹²
1779 3025 1822 3060 ‘si
1877 3025 1961 3060 itius
1985 3025 2084 3061 vivus
2108 3025 2175 3061 est’
2198 3025 2255 3061 vel
2277 3026 2322 3061 ‘si
2346 3029 2401 3061 tot

1315 3069 2401 3168 ῃῗέωέἒῗαέξὲέᾛθᾷἓῗῃῗξὶῗίωᾝᾞηᾟοω

1362 3159 1388 3200 8
1411 3127 1571 3198 spanos
1606 3160 1698 3197 libro
1735 3159 1916 3206 smqrdart
1953 3159 1998 3194 de
2035 3170 2115 3195 ture
2153 3160 2401 3196 codicillorum

1317 3205 1562 3243 conficiuntur
1594 3204 1748 3241 codicilli
1778 3207 1947 3250 quattuor
1975 3204 2108 3241 modis:
2148 3209 2212 3240 aut
2239 3205 2333 3241 enim
2362 3206 2401 3241 in

1315 3252 1476 3288 futurum
1492 3250 1748 3287 confirmantur
1762 3252 1826 3285 aut
1839 3249 1877 3285 in
1891 3250 2123 3295 praeteritum
2142 3254 2206 3285 aut
2218 3260 2285 3296 per
2298 3249 2399 3287 fidei-

1316 3296 1543 3333 commissum
1558 3296 1585 3317 ¹³
1615 3298 1828 3347 testamento
1859 3293 1957 3347 facto
1988 3298 2053 3330 aut
2075 3294 2152 3331 sine
2175 3299 2398 3332 testamento.

1318 3345 1334 3378 1
1384 3340 1454 3377 Sed
1475 3340 1556 3377 ideo
1579 3339 1853 3376 fideicommissa
1874 3338 1951 3374 dari
1984 3344 2138 3385 possunt
2159 3340 2206 3375 ab
2228 3340 2399 3377 intestato

1315 3385 1602 3427 succedentibus,
1627 3384 1793 3431 quoniam
1810 3383 1967 3420 creditur
1981 3389 2084 3430 pater
2103 3384 2257 3421 familias
2272 3396 2289 3422 s
2317 3389 2400 3421 onte

1316 3434 1337 3467 2
1383 3441 1451 3467 sua
1472 3430 1528 3466 his
1551 3430 1749 3475 relinquere
1778 3428 1970 3474 legitimam
2003 3429 2246 3466 hereditatem.
2345 3429 2398 3466 di·

1314 3544 1387 3577 cius
1399 3544 1522 3584 essent]
1535 3542 1673 3577 heredes
1685 3552 1756 3576 esse
1767 3542 1922 3575 iussisset
1935 3542 2099 3588 Seliillinq
2190 3544 2236 3587 (7)
2259 3559 2305 3573 ⁸-
2317 3543 2398 3578 Inse.

1315 3590 1347 3629 2,
1369 3595 1416 3630 25,
1430 3595 1443 3623 i
1537 3589 1583 3630 (8)
1608 3600 1692 3632 pare
1699 3599 1753 3631 pr.
1766 3594 1798 3621 et
1811 3591 1827 3627 ἐ
1842 3595 1855 3622 i
1867 3603 1912 3617 —
1928 3587 2009 3622 Ince.
2023 3588 2056 3627 2,
2077 3594 2126 3629 25,
2138 3595 2156 3623 2
2237 3589 2282 3630 (9)
2307 3587 2398 3620 adie-

1314 3643 1389 3668 oore
1402 3633 1438 3663 F·
1561 3634 1621 3674 (ιο)
1646 3631 1830 3675 subscripti
1842 3642 1908 3666 scr.
2023 3634 2079 3674 (ιι)
2103 3633 2171 3665 alio
2188 3643 2255 3676 quo
2268 3633 2396 3667 Brane-

1314 3690 1450 3713 mznnue
1561 3679 1621 3720 (12)
1646 3677 1675 3710 si
1688 3678 1750 3711 ins.
1872 3679 1929 3719 (1³)
1953 3677 2225 3711 fldioommissum
2237 3678 2272 3711 F
