2528 3918
0 0 218 18 w*
226 0 237 4 ⁷*

105 134 312 186 rnuvun
340 151 580 186 moenum

121 269 305 313 praestare
342 264 548 312 cogendum.
602 263 634 300 si
666 264 787 299 tamen
823 262 986 299 dominus
1027 262 1204 300 desideret

120 312 238 349 caveri
267 311 336 348 sibi
365 310 485 348 damni
514 308 638 345 infecti
667 308 715 344 ab
745 318 805 352 eo,
844 318 888 344 ex
923 308 1024 345 cuius
1055 307 1201 355 praedio

121 360 141 394 3
188 360 294 394 nocet
305 358 329 402 ¹,
359 354 609 402 aequissimffln
634 353 701 389 erit
724 352 866 389 caveri²
889 358 1065 398 oportere.
1112 354 1203 390 Item

121 403 150 438 si
174 413 246 438 non
269 412 353 447 ego,
383 400 447 438 sed
475 402 691 445 procurator
720 408 819 434 meus
848 398 920 434 tale
953 409 1042 444 opus
1067 398 1201 443 fecerit,

122 451 162 484 ut
182 457 279 493 aqua
301 445 422 493 pluvia
443 448 572 480 noceat
594 443 729 486 vicino,
754 443 924 479 adversus
948 455 1005 480 me
1027 445 1202 481 hactenus

121 493 187 528 erit
210 492 322 534 actio,
351 493 526 543 quatenus
550 489 743 525 adversus³
767 488 950 525 colonum:
982 490 1060 536 ipse
1083 493 1203 525 autem

121 540 330 583 procurator
365 535 556 571 interdicto
596 534 691 587 quod
729 534 762 569 vi
797 537 861 569 aut
898 534 988 569 clam
1024 534 1204 570 conveniri

119 582 250 628 poterit
272 580 466 618 secundum
483 579 614 615 Iuliam
633 579 857 624 sententiam,
883 580 988 615 etiam
1009 584 1092 626 post
1111 590 1203 626 opus

119 639 137 663 r
176 627 331 663 titutum.

138 638 188 710 es5
213 671 268 708 Pa
276 680 370 706 vsvs
395 670 487 706 libro
517 669 821 723 quadraqensimo
851 680 947 705 nono
977 669 1028 706 ad
1048 670 1202 706 edictum

119 717 155 753 Si
187 716 333 753 colonus
366 715 540 751 insciente
578 715 719 751 dommo
756 725 847 760 opus
879 714 1020 759 fecerit,
1057 725 1101 751 ex
1132 725 1202 760 quo

117 762 234 807 aqua⁴
255 760 371 797 vicino
396 763 535 801 noceat,
560 760 683 795 Labeo
707 760 891 805 respondit
909 761 1074 796 colonum
1092 761 1202 795 inter-

117 807 210 842 dicto
235 805 330 851 quod
353 805 387 840 vi
410 809 474 841 aut
498 805 589 841 clam
612 806 744 848 teneri,
778 805 959 841 dominum
988 816 1071 841 vero
1101 805 1203 840 fundi

116 861 231 897 aquae
253 850 394 897 pluviae
418 851 595 886 arcendae
618 850 776 893 actione,
810 851 894 896 quia
922 851 952 886 is
977 851 1075 886 solus
1099 851 1202 887 resti-

117 901 215 933 tuere
248 906 339 942 opus
401 899 511 932 otest:
552 895 614 931 sed
651 896 862 941 patientiam
900 896 1087 931 dumtaxat
1122 906 1204 932 eum

116 939 300 987 praestare
335 940 379 977 de
405 951 482 984 ere,
526 941 557 976 si
595 941 628 976 ei
663 940 782 976 damni
815 941 939 976 infecti
973 941 1204 987 stipulatione

116 990 296 1030 caveatur,
319 990 366 1028 et,
391 986 423 1023 si
446 996 553 1031 quam
569 986 765 1031 impensam
785 986 823 1022 in
840 987 1065 1022 restitutione
1085 986 1202 1032 operis

116 1032 258 1074 fecerit,
290 1035 566 1068 consecuturum
595 1041 618 1066 a
650 1031 776 1068 colono
807 1032 918 1067 locati
941 1032 1099 1067 actione:
1134 1032 1203 1067 nisi

115 1078 144 1113 si
169 1077 247 1122 quis
271 1076 350 1112 ideo
374 1087 447 1113 non
470 1080 589 1122 putet,
620 1077 788 1129 quoniam
817 1088 890 1113 non
918 1076 1027 1112 fuerit
1054 1086 1203 1112 necesse

114 1123 230 1168 ipsum
254 1122 452 1158 restituere.
495 1122 558 1158 sed
582 1121 613 1157 si
635 1132 734 1158 iussu
758 1122 891 1158 domini
914 1122 1067 1166 fecisset,
1093 1122 1199 1158 etiam

115 1167 301 1203 interdicto
327 1167 507 1204 dominum
531 1167 655 1202 teneri.

159 1210 184 1250 6
216 1212 410 1249 ULPIANUS
427 1212 518 1248 libro
540 1212 838 1258 quinquaqesimo
858 1212 962 1247 tertio
981 1212 1031 1248 ad
1048 1212 1202 1248 edictum

114 1257 151 1293 Si
173 1257 299 1294 tertius
322 1257 459 1293 vicinus
484 1268 574 1303 opus
598 1257 737 1300 fecerit,
770 1257 866 1292 unde
890 1256 1082 1293 decurrens
1107 1267 1201 1302 aqua

112 1313 177 1348 per
205 1302 357 1338 fundum
386 1302 492 1348 primi
520 1302 625 1338 vicini
655 1303 724 1337 mei
753 1302 839 1337 mihi
867 1306 1014 1345 noceat,
1047 1302 1202 1338 Sabinus

113 1348 166 1383 ait
194 1358 302 1394 posse
330 1357 386 1383 me
413 1348 469 1383 vel
501 1358 582 1383 cum
611 1348 725 1393 primo
757 1347 812 1383 vel
836 1357 917 1382 cum
940 1348 1046 1383 tertio
1071 1348 1202 1383 omisso

116 1397 127 1427 1
180 1394 294 1438 primo
319 1403 446 1438 agere:
472 1403 564 1438 quae
587 1392 764 1428 sententia
787 1402 872 1428 vera
895 1396 959 1428 est.
998 1392 1036 1428 Si
1058 1403 1101 1428 ex
1120 1393 1201 1446 plu-

112 1438 202 1473 rium
234 1437 346 1474 fundo
379 1438 573 1475 decurrens
604 1448 699 1483 aqua
730 1441 857 1473 noceat
887 1438 942 1473 vel
978 1438 1008 1473 si
1046 1438 1202 1483 plurium

112 1483 223 1520 fundo
247 1487 438 1526 noceatur,
461 1483 600 1536 placuit
622 1493 736 1528 eoque
759 1483 837 1518 iure
859 1483 1008 1526 utimur,
1039 1488 1097 1528 ut,
1128 1483 1202 1520 sive

112 1528 267 1572 plurium
291 1528 424 1565 fundus
447 1533 515 1571 sit,
539 1528 669 1573 singuli
691 1528 730 1563 in
751 1531 890 1574 partem
914 1538 958 1564 ex
985 1528 1144 1564 eriantur
1167 1532 1203 1564 et

112 1574 360 1610 condemnatio
385 1574 422 1609 in
445 1577 583 1619 partem
606 1573 688 1616 fiat,
720 1573 793 1609 sive
826 1584 907 1609 cum
930 1585 954 1619 p
968 1574 1093 1609 nribus
1117 1584 1138 1609 a
1162 1584 1200 1609 a·

112 1623 181 1662 tur,
205 1619 260 1655 sin
323 1619 331 1626 ’
356 1619 393 1656 in
413 1622 552 1665 partem
577 1619 833 1654 conveniantur
856 1622 892 1654 et
914 1619 952 1655 in
975 1622 1115 1664 partem
1165 1623 1203 1654 at

112 1668 132 1699 2
180 1675 247 1700 con
276 1664 442 1700 emnatio.
488 1663 576 1699 Inde
608 1665 808 1709 quaeritur,
841 1664 872 1700 si
904 1664 1085 1700 communi
1116 1674 1200 1709 agro

111 1719 187 1746 meo
221 1714 259 1746 et
290 1713 353 1745 tuo
386 1710 455 1745 ωε*
485 1709 631 1755 proprio
662 1719 747 1755 agro
770 1712 833 1745 tuo
857 1719 953 1754 aqua
975 1713 1122 1752 noceat,
1155 1720 1202 1745 an

111 1755 168 1800 agi
199 1754 314 1800 possit
342 1764 458 1800 aquae
481 1755 623 1800 pluviae
647 1754 843 1790 arcendae:
875 1758 911 1790 et
940 1758 1063 1800 putem
1094 1765 1200 1800 agen-

111 1804 131 1835 3
179 1799 274 1843 dum,
299 1799 351 1853 sic
373 1804 505 1853 tamen,
529 1803 570 1835 ut
592 1810 678 1852 pars
698 1800 818 1852 damni
837 1803 1051 1852 praestetur.
1088 1799 1202 1853 Versa

113 1855 254 1891 quoque
275 1855 352 1882 vice
376 1855 408 1884 st
431 1855 627 1881 commums
651 1855 737 1890 ager
756 1849 812 1888 sit,
838 1856 899 1890 qul
917 1849 1024 1881 nocet
1068 1856 1201 1891 roprio,

52 1922 55 1925 .
110 1891 244 1936 poterit
266 1900 383 1936 aquae
405 1890 548 1936 pluviae
571 1890 749 1926 arcendae
772 1890 840 1971 agi,
864 1893 906 1926 ut
929 1890 1008 1936 quis
1033 1856 1202 1926 ‹I’amnum

114 1939 135 1971 4
183 1939 435 1981 consequatur,
461 1935 524 1972 sed
546 1934 584 1971 in
607 1939 756 1981 partem.
818 1935 832 1970 i
855 1936 936 1988 quis
959 1935 1070 1982 prius,
1119 1946 1202 1971 nam

112 1991 228 2026 aquae
262 1981 404 2026 pluviae
438 1980 616 2016 arcendae
651 1990 673 2016 a
697 1984 751 2023 at,
788 1980 983 2017 dominium
1015 1981 1061 2017 ad
1092 1991 1114 2016 a
1129 1981 1202 2016 ium

110 2026 334 2062 transtulerit
351 2026 464 2068 fundi,
483 2026 614 2061 desinit
629 2026 678 2061 ha
704 2036 763 2062 ere
781 2036 897 2071 aquae
914 2026 1055 2071 pluviae
1076 2036 1200 2062 arcen-

111 2071 178 2108 dae
209 2071 386 2107 actionem
418 2081 532 2116 eaque
564 2071 610 2106 ad
641 2081 721 2106 eum
751 2071 938 2114 transibit,
980 2071 1082 2107 cuius
1117 2082 1201 2116 ager

111 2127 191 2153 esse
214 2117 351 2162 coepit:
383 2127 465 2152 cum
495 2116 587 2152 enim
619 2116 788 2151 damnum
817 2116 977 2152 futurum
1007 2117 1199 2158 contineat,

111 2162 158 2197 ad
189 2172 270 2198 eum
306 2162 366 2207 qui
402 2162 564 2198 dominus
600 2161 668 2197 erit
700 2161 848 2206 incipiet
881 2162 975 2197 actio
1010 2162 1199 2207 pertinere,

111 2207 281 2253 quamvis,
307 2218 387 2244 cum
410 2207 560 2243 alterius
584 2206 779 2242 dominium
803 2210 908 2250 esset,
934 2218 1025 2253 opus
1044 2217 1067 2242 a
1083 2207 1199 2243 vicino

112 2256 131 2287 5
180 2252 317 2289 factum
352 2252 410 2288 sit.
465 2252 592 2298 Aquae
626 2252 767 2298 pluviae
806 2251 984 2288 arcendae
1024 2252 1201 2288 actionem

112 2298 295 2334 sciendum
329 2301 385 2333 est
420 2308 494 2334 non
531 2297 568 2332 in
604 2308 695 2340 rem,
733 2297 796 2333 sed
825 2297 1073 2343 personalem‘3
1109 2308 1199 2333 esse.

112 2348 131 2377 6
180 2342 345 2378 Officium
368 2346 488 2379 autem
510 2341 638 2378 iudicis
662 2343 730 2378 hoc
755 2342 840 2385 erit,
869 2346 928 2385 ut,
959 2343 990 2379 si
1014 2343 1156 2389 quidem
1179 2353 1202 2378 a

111 2388 225 2424 vicino
250 2399 342 2433 opus
366 2387 504 2425 factum
526 2388 592 2429 sit,
624 2398 704 2423 eum
733 2388 857 2423 iubeat
888 2389 1077 2424 restituere
1102 2388 1201 2424 dam-

112 2444 266 2479 numque
289 2433 434 2476 sarcire,
459 2433 491 2470 si
516 2433 602 2478 quid
624 2436 709 2478 post
730 2433 829 2468 litem
854 2437 1091 2469 contestatam
1116 2444 1200 2469 con-

111 2478 209 2524 tigit:
241 2478 338 2524 quod
369 2478 400 2514 si
430 2482 514 2514 ante
536 2478 635 2514 litem
660 2482 898 2514 contestatam
923 2478 1091 2514 damnum
1115 2490 1199 2515 con-

116 2524 210 2569 tigit,
241 2527 381 2560 tantum
405 2534 497 2569 opus
521 2523 709 2559 restituere
734 2523 895 2566 debebit,
929 2524 1098 2560 damnum
1129 2535 1201 2560 non

114 2572 129 2602 7
179 2569 321 2605 sarciet.
364 2569 489 2605 Celsus
513 2568 649 2612 scribit,
674 2569 705 2605 si
729 2569 813 2614 quid
835 2569 912 2615 ipse
935 2569 1017 2612 feci,
1042 2580 1112 2615 quo
1135 2570 1201 2605 tibi

113 2623 207 2659 aqua
230 2613 350 2659 pluvia
373 2617 520 2657 noceat,
550 2624 631 2649 mea
660 2614 822 2659 impensa
845 2615 970 2650 tollere
991 2625 1048 2650 me
1072 2625 1200 2660 cogen-

114 2659 208 2702 dum,
232 2660 264 2695 si
287 2659 371 2704 quid
395 2659 486 2695 alius
510 2660 570 2704 qui
593 2659 639 2694 ad
663 2669 720 2695 me
740 2669 813 2694 non
831 2660 998 2705 pertinet,
1022 2659 1200 2703 sufficere,

115 2708 152 2739 ut
175 2705 292 2750 patiar
315 2709 351 2740 te
374 2704 511 2740 tollere.
559 2704 623 2740 sed
647 2704 677 2739 si
701 2714 823 2740 servus
846 2715 947 2740 meus
970 2704 1113 2748 fecerit,
1138 2709 1202 2740 aut

115 2749 143 2785 is
178 2749 234 2785 cui
263 2750 367 2785 heres
392 2760 471 2785 sum
494 2748 565 2785 hoc
587 2749 674 2785 fecit
684 2750 709 2791 ⁷,
741 2759 881 2785 servum
915 2750 1056 2794 quidem
1085 2761 1202 2786 noxae

116 2794 244 2830 dedere
276 2795 407 2831 debeo:
441 2794 536 2840 quod
570 2798 689 2831 autem
720 2794 750 2830 is
783 2795 841 2829 cui
869 2795 973 2831 heres
1002 2805 1082 2831 sum
1103 2795 1200 2838 fecit,

115 2843 131 2874 8
180 2839 328 2884 perinde
351 2843 424 2882 est,
461 2844 569 2884 atque
595 2839 626 2875 si
647 2840 726 2886 ipse
748 2839 923 2876 fecissem.
971 2841 1200 2877 Aestimatio-

113 2895 194 2920 nem
217 2888 335 2920 autem
359 2884 467 2920 iudex
489 2884 599 2921 faciet
621 2895 666 2921 ex
689 2885 741 2922 rei
765 2885 929 2928 veritate,
954 2886 1023 2922 hoc
1046 2889 1101 2921 est
1125 2886 1201 2922 eius

114 2929 244 2974 damni,
269 2930 364 2975 quod
389 2931 597 2975 apparuerit
619 2930 754 2966 datum,

161 2972 185 3011 7
212 2975 267 3010 ΡΛ
275 2985 370 3010 vsvs
386 2975 478 3027 libro
498 2979 624 3011 octavo
644 2975 780 3028 decimo
802 2975 852 3011 ad
870 2975 1022 3011 edictum
1064 2975 1100 3012 Is
1121 2987 1201 3029 cum

113 3020 1080 3119 §aat‘zffigixaazssffsstzdztffttgeuflugssazssffi
1104 3021 1200 3101 {53³1

115 3119 227 3151 cium,
259 3120 427 3155 quomam
459 3115 495 3147 et
525 3121 590 3146 suo
623 3120 766 3147 nomme
789 3115 1015 3154 convenitur,
1047 3114 1088 3146 ut
1111 3122 1202 3156 opus

118 3157 131 3189 l
181 3155 293 3190 tollat.
329 3155 438 3191 Aliud
458 3159 513 3191 est
532 3156 570 3191 in
589 3156 706 3192 bonae
726 3155 809 3192 fidei
827 3160 1005 3202 emptore:
1030 3157 1090 3192 hic
1110 3157 1201 3192 enim

114 3203 253 3235 tantum
276 3201 483 3245 patientiam
507 3205 688 3246 praestat:
713 3201 821 3245 igitur
845 3202 875 3237 si
896 3205 931 3237 et
952 3201 1063 3238 fundo
1085 3202 1200 3245 cedat,

116 3243 313 3282 audiendus
337 3249 408 3281 est:
458 3246 514 3281 lus
538 3246 630 3282 enim
653 3250 826 3291 praestat.

161 3284 185 3326 8
217 3288 410 3326 Urmzws
429 3257 520 3326 Ε’ὁνο
545 3292 871 3338 quinquaqensimo
897 3293 1000 3327 tertio
1031 3292 1079 3327 ad
1106 3292 1201 3328 edio-

117 3337 190 3368 tum
237 3333 280 3369 In
303 3334 532 3387 concedendo
556 3337 634 3372 iure
658 3346 773 3382 aquae
804 3336 988 3372 ducendae
1019 3347 1091 3373 non
1121 3341 1200 3373 tan-

115 3382 191 3413 tum
208 3388 340 3422 eorum,
363 3390 401 3415 m
418 3391 568 3426 quorum
581 3381 661 3417 loco
678 3391 773 3427 aqua
789 3381 911 3424 oritur,
936 3392 1058 3418 verum
1079 3392 1205 3418 eorum

117 3424 244 3477 etiam,
275 3423 322 3459 ad
353 3434 442 3477 quos
473 3426 549 3462 eius
578 3436 694 3471 aquae
725 3437 812 3462 usus
836 3427 1007 3472 pertinet,
1037 3428 1202 3463 voluntas

119 3468 336 3514 exquiritur,
364 3468 402 3505 ld
425 3474 480 3506 est
501 3481 643 3515 eorum,
674 3471 803 3518 quibus
827 3472 977 3507 servitus
1001 3482 1117 3517 aquae
1141 3472 1201 3508 de-

118 3586 160 3623 (1)
184 3584 212 3618 ni
231 3586 342 3618 tamen
360 3583 514 3617 dominus
534 3585 697 3619 desideret
715 3586 824 3618 caveri
841 3585 904 3618 sibi
922 3585 1036 3619 damni
1047 3587 1164 3620 infecti
1176 3587 1205 3620 is

115 3639 155 3663 ex
170 3629 266 3663 cuius
276 3628 414 3672 praedio
425 3638 510 3671 aqna
525 3632 621 3662 nocet
631 3629 673 3663 ab
685 3641 734 3670 eo,
755 3631 851 3664 cuins
870 3630 1006 3673 praedio
1025 3634 1122 3664 nocet
1141 3645 1203 3665 scr.

116 3676 161 3716 (2)
186 3675 217 3707 ei
237 3676 296 3708 ins.
318 3673 371 3706 F²
498 3676 542 3715 (3)
566 3684 617 3707 me
635 3678 772 3718 propter
792 3677 853 3710 ins.
984 3678 1025 3714 (4)
1051 3687 1156 3719 aquae
1175 3677 1210 3709 F

116 3721 160 3759 (5)
187 3721 246 3752 tuo
258 3730 298 3753 ex
323 3720 412 3759 data,
424 3731 483 3753 om.
499 3719 535 3752 F
594 3720 641 3761 (6)
662 3719 950 3762 personamlemF
1012 3722 1055 3762 (7)
1081 3722 1211 3755 recitF

117 3765 162 3804 (8)
188 3764 266 3805 quia
318 3763 333 3784 ²
425 3768 470 3804 (9)
495 3763 541 3807 at]
553 3764 587 3797 et
596 3776 672 3806 scr„
691 3767 756 3799 nisi
767 3774 841 3799 ante
853 3767 889 3798 at
904 3766 987 3799 talia
999 3768 1205 3801 exciderunt.-

1193 135 1278 186 603

2047 140 2301 186 XXXVIIII
2331 145 2356 186 3

1271 263 1436 306 bebatur,
1457 272 1524 299 nec
1539 262 1734 298 immerito:
1760 273 1840 298 cum
1858 263 1949 299 enim
1965 264 2137 301 minuitur
2150 266 2205 302 ius
2221 275 2357 311 eorum,

1272 318 1493 362 consequens
1517 307 1586 344 fuit
1609 307 1764 353 exquiri,
1798 319 1844 343 an
1868 310 2103 346 consentiant.
2151 314 2187 348 et
2208 321 2357 358 genera-

1271 353 1352 389 liter
1375 364 1447 390 sive
1470 354 1508 389 in
1532 362 1682 399 corpore
1705 353 1777 388 sive
1799 353 1837 388 in
1860 354 1936 390 iure
1959 354 2049 398 loci,
2081 356 2145 392 ubi
2167 366 2263 403 aqua
2286 358 2358 394 ori-

1270 402 1348 441 tur,
1380 399 1435 434 vel
1466 399 1503 434 in
1533 398 1613 444 ipsa
1644 408 1738 443 aqua
1769 398 1901 434 habeat
1930 400 2009 445 quis
2031 400 2107 444 ius,
2137 402 2358 440 voluntatem

1271 444 1347 480 eius
1372 454 1451 479 esse
1473 442 1705 489 spectandam
1728 443 1860 488 placet.

1317 486 1343 526 9
1369 489 1425 524 ΡΑ
1433 498 1527 524 Uws
1554 489 1644 524 libro
1672 488 1976 535 quadraqensimo
2000 501 2095 526 nono
2126 491 2177 527 ad
2203 491 2359 529 edictum

1270 533 1313 569 In
1349 534 1440 570 diem
1474 533 1617 569 addicto
1674 532 1796 568 raedio
1829 537 1864 568 et
1896 536 2062 578 emptoris
2098 540 2134 572 et
2166 537 2359 575 venditoris

1270 579 1435 614 voluntas
1466 579 1637 624 exquiren
1663 589 1685 613 a
1715 582 1787 620 est,
1821 583 1879 621 ut,
1912 579 1984 614 sive
2013 583 2222 618 remanserit
2249 593 2359 629 penes

1271 628 1467 670 emptorem
1498 625 1570 660 sive
1601 624 1805 666 recesserit,
1839 627 1976 659 certum
2007 625 2053 659 sit
2082 626 2264 664 voluntate
2295 629 2358 665 do-

1274 672 1289 705 1
1340 669 1425 704 mini
1448 669 1582 705 factam
1605 680 1627 705 a
1651 679 1721 705 uae
1746 668 1953 704 cessionem.
1988 670 2073 706 Ideo
2095 675 2215 708 autem
2234 674 2359 710 volun-

1270 717 1327 750 tas
1353 715 1519 759 exigitur,
1551 725 1598 750 ne
1621 680 1785 750 <fominus
1809 714 1977 766 ignorans
2002 715 2162 751 iniuriam
2187 719 2359 765 accipiat:

1269 760 1406 795 nullam
1441 759 1535 795 enim
1570 763 1690 805 potest
1727 759 1838 795 viden
1875 759 2041 795 iniuriam
2079 762 2260 807 accipere,
2300 765 2361 809 qui

1271 807 1292 840 2
1340 805 1448 840 semel
1479 805 1602 840 voluit.
1650 805 1734 841 Non
1765 808 1885 840 autem
1917 805 2026 840 solius
2057 806 2151 849 eius,
2186 808 2233 843 ad
2256 819 2361 854 quem

1269 850 1327 885 ius
1351 860 1467 895 aquae
1489 850 1695 895 pertinebit,
1720 849 1885 886 voluntas
1911 850 2062 895 exigitur
2085 851 2121 886 in
2146 861 2260 897 aquae
2285 865 2360 890 ces-

1271 895 1388 938 sione,
1421 895 1485 931 sed
1517 896 1623 931 etiam
1654 896 1788 931 domini
1818 895 1999 939 locorum,
2031 896 2099 931 etsi
2122 896 2283 935 dominus
2307 900 2360 935 uti

1271 950 1313 976 ea
1338 951 1433 986 aqua
1455 951 1527 975 non
1552 941 1684 987 possit,
1719 941 1803 987 quia
1832 940 2013 976 reccidere
2043 941 2099 977 ius
2132 943 2284 979 solidum
2316 944 2363 980 ad

1270 995 1351 1022 eum
1374 989 1505 1031 potest.

1321 1030 1370 1069 10
1404 1030 1599 1066 Uzmwvs
1619 1031 1710 1066 libro
1730 1031 2055 1078 quinquaqensimo
2077 1034 2181 1068 tertio
2201 1034 2251 1069 ad
2269 1035 2363 1071 edic-

1272 1079 1345 1111 tum
1393 1076 1431 1111 Si
1455 1080 1574 1112 autem
1597 1076 1718 1121 plures
1743 1076 1814 1111 sint
1837 1076 1993 1112 eiusdem
2013 1077 2083 1113 loci
2101 1077 2244 1122 domini,
2269 1080 2364 1115 unde

1271 1131 1367 1166 aqua
1398 1121 1559 1164 ducitur,
1597 1121 1754 1157 omnium
1784 1121 2004 1158 voluntatem
2036 1133 2113 1159 esse
2145 1133 2184 1159 se
2210 1125 2363 1160 uendam

1270 1177 1344 1202 non
1374 1167 1586 1212 ambigitur:
1617 1167 1779 1212 iniquum
1809 1167 1902 1202 enim
1929 1168 2044 1204 visum
2067 1172 2123 1204 est
2146 1180 2188 1204 vo
2205 1173 2362 1205 untatem

1271 1212 1375 1248 unius
1407 1222 1451 1247 ex
1482 1212 1622 1247 modica
1650 1212 1745 1247 forte
1773 1213 2004 1257 portiuncula
2028 1213 2160 1249 domini
2183 1215 2361 1260 praeiudi-

1276 1261 1291 1292 1
1342 1257 1435 1292 cium
1460 1258 1566 1293 sociis
1590 1257 1723 1293 facere.
1771 1258 1830 1292 An
1862 1261 1982 1293 tamen
2005 1259 2175 1304 subsequi
2199 1260 2363 1296 voluntas

1270 1303 1404 1348 possit,
1438 1302 1632 1338 videamus.
1680 1306 1716 1338 et
1750 1302 1870 1348 placet
1900 1303 1988 1339 nihil
2017 1304 2208 1348 interesse,
2244 1309 2363 1341 utrum

1270 1348 1466 1394 praecedat
1488 1348 1653 1383 voluntas
1678 1358 1794 1393 aquae
1819 1348 2022 1385 ductionem
2043 1359 2090 1384 an
2111 1350 2363 1396 subsequatur,

1271 1393 1356 1439 quia
1380 1397 1416 1428 et
1438 1394 1675 1439 posteriorem
1698 1393 1919 1429 voluntatem
1943 1398 2090 1440 praetor
2120 1396 2214 1431 tueri
2245 1396 2362 1431 debet.

1270 1442 1291 1474 2
1339 1438 1377 1474 Si
1400 1438 1534 1474 flumen
1556 1439 1755 1484 navigabile
1781 1438 1844 1481 sit,
1874 1449 1947 1475 non
1972 1450 1992 1475 o
2022 1443 2138 1476 ortere
2161 1445 2362 1494 praetorem

1270 1483 1467 1520 concedere
1499 1483 1704 1520 ductionem
1735 1494 1779 1519 ex
1812 1494 1854 1520 eo
1885 1484 1964 1520 fieri
2021 1485 2110 1521 abeo
2141 1490 2210 1529 ait,
2246 1490 2338 1532 quae
2353 1489 2364 1507 ⁸

1270 1528 1402 1565 flumen
1425 1529 1543 1564 minus
1568 1529 1767 1574 navigabile
1794 1529 1938 1565 efficiat.
1985 1530 2148 1576 idemque
2180 1534 2234 1568 est
2267 1535 2302 1568 et
2333 1532 2362 1568 si

1268 1584 1334 1621 per
1358 1575 1427 1610 hoc
1452 1574 1550 1609 aliud
1573 1574 1705 1610 flumen
1728 1574 1793 1609 fiat
1816 1575 2026 1619 navigabile.

1319 1618 1367 1656 11
1396 1619 1557 1655 PAULUS
1580 1620 1671 1656 libro
1695 1620 1977 1667 quadraqesz'mo
2001 1631 2097 1656 nono
2130 1621 2180 1656 ad
2209 1621 2363 1658 edictum

1271 1664 1389 1710 Supra
1411 1664 1481 1701 iter
1503 1664 1660 1700 alienum
1685 1675 1791 1700 arcus
1815 1675 1931 1709 aquae
1955 1665 2140 1702 ducendae
2160 1676 2271 1702 causa
2291 1678 2363 1702 non

1269 1710 1347 1746 iure
1370 1710 1450 1745 fiet:
1476 1719 1543 1746 nec
1565 1710 1608 1753 is,
1634 1710 1693 1745 cui
1713 1710 1781 1745 iter
1801 1714 1904 1746 actus
1926 1710 2087 1753 debetur,
2111 1715 2266 1756 pontem,
2293 1723 2362 1757 qua

1269 1755 1386 1801 possit
1415 1755 1468 1791 ire
1497 1765 1620 1800 agere,
1652 1755 1731 1791 iure
1755 1758 1907 1791 extruet.
1955 1756 2020 1791 at⁹
2052 1756 2083 1791 si
2114 1767 2242 1802 specus
2274 1760 2362 1802 (non

1271 1800 1489 1843 cuniculum)
1524 1800 1592 1836 sub
1621 1800 1696 1836 rivo
1729 1803 1829 1846 aget,
1863 1810 1957 1846 aqua
1981 1805 2246 1847 corrumpetur,
2304 1803 2362 1838 uia

1273 1849 1289 1881 1
1339 1844 1493 1882 suffosso
1518 1855 1561 1882 eo
1585 1855 1682 1891 aqua
1705 1846 1866 1881 manabit
1889 1850 1926 1881 et
1948 1846 2045 1882 rivus
2070 1847 2236 1882 siccatur.
2306 1858 2362 1883 as-

1270 1891 1345 1927 sius
1370 1891 1438 1934 ait,
1463 1891 1537 1927 sive
1560 1901 1604 1927 ex
1628 1891 1807 1927 communi
1829 1890 1943 1927 fundo
1969 1892 2041 1927 sive
2066 1893 2245 1928 communi
2268 1903 2363 1938 aqua

1269 1939 1418 1979 noceat,
1449 1936 1506 1972 vel
1535 1947 1648 1972 unum
1681 1946 1762 1972 cum
1792 1947 1863 1972 uno
1897 1946 2003 1982 agere
2033 1947 2141 1982 posse
2170 1938 2225 1973 vel
2255 1949 2363 1973 unum

1269 1981 1465 2027 separatim
1497 1992 1579 2018 cum
1610 1981 1757 2027 singulis
1787 1981 1843 2017 vel
1875 1982 2068 2027 separatim
2101 1983 2259 2028 singulos
2284 1994 2364 2019 cum

1269 2037 1342 2063 uno
1378 2026 1435 2062 vel
1469 2026 1628 2072 singulos
1665 2037 1747 2062 cum
1781 2026 1943 2072 singulis.
1997 2027 2028 2062 si
2060 2038 2153 2063 unus
2186 2028 2298 2074 egerit
2329 2033 2365 2065 et

1269 2071 1448 2108 restitutio
1473 2072 1591 2117 operis
1615 2071 1759 2118 litisque
1783 2072 1984 2108 aestimatio
2008 2071 2108 2108 facta
2132 2073 2200 2115 sit,
2225 2078 2362 2110 cetero-

1269 2127 1350 2153 rum
1380 2117 1556 2152 actionem
1586 2127 1818 2153 evanescere:
1850 2118 1935 2152 item
1966 2117 1998 2153 si
2026 2128 2108 2153 cum
2139 2128 2211 2154 uno
2244 2122 2363 2154 actum

1270 2163 1317 2199 sit
1340 2165 1376 2197 et
1399 2162 1429 2197 si
1442 2163 1471 2184 ¹⁰
1493 2162 1731 2207 praestiterit,
1765 2166 1903 2198 ceteros
1935 2162 2080 2198 liberari
2111 2163 2236 2208 idque,
2270 2164 2364 2210 quod

1270 2208 1450 2244 sociorum
1480 2207 1622 2243 nomine
1652 2207 1776 2243 datum
1799 2208 1866 2251 sit,
1898 2219 1963 2253 per
1987 2209 2161 2243 arbitrum
2186 2210 2364 2245 communi

1270 2256 1291 2289 2
1340 2252 1530 2288 dividundo
1554 2253 1751 2298 reciperari
1770 2263 1888 2299 posse.
1925 2253 1976 2288 Et
1999 2263 2044 2289 ex
2067 2254 2174 2290 sociis
2199 2265 2271 2290 non
2294 2256 2363 2289 uti-

1271 2308 1339 2344 que
1373 2309 1454 2334 cum
1486 2308 1528 2334 eo
1560 2297 1736 2343 agendum
1768 2299 1829 2343 qui
1861 2309 1952 2344 opus
1987 2299 2116 2334 fecerit
2150 2309 2216 2334 nec
2248 2300 2364 2335 minus

1270 2353 1351 2379 eum
1384 2354 1454 2389 quo
1481 2353 1526 2379 ue
1557 2343 1726 2379 damnum
1754 2343 1944 2379 restituere
1975 2344 2120 2386 debere,
2152 2345 2213 2389 qui
2237 2349 2365 2380 auctor

1270 2389 1388 2434 operis
1403 2390 1427 2410 ¹¹
1477 2389 1545 2432 uit,
1578 2388 1677 2434 apud
1705 2389 1880 2425 Ferocem
1910 2389 2085 2425 Proculus
2118 2390 2188 2424 ait:
2221 2390 2252 2424 si
2285 2401 2364 2426 cum

1270 2445 1343 2470 uno
1367 2434 1592 2470 dominorum
1616 2437 1738 2470 actum
1762 2434 1819 2478 sit,
1843 2435 1905 2480 qui
1929 2445 2020 2479 opus
2045 2444 2118 2469 non
2142 2434 2277 2478 fecerit,
2304 2435 2364 2471 de-

1269 2479 1356 2515 bere
1387 2490 1467 2515 eum
1499 2490 1591 2525 opus
1622 2480 1811 2515 restituere
1842 2490 1910 2516 sua
1932 2480 2111 2524 impensa,
2151 2479 2235 2524 quia
2267 2491 2358 2516 com‘

1270 2525 1368 2560 muni
1412 2524 1603 2560 dividundo
1644 2525 1821 2560 actionem
1861 2525 1982 2560 habet.
2037 2524 2100 2560 sed
2142 2525 2210 2561 sibi
2252 2526 2363 2571 magis

1270 2570 1414 2615 placere
1448 2570 1660 2616 patientiam
1696 2570 1884 2606 dumtaxat
1918 2580 1998 2605 eum
2033 2574 2220 2615 praestare
2257 2581 2363 2615 opor-

1269 2620 1356 2658 tere,
1382 2615 1465 2660 quia
1489 2626 1556 2651 sua
1580 2616 1688 2661 culpa
1705 2619 1807 2651 actor
1826 2615 1860 2650 id
1881 2616 2051 2667 patiatur,
2077 2615 2136 2667 qui
2157 2626 2229 2651 non
2251 2616 2323 2661 agit
2336 2616 2364 2637 ¹²

1271 2671 1352 2696 cum
1371 2671 1423 2704 e0,
1450 2671 1472 2696 a
1496 2671 1566 2714 quo
1591 2670 1682 2706 opus
1705 2660 1842 2696 factum
1867 2664 1923 2695 s1t.
1961 2663 1998 2696 et
2017 2663 2072 2696 est
2091 2661 2251 2706 miquum
2269 2671 2361 2704 eum,

1270 2706 1331 2751 qui
1354 2716 1427 2742 non
1450 2705 1551 2749 fecit,
1581 2706 1618 2741 id
1641 2706 1829 2742 restituere
1853 2709 2037 2751 oportere,
2070 2706 2241 2750 quoniam
2265 2717 2361 2742 com-

1269 2751 1368 2787 muni
1392 2751 1583 2787 dividundo
1609 2761 1713 2796 agere
1737 2754 1873 2796 potest:
1908 2750 1994 2796 quid
2018 2751 2110 2786 enim
2133 2750 2212 2793 fiet,
2245 2752 2277 2787 si
2305 2762 2362 2786 so-

1270 2800 1290 2832 3
1338 2797 1414 2832 cius
1439 2797 1557 2832 eius¹³
1579 2796 1748 2832 solvendo
1772 2806 1847 2831 non
1870 2795 2004 2831 fuerit?
2053 2796 2220 2831 Officium
2245 2801 2362 2831 autem

1268 2842 1397 2877 iudicis
1420 2842 1514 2878 inter
1538 2842 1627 2877 duos
1648 2841 1788 2887 accepti
1809 2841 1914 2885 quale
1932 2840 2093 2876 futurum
2115 2841 2171 2884 sit,
2198 2842 2363 2877 dubitare

1269 2897 1310 2924 se
1326 2886 1487 2923 Iulianus
1508 2887 1569 2931 ait,
1595 2887 1625 2923 si
1648 2886 1743 2922 forte
1767 2887 1873 2922 unius
1897 2885 2029 2921 fundus
2053 2886 2163 2921 fuerit
2187 2887 2246 2922 cui
2270 2897 2363 2931 aqua

1269 2935 1418 2974 noceat,
1450 2932 1482 2967 si
1496 2933 1521 2953 ¹⁴
1552 2942 1635 2968 vero
1664 2932 1702 2967 in
1733 2942 1803 2977 quo
1834 2941 1925 2976 opus
1948 2931 2085 2966 factum
2110 2932 2176 2974 sit,
2209 2932 2361 2977 plurium

1270 2980 1307 3013 et
1342 2988 1422 3012 cum
1457 2987 1530 3013 uno
1569 2987 1690 3013 eorum
1726 2979 1871 3022 agatur:
1908 2979 2029 3012 utrum
2064 2979 2099 3012 et
2135 2977 2209 3012 eius
2245 2977 2361 3011 damni

1270 3022 1432 3064 nomine,
1466 3022 1563 3067 quod
1592 3025 1676 3067 post
1699 3021 1796 3057 litem
1820 3024 2058 3058 contestatam
2082 3021 2205 3057 datum
2229 3022 2294 3063 sit,
2328 3025 2362 3056 et

1271 3067 1388 3112 operis
1413 3077 1483 3102 non
1508 3067 1664 3103 restituti
1688 3067 1725 3102 in
1750 3066 1903 3102 solidum
1927 3067 2174 3102 condemnatio
2199 3066 2275 3101 fieri
2300 3066 2359 3100 de-

1270 3113 1374 3154 beat,
1411 3112 1723 3164 quemadmodum,
1757 3122 1839 3147 cum
1869 3112 1961 3148 servi
1993 3112 2189 3147 communis
2219 3111 2361 3146 nomine

1270 3157 1391 3193 noxali
1414 3157 1544 3193 iudicio
1571 3168 1652 3193 cum
1677 3167 1750 3192 uno
1774 3157 1910 3202 agitur,
1943 3157 2191 3193 condemnatio
2215 3157 2251 3190 in
2276 3155 2359 3191 soli-

1271 3202 1356 3238 dum
1379 3201 1494 3245 fiet¹⁵‚
1519 3202 1687 3247 quoniam
1711 3202 1807 3248 quod
1829 3202 2057 3248 praestiterit,
2082 3204 2200 3246 potest
2221 3211 2242 3235 a
2263 3200 2358 3235 socio

1269 3248 1343 3283 reci
1371 3247 1454 3283 ere?
1493 3257 1542 3282 an
1563 3257 1647 3283 vero
1671 3247 1702 3283 is
1727 3257 1807 3283 cum
1832 3257 1902 3293 quo
1927 3246 2045 3292 agitur
2073 3256 2138 3291 pro
2168 3249 2270 3291 parte
2294 3254 2360 3279 sua

1271 3296 1307 3329 et
1362 3292 1459 3328 amni
1489 3292 1566 3328 dati
1596 3295 1633 3328 et
1664 3293 1782 3338 operis
1813 3303 1887 3328 non
1917 3291 2073 3327 restituti
2096 3291 2238 3326 nomine
2260 3289 2358 3324 dam·

1270 3337 1411 3373 naudus
1435 3337 1493 3380 sit,
1517 3340 1560 3373 ιιι
1580 3338 1618 3373 in
1641 3338 1785 3374 actione·
1802 3337 1921 3373 damni
1940 3336 2063 3372 infecti
2080 3335 2155 3376 fiat,
2182 3345 2261 3370 cum
2282 3334 2358 3369 eius

1271 3382 1423 3429 praedii,
1461 3392 1505 3418 ex
1536 3393 1606 3429 quo
1639 3381 1807 3419 damnum
1842 3385 2037 3423 metuatur,
2072 3380 2192 3426 plures
2227 3378 2359 3415 domini

1271 3427 1345 3464 sint
1366 3431 1402 3463 et
1426 3437 1507 3463 cum
1530 3438 1602 3464 uno
1623 3437 1748 3464 eorum
1813 3428 1920 3463 atur?
1959 3426 2080 3461 ¹⁶licet
2098 3435 2200 3477 opus,
2224 3434 2268 3460 ex
2313 3433 2358 3459 uo

1272 3472 1439 3509 damnum
1462 3472 1623 3509 futurum
1648 3473 1709 3517 sit,
1742 3474 1778 3509 in
1806 3473 1960 3508 ‘viduum
1989 3470 2037 3506 sit
2065 3472 2102 3505 et
2129 3479 2229 3514 ipsae
2253 3479 2294 3504 ac
2320 3478 2357 3504 es

1274 3586 1468 3620 cuniculum
1499 3586 1561 3620 sub
1592 3587 1664 3620 rivo
1691 3597 1788 3629 agere
1812 3596 1916 3628 aquae
1940 3582 2108 3616 ducendae
2131 3592 2229 3615 causa
2251 3582 2360 3633 potest

1273 3633 1335 3672 (ιο)
1358 3631 1530 3674 silisdett.
1596 3633 1651 3675 (ιι)
1676 3633 1823 3665 nonius.
1890 3630 1951 3671 (¹2)
1976 3630 2053 3670 agat
2065 3626 2117 3660 Ρ*
2181 3628 2238 3666 (13)
2264 3637 2318 3659 eiu
2333 3627 2366 3660 F

1276 3679 1334 3713 (14)
1357 3676 1397 3718 εἰ)
1411 3677 1439 3709 is
1456 3689 1520 3711 scr.
1614 3678 1676 3719 (15)
1699 3676 1738 3710 fit
1751 3677 1783 3709 F
1787 3676 1801 3696 ²
1894 3675 1954 3715 (16)
1979 3683 2057 3706 nam
2077 3682 2151 3705 cum
2173 3672 2283 3704 damni
2307 3672 2357 3705 in-

1274 3722 1354 3755 fecti
1373 3723 1494 3765 agatur
1514 3722 1574 3757 im.

2013 3817 2082 3853 ⁷6*
