2528 3918
158 151 207 181 IN
235 148 358 180 TEST.
390 147 631 178 DELENTUB

158 262 177 295 5
227 257 264 293 Si
299 256 377 309 quis
413 255 596 291 codicillos
636 255 675 290 in
708 257 922 290 testamento
961 254 1184 290 confirmavit
1219 258 1254 290 et

158 302 329 340 codicilhs
354 301 400 336 ali
426 301 486 335 uid
511 300 711 346 adscripsit,
743 310 827 335 mox
852 300 980 335 delevit
1002 301 1053 335 ita
1077 304 1116 335 ut
1141 311 1186 345 ap
1214 310 1252 334 a-

156 351 252 390 reat,
285 357 332 382 an
365 346 408 381 de
435 346 562 380 eatur?
595 349 630 381 et
661 345 881 390 Pomponius
915 345 1039 380 scribit
1072 345 1183 381 codic’
1213 355 1253 381 os

157 393 293 429 deletos
317 402 390 427 non
413 391 540 426 valere.

203 435 228 474 2
253 437 360 472 Imm
379 436 470 472 libro
495 439 626 482 quarto
652 435 936 481 disputationum
986 434 1254 470 Cancellaverat

156 483 235 529 quis
258 485 511 517 testamentum
534 481 590 516 vel
612 480 804 515 induxerat
827 483 862 515 et
885 480 916 515 si
930 481 940 500 1
971 484 1120 526 propter
1143 490 1254 515 unum

154 527 321 564 heredem
363 527 486 562 facere
528 526 684 561 dixerat:
729 525 789 560 2id
829 528 957 576 postea
999 528 1254 560 testamentum

155 573 335 618 signatum
358 575 422 607 est.
472 571 713 617 quaerebatur
737 570 781 605 de
804 571 938 605 viribus
961 571 1167 606 testamenti
1192 570 1252 605 de-

179 629 224 653 ue
260 617 452 663 portione³
491 617 585 658 eius,
628 618 776 661 propter
816 626 920 660 quem
957 625 996 651 se
1035 616 1254 651 cancellasse

182 664 189 670 '
218 666 305 699 erat.
353 662 527 704 dicebam,
552 662 582 696 si
607 661 749 706 quidem
773 662 878 695 unius
905 671 949 696 ex
971 661 1164 696 heredibus
1188 671 1251 696 no-

154 719 236 744 men
259 707 449 750 induxerit,
475 706 551 742 sine
575 707 683 741 dubio
710 710 865 741 ceteram
888 708 1028 751 partem
1048 705 1254 742 testamenti

154 754 273 789 valere
305 756 340 788 et
370 753 440 805 ipsi
464 752 531 787 soli
556 751 722 796 denegari
747 751 927 786 actiones:
962 751 1026 787 sed
1056 752 1174 796 legata
1206 751 1252 786 ab

155 809 197 834 eo
222 798 432 834 nominatim
455 797 581 833 relicta
605 796 842 839 debebuntur‚
875 796 906 831 si
928 797 1093 832 voluntas
1119 807 1162 832 ea
1183 796 1254 831 fuit

153 844 331 886 testantis,
355 846 397 878 ut
414 846 556 878 tantum
575 842 716 877 heredis
737 841 913 877 institutio
933 842 1155 886 inprobetur.
1191 841 1254 877 sed

153 890 185 925 si
208 889 363 924 instituti
387 898 517 923 nomen
539 887 680 922 induxit
703 891 739 922 et
763 887 949 922 substituti
972 887 1126 939 reliquit,
1151 887 1252 922 insti-

153 938 254 969 tutus
288 933 563 970 emolumentum
594 932 804 968 hereditatis
827 943 901 967 non
924 933 1082 967 habebit.
1131 932 1195 967 sed
1223 932 1253 967 si

154 980 274 1015 omnia
298 979 443 1014 nomina
466 978 657 1020 induxerit,
690 981 731 1012 ut
760 977 986 1023 proponitur,
1022 977 1254 1023 adscripserit

153 1029 275 1060 autem
294 1024 427 1060 idcirco
450 1034 488 1059 se
507 1023 544 1058 id
564 1023 705 1065 fecisse,
726 1023 810 1068 quia
824 1034 936 1057 unum
952 1023 1119 1058 heredem
1140 1023 1252 1058 offen-

153 1081 234 1106 sum
257 1070 403 1112 habuit,
436 1068 588 1104 multum
611 1068 785 1104 interesse
810 1068 983 1110 arbitror,
1010 1072 1131 1103 utrum
1154 1068 1254 1103 illum

152 1119 294 1150 tantum
313 1114 484 1150 fraudare
505 1114 619 1149 voluit
636 1113 835 1148 hereditate
856 1124 902 1148 an
922 1124 1005 1149 vero
1028 1124 1139 1149 causa
1158 1114 1253 1148 illius

151 1164 269 1196 totum
307 1163 561 1196 testamentum
596 1158 796 1201 infirmare,
840 1162 879 1194 ut
919 1159 1027 1194 licet⁴
1066 1169 1160 1194 unus
1197 1159 1252 1194 in-

154 1206 334 1241 ductionis
359 1215 506 1241 causam
529 1205 745 1250 praebuerit,
770 1214 892 1239 verum
913 1204 1078 1240 omnibus
1098 1204 1251 1240 offuerit.

153 1255 190 1287 et
213 1251 244 1286 si
268 1250 409 1296 quidem
434 1250 500 1286 soli
526 1250 557 1285 ei
581 1250 785 1294 ademptam
808 1249 921 1285 voluit
948 1250 1160 1295 portionem,
1194 1259 1252 1284 ce-

153 1296 239 1332 teris
257 1296 345 1331 nihil
364 1295 509 1331 nocebit
526 1295 698 1337 inductio,
724 1305 796 1330 non
819 1295 931 1339 magis
953 1305 1060 1347 quam
1081 1295 1113 1330 si
1131 1295 1252 1330 volens

152 1352 264 1377 unum
294 1341 462 1376 heredem
493 1340 663 1375 inducere
691 1340 821 1375 invitus
855 1344 890 1375 et
921 1340 1029 1375 ahum
1059 1339 1250 1375 induxerit.

153 1386 250 1432 quod
269 1387 300 1422 si
316 1387 456 1432 putavit
473 1389 588 1421 totum
605 1389 859 1421 testamentum
876 1385 1065 1421 delendum
1082 1386 1128 1421 ob
1145 1385 1252 1420 unius

152 1432 287 1467 malum
317 1432 505 1474 meritum,
539 1431 703 1466 omnibus
732 1431 953 1476 denegantur
977 1431 1156 1466 actiones:
1188 1430 1253 1466 sed

152 1487 199 1512 an
223 1477 404 1522 legatariis
429 1476 597 1520 denegari
621 1476 715 1511 actio
742 1476 888 1518 debeat,
916 1476 1077 1522 quaestio
1104 1480 1167 1511 est.
1215 1476 1252 1511 in

152 1522 316 1567 ambiguo
348 1526 470 1557 tamen
501 1521 812 1566 interpretandum
840 1522 907 1557 erit
931 1524 967 1557 et
989 1522 1107 1567 legata
1131 1521 1252 1557 deberi

153 1571 189 1603 et
213 1567 427 1603 coheredum
450 1567 711 1602 institutionem
734 1577 807 1602 non
831 1577 909 1602 esse
932 1566 1195 1602 infirmandam.

199 1610 222 1650 3
259 1611 522 1648 ⁵MAROE'LLUS
557 1612 648 1648 libro
688 1613 855 1648 vicesimo
895 1623 992 1647 nono
1028 1612 1249 1658 diqestorum

150 1658 318 1694 Proxime
349 1658 387 1692 in
420 1657 622 1702 cognitione
653 1657 824 1703 principis
858 1668 939 1692 cum
971 1657 1116 1703 quidam
1146 1657 1250 1693 here-

151 1703 236 1738 dum
271 1703 416 1738 nomina
451 1703 651 1738 induxisset
686 1706 722 1737 et
751 1703 848 1738 bona
880 1703 954 1738 eius
986 1706 1028 1738 ut
1059 1702 1199 1738 caduca
1229 1712 1252 1737 a

150 1748 239 1784 fisco
264 1748 549 1790 vindicarentur,
583 1748 644 1783 diu
677 1747 720 1783 de
751 1748 877 1792 legatis
904 1748 1108 1783 dubitatum
1134 1751 1188 1784 est
1215 1752 1251 1783 et

150 1794 303 1829 maxime
327 1793 371 1828 de
390 1794 444 1829 his
464 1793 602 1838 legatis,
629 1803 721 1838 quae
741 1794 924 1838 adscripta
945 1797 1047 1828 erant
1065 1793 1134 1836 his,
1160 1804 1247 1838 quo-

150 1850 229 1874 rum
260 1839 437 1874 institutio
469 1838 589 1874 fuerat
620 1838 776 1874 inducta.
826 1839 987 1884 plerique
1019 1838 1127 1874 etiam
1155 1839 1250 1884 lega-

149 1885 262 1920 tarios
284 1884 550 1919 excludendos⁰
575 1884 838 1919 existimabant.
876 1884 972 1929 quod
991 1894 1079 1919 sane
1098 1894 1250 1929 sequen-

151 1930 235 1965 dum
259 1929 415 1970 aiebam,
449 1929 480 1964 si
512 1939 652 1964 omnem
684 1929 900 1974 scripturam
930 1929 1135 1964 testamenti
1165 1939 1250 1964 can-

151 1975 334 2010 cellasset:
361 1975 576 2010 ''nonnullos
598 1975 738 2019 opinari
756 1974 793 2009 id
812 1974 890 2010 iure
908 1974 986 2019 ipso
1031 1975 1139 2009 eremi
1155 1974 1251 2020 quod

150 2020 338 2055 inductum
363 2020 420 2062 sit,
447 2023 566 2055 cetera
589 2020 710 2055 omnia
732 2019 896 2055 valitura.
934 1986 1027 2065 quid)
1044 2021 1153 2064 ergo?
1177 2030 1249 2055 non

151 2069 187 2100 et
208 2065 296 2101 illud
318 2065 499 2101 interdum
524 2065 621 2100 credi
644 2068 765 2110 potest
789 2075 880 2107 eum,
906 2066 967 2110 qui
990 2065 1162 2100 heredum
1185 2076 1250 2100 no-

150 2111 248 2145 mina
270 2110 480 2153 induxerat,
515 2110 602 2145 satis
634 2120 673 2145 se
705 2114 984 2146 consecuturum
1036 2114 1177 2153 utasse,
1209 2113 1252 2145 ut

149 2156 310 2192 intestati
335 2156 467 2191 exitum
490 2155 651 2190 faceret?
676 2155 795 2190 sedin
814 2165 854 2191 re
878 2155 988 2191 dubia
1033 2156 1251 2202 enigniorem

149 2201 482 2246 interpretationem
514 2201 614 2246 sequi
645 2211 718 2235 non
749 2202 866 2236 minus
897 2201 1028 2236 iustius
1061 2206 1116 2236 est
1143 2212 1250 2246 quam

151 2246 275 2282 tutius.
325 2246 512 2281 Sententia
541 2246 766 2290 imperatoris
798 2247 974 2281 Antonini
999 2247 1153 2292 Augusti
1177 2247 1248 2282 Pu-

151 2291 258 2326 dente
283 2294 318 2326 et
341 2291 504 2326 Pollione
529 2291 735 2326 consulibus
748 2292 771 2326 ⁸.
821 2291 922 2326 ‘Cum
939 2292 1106 2327 Valerius
1126 2291 1249 2337 Nepos

152 2340 305 2371 ‘mutata
328 2336 511 2372 voluntate
536 2340 571 2372 et
597 2336 762 2371 inciderit
793 2340 1046 2372 testamentum
1078 2347 1183 2373 suum
1215 2340 1250 2372 et

150 2381 333 2417 ‘heredum
356 2382 501 2417 nomina
522 2381 713 2424 induxerit,
746 2382 926 2417 hereditas
951 2383 1027 2418 eius
1052 2383 1250 2418 secundum

151 2426 258 2462 ‘divi⁹
288 2428 402 2472 patris
434 2427 504 2462 mei
536 2427 827 2463 constitutionem
858 2427 906 2462 ad
937 2437 999 2463 eos
1055 2428 1093 2463 ui
1123 2428 1250 2473 scripti

150 2471 294 2507 ‘fuerint
310 2473 489 2517 pertinere
503 2483 575 2508 non
591 2472 753 2508 videtur’.
788 2477 823 2508 et
842 2473 1026 2508 advocatis
1071 2473 1122 2508 sci
1138 2473 1247 2508 dixit:

150 2517 236 2553 ‘Vos
271 2518 411 2553 habetis
443 2517 581 2553 iudices
612 2518 772 2553 vestros'.
821 2518 950 2554 Vibius
963 2520 991 2540 ¹⁰
1013 2519 1111 2554 Zeno
1141 2519 1246 2554 dixit:

149 2562 282 2607 ‘Rogo‚
316 2563 457 2598 domine
479 2563 692 2607 imperator,
725 2563 850 2599 audias
882 2574 940 2599 me
996 2564 1166 2599 atienter:
1205 2563 1249 2598 de

149 2608 288 2653 ‘legatis
305 2608 390 2653 quid
402 2609 577 2644 statues'?
600 2608 804 2645 Antoninus
815 2608 949 2644 Caesar
985 2609 1067 2643 ixit:
1086 2609 1249 2644 ‘Videtur

149 2653 227 2687 ‘tibi
241 2653 395 2689 voluisse
409 2657 665 2689 testamentum
681 2654 811 2698 valere,
833 2654 893 2699 qui
912 2654 1058 2690 nomina
1076 2654 1247 2690 heredum

149 2698 340 2733 ‘induxit’?
388 2698 574 2734 Cornelius
606 2699 813 2734 Priscianus
846 2699 1041 2735 advocatus
1069 2699 1204 2735 Leonis
1220 2701 1246 2720 ¹¹

150 2743 257 2778 dixit:
284 2743 451 2779 ‘Nomina
474 2744 644 2779 heredum
668 2748 809 2779 tantum
828 2745 992 2779 induxit’.
1032 2744 1247 2790 Calpurnius

148 2788 334 2833 Longinus
366 2789 562 2824 advocatus
595 2789 674 2824 fisci
706 2790 811 2824 dixit:
852 2789 947 2825 ‘Non
1008 2792 1103 2825 otest
1136 2790 1249 2825 ullum

150 2836 415 2869 ‘testamentum
431 2835 560 2877 valere,
585 2834 681 2879 quod
700 2835 869 2870 heredem
887 2845 961 2870 non
1009 2835 1115 2870 abet'.
1149 2835 1247 2870 Pris-

151 2878 275 2915 cianus
310 2879 414 2914 dixit:
452 2879 673 2915 ‘Manumisit
704 2880 878 2925 quosdam
910 2884 946 2915 et
976 2880 1096 2925 legata
1127 2880 1248 2915 dedit’.

149 2924 354 2960 Antoninus
379 2924 512 2959 Caesar
535 2926 681 2960 remotis
713 2926 879 2961 omnibus
911 2936 991 2961 cum
1015 2925 1249 2961 deliberasset

150 2972 186 3004 et
221 2969 360 3004 admitti
393 2980 518 3005 rursus
556 2970 721 3005 eodem¹2
754 2970 935 3014 iussisset,
972 2971 1078 3005 dixit.
1117 2970 1248 3006 ‘Causa

150 3017 332 3059 ‘praesens
367 3014 552 3050 admittere
583 3016 723 3050 videtur
753 3016 999 3052 humaniorem
1031 3016 1246 3061 interpreta-

151 3059 316 3102 ‘tionem,
341 3064 382 3095 ut
406 3070 449 3095 ea
473 3060 660 3096 dumtaxat
683 3061 925 3096 existimemus
948 3061 1125 3106 Nepotem
1147 3061 1248 3096 irrita

151 3107 242 3139 ‘esse
275 3105 449 3148 voluisse,
486 3116 577 3151 quae
611 3106 774 3141 induxit’.
831 3117 961 3142 nomen
997 3107 1106 3149 servi,
1143 3117 1247 3151 quem

150 3149 302 3185 liberum
326 3160 404 3185 esse
426 3151 600 3194 iusserat,
633 3151 783 3186 induxit.
832 3152 1036 3187 Antoninus
1063 3153 1249 3197 rescripsit

150 3192 301 3230 liberum
326 3205 407 3230 eum
430 3196 540 3231 nihilo
564 3196 682 3231 minus
706 3197 802 3232 fore:
828 3197 924 3242 quod
943 3197 1107 3232 videlicet
1125 3197 1247 3233 favore

152 3240 339 3275 constituit
361 3240 548 3276 libertatis.

197 3282 223 3320 4
247 3284 495 3321 PAPJNJANUS
523 3286 614 3322 libro
642 3289 749 3322 sexto
773 3298 1031 3333 responsorum
1077 3287 1247 3323 Pluribus

150 3329 284 3364 tabulis
317 3330 441 3365 eodem
473 3332 634 3377 exemplo
659 3332 802 3376 scriptis
827 3332 932 3367 unius
957 3333 1162 3368 testamenti
1184 3343 1246 3368 vo-

151 3374 327 3409 luntatem
360 3375 483 3410 eodem
513 3379 675 3422 tempore
707 3377 870 3412 dominus
902 3378 1120 3413 sollemniter
1150 3388 1246 3413 com-

152 3418 270 3462 plevit.
318 3419 348 3453 si
372 3421 545 3464 quasdam
569 3422 711 3457 tabulas
736 3422 773 3457 in
797 3422 942 3467 publico
968 3423 1149 3468 depositas
1181 3424 1245 3458 ab-

153 3534 192 3570 (1)
219 3532 261 3572 si]
287 3542 321 3563 se
345 3532 427 3566 Hal.

153 3578 196 3615 (4)
221 3576 302 3608 licet
316 3577 378 3610 del.

153 3619 337 3653 cludandos
357 3621 392 3654 F

154 3665 199 3706 (8)
225 3678 310 3698 anno
320 3679 354 3709 p.
368 3666 441 3700 Chr.
459 3668 523 3701 166

154 3719 215 3742 vus
228 3710 290 3752 F1,
315 3711 411 3744 vivus
422 3710 476 3744 F²

155 3754 229 3787 dem
245 3756 320 3789 dett.

573 3534 616 3574 (2)
642 3538 677 3568 et
701 3537 761 3568 ins.
783 3536 816 3567 F
822 3535 836 3555 ²

456 3577 498 3617 (5)
519 3580 690 3621 particula
708 3582 793 3614 redit
813 3583 866 3620 50,
884 3589 927 3620 17,
942 3588 1007 3623 192,
1025 3589 1039 3615 1
1118 3583 1162 3623 (6)
1189 3592 1245 3614 ex-

526 3625 568 3664 (7)
593 3627 629 3656 at
649 3625 679 3657 si
699 3635 766 3657 non
787 3637 917 3658 omnem
938 3626 1158 3659 cancellasset
1181 3628 1242 3660 ins.

615 3669 660 3709 (9)
684 3670 749 3701 viri
761 3670 822 3710 F¹,
849 3671 914 3703 diri
928 3669 982 3703 F²
1074 3675 1132 3712 (10)
1157 3672 1243 3704 vivi-

591 3713 644 3754 (11)
668 3714 815 3748 Zenonis
836 3716 970 3749 Grotius
1086 3718 1144 3756 (12)
1171 3727 1242 3750 eos-

1243 130 1330 177 379

982 3538 1024 3578 (3)
1050 3541 1192 3580 poi-tone
1216 3537 1251 3570 F

2122 133 2312 176 XXVIII
2335 137 2374 175 4.
2396 137 2420 175 5

1322 255 1423 290 stulit
1447 258 1554 299 atque
1578 254 1716 296 delevit,
1743 265 1834 300 quae
1859 255 1935 290 iure
1957 259 2059 300 gesta
2083 260 2178 298 sunt,
2211 256 2421 301 praesertim

1324 310 1405 335 cum
1437 310 1481 335 ex
1514 299 1640 334 ceteris
1672 299 1806 334 tabulis
1843 311 1931 344 quas
1964 311 2035 335 non
2068 301 2216 336 abstulit
2239 310 2296 336 res
2320 305 2421 345 gesta

1323 344 1537 387 declaretur,
1569 354 1642 379 non
1667 345 1930 380 constituentur
1952 346 2064 381 irrita.
2113 346 2273 382 Pavum
2293 349 2419 381 notat.-

1322 389 1387 426 sed
1411 390 1452 432 si,
1477 393 1518 425 ut
1539 390 1732 424 intestatus
1754 395 1960 430 moreretur,
1985 391 2111 426 incidit
2131 391 2274 427 tabulas
2296 395 2331 426 et
2350 391 2420 427 hoc

1323 435 1600 480 adprobaverint
1631 435 1668 469 hi
1700 436 1761 479 qui
1793 435 1838 469 ab
1866 436 2035 471 intestato
2061 436 2179 472 venire
2204 436 2420 479 desiderant,

1323 481 1465 525 scriptis
1491 480 1704 515 avocabitur
1727 480 1918 515 hereditas.

1826 619 1861 656 V
1874 618 1911 656 ¹³.

1512 684 1574 716 DE
1598 684 1865 716 HEREDIBUS
1890 684 2226 716 lNSTITUENms.

1372 749 1390 787 1
1427 749 1623 786 Ummos
1643 750 1734 786 libro
1751 751 1876 796 primo
1902 750 1952 785 ad
1966 749 2140 786 Sabinum

1323 796 1367 830 ab
1403 795 1545 830 heredis
1561 797 1586 816 ¹⁴
1622 796 1847 831 institutione
1887 796 2096 841 plerumque
2135 795 2242 830 debet
2281 797 2421 832 initium

1321 841 1442 876 facere
1460 841 1676 875 testamenti.
1710 841 1794 876 licet
1815 841 1920 876 etiam
1941 841 1986 875 ab
2009 840 2292 884 exheredatione,
2314 852 2421 887 quam

1322 887 1530 922 nominatim
1554 886 1659 921 facit:
1684 897 1768 921 nam
1793 886 1894 921 divus
1913 886 2090 921 Traianus
2111 886 2295 931 rescripsit
2314 897 2421 932 posse

1322 932 1532 967 nominatim
1557 931 1663 966 etiam
1683 935 1766 966 ante
1786 931 1926 967 heredis
1946 931 2207 966 institutionem
2227 931 2339 967 filium
2360 943 2419 968 ex-

1326 981 1340 1011 1
1390 976 1574 1012 heredare.
1610 977 1817 1011 Institutum
1842 980 1962 1012 autem
1985 976 2152 1012 heredem
2176 987 2256 1011 eum
2280 988 2422 1023 quoque

1323 1022 1492 1064 dicimus,
1526 1022 1587 1067 qui
1611 1022 1767 1067 scriptus
1792 1033 1864 1058 non
1890 1027 1962 1064 est,
1995 1022 2058 1057 sed
2083 1022 2305 1057 solummodo
2330 1034 2420 1058 nun-

1324 1071 1343 1102 2
1391 1070 1558 1113 cupatus.
1603 1067 1728 1102 Mutus
1753 1071 1790 1102 et
1812 1067 1942 1103 surdus
1963 1071 2061 1102 recte
2079 1068 2183 1102 heres
2199 1067 2338 1102 institui
2356 1079 2420 1113 po-

1323 1116 1342 1148 3
1390 1116 1471 1148 test.
1519 1111 1589 1157 Qui
1619 1123 1735 1157 neque
1761 1113 1945 1157 legaturus
1971 1113 2056 1158 quid
2081 1115 2135 1147 est
2158 1123 2274 1157 neque
2299 1124 2421 1192 quem-

1323 1168 1430 1203 quam
1467 1157 1767 1200 exheredaturus‚
1804 1159 1961 1203 quinque
1995 1158 2112 1193 verbis
2147 1161 2268 1203 potest
2319 1169 2423 1195 acere

1322 1207 1596 1246 testamentum,
1631 1206 1673 1238 ut
1708 1203 1820 1239 dicat:
1862 1204 2010 1238 ‘Lucius
2047 1203 2161 1238 Titius
2197 1203 2282 1238 mihi
2317 1204 2422 1240 heres

1323 1250 1443 1284 ‘est0':
1479 1249 1571 1283 haec
1607 1252 1727 1284 autem
1764 1249 1944 1294 scriptura
1978 1249 2134 1294 pertinet
2169 1249 2216 1283 ad
2252 1259 2330 1284 eum
2363 1250 2423 1295 qui

1323 1305 1395 1330 non
1430 1304 1497 1339 per
1532 1294 1748 1339 scripturam
1782 1298 1949 1330 testatur.
2004 1294 2066 1339 qui
2078 1296 2105 1315 ¹⁵
2143 1294 2276 1340 poterit
2315 1295 2422 1330 etiam

1322 1340 1437 1375 tribus
1461 1340 1578 1375 verbis
1602 1340 1746 1382 testari,
1781 1343 1821 1375 ut
1853 1339 1968 1375 dicat:
2005 1339 2151 1375 ‘Lucius
2183 1340 2288 1375 heres
2313 1341 2421 1376 esto':

1322 1388 1343 1420 4
1390 1395 1475 1420 nam
1506 1388 1542 1419 et
1572 1384 1681 1419 ‘mihi’
1715 1388 1751 1419 et
1774 1385 1913 1420 ‘Titius’
1947 1385 2115 1420 abundat.
2165 1384 2203 1420 Si
2234 1395 2279 1420 ex
2309 1385 2421 1422 fundo

1320 1430 1449 1466 fuisset
1468 1430 1596 1475 aliquis
1617 1430 1715 1466 solus
1735 1431 1934 1473 institutus,
1956 1431 2050 1465 valet
2066 1430 2242 1466 institutio
2261 1431 2423 1466 detracta

1323 1480 1341 1511 5
1388 1475 1493 1510 fundi
1524 1476 1713 1511 mentione.
1771 1475 1808 1511 Si
1839 1479 1959 1511 autem
1995 1476 2046 1511 sic
2078 1476 2230 1511 scribat:
2275 1476 2421 1512 ‘Lucius

1322 1522 1459 1563 ‘heres'‚
1485 1521 1571 1556 licet
1594 1532 1668 1556 non
1692 1521 1862 1556 adiecerit
1887 1522 1999 1563 ‘esto’,
2026 1521 2202 1556 credimus
2227 1522 2308 1566 plus
2328 1533 2421 1557 nun-

1322 1571 1512 1612 cupatum,
1545 1566 1662 1602 minus
1694 1567 1885 1612 scriptum:
1920 1570 1956 1602 et
1986 1567 2017 1601 si
2045 1567 2113 1601 ita:
2148 1567 2295 1602 ‘Lucius
2320 1568 2421 1610 esto’,

1321 1612 1535 1647 tantundem
1569 1612 1738 1647 dicimus:
1774 1623 1855 1657 ergo
1885 1616 1920 1647 et
1944 1612 1974 1647 si
1998 1613 2067 1647 ita:
2101 1612 2258 1647 ‘Lucius’
2288 1613 2420 1648 solum-

1320 1657 1439 1693 modo.
1494 1657 1690 1692 Marcellus
1723 1668 1795 1693 non
1826 1657 2044 1702 insuptiliter
2075 1668 2148 1692 non
2178 1661 2283 1702 putat
2314 1658 2422 1694 hodie

1324 1704 1392 1738 hoc
1416 1702 1619 1748 procedere.
1670 1703 1770 1738 divus
1796 1707 1915 1737 autem
1938 1702 2036 1745 Pius,
2063 1714 2143 1738 cum
2169 1703 2312 1748 quidam
2335 1714 2419 1748 por-

1321 1749 1435 1784 tiones
1467 1748 1560 1783 inter
1591 1748 1740 1783 heredes
1773 1748 2013 1783 distribuisset
2044 1749 2112 1783 ita:
2148 1748 2219 1783 ‘ille
2249 1757 2294 1783 ex
2316 1752 2421 1794 parte

1321 1797 1427 1834 ‘tota‚
1467 1794 1529 1828 ille
1561 1804 1605 1828 ex
1634 1795 1722 1828 tota’
1754 1803 1821 1829 nec
1853 1793 2044 1829 adiecisset
2076 1794 2191 1828 ‘heres
2224 1794 2324 1836 esto',
2363 1805 2418 1830 re-

1321 1839 1392 1874 scri
1420 1839 1467 1874 sit
1480 1839 1601 1874 valere
1618 1838 1895 1874 institutionem:
1922 1839 2018 1883 quod
2036 1842 2071 1873 et
2086 1839 2246 1874 Iulianus
2264 1839 2420 1885 scripsit.

1321 1888 1341 1920 6
1407 1888 1479 1919 tem
1511 1884 1612 1919 divus
1644 1884 1732 1919 Pius
1767 1884 1953 1929 rescripsit
1989 1885 2063 1918 ‘illa
2097 1894 2188 1919 uxor
2220 1894 2299 1919 mea
2331 1885 2420 1920 esto’

1321 1933 1339 1964 7
1387 1929 1649 1965 institutionem
1676 1930 1813 1972 valere,
1845 1929 1930 1964 licet
1962 1929 2104 1964 deesset
2136 1929 2274 1965 ‘hei-es’.
2322 1930 2421 1966 Idem

1319 1974 1480 2010 Iulianus
1520 1974 1632 2009 ‘illum
1670 1974 1837 2009 heredem
1873 1975 1969 2017 esse',
2011 1985 2083 2010 non
2117 1975 2256 2020 putavit
2290 1976 2420 2019 valere,

1320 2020 1490 2066 quoniam
1530 2020 1630 2055 deest
1669 2020 1822 2065 aliquid:
1867 2020 1931 2055 sed
1971 2023 2006 2055 et
2044 2020 2124 2064 ipsa
2162 2020 2295 2055 valebit
2334 2021 2419 2057 sub-

1321 2065 1443 2101 audito
1458 2066 1486 2087 ¹⁶
1511 2065 1651 2100 ‘iubeo'.

1367 2108 1391 2147 2
1416 2110 1526 2146 IDEM
1545 2111 1635 2146 libro
1659 2110 1817 2146 secundo
1842 2110 1891 2145 ad
1913 2109 2088 2146 Sabinum
2134 2109 2238 2146 Circa
2262 2120 2334 2153 eOS,
2360 2111 2422 2156 qui

1319 2156 1370 2191 ita
1403 2156 1552 2191 heredes
1585 2155 1741 2191 instituti
1773 2156 1902 2191 sint¹⁷:
1945 2159 2002 2191 ‘ex
2031 2156 2196 2201 partibus
2233 2166 2322 2201 quas
2354 2157 2419 2192 ad-

1321 2201 1536 2247 ‘scripsero’,
1568 2211 1641 2236 non
1673 2205 1778 2246 putat
1809 2201 2003 2236 Marcellus
2036 2211 2098 2237 eos
2132 2201 2280 2236 heredes
2312 2202 2420 2238 nullis

1319 2247 1509 2291 adscriptis
1533 2247 1716 2291 partibus,
1750 2246 2048 2292 quemadmodum
2080 2246 2111 2281 si
2137 2247 2190 2281 ita
2214 2251 2333 2282 essent
2356 2248 2418 2282 he-

1319 2292 1422 2328 redes
1446 2292 1617 2327 instituti:
1644 2292 1687 2327 ‘si
1711 2292 1760 2327 eis
1785 2295 1906 2336 partes
1932 2291 2183 2336 adscripsero'.
2220 2292 2282 2327 sed
2306 2292 2418 2338 magis

1320 2342 1392 2380 est,
1425 2341 1466 2372 ut
1493 2337 1546 2373 sic
1570 2340 1652 2372 utra
1678 2347 1723 2373 ue
1747 2337 1923 2372 institutio
1949 2337 2166 2382 accipiatur,
2199 2338 2229 2372 si
2253 2338 2418 2373 voluntas

1320 2382 1481 2418 defuncti
1515 2394 1589 2418 non
1622 2393 1662 2418 re
1679 2386 1843 2428 ragatur:
1889 2385 1945 2417 ‘ex
1984 2383 2113 2427 quibus
2152 2383 2317 2428 partibus
2354 2383 2417 2418 ad-

1321 2428 1529 2473 ‘scripsero‚
1561 2428 1592 2463 si
1615 2428 1751 2470 minus,
1785 2438 1830 2463 ex
1854 2428 2000 2472 aequis',
2035 2428 2138 2472 quasi
2162 2428 2296 2472 duplici
2318 2427 2419 2464 facta

1318 2474 1563 2509 institutione:
1594 2484 1701 2519 quam
1726 2474 1939 2508 sententiam
1964 2472 2089 2508 Celsus
2113 2473 2203 2508 libro
2229 2476 2330 2509 sexto
2356 2474 2417 2509 de-

1319 2519 1411 2554 cimo
1437 2519 1655 2564 digestorum
1678 2519 1820 2564 probat.
1869 2519 1974 2553 aliter
2005 2522 2112 2563 atque
2141 2519 2273 2563 probat
2295 2519 2332 2553 in
2356 2520 2418 2555 illa

1317 2565 1559 2599 institutione:
1587 2567 1642 2599 ‘ex
1662 2574 1734 2609 qua
1753 2567 1857 2609 parte
1874 2574 1930 2598 me
1947 2563 2061 2598 Titius
2078 2563 2246 2598 heredem
2261 2565 2333 2599 scri
2360 2565 2416 2608 sit,

1319 2610 1433 2645 ‘Seius
1465 2611 1569 2645 heres
1603 2610 1709 2644 esto':
1749 2614 1837 2644 tunc
1872 2609 1966 2643 enim
2002 2608 2032 2644 si
2066 2619 2139 2644 non
2175 2613 2230 2644 est
2266 2619 2288 2644 a
2352 2610 2415 2645 itio

1318 2655 1387 2690 scri
1415 2658 1486 2698 tus,
1511 2665 1578 2690 nec
1602 2654 1704 2690 Seius
1722 2655 1748 2675 ¹⁸
1773 2655 1818 2689 ab
1844 2665 1897 2696 eo,
1923 2665 1990 2689 nec
2013 2654 2207 2689 immerito:
2239 2654 2298 2690 hic
2323 2656 2417 2691 enim

1318 2710 1378 2736 cre
1406 2700 1477 2735 ‘tur
1498 2701 1615 2735 inesse
1640 2699 1817 2735 condicio.
1864 2699 1927 2734 sed
1950 2699 2143 2734 Marcellus
2175 2699 2266 2735 haec
2290 2700 2418 2736 similia

1320 2749 1336 2781 1
1410 2749 1498 2780 utat.
1552 2745 1678 2781 Potest
1713 2748 1832 2779 autem
1867 2745 2057 2786 interesse,
2098 2747 2217 2779 utrum
2251 2745 2304 2780 ita
2336 2746 2416 2791 quis

1317 2791 1388 2826 scri
1415 2794 1471 2826 at:
1514 2793 1571 2826 ‘ex
1608 2791 1664 2826 his
1702 2790 1865 2835 partibus
1907 2800 1996 2835 quas
2032 2789 2217 2834 adscripsi’
2254 2801 2298 2825 an
2341 2791 2415 2826 ‘ad-

1317 2836 1520 2880 scripsero',
1553 2839 1594 2871 ut
1625 2835 1800 2880 superiori
1831 2834 1937 2870 modo
1967 2835 2067 2870 dicas
2091 2835 2197 2870 nullis
2223 2835 2414 2881 adscriptis

1316 2881 1480 2925 partibus
1504 2881 1639 2916 nullam
1664 2891 1743 2915 esse
1766 2880 2043 2916 institutionem:
2078 2881 2256 2925 quomodo
2287 2882 2326 2916 in
2352 2882 2414 2917 illo

1317 2926 1527 2961 Marcellus:
1568 2929 1624 2960 ‘ex
1654 2925 1710 2960 his
1742 2925 1926 2970 partibus,
1959 2936 2005 2961 ex
2036 2926 2166 2970 quibus
2199 2930 2413 2963 testamento

1318 2971 1451 3006 ‘matris
1477 2971 1601 3016 scripti
1625 2970 1788 3013 fuissent,
1817 2971 1965 3006 heredes
1980 2972 2008 2992 ¹⁹
2032 2972 2158 3013 sunt0’‚
2191 2972 2221 3006 si
2245 2972 2415 3007 intestata

1316 3021 1431 3051 mater
1455 3016 1658 3058 decesserit,
1683 3016 1749 3051 hos
1774 3026 1847 3051 non
1872 3026 1949 3051 esse
1972 3017 2167 3051 institutos.

1363 3059 1387 3098 3
1420 3060 1531 3096 IDEM
1555 3059 1646 3096 libro
1679 3062 1784 3096 tertio
1818 3061 1868 3096 ad
1891 3060 2066 3097 Sabinum
2114 3061 2244 3097 Servus
2277 3063 2413 3097 alienus

1315 3107 1371 3142 vel
1401 3109 1500 3142 totus
1535 3106 1590 3141 vel
1619 3116 1685 3151 pro
1717 3110 1822 3151 parte
1852 3107 1928 3141 sine
1959 3107 2126 3142 libertate
2149 3108 2251 3142 heres
2276 3107 2414 3142 institui

1319 3155 1333 3187 1
1384 3153 1514 3197 potest.
1553 3151 1591 3186 Si
1615 3161 1755 3187 servum
1777 3162 1895 3187 meum
1919 3163 2008 3197 pure
2031 3152 2198 3187 heredem
2223 3153 2412 3196 scripsero,

1316 3197 1383 3232 sub
1410 3196 1620 3232 condicione
1643 3197 1805 3239 liberum,
1832 3196 1993 3232 differtur
2013 3197 2190 3232 institutio
2211 3197 2247 3231 iu
2267 3197 2303 3231 id
2323 3201 2411 3231 tem-

1318 3246 1336 3277 2
1409 3252 1463 3283 us,
1490 3252 1559 3286 quo
1584 3241 1732 3277 libertas
1757 3242 1843 3277 data
1867 3246 1930 3277 est.
1969 3242 2007 3277 Si
2031 3243 2109 3287 quis
2133 3242 2185 3276 ita
2209 3242 2410 3286 scripserit:

1317 3288 1360 3323 ‘si
1415 3287 1499 3321 itius
1523 3287 1627 3322 heres
1651 3287 1737 3330 erit,
1771 3287 1872 3323 Seius
1902 3288 2007 3322 heres
2039 3290 2134 3322 esto:
2169 3287 2282 3321 Titius
2309 3286 2411 3322 heres

1317 3333 1430 3374 ‘esto',
1457 3333 1560 3377 quasi
1584 3332 1727 3376 quaevis
1752 3333 1915 3368 condicio
1938 3336 2166 3377 exspectatur
2183 3331 2267 3365 Titii
2287 3331 2410 3373 aditio,

1315 3382 1356 3413 ut
1381 3377 1482 3412 Seius
1508 3377 1610 3412 heres
1634 3377 1715 3412 fiat:
1745 3380 1780 3413 et
1803 3388 1890 3413 sane
1915 3382 1951 3412 et
1974 3378 2110 3412 Iuliano
2136 3380 2171 3411 et
2189 3376 2409 3410 Tertulliano

1317 3427 1336 3458 3
1384 3423 1453 3458 hoc
1477 3422 1628 3457 videtur.
1676 3422 1744 3467 Qui
1774 3423 2083 3458 fideicommissam
2114 3422 2314 3456 libertatem
2341 3421 2409 3456 sub

2181 749 2249 794 Qui
2268 754 2421 787 testatur

1362 3537 1419 3577 (13)
1445 3536 1527 3569 Sab.
1546 3544 1639 3570 1...10.
1661 3545 1702 3571 12.
1726 3544 1768 3571 13.
1792 3544 1902 3570 15...17.
1928 3543 2046 3570 19...23.
2074 3542 2119 3568 25.
2147 3541 2266 3568 27...29.
2292 3541 2409 3568 31...33.

1315 3588 1429 3616 35...41.
1455 3588 1582 3621 43...57;
1607 3582 1672 3615 Ed.
1686 3590 1725 3617 11.
1744 3589 1847 3616 1418.
1867 3588 1912 3614 24.
1933 3587 1979 3614 26.
1997 3587 2046 3613 30.
2069 3587 2113 3613 42.
2136 3586 2257 3613 58...7o.
2280 3586 2407 3618 72...75;

1317 3626 1461 3670 Pap.34.
1487 3633 1528 3660 71.
1556 3634 1685 3668 76...92;
1716 3628 1803 3670 App.
1820 3633 1867 3660 93.
1892 3643 1937 3649 ——
1960 3625 2046 3657 Bas.
2062 3626 2116 3665 35,
2136 3631 2163 3657 9.
2189 3642 2234 3647 —-
2262 3624 2312 3667 C'fi
2326 3625 2407 3659 Inst.

1314 3672 1346 3712 2,
1360 3678 1411 3711 143
1440 3671 1518 3705 0011.
1533 3673 1566 3713 6,
1580 3678 1617 3706 24
1703 3673 1759 3713 (14)
1783 3673 1925 3704 testator
1936 3668 2116 3701 heredibus
2130 3669 2164 3701 F
2245 3671 2303 3709 (15)
2323 3670 2407 3711 quin

1316 3717 1552 3760 Bynkershoek
1690 3719 1747 3757 (16)
1774 3715 1969 3748 subauditio
1991 3715 2024 3747 F
2164 3715 2228 3754 (17)
2254 3718 2334 3746 sunt
2353 3713 2407 3747 F’

1315 3764 1374 3799 118)
1399 3762 1471 3794 eius
1487 3762 1521 3794 F
1627 3764 1686 3801 (19)
1712 3761 1832 3794 herede
1850 3761 1886 3793 F

2065 3816 2132 3848 48*
