2528 3918
175 103 354 146 XXH1

175 224 383 270 stipulatum
421 223 459 258 in
496 223 608 259 altero
640 228 741 259 tanto
771 234 882 270 supra
911 224 1053 260 modum
1085 225 1260 270 legitimae
1291 232 1296 244 ¹

174 279 307 305 usurae
329 268 497 312 respondi
521 279 591 302 nou
614 273 756 303 tenere:
789 279 899 313 quare
921 279 986 314 pro
1011 269 1115 304 modo
1140 269 1258 305 cuius-

175 323 327 358 cumque
357 313 526 358 temporis
557 312 737 358 superfluo
769 313 929 349 detracto
961 314 1144 358 stipulatio
1168 314 1258 349 vires

178 363 192 393 1
243 357 400 393 habebit.
459 357 656 393 Usurarum
690 358 891 403 stipulatio,
927 359 1085 403 quamvis
1121 358 1260 394 debitor

174 414 246 438 non
271 402 520 444 conveniatur,
553 402 793 438 committitur.
830 413 896 438 nec
927 403 1060 438 inutilis
1083 403 1258 448 legitimae

174 457 304 482 usurae
327 447 510 491 stipulatio
534 447 673 482 videtur
696 447 763 482 sub
788 458 831 482 ea
855 447 1062 483 condicione
1085 452 1259 493 concepta

175 493 216 526 ‘si
240 492 391 526 minores
416 491 462 526 ad
486 491 578 527 diem
602 492 740 527 solutae
762 503 834 527 non
865 492 1029 527 fuerint’:
1061 503 1134 528 non
1166 493 1258 528 enim

173 546 308 581 poena,
353 536 416 571 sed
457 536 584 571 faenus
628 537 771 572 uberius
812 537 907 571 iusta
948 537 1107 572 ratione¹
1152 537 1258 573 sortis

199 581 403 616 romittitur.
439 581 470 616 si
492 586 612 616 tamen
643 586 726 627 post
756 587 905 616 mortem
938 581 1123 617 creditoris
1154 593 1257 617 nemo

189 626 242 660 uit
266 626 322 661 cui
346 626 498 670 pecunia
522 626 725 668 solveretur,
750 627 826 661 eius
849 626 1019 671 temporis
1037 627 1258 672 inculpatam

174 680 253 706 esse
275 680 411 705 moram
435 671 612 707 constitit:
646 671 725 706 ideo
750 671 780 706 si
803 672 953 706 maiores
978 682 1109 707 usurae
1131 672 1256 717 priori-

172 715 241 750 bus
265 720 450 760 petantur,
475 716 637 761 exceptio
662 716 733 751 doli
756 726 828 751 non
851 715 1022 751 inutiliter
1045 721 1255 762 opponetur.

222 759 272 798 10
306 759 465 796 PAULUS
495 761 585 797 libro
619 761 776 796 secundo
812 762 1063 806 quaestionum
1109 761 1257 797 Partum

199 809 256 840 ost
285 805 382 840 litem
413 807 674 841 contestatam²
698 805 830 841 editum
853 807 1040 841 restituere
1071 816 1258 851 possessor

198 850 297 885 ebet:
330 861 434 896 quem
458 861 530 886 non
555 851 699 886 deberet
721 851 928 892 restituere,
958 851 1007 893 si,
1041 862 1123 886 cum
1145 856 1258 887 mater

172 898 371 975 peteretur,
402 895 473 931 iam
496 900 602 931 natus
625 895 771 938 fuisset,
803 895 871 931 nisi
901 896 1103 941 specialiter
1133 901 1170 932 et
1191 907 1256 942 pro

199 950 243 975 oc
266 940 405 985 egisset.

222 983 269 1022 11
296 984 404 1020 IDEM
418 985 509 1020 libro
531 985 694 1020 vicesimo
716 985 841 1030 quinto
862 986 1111 1030 quaestionum
1146 985 1256 1021 Gaius

173 1029 275 1066 Seius
299 1030 359 1075 qui
382 1040 455 1065 rem
479 1030 657 1075 publicam
679 1029 826 1074 gerebat
847 1029 1044 1066 faeneravit
1066 1031 1256 1075 pecuniam

171 1075 350 1120 publicam
382 1075 448 1110 sub
471 1075 588 1110 usuris
613 1074 744 1109 solitis:
776 1074 845 1109 fuit
873 1079 992 1110 autem
1023 1076 1256 1117 consuetudo,

171 1124 213 1155 ut
234 1120 329 1154 intra
353 1125 452 1155 certa
481 1124 644 1164 tempora
675 1130 748 1154 non
779 1119 897 1154 inlatis
928 1121 1046 1155 usuris
1076 1121 1256 1166 graviores

170 1163 430 1245 ἰηῌὲἔιὲτθηῐιιτε
467 1165 609 1210 quidam
645 1164 823 1200 debitores
859 1170 1087 1201 cessaverunt
1116 1165 1154 1200 in
1185 1166 1255 1201 sol-

170 1220 238 1245 ven
265 1210 273 1217 ‘
317 1210 447 1251 usuris,
472 1209 615 1255 quidam
637 1210 716 1254 plus
739 1209 938 1245 intulerunt
960 1213 996 1245 et
1020 1211 1071 1246 sic
1092 1210 1256 1246 effectum

172 1258 248 1297 est,
290 1259 332 1290 ut
366 1265 471 1290 omne
505 1254 601 1299 quod
635 1264 822 1289 usurarum
857 1255 999 1290 nomine
1034 1256 1258 1301 competebat

173 1299 279 1335 etiam
303 1310 368 1344 pro
392 1299 459 1342 his,
485 1300 545 1344 qui
570 1304 796 1334 cessaverant
818 1299 855 1334 in
880 1300 1010 1341 usuris,
1035 1300 1255 1346 suppleatur.

195 1345 369 1380 uaesitum
392 1348 464 1386 est,
496 1355 543 1379 an
566 1344 672 1387 illud,
704 1344 799 1396 quod
822 1345 973 1390 amplius
997 1356 1042 1380 ex
1065 1350 1256 1381 consuetu-

171 1355 253 1425 aine
275 1390 435 1435 poenae³
459 1389 600 1424 nomine
624 1399 646 1424 a
670 1389 879 1434 qmbusdam
904 1394 1068 1425 exactum
1092 1394 1164 1432 est,
1189 1391 1258 1435 ipsi

171 1434 252 1470 Seio
276 1434 450 1479 proficere
474 1434 619 1469 deberet
643 1445 689 1469 an
712 1435 764 1469 rei
813 1435 952 1470 ublicae
975 1435 1076 1471 lucro
1102 1436 1255 1471 cederet.

170 1479 358 1524 respondi,
383 1479 414 1514 si
438 1478 550 1514 Gaius
574 1479 676 1515 Seius
701 1489 723 1514 a
747 1479 790 1514 de
816 1479 966 1515 itoribus
991 1491 1118 1516 usuras
1143 1481 1255 1526 stipu-

170 1525 265 1559 latus
290 1528 394 1566 esset,
419 1534 480 1559 eas
505 1524 599 1559 solas
623 1524 674 1559 rei
696 1524 861 1569 publicae
884 1526 1060 1569 praestari
1080 1530 1255 1571 oportere,

169 1579 261 1614 quae
284 1569 480 1604 secundum
510 1569 661 1604 formam
692 1570 738 1604 ab
769 1570 800 1604 is
833 1570 923 1615 exigi
954 1571 1086 1613 solent,
1119 1571 1257 1606 etiamsi

171 1618 186 1649 1
237 1615 333 1649 non*¹
357 1614 476 1649 omnia
499 1615 644 1649 nomina
665 1614 795 1650 idonea
818 1615 898 1650 sint.
947 1615 1040 1659 Quid
1072 1615 1103 1651 si
1133 1626 1256 1651 servus

169 1658 334 1706 publicus
358 1659 609 1705 obligationem
632 1670 820 1695 usurarum
851 1660 904 1695 rei
934 1660 1100 1705 publica-e
1131 1660 1255 1706 adqui-

170 1705 254 1741 siit?
289 1715 441 1750 aequum
473 1709 544 1748 est,
577 1705 736 1750 quamvis
760 1705 772 1740 i
799 1715 838 1740 so
862 1705 940 1740 iure
963 1716 1093 1742 usurae
1116 1706 1168 1741 rei
1190 1717 1256 1751 pu-

169 1750 284 1786 blicae
308 1750 515 1793 debeantur,
539 1755 658 1786 tamen
681 1761 745 1795 pro

169 1795 415 1841 pensationem
438 1795 611 1831 maiorum
635 1806 824 1831 usurarum
847 1795 940 1838 fieri,
973 1796 1004 1831 si
1026 1807 1099 1832 non
1122 1796 1169 1832 sit
1191 1807 1255 1842 pa-

168 1844 249 1876 rata
290 1851 348 1876 res
383 1841 528 1886 publica
562 1840 807 1876 universorum
842 1840 1042 1876 debitorum
1076 1841 1257 1877 fortunam

168 1885 360 1930 suscipere.
397 1885 519 1920 eadem
549 1886 625 1922 fere
656 1886 694 1921 in
716 1886 895 1921 tutoribus
918 1886 1112 1922 Marcellus
1135 1886 1255 1922 refert.

218 1927 269 1967 12
294 1929 399 1965 IDEM
420 1930 510 1966 libro
535 1935 666 1976 quarto
690 1941 944 1977 responsorum
992 1931 1074 1967 Seia
1097 1935 1257 1967 mutuam

168 1975 357 2022 pecuniam
381 1975 522 2020 accepit
545 1986 567 2010 a
592 1975 764 2021 Septicio:
790 1975 835 2010 de
858 1976 975 2011 usuris
999 1977 1051 2011 ita
1075 1977 1254 2012 convenit:

169 2021 238 2057 nisi
270 2031 337 2056 sua
368 2031 509 2066 quaque
541 2020 597 2056 die
628 2031 759 2056 usurae
792 2031 902 2066 supra
935 2022 1117 2067 scriptae⁵
1141 2022 1255 2057 exsol-

169 2070 335 2102 verentur
356 2066 411 2101 vel
434 2069 517 2110 post
538 2066 682 2100 tertium
713 2076 887 2107 mensem,
918 2070 1005 2101 tunc
1036 2067 1073 2102 in
1103 2067 1256 2103 maiores

169 2121 298 2147 usuras
323 2110 404 2146 Seia
426 2115 625 2152 teneretur,
651 2115 686 2145 et
709 2110 877 2156 deinceps
901 2122 965 2156 per
988 2111 1144 2157 singulas
1168 2123 1256 2158 pen-

169 2156 299 2198 aiones,
323 2156 353 2190 si
378 2155 586 2191 condicione
609 2155 695 2191 data
719 2166 850 2191 usurae
869 2167 941 2192 non
960 2156 1189 2199 solverentur,
1214 2168 1257 2193 ea

170 2201 331 2237 condicio
364 2200 632 2243 observaretur,
668 2200 782 2237 donec
817 2201 931 2237 omnis
967 2213 1107 2237 summa
1138 2202 1257 2238 debita

169 2247 240 2282 hoc
264 2245 406 2282 nomine
430 2246 680 2282 exsolveretur.
717 2257 869 2292 quaero,
895 2257 941 2282 an
963 2247 1053 2283 haec
1076 2247 1187 2282 verba
1209 2251 1258 2283 ‘et

170 2291 350 2336 ‘deinceps
370 2302 434 2336 per
452 2291 609 2336 singulas
629 2293 818 2338 pensiones
839 2292 1047 2327 condicione
1066 2292 1152 2327 data
1170 2303 1255 2327 usu-

170 2341 244 2372 ‘rae
268 2347 339 2371 non
363 2337 556 2379 solvantur,
582 2347 625 2372 ea
645 2337 807 2373 condicio
826 2337 1086 2372 observaretur'
1111 2347 1152 2373 eo
1176 2347 1256 2389 per-

169 2382 317 2424 tineant,
342 2386 399 2424 ut,
425 2383 584 2427 quamvis
609 2382 797 2418 commissa
819 2382 867 2418 sit
889 2382 982 2417 forte
1004 2381 1120 2427 prima
1143 2386 1255 2427 stipu-

168 2428 267 2470 latio,
292 2437 364 2462 non
387 2431 508 2462 tamen
530 2427 567 2462 in
587 2427 794 2472 ampliorem
814 2427 1048 2472 quantitatem
1067 2437 1257 2462 usurarum

171 2472 350 2508 conveniri
374 2473 488 2517 possit
518 2483 624 2518 quam
657 2472 731 2508 eius
761 2472 942 2517 pensionis
973 2471 1133 2514 nomine,
1166 2482 1258 2517 quae

171 2527 312 2563 egressa
335 2522 391 2552 est
410 2517 502 2552 diem
521 2517 784 2562 praestitutum.
820 2517 955 2552 Paulus
974 2517 1158 2562 respondit
1176 2517 1256 2562 plu-

171 2573 228 2598 res
261 2562 487 2598 condiciones
524 2562 705 2598 continere
736 2572 814 2598 eam
845 2562 1129 2607 stipulationem,
1190 2572 1258 2597 uae

171 2607 216 2643 de
238 2607 458 2652 gravioribus
481 2607 600 2643 usuris
623 2607 849 2652 praestandis
874 2607 1034 2643 subiecta
1057 2611 1122 2649 est,
1147 2607 1159 2642 i
1203 2612 1258 2642 est

172 2656 212 2687 ut
234 2662 299 2697 per
322 2652 478 2697 singulas
501 2653 691 2697 pensiones
715 2652 877 2688 condicio
900 2652 1162 2697 inspectaretur
1184 2662 1256 2687 non

171 2697 349 2732 illatarum
372 2697 446 2732 suis
464 2697 684 2742 temporibus
701 2697 871 2733 leviorum
891 2707 1097 2732 usurarum:
1123 2701 1159 2733 et
1176 2697 1255 2733 ideo

172 2751 278 2787 posse
302 2742 424 2776 evitari
447 2752 599 2786 poenam
621 2742 843 2788 sequentium
866 2742 1086 2787 pensionum.

222 2785 271 2823 13
305 2786 507 2822 Seuerou
538 2787 629 2822 libro
654 2788 778 2834 primo
810 2798 1063 2833 responsorum
1110 2787 1178 2831 Qui
1201 2797 1255 2822 se-

174 2831 297 2866 misses
332 2842 459 2866 usuras
491 2833 668 2876 promisit,
701 2843 765 2878 per
795 2833 925 2867 multos
958 2842 1071 2867 annos
1103 2832 1256 2867 minores

198 2876 366 2911 raestitit:
400 2877 502 2911 heres
535 2877 718 2912 creditoris
750 2878 914 2913 semisses
945 2877 1044 2922 petit.
1082 2888 1162 2912 cum
1193 2887 1258 2922 per

174 2887 369 2957 debitorem
392 2932 464 2956 non
488 2923 644 2963 steterit,
675 2933 745 2967 quo
777 2923 893 2957 minus
924 2922 1102 2957 minores⁶
1133 2922 1256 2963 solvat,

173 2975 306 3018 quaero
338 2976 384 3000 an
409 2967 569 3010 exceptio
602 2966 673 3002 doli
702 2967 756 3002 vel
787 2968 884 3012 pacti
913 2967 1040 3003 obstet.
1077 2966 1256 3012 respondi,

173 3021 205 3047 si
236 3010 457 3046 exsolvendis
489 3021 532 3045 ex
564 3022 661 3047 more
691 3012 810 3047 usuris
841 3023 906 3058 per
936 3015 1038 3046 tanta
1071 3012 1257 3057 tempora⁷

173 3065 276 3091 mora
297 3065 362 3100 per
393 3055 587 3090 debitorem
618 3067 689 3092 non
719 3056 807 3099 fuit,
839 3066 945 3102 posse
977 3057 1172 3092 secundum
1204 3067 1257 3099 ea,

181 3104 192 3135 1
243 3110 335 3146 quae
365 3105 649 3145 proponerentur
672 3102 815 3136 obstare
839 3101 1094 3147 exceptionem.
1142 3101 1257 3145 Quae-

175 3146 282 3181 situm
305 3148 377 3187 est,
411 3154 458 3179 an
481 3145 611 3180 iudicio
638 3147 856 3190 negotiorum
879 3151 1058 3191 gestorum
1080 3146 1134 3182 vel
1158 3156 1257 3181 man-

175 3190 273 3225 dati·
304 3200 370 3235 pro
402 3189 554 3234 pecunia
585 3190 723 3225 otiosa⁹
747 3202 874 3227 usuras
906 3196 1088 3236 praestare
1119 3190 1259 3233 debeat,

175 3245 257 3270 cum
280 3234 444 3270 domiuus
468 3234 600 3269 nullam
620 3236 806 3279 pecuniam
825 3236 1030 3272 faeneravit.
1065 3235 1259 3280 respondit,

175 3280 206 3315 si
238 3289 315 3315 eam
347 3278 534 3325 pecuniam
560 3279 717 3330 positam
748 3281 932 3317 habuisset
959 3281 1067 3326 idque
1098 3291 1142 3316 ex
1174 3290 1259 3316 con-

176 3324 363 3360 suetudine
387 3322 589 3376 mandantis
611 3322 775 3367 fecisset,
807 3336 878 3361 non
911 3325 1040 3361 debere
1072 3325 1261 3371 quicquam

177 3379 365 3405 usurarum
389 3378 530 3404 nomme
551 3373 747 3413 praestare.

226 3413 276 3452 14
301 3413 356 3449 ΡΑ
365 3422 460 3449 vsvs
479 3413 570 3448 libro
591 3418 721 3458 quarto
741 3413 876 3449 decimo
898 3425 1153 3460 responsorum
1190 3413 1260 3449 Re·

176 3458 321 3504 spondit
349 3457 484 3493 Paulus
497 3459 527 3479 ¹⁰
558 3467 691 3493 moram
723 3457 758 3492 in
790 3458 956 3494 solvendo
988 3458 1260 3494 fideicommisso

795 1750 918 1786 efectis
938 1751 1139 1786 nominibus
1160 1762 1255 1787 com-

176 3576 186 3609 (
191 3573 218 3612 1)
232 3570 367 3604 uberius
379 3571 570 3604 tardatione
580 3582 645 3605 aer.
715 3573 758 3611 (2)
771 3575 989 3603 contestatem
1003 3571 1038 3604 F
1091 3575 1134 3613 (3)
1147 3581 1257 3614 poena

178 3615 213 3648 F
275 3618 318 3657 (4)
343 3627 410 3648 non
424 3617 502 3649 adal.
516 3628 577 3648 sec.
593 3615 636 3655 B,
649 3628 709 3649 om.
723 3615 756 3648 F
820 3617 863 3653 (5)
888 3616 1016 3657 scripta
1027 3617 1062 3649 F
1125 3618 1170 3655 (o)
1195 3616 1257 3648 mi·

179 3670 258 3693 nore
272 3661 305 3693 F'
379 3663 422 3700 (τ)
447 3661 566 3693 solutis
580 3662 638 3694 ine.
721 3664 766 3699 (8)
791 3666 987 3701 procurator
1000 3662 1059 3694 ins.
1144 3667 1187 3699 (s)
1212 3662 1260 3694 sic

178 3717 242 3740 uc.
257 3707 301 3742 B.
318 3706 439 3737 vitiosa
451 3705 485 3738 I«v
550 3708 609 3745 (ιο)
634 3705 767 3747 paulus]
781 3708 859 3747 post
870 3704 1023 3748 Krueqn
1103 3709 1158 3743 (u)
1185 3716 1258 3747 per-

1248 100 1332 149 286

2167 121 2229 151 DE
2257 120 2411 154 nemus

1333 229 1346 259 ι
1393 225 1527 260 factam
1546 231 1672 270 partus
1682 237 1823 272 quoque
1834 227 2043 263 ancillarum
2054 228 2303 265 restituendos.
2337 230 2408 265 He-

1327 279 1383 304 res
1407 274 1552 314 rogatus
1576 275 1652 305 erat
1674 275 1757 315 post
1779 277 1927 307 mortem
1950 282 2053 307 suam
2076 272 2152 308 sine
2174 273 2289 309 reditu
2310 274 2410 310 here-

1327 313 1472 349 ditatem
1496 314 1700 351 restituere:
1759 316 1933 352 uaesitum
1957 321 2022 358 est,
2046 327 2092 352 an
2115 322 2239 362 partus
2264 319 2411 354 ancilla-

1326 369 1405 393 rum
1428 358 1534 394 etiam
1556 359 1634 394 vivo
1652 359 1716 394 her
1763 371 1783 396 e
1803 361 1879 396 nati
1899 361 2109 397 restituendi
2129 367 2247 398 essent
2290 368 2414 408 ropter

1326 403 1435 437 verba
1457 404 1679 455 testamenti,
1710 405 1839 450 quibus
1871 405 1914 441 de
1945 406 2061 441 reditu
2092 406 2168 442 solo
2201 374 2412 444 dediicendo

1326 452 1478 483 testator
1513 453 1634 483 sensit.
1681 448 1816 485 Paulus
1851 451 2036 496 respondit
2069 455 2153 486 ante
2185 451 2277 487 diem
2311 452 2410 488 fidei-

1327 492 1505 544 commissi
1517 492 1699 528 cedentem
1718 498 1843 545 partus
1864 496 2074 531 ancillarum
2096 495 2210 531 editos
2230 496 2411 532 fideicom-

1326 547 1433 572 misso
1457 547 1530 572 non
1554 538 1738 573 contineri.
1785 538 1953 576 Neratius
1977 541 2067 576 libro
2091 541 2204 586 primo
2229 541 2280 576 ita
2303 542 2413 577 refert

1327 592 1407 616 eum
1421 608 1430 623 ‚
1455 582 1516 627 qui
1539 582 1704 635 similiter·
1719 588 1863 628 rogatus
1887 590 1997 628 esset,
2033 590 2074 620 ut
2104 586 2285 621 mulierem
2308 587 2409 622 resti-

1325 631 1461 668 tueret,
1497 631 1640 672 partum
1673 637 1749 663 elus
1780 629 1966 665 restituere
1997 641 2038 666 co
2063 630 2193 665 endum
2226 642 2298 666 non
2322 641 2412 674 esse,

1326 671 1394 706 nisi
1423 676 1511 707 tunc
1543 671 1659 707 editus
1690 678 1800 715 esset,
1835 684 1917 709 cum
1947 674 1984 709 in
2013 642 2284 712 fideicommisso
2308 677 2411 712 resti-

1325 716 1457 751 tuendo
1481 726 1616 751 moram
1639 716 1794 753 fecisset.
1831 729 1876 753 ne
1902 729 1946 754 ue
1969 719 2141 755 interesse
2165 721 2339 763 existimo,
2364 731 2411 756 an

1326 760 1457 796 ancilla
1486 762 1691 806 specialiter
1721 772 1768 797 an
1797 763 1863 799 her
1911 764 1977 799 ‘tas
2000 764 2038 799 in
2060 764 2330 801 fideicommisso
2354 767 2410 802 sit.

1375 804 1425 842 15
1450 805 1557 841 [osu
1574 807 1664 842 libro
1683 811 1788 843 sexto
1801 808 1937 844 decimo
1950 820 2203 855 responsorum
2249 810 2411 856 Respon-

1326 850 1378 885 dit
1401 861 1514 896 neque
1537 861 1658 887 eorum
1681 851 1881 895 fructuum,
1938 854 1975 888 ui
2005 858 2088 899 post
2110 854 2206 890 litem
2230 860 2410 891 contesta-

1325 899 1399 930 tam
1411 897 1437 916 ¹¹
1460 895 1580 931 officio
1599 895 1725 932 iudicis
1746 898 1919 933 restituen
1947 899 1954 905 “
1974 903 2068 942 sunt,
2092 909 2219 935 usuras
2237 901 2413 944 praestari

1326 945 1507 985 oportere,
1541 951 1655 986 neque
1686 951 1826 985 eorum,
1882 943 1920 978 ui
1950 943 2049 988 prius
2082 945 2242 990 percepti
2254 945 2282 966 ¹²
2311 946 2412 990 quasi

1325 985 1440 1021 malae
1463 986 1547 1021 fidei
1595 987 1767 1022 ossessori
1792 997 1859 1023 con
1887 988 2037 1024 'cuntur

1374 1028 1425 1068 16
1449 1030 1556 1066 [mu
1588 1031 1665 1066 ibro
1681 1032 1806 1077 primo
1830 1033 2054 1068 decretorum
2099 1033 2342 1069 Liberalitatis
2373 1035 2412 1070 in

1329 1078 1342 1109 1
1395 1085 1469 1110 rem
1492 1075 1672 1120 publicam
1696 1076 1814 1112 factae
1838 1087 1969 1113 usurae
1992 1089 2063 1114 non
2088 1079 2286 1123 exiguntur.
2324 1078 2412 1116 Cum

1325 1130 1456 1156 usurae
1479 1121 1584 1166 pretii
1606 1120 1710 1156 fundi
1733 1122 1778 1156 ab
1801 1132 1842 1158 eo
1864 1123 1924 1167 qui
1944 1133 1966 1157 a
1986 1123 2073 1159 fisco
2096 1127 2230 1159 emerat
2249 1128 2411 1169 peteren-

1325 1170 1385 1200 tur
1420 1170 1456 1200 et
1490 1170 1627 1210 emptor
1661 1171 1806 1211 negaret
1840 1167 2008 1203 traditam
2043 1168 2110 1204 sibi
2139 1169 2412 1213 possessionem,

1325 1210 1520 1262 imperator
1551 1210 1705 1246 decrevit
1737 1212 1897 1257 iniquum
1921 1223 1998 1248 esse
2022 1223 2149 1248 usuras
2173 1214 2218 1248 ab
2243 1224 2285 1249 eo
2310 1214 2411 1259 exigi,

1326 1267 1387 1300 qui
1409 1255 1549 1291 fructus
1573 1266 1645 1291 non
1668 1257 1896 1301 percepisset.

1375 1298 1425 1337 17
1450 1300 1559 1336 IDEM
1583 1300 1675 1336 libro
1705 1302 1889 1347 sinyulari
1921 1302 1965 1337 de
1987 1303 2109 1338 usuris
2156 1301 2244 1338 Cum
2268 1302 2412 1348 quidam

1327 1346 1478 1381 cavisset
1508 1356 1546 1380 se
1578 1346 1767 1390 quotannis
1799 1347 2016 1391 quincunces
2048 1358 2176 1383 usuras
2207 1352 2411 1392 praestatu-

1325 1401 1403 1426 rum
1428 1395 1473 1432 et,
1498 1390 1528 1425 si
1552 1401 1622 1435 quo
1647 1400 1739 1426 anno
1764 1402 1837 1426 non
1861 1392 2034 1434 solvisset,
2058 1396 2146 1428 tunc
2168 1393 2278 1428 totius
2302 1403 2410 1438 pecu-

1326 1435 1405 1471 niae
1429 1446 1472 1471 ex
1497 1436 1552 1471 die
1576 1446 1648 1480 qua
1662 1437 1687 1457 ¹³
1710 1440 1893 1472 mutuatus
1919 1442 1973 1473 est
2006 1437 2169 1473 semisses
2201 1438 2413 1480 soluturum,

1326 1484 1362 1515 et
1391 1481 1537 1516 redditis
1569 1491 1634 1526 per
1664 1481 1800 1526 aliquot
1831 1492 1944 1517 annos
1976 1483 2093 1517 usuris
2124 1493 2208 1518 mox
2231 1482 2412 1528 stipulatio

1327 1526 1516 1561 commissa
1539 1530 1643 1568 esset,
1669 1525 1769 1561 divus
1792 1526 1939 1562 Marcus
1962 1527 2162 1564 Fortunato
2186 1527 2238 1563 ita
2259 1528 2369 1563 rescri
2395 1548 2410 1555 -

1325 1571 1390 1606 sit:
1416 1570 1631 1606 ‘Praesidem
1653 1571 1856 1615 provinciae
1879 1572 1956 1614 adi,
1982 1572 2042 1617 qui
2065 1572 2342 1617 stipulationem,
2392 1583 2413 1609 e

1326 1616 1439 1651 ‘cuius
1463 1615 1648 1667 iniquitate
1673 1620 1819 1660 questus
1843 1627 1899 1657 eS,
1932 1617 1977 1652 ad
2001 1617 2144 1652 modum
2166 1618 2282 1653 iustae
2305 1627 2410 1654 exac-

1326 1661 1443 1696 ‘tionis
1467 1661 1622 1705 redlget’.
1659 1660 1749 1695 haec
1774 1661 1979 1697 constitutio
2001 1662 2047 1697 ad
2066 1662 2204 1698 finitum
2216 1662 2244 1683 ¹⁴
2268 1662 2411 1698 modum

1326 1705 1482 1741 excedit:
1540 1705 1601 1740 uid
1625 1706 1734 1750 ergo?
1769 1706 1821 1741 sic
1852 1707 2084 1752 temperanda
2114 1717 2170 1743 res
2201 1711 2274 1750 est,
2306 1711 2347 1742 ut
2374 1708 2411 1742 in

1324 1750 1486 1786 futurum
1517 1717 1703 1785 dumtaxat
1735 1761 1778 1786 ex
1811 1750 1867 1786 die
1892 1751 2101 1787 cessationis
2126 1756 2265 1788 crescat
2288 1763 2408 1788 usura.

1328 1799 1343 1830 1
1393 1795 1504 1831 Divus
1517 1795 1603 1830 Pius
1627 1796 1678 1830 ita
1701 1796 1902 1848 rescripsit:
1930 1797 2073 1832 ‘Parum
2087 1797 2181 1833 iuste
2198 1797 2411 1843 praeteritas

1326 1844 1466 1876 ‘usuras
1490 1841 1600 1886 petis,
1633 1851 1722 1886 quas
1748 1841 1908 1877 omisisse
1931 1846 1967 1877 te
1989 1842 2086 1887 longi
2109 1843 2278 1887 temporis
2301 1842 2410 1877 inter-

1325 1887 1466 1922 ‘vallum
1490 1886 1644 1928 indicat,
1670 1886 1730 1938 qui
1744 1887 1771 1907 ¹⁵
1795 1896 1855 1921 eas
1879 1897 1902 1921 a
1926 1886 2085 1922 debitore
2107 1891 2189 1929 tuo,
2214 1892 2255 1922 ut
2276 1887 2411 1932 gratior

1325 1931 1434 1977 ‘apud
1470 1941 1550 1966 eum
1583 1931 1746 1966 videhcet
1780 1941 1894 1974 esses,
1938 1931 2109 1977 petendas
2143 1942 2216 1967 non
2250 1932 2408 1977 putasti'.

1325 1979 1344 2011 2
1392 1977 1434 2011 In
1464 1976 1575 2011 tacito
1608 1976 1879 2012 fideicommisso
1912 1987 2016 2012 omne
2048 1977 2322 2012 emolumentum
2345 1977 2409 2012 he-

1323 2021 1400 2057 redi
1424 2020 1656 2057 auferendum
1679 2025 1715 2056 et
1737 2021 1825 2056 fisco
1847 2021 2100 2066 praestandum
2124 2022 2224 2057 divus
2245 2021 2330 2057 Pius
2354 2031 2411 2057 re-

1325 2067 1395 2102 scri
1422 2067 1484 2103 sit:
1523 2076 1604 2111 ergo
1641 2070 1677 2101 et
1712 2077 1902 2101 usurarum
1937 2067 2212 2102 emolumentum
2246 2066 2412 2102 aufertur

1325 2115 1345 2147 3
1419 2111 1525 2147 eredi.
1574 2110 1612 2146 Si
1635 2111 1769 2156 pupillo
1794 2122 1866 2147 non
1889 2112 2036 2147 habenti
2055 2115 2210 2147 tutorem
2229 2111 2412 2147 fideicom-

1324 2157 1471 2192 missum
1495 2156 1583 2192 solvi
1606 2167 1679 2191 non
1701 2157 1835 2201 potuit,
1867 2167 1939 2192 non
1970 2157 2081 2192 videri
2104 2166 2238 2192 moram
2261 2167 2325 2202 per
2348 2157 2411 2191 he-

1323 2202 1444 2237 redem
1473 2201 1607 2237 factam
1638 2201 1736 2236 divus
1759 2201 1844 2236 Pius
1868 2202 2060 2247 rescripsit.
2098 2212 2180 2247 ergo
2205 2212 2271 2237 nec
2295 2201 2326 2236 ei
2350 2201 2411 2236 de·

1324 2247 1439 2289 betur,
1465 2247 1525 2292 qui
1548 2246 1643 2291 quod
1667 2246 1718 2282 rei
1740 2246 1905 2290 publicae
1924 2257 2034 2282 causa
2054 2245 2144 2282 afuit
2164 2246 2219 2282 vel
2238 2256 2282 2281 ex
2295 2247 2324 2267 ¹⁶
2340 2245 2412 2281 alia

1326 2302 1437 2327 causa
1458 2291 1554 2327 iusta
1577 2291 1785 2336 impeditus,
1819 2301 1862 2326 ex
1894 2302 1965 2336 qua
1995 2291 2173 2327 restitutio
2197 2291 2412 2335 indulgetur,

1326 2341 1447 2382 petere
1470 2347 1542 2372 non
1566 2336 1700 2380 potuit:
1726 2335 1812 2380 quid
1835 2336 1927 2371 enim
1950 2340 2070 2381 potest
2091 2336 2258 2380 imputari
2282 2336 2324 2377 ei,
2350 2335 2412 2380 qui

1325 2381 1478 2424 solvere,
1503 2381 1639 2416 etiamsi
1662 2381 1784 2422 vellet,
1810 2391 1879 2416 non
1903 2381 2044 2426 potuit?
2078 2391 2145 2416 nec
2169 2380 2279 2415 simile
2302 2380 2413 2415 videri

1325 2437 1449 2472 posse,
1482 2425 1577 2471 quod
1600 2426 1736 2471 placuit
1759 2426 1954 2461 minoribus
1980 2427 2085 2461 etiam
2108 2426 2145 2460 in
2168 2425 2224 2460 his
2248 2425 2410 2460 succurri

1325 2482 1417 2517 quae
1452 2482 1524 2507 non
1559 2471 1821 2516 adquisierunt:
1864 2481 1996 2506 usurae
2030 2471 2123 2506 enim
2158 2480 2230 2505 non
2264 2474 2415 2522 propter

1324 2516 1463 2552 lucrum
1482 2516 1689 2561 petentium,
1714 2515 1778 2551 sed
1799 2520 1946 2561 propter
1968 2526 2104 2551 moram
2127 2515 2336 2550 solventium
2355 2514 2409 2549 in·

1325 2565 1346 2596 4
1392 2561 1572 2606 iliguntur.
1619 2560 1678 2596 Ex
1700 2561 1818 2596 locato
1841 2561 1902 2606 qui
1926 2561 2151 2602 convenitur,
2184 2559 2251 2595 nisi
2282 2570 2410 2595 conve·

1325 2606 1418 2641 nerit
1440 2610 1481 2641 ut
1504 2605 1643 2641 tardius
1665 2605 1839 2651 pecuniae
1861 2606 1980 2641 illatae
2004 2615 2133 2640 usuras
2157 2604 2312 2645 deberet,
2338 2614 2412 2640 non

1326 2654 1345 2686 5
1394 2651 1462 2686 nisi
1487 2661 1529 2686 ex
1553 2661 1654 2686 mora
1677 2661 1803 2686 usuras
1826 2655 2012 2696 praestare
2044 2650 2158 2685 debet.
2206 2648 2334 2684 Fiscus
2367 2659 2412 2684 ex

1325 2696 1399 2732 suis
1423 2695 1666 2731 contractibus
1690 2705 1818 2730 usuras
1842 2706 1914 2731 non
1946 2695 2026 2737 dat,
2058 2694 2122 2730 sed
2152 2694 2229 2740 ipse
2259 2694 2410 2739 accipit:

1325 2745 1366 2776 ut
1388 2741 1479 2777 solet
1502 2751 1525 2775 a
1546 2740 1741 2783 foricariis,
1772 2740 1832 2785 qui
1863 2740 1999 2775 tardius
2031 2739 2219 2785 pecuniam
2241 2739 2412 2781 inferunt,

1324 2786 1409 2821 item
1433 2796 1478 2821 ex
1500 2785 1742 2831 vectigalibus.
1779 2795 1859 2820 cum
1883 2788 1999 2820 autem
2024 2785 2060 2820 in
2083 2784 2163 2820 loco
2181 2783 2307 2829 privati
2327 2793 2409 2818 suc-

1326 2835 1346 2866 6
1394 2831 1518 2872 cessit,
1544 2830 1649 2866 etiam
1672 2830 1757 2865 dare
1780 2830 1881 2865 solet.
1930 2829 1967 2864 Si
1991 2829 2189 2871 debitores,
2213 2829 2273 2874 qui
2298 2828 2408 2863 mino-

1325 2886 1382 2911 res
1405 2876 1610 2911 semissibus
1633 2875 1866 2920 praestabant
1889 2885 2035 2916 usuras,
2069 2874 2147 2909 fisci
2177 2883 2255 2909 esse
2280 2883 2406 2918 coepe·

1325 2924 1428 2963 runt,
1485 2925 1649 2965 ostquam
1672 2920 1717 2955 ad
1740 2919 1864 2955 fiscum
1888 2919 2121 2961 transierunt,
2155 2919 2316 2953 semisses
2348 2927 2408 2952 co·

1327 2968 1344 2999 7
1392 2976 1460 3011 gen
1488 2966 1495 2972 ”
1521 2969 1605 3000 sunt
1626 2969 1820 3010 praestare.
1867 2964 1942 2999 Eos
1962 2964 2022 3008 qui
2041 2974 2085 2998 ex
2104 2962 2415 3015 administratione

1325 3021 1444 3046 rerum
1474 3010 1667 3046 civitatium
1699 3009 1957 3045 conveniuntur
1986 3009 2103 3044 usuris
2135 3008 2307 3044 obnoxios
2332 3016 2414 3042 esse

1326 3055 1414 3091 satis
1437 3059 1561 3090 notum
1576 3055 1603 3076 ¹⁷
1627 3058 1691 3090 est.
1727 3054 1820 3089 idem
1843 3054 2052 3089 observatur
2074 3053 2111 3088 in
2134 3062 2281 3097 operum
2304 3062 2408 3087 cura-

1326 3100 1484 3141 toribus,
1517 3099 1547 3134 si
1578 3098 1731 3144 pecunia
1762 3099 1858 3144 apud
1889 3109 1949 3134 eos
1981 3097 2159 3133 remansit.
2204 3096 2268 3132 sed
2298 3097 2334 3131 in
2366 3106 2411 3131 ea

1327 3155 1433 3190 quam
1454 3144 1737 3189 redemptoribus
1762 3143 2030 3184 commiserunt,
2065 3142 2201 3178 etiamsi
2223 3141 2407 3192 neglegen-

1327 3194 1383 3225 ter
1414 3188 1592 3230 dederint,
1630 3199 1739 3223 usura
1770 3189 1821 3223 eis
1853 3188 2059 3223 remittitur:
2095 3187 2184 3221 haec
2208 3191 2327 3221 autem
2357 3189 2409 3221 ita

1327 3237 1431 3276 sunt,
1455 3233 1486 3269 si
1508 3233 1605 3268 nulla
1628 3233 1727 3268 fraus
1840 3233 1927 3268 ‘turz
1960 3231 2116 3276 alioquin
2149 3231 2254 3266 etiam
2279 3239 2414 3265 usurae

1329 3282 1349 3314 8
1395 3277 1681 3323 adplicabuntur.
1729 3277 1767 3313 Si
1790 3244 1863 3313 dies
1886 3287 1957 3312 non
1981 3276 2028 3312 sit
2057 3276 2103 3311 ab
2134 3275 2210 3318 bis,
2242 3275 2302 3320 qui
2326 3279 2408 3326 ,sta-

1328 3329 1409 3359 tuas
1432 3323 1486 3358 vel
1518 3323 1687 3368 imagines
1717 3322 1901 3368 ponendas
1931 3321 2167 3372 legaverunt„
2189 3319 2413 3372 praefinitus,

1329 3378 1352 3404 a
1381 3367 1545 3413 praeside
1575 3372 1714 3413 tempus
1746 3366 1974 3402 statuendum
1998 3369 2053 3400 est
2076 3369 2111 3400 et
2133 3375 2201 3400 msi
2224 3367 2414 3416 posuerint.

1328 3412 1495 3454 heredes,
1528 3422 1656 3447 usuras
1688 3412 1738 3447 rei
1769 3411 1933 3457 publicae
1956 3421 2068 3455 usque
2092 3409 2138 3445 ad
2161 3414 2300 3444 tertiam
2325 3418 2407 3443 cen-

1329 3458 1476 3493 tesimae
1498 3457 1664 3502 pendent.

1325 3567 2413 3654 22⁶¹?‘'⁸’s2'23m5‘21235531ffl325'..¹.5‘5.5¹;{;⁰.f.„..fitam

1327 3659 1380 3693 Γ*
1472 3661 1529 3699 (ιω
1555 3669 1620 3700 quo
1634 3671 1695 3691 scr.
1791 3662 1849 3699 (ιο)
1874 3668 1914 3689 ex
1927 3658 1988 3690 det.
2079 3660 2137 3696 (ιτ)
2162 3654 2276 3688 nonF
