2528 3918
864 798 1258 861 SIGNORUM
1305 800 1783 862 EXPLIGATIO.

198 979 234 1012 F
250 993 294 1006 ==
317 978 404 1012 liber
427 979 656 1012 Florentinus.

199 1024 480 1102 PmTtaiizmdem
496 1024 576 1057 libri
592 1024 760 1067 scriptura
775 1022 937 1066 primaria
958 1022 1000 1056 ab
1017 1023 1133 1056 eodem
1147 1022 1289 1056 librario

199 1113 248 1148 17⁶
271 1130 316 1143 =
339 1114 487 1148 eiusdem
518 1113 600 1146 libri
635 1113 804 1156 scriptura
836 1112 1036 1145 secundaria
1071 1123 1092 1144 a
1126 1112 1288 1155 primario

242 1159 382 1193 librario
405 1160 565 1204 profecta.

200 1206 235 1240 F
238 1206 249 1226 ¹
271 1221 317 1234 =
340 1205 489 1238 eiusdem
511 1205 592 1237 libri
608 1203 778 1247 scriptura
794 1202 956 1247 primaria
978 1213 1000 1235 a
1022 1204 1209 1236 correctore
1232 1213 1286 1235 or-

244 1251 375 1285 dinario
401 1252 540 1283 mutata.

200 1297 249 1331 F²
271 1313 315 1325 =
339 1296 486 1329 eiusdem
509 1294 591 1328 libri
619 1294 788 1338 scriptura
811 1293 1011 1327 secundaria
1041 1293 1083 1326 ab
1115 1292 1286 1326 ordinario

245 1344 430 1376 correctore
455 1340 614 1385 profecta.

198 1388 250 1421 F³
272 1402 317 1416 =
341 1387 487 1420 eiusdem
501 1385 583 1419 libri
600 1385 769 1428 scriptura
785 1383 984 1417 secundaria
1006 1383 1157 1426 profecta
1178 1394 1198 1416 a
1214 1394 1287 1416 cor-

243 1436 371 1467 rectore
394 1444 463 1465 non
487 1431 670 1472 ordinario,
696 1430 753 1463 sed
776 1430 927 1472 antiquo.

199 1481 270 1513 Fae
294 1494 338 1507 =
362 1478 510 1511 eiusdem
524 1477 605 1510 libri
619 1476 724 1509 lectio
738 1475 899 1518 primaria
922 1477 1039 1518 postea
1058 1476 1188 1508 mutata
1203 1475 1287 1507 tem-

243 1535 324 1568 pore
348 1524 500 1565 antiquo.

203 1571 275 1603 pem
298 1586 343 1598 =
367 1569 514 1601 eiusdem
529 1567 609 1600 libri
624 1566 726 1600 lectio
741 1566 939 1599 secundaria
955 1565 1105 1609 profecta
1121 1576 1160 1598 ex
1177 1575 1287 1598 emen-

245 1614 380 1647 datione
403 1613 555 1656 antiqua.

192 1663 223 1704 s
237 1677 283 1690 =
306 1660 451 1693 eiusdem
466 1659 547 1693 libri
563 1658 732 1701 scriptura
747 1657 898 1701 profecta
920 1667 941 1689 a
964 1658 1151 1689 correctore
1167 1655 1287 1688 aetatis

245 1705 510 1739 Bononiensium
533 1703 587 1737 vel
610 1703 709 1736 etiam
734 1702 938 1746 posterioris.

204 1752 233 1786 G
257 1767 302 1779 =
325 1751 363 1784 in
386 1751 489 1784 titulo
512 1750 631 1783 finium
653 1748 882 1792 regundorum
905 1747 1076 1791 significat
1103 1746 1288 1788 exemplum

244 1797 335 1841 apud
357 1796 559 1838 gromaticos
583 1797 711 1828 veteres
735 1796 903 1827 servatum
926 1794 1109 1838 (Schriften
1135 1793 1194 1825 der
1210 1797 1287 1825 νὸηι.

246 1843 446 1876 Feldmesser
470 1841 520 1874 ed.
544 1841 741 1874 Lachmann
767 1842 799 1881 1,
824 1841 890 1873 276
907 1840 981 1881 sq.).

201 1889 241 1922 Ν
258 1903 302 1915 =
326 1898 386 1931 per
401 1887 565 1920 decimum
580 1886 707 1919 librum
731 1885 900 1928 significat
916 1885 1125 1926 Digestorem
1142 1882 1289 1915 codicem

245 1933 440 1976 rescriptum
458 1932 720 1975 Neapolitanum
736 1930 797 1963 IV.
812 1933 850 1963 A.
866 1931 899 1971 8,
923 1940 963 1962 ex
978 1940 1046 1971 quo
1070 1938 1155 1970 quae
1171 1938 1288 1970 super—

246 1981 326 2012 sunt
349 1978 526 2011 continent
548 1976 733 2020 particulas
757 1976 936 2009 titulorum
958 1974 1040 2008 libri
1057 1974 1129 2007 eius
1151 1973 1289 2007 secundi

246 2024 342 2057 tertii
388 2023 488 2057 uarti.

203 2069 357 2104 POMM
366 2035 417 2097 (32-
440 2069 477 2102 in
493 2066 748 2111 quadragesimo
765 2066 885 2108 quinto
901 2065 990 2098 libro
1014 2064 1183 2107 significat
1199 2063 1288 2096 codi—

247 2126 316 2148 cem
328 2114 546 2157 Digestorum
559 2112 923 2152 Pommersseldensem,
941 2122 979 2143 ex
992 2121 1058 2152 quo
1072 2120 1156 2151 quae
1172 2120 1289 2152 super-

248 2164 328 2193 sunt
349 2160 492 2193 laciniae
514 2158 686 2202 pertinent
709 2158 751 2191 ad
774 2157 847 2190 eius
870 2156 951 2190 libri
975 2155 1115 2189 titulum
1132 2155 1289 2198 primum.

1356 978 1390 1010 R
1411 992 1456 1005 =
1480 977 1581 1010 codex
1597 977 1827 1012 Berolinensis
1850 979 1932 1012 olim
1948 980 2148 1022 Rosnyanus
2165 980 2230 1011 Lat
2247 978 2304 1011 fol.
2321 989 2356 1013 n.
2373 979 2439 1013 269
2508 1006 2510 1008 v
2526 1000 2528 1002 -

1400 1033 1486 1056 saec.
1509 1021 1564 1055 Ix
1586 1023 1713 1057 habens
1735 1026 1864 1067 partem
1887 1024 1968 1057 libri
1991 1024 2093 1067 primi
2116 1025 2341 1067 Digestorum.

1357 1069 1385 1101 S
1407 1084 1452 1119 -ῗ
1475 1068 1614 1101 secundi
1642 1068 1771 1102 ordinis
1801 1069 1883 1102 libri
1913 1070 2144 1112 Digestorum,
2177 1069 2306 1103 scilicet
2327 1070 2439 1101 Bono·

1401 1123 1531 1146 menses
1554 1124 1575 1146 a
1598 1124 1650 1146 me
1673 1114 1819 1148 adhibiti
1842 1117 1875 1147 et
1898 1114 1936 1148 in
1960 1115 2106 1148 editione
2123 1115 2248 1148 maiore
2270 1113 2439 1154 recensiti,

1400 1158 1577 1201 praecipue
1600 1160 1667 1192 tres
1690 1159 1749 1202 qui
1773 1162 1960 1201 sequuntur
1982 1160 2113 1202 Digesti
2137 1159 2256 1193 veteris
2279 1159 2399 1193 PVL:

1358 1203 1390 1235 Ρ
1409 1220 1454 1232 =
1475 1203 1652 1237 Parisinus
1676 1216 1709 1237 n.
1732 1207 1820 1239 4450
1845 1215 1928 1238 saec.
1946 1205 2011 1247 XI,
2035 1206 2125 1239 inter
2149 1204 2288 1239 secundi
2311 1204 2439 1237 ordinis

1399 1248 1533 1290 Digesti
1556 1250 1677 1283 veteris
1700 1250 1805 1283 libros
1827 1250 2086 1293 antiquissimus
2109 1254 2143 1284 et
2165 1251 2322 1294 optimus.

1356 1294 1410 1327 Pa
1434 1309 1478 1322 =
1502 1294 1648 1327 eiusdem
1670 1295 1750 1328 libri
1774 1295 1942 1338 scriptura
1964 1296 2125 1339 primaria
2147 1298 2262 1339 postea
2284 1296 2423 1328 mutata.
2507 1297 2525 1339 ’μὶ

1363 1340 1398 1372 V
1414 1355 1457 1367 =
1481 1339 1666 1373 Vaticanus
1693 1342 1779 1375 1406
1803 1351 1887 1374 saec.
1913 1341 1977 1374 XI.
2505 1335 2528 1381 οἷς

1357 1385 1388 1417 L
1413 1400 1452 1412 =
1479 1384 1667 1429 Lipsiensis
1690 1385 1783 1419 univ.
1809 1387 1873 1420 873
1898 1397 1981 1419 saec.
2007 1385 2091 1419 XII.
2510 1382 2528 1417 <3⁴⁴

1360 1431 1392 1462 Β
1415 1430 1468 1463 vel
1492 1431 1578 1465 Bas.
1603 1446 1647 1458 ==
1671 1431 1817 1464 Basilica
1839 1441 2020 1474 eorumque
2042 1430 2180 1464 scholia.

1356 1475 1373 1507 ‘2
1398 1491 1441 1503 =
1464 1475 1740 1518 interrogationis
1764 1477 1900 1518 signum
1923 1477 2031 1510 maius
2055 1475 2224 1518 significat
2252 1475 2324 1508 eius
2348 1473 2440 1515 libri,

1401 1521 1462 1563 qui
1482 1521 1632 1564 proxime
1660 1522 1846 1565 praecedit,
1879 1522 2056 1555 lectionem
2080 1521 2215 1554 dubiam
2241 1530 2331 1553 esse:
2363 1530 2442 1552 con·

1400 1569 1454 1599 tra
1476 1566 1753 1609 interrogationis
1774 1567 1909 1609 signum
1925 1567 2037 1600 minus
2061 1566 2073 1588 ’-’
2095 1565 2252 1600 similiter
2276 1565 2442 1608 postposi-
2514 1594 2521 1600 ,,

1401 1614 1473 1644 tum
1490 1612 1659 1644 litterulae
1683 1613 1724 1645 ad
1742 1612 1931 1645 Flitteram
1949 1613 2137 1655 adscriptae
2161 1610 2318 1654 (exempli
2343 1621 2443 1643 causa
2512 1619 2514 1621 ’

1402 1658 1434 1689 F
1438 1655 1489 1698 Μ)
1505 1657 1673 1700 signifieat
1689 1657 1839 1691 dubitari
1854 1669 1922 1690 non
1939 1658 1979 1691 de
1995 1658 2152 1699 lectione,
2178 1656 2236 1689 sed
2251 1656 2292 1689 de
2307 1658 2442 1688 auctore

1400 1702 1567 1744 lectionis,
1591 1705 1705 1736 utrum
1729 1703 1859 1747 primus
1881 1703 2043 1736 librarius
2067 1702 2113 1735 sit
2136 1713 2179 1735 an
2204 1704 2381 1735 corrector.
2519 1735 2521 1742 A

1357 1749 1431 1781 deu.
1449 1763 1493 1775 =
1510 1758 1549 1780 ex
1565 1748 1736 1781 codicibus
1749 1748 2021 1782 Bononiensibus
2037 1747 2157 1781 aetatis
2175 1747 2337 1789 sequioris
2354 1757 2443 1779 unus
2510 1743 2523 1793 j*

1400 1792 1569 1836 pluresve,
1599 1793 1679 1826 item
1712 1793 1875 1827 editiones
1902 1797 1981 1827 ante
2003 1793 2238 1827 Haloandrum
2269 1802 2338 1825 una
2367 1791 2444 1834 plu-

1402 1848 1506 1871 resve.

1358 1884 1507 1962 &1132ss
1531 1882 1719 1916 Haloandri
1750 1883 1966 1925 Digestorum
2001 1882 2106 1916 editio
2140 1882 2380 1925 Norimbergae
2412 1891 2445 1915 a.
2512 1916 2525 1933 ἢ,

1357 1975 1439 2007 Sub.
1465 1989 1509 2002 =
1531 1984 1609 2016 pars
1634 1973 1819 2006 Sabiniana

1357 2019 1423 2053 Ed.
1462 2036 1507 2049 =
1530 2030 1607 2062 pars
1631 2018 1784 2052 edictalis

1362 2065 1447 2108 Pap.
1465 2080 1508 2092 -—-
1533 2075 1611 2107 pars
1633 2063 1822 2108 Papiniana

1359 2111 1447 2155 App.
1462 2126 1506 2138 =
1530 2110 1696 2153 appendix

1833 1985 1856 2142 ἶ
1880 2042 1922 2076 cf.
1948 2041 2039 2074 infra
2062 2052 2096 2085 p.
2123 2041 2314 2075 374—378.
