2528 3918
96 114 365 146 COMMODA'I'I
396 113 482 143 VEL
513 112 691 142 CONTRA

143 222 194 262 27
215 224 408 260 Urmmss
419 223 508 258 libro
522 225 653 266 quarto
667 220 802 255 decimo
815 220 865 254 ad
877 220 1030 254 edictum
1057 220 1183 255 Utrum

95 274 282 316 praesente
308 268 466 304 debitore
490 277 536 301 an
561 266 709 299 absente
734 265 930 299 constituat
954 266 1050 309 quis,
1084 265 1184 310 parvi

94 315 211 350 refert.
245 315 314 350 1100
335 313 485 358 amplius
506 311 611 345 etiam
631 311 740 345 invito
755 310 972 345 constituere
986 321 1064 345 eum
1077 321 1184 355 posse

93 360 309 405 Pomponius
333 359 421 393 libro
446 356 649 401 trigensimo
676 359 803 400 quarto
829 355 970 390 scribit:
997 356 1092 391 unde
1115 356 1182 390 fal-

93 417 167 440 sam
191 409 295 450 putat
318 403 519 449 opinionem
540 401 719 435 Labeonis
745 400 991 443 existimantis,
1017 402 1058 443 si,
1083 406 1182 446 post-

93 462 198 496 quam
229 450 330 495 quis¹
357 447 542 483 constituit
569 457 633 491 pro
654 446 736 488 alio,
762 446 924 481 dominus
946 447 976 480 ei
999 446 1183 481 denuntiet

92 506 135 530 ne
160 496 291 536 solvat,
323 494 359 528 in
383 493 519 528 factum
545 492 789 536 exceptionem
814 490 986 526 dandam:
1020 502 1086 527 nec
1118 492 1181 526 im-

91 541 214 575 merito
239 539 476 584 Pomponius:
503 548 585 572 nam
611 548 691 571 cum
718 536 824 571 semel
849 536 896 571 sit
920 537 1096 581 obligatus
1121 537 1182 582 qui

92 585 282 626 constituit,
307 584 443 619 factum
468 583 638 617 debitoris
664 593 736 616 non
761 581 866 616 debet
891 592 970 616 eum
995 592 1180 617 excusare.

137 627 189 667 28
218 630 342 665 GAJUS
357 630 446 664 libro
470 629 594 673 quinto
616 627 665 662 ad
684 628 836 662 edictum
848 628 1077 673 provinciale
1113 628 1182 663 Ubi

90 676 168 721 quis
191 685 255 721 pro
280 674 350 709 alio
376 674 561 709 constituit
584 683 622 707 se
646 673 864 714 soluturum,
897 672 1016 708 adhue
1041 674 1090 715 is,
1115 683 1180 718 pro

90 732 158 767 quo
184 719 380 762 constituit,
405 719 580 764 obligatus
605 722 735 752 manet.

135 763 187 803 29
221 765 276 800 ΡΑ
285 775 380 800 ULUS
411 765 501 800 libro
537 764 727 799 vicensimo
764 767 894 808 quarto
935 763 985 799 ad
1026 763 1180 799 edictum

90 812 157 855 Qui
181 811 392 846 iniuriarum
424 810 479 845 vel
511 809 599 844 furti
629 809 685 844 vel
716 809 749 843 vi
784 809 960 843 bonorum
995 812 1181 854 raptorum

88 860 228 891 tenetur
252 856 404 898 actione,
431 854 678 890 constituendo
703 857 858 888 tenetur.

133 900 185 939 30
210 902 312 937 Idem
336 901 426 937 libro
450 900 606 936 secundo
630 901 888 934 sententiarum
936 900 973 935 Si
991 900 1069 945 quis
1091 900 1179 935 duo-

87 948 153 982 bus
178 946 366 992 pecuniam
392 946 616 981 constituerit
639 945 705 979 tibi
730 949 793 979 aut
817 945 930 988 Titio,
964 946 1029 980 etsi
1055 946 1179 980 stricto

89 993 165 1028 iure
200 993 346 1037 propria
381 991 547 1026 actione2
581 990 754 1036 pecuniae
801 991 1017 1025 constitutae
1060 994 1181 1025 manet

88 1038 274 1083 obligatus,
300 1037 439 1073 etiamsi
464 1037 556 1071 Titio
582 1035 742 1078 solverit,
767 1039 887 1070 tamen
911 1047 976 1081 per
1000 1037 1179 1082 exceptio-

87 1094 165 1118 nem
191 1083 388 1118 adiuvatur.

133 1126 181 1166 31
211 1128 415 1164 SCAEVOLA
436 1128 526 1163 libro
547 1128 673 1172 quinto
694 1126 916 1172 dz'qestorum
962 1126 1098 1162 Lucius
1119 1127 1179 1162 Ti-

86 1175 155 1209 tius
182 1174 343 1209 Seiorum
365 1173 504 1208 debitor
524 1172 693 1207 decessit:
719 1172 756 1206 hi
776 1177 1033 1217 persuaserunt
1051 1173 1178 1208 Publio

85 1219 238 1261 Maevio,
260 1219 355 1264 quod
375 1218 553 1254 hereditas
575 1217 621 1252 ad
642 1227 721 1252 eum
740 1218 937 1263 pertineret
959 1222 993 1252 et
1005 1218 1178 1261 fecerunt,

86 1269 126 1300 ut
162 1265 350 1310 epistulam
384 1264 421 1299 in
461 1274 522 1299 eos
559 1267 715 1308 exponat
750 1263 943 1298 debitorem
979 1274 1058 1298 sese
1101 1274 1179 1299 esse

86 1311 189 1356 quasi
213 1310 379 1345 heredem
403 1309 525 1355 patrui
550 1309 605 1344 sui
631 1308 871 1350 confitentem,
899 1309 958 1353 qui
983 1313 1019 1344 et
1042 1309 1180 1344 addidit

85 1356 257 1401 epistulae
283 1366 381 1398 suae,
408 1354 503 1400 quod
526 1355 563 1389 in
586 1354 744 1389 rationes
769 1365 852 1389 suas
879 1354 1002 1389 eadem
1026 1355 1180 1399 pecunia

84 1402 254 1446 pervenit.
293 1401 492 1446 quaesitum
518 1403 590 1442 est,
625 1411 705 1434 cum
741 1399 787 1434 ad
810 1399 978 1434 Publium
1001 1400 1179 1435 Maevium

86 1457 128 1481 ex
152 1446 349 1482 hereditate
373 1446 478 1481 Lucii
503 1446 575 1480 Titi
599 1445 687 1479 nihil
711 1445 923 1490 pervenerit,
949 1456 996 1480 an
1021 1456 1065 1480 ex
1090 1446 1178 1481 scri-

84 1496 191 1537 ptura
215 1492 400 1537 proposita
424 1492 467 1526 de
493 1491 687 1526 constituta
711 1491 864 1535 pecunia
889 1491 1069 1526 conveniri
1093 1502 1177 1536 pos-

85 1538 131 1572 sit
163 1542 197 1572 et
230 1548 275 1572 an
309 1537 380 1572 doli
412 1537 620 1582 exceptione
651 1536 704 1570 uti
735 1537 860 1581 possit.
897 1537 1083 1581 respondit
1113 1547 1179 1572 nec

86 1583 219 1618 civilem
246 1594 285 1618 eo
314 1583 456 1618 nomine
480 1582 656 1617 actionem
690 1586 909 1627 competere:
942 1582 1004 1617 sed
1036 1593 1102 1617 nec
1135 1582 1179 1617 de

86 1629 283 1663 constituta
315 1628 511 1663 secundum
546 1638 589 1663 ea
621 1638 711 1672 quae
742 1632 1039 1672 proponerentur.
1087 1628 1179 1663 idem

85 1674 246 1719 quaesiit,
271 1685 462 1709 usurarum
487 1674 629 1709 nomine
650 1673 746 1717 quod
766 1684 809 1708 ex
831 1683 941 1708 causa
961 1684 1071 1718 supra
1092 1674 1178 1708 scri-

84 1724 147 1764 pta
172 1719 294 1754 datum
320 1720 375 1761 sit,
401 1730 447 1754 an
472 1719 584 1764 repeti
608 1719 733 1763 possit.
771 1718 956 1764 respondit
980 1719 1178 1754 secundum

86 1775 128 1800 ea
153 1775 244 1810 quae
268 1769 556 1810 proponerentur
579 1775 698 1809 posse.

582 1859 635 1896 Vl
646 1856 670 1896 ³.

327 1924 599 1957 COMMODATI
625 1924 716 1955 VEL
743 1922 931 1958 CONTRA.

133 1991 149 2028 1
195 1991 391 2027 ULPJANUS
423 1991 515 2027 libro
549 1992 742 2026 vicensimo
780 1995 905 2026 octavo
941 1990 991 2025 ad
1025 1991 1178 2027 edictum

87 2038 143 2072 Ait
166 2041 329 2082 praetor:
356 2037 471 2081 ‘Quod
496 2037 574 2082 quis
600 2036 845 2071 commodasse
869 2036 1026 2077 dicetur,
1060 2036 1103 2071 de
1138 2048 1178 2072 eo

88 2087 97 2117 1
154 2083 334 2118 ‘iudicium
375 2083 494 2117 dabo.'
541 2082 656 2117 Huius
689 2082 796 2116 edicti
827 2082 1075 2126 interpretatio
1108 2093 1179 2117 non

83 2132 137 2163 est
163 2128 328 2162 difficilis.
366 2139 476 2163 unum
501 2128 720 2163 solummodo
747 2127 963 2169 notandum,
998 2128 1092 2171 quod
1118 2130 1178 2172 qui

84 2174 237 2208 edictum
272 2174 437 2218 concepit
469 2173 681 2208 commodati
712 2172 798 2207 feeit
830 2173 1064 2215 mentionem,
1099 2184 1179 2208 cum

83 2219 262 2254 Paeonius
276 2220 288 2239 ⁴
313 2219 464 2254 utendi⁵
486 2218 573 2254 fecit
595 2218 820 2253 mentionem.
856 2218 949 2253 inter
974 2219 1178 2253 commoda-

83 2270 158 2299 tum
183 2268 303 2299 autem
327 2268 362 2299 et
385 2264 557 2299 utendum
579 2263 701 2298 datum
721 2263 844 2298 Labeo
866 2263 1007 2308 quidem
1028 2264 1079 2298 ait
1099 2268 1178 2298 tan-

84 2314 158 2345 tum
182 2310 365 2352 interesse,
392 2314 564 2355 quantum
585 2310 677 2344 inter
695 2320 806 2354 genus
827 2313 862 2343 et
882 2309 1055 2354 speeiem:
1083 2320 1178 2344 com-

83 2355 220 2390 modari
245 2355 337 2390 enim
360 2366 434 2390 rem
458 2355 642 2396 mobilem,
669 2366 740 2389 non
765 2355 872 2389 etiam
897 2355 983 2396 soli,
1009 2355 1180 2390 utendam

85 2401 161 2435 dari
188 2401 293 2435 etiam
318 2401 394 2436 soli.
433 2402 496 2436 sed
520 2405 560 2435 ut
584 2404 752 2445 apparet,
785 2400 929 2445 proprie
955 2400 1180 2435 commodata

83 2457 139 2481 res
166 2446 296 2481 dicitur
320 2450 356 2481 et
380 2457 472 2492 quae
496 2446 562 2481 soli
586 2450 656 2487 est,
687 2446 794 2490 idque
827 2449 862 2480 et
887 2445 1032 2481 Cassius
1058 2446 1178 2481 existi-

32 2491 37 2499 '
85 2496 168 2526 mat.
205 2491 377 2527 Vivianus
410 2492 561 2537 amplius
594 2491 700 2526 etiam
731 2491 989 2526 habitationem
1023 2502 1178 2526 commo—

84 2541 102 2571 2
152 2537 228 2572 dari
249 2548 356 2582 posse
375 2537 436 2572 ait.
482 2537 688 2582 Impuberes
710 2536 925 2571 commodati
946 2537 1086 2572 actione
1107 2548 1179 2572 non

83 2586 269 2624 tenentur,
297 2583 464 2627 quoniam
488 2593 554 2618 nec
580 2582 739 2617 constitit
764 2581 1028 2616 commodatum
1051 2583 1087 2616 in
1112 2594 1177 2627 pu-

84 2628 158 2672 pilli
182 2639 337 2673 persona
362 2629 437 2663 sine
460 2628 592 2663 tutoris
616 2627 851 2669 auctoritate,
875 2638 989 2672 usque
1013 2628 1101 2662 adeo
1128 2632 1178 2670 ut,

85 2674 222 2708 etiamsi
234 2674 348 2718 pubes
361 2673 480 2708 factus
503 2673 624 2708 dolum
645 2676 707 2707 aut
729 2673 871 2717 0111110111
892 2673 1084 2715 admiserit,
1110 2674 1179 2708 1100

84 2719 224 2754 00110110
249 2730 321 2754 11011
346 2723 488 2754 tenetur
499 2720 523 2761 ⁶,
550 2719 633 2763 quia
657 2719 702 2753 ab
727 2718 827 2752 initio
852 2729 924 2753 non
950 2718 1120 2753 constitit.

130 2762 154 2800 2
180 2764 237 2799 ΡΑ
245 2774 288 2799 Ul.
296 2775 339 2799 vs
355 2764 446 2800 libro
467 2765 657 2800 vicensimo
680 2775 775 2798 nono
797 2763 847 2798 ad
864 2763 1017 2798 edictum
1053 2763 1088 2798 N
1090 2774 1130 2798 ec
1142 2764 1179 2798 in

85 2810 259 2845 furiosum
281 2809 496 2845 commodati
516 2809 608 2844 actio
631 2809 750 2843 danda
771 2812 833 2850 est.
860 2809 923 2843 sed
943 2809 989 2843 ad
1009 2809 1178 2844 exhiben-

85 2855 167 2889 dum
193 2855 364 2890 adversus
390 2866 450 2890 eos
472 2855 626 2896 dabitur,
651 2858 692 2889 ut
711 2864 767 2889 res
790 2854 948 2888 exhibita
967 2854 1177 2889 vindicetur.

131 2898 154 2937 3
198 2899 395 2936 ULPJANUS
427 2900 518 2936 libro
554 2900 744 2935 vicensimo
778 2903 903 2934 octavo
940 2899 991 2934 ad
1023 2899 1178 2935 edictum

84 2945 154 2980 Sed
187 2946 273 2980 mihi
303 2946 462 2987 videtur,
497 2945 526 2980 si
557 2945 771 2989 locupletior
794 2945 950 2989 pupillus
975 2944 1095 2979 factus
1120 2945 1177 2984 sit,

86 2991 241 3025 dandam
274 2991 395 3025 utilem
430 2990 644 3026 commodati
675 2990 851 3025 actionem
885 2990 1082 3024 secundum
1107 2990 1178 3024 divi

89 3039 100 3070 1
151 3037 207 3070 Pii
239 3037 460 3080 rescriptum.
510 3036 547 3070 Si
578 3035 717 3070 reddita
749 3035 890 3080 quidem
922 3035 968 3070 sit
999 3046 1056 3070 res
1083 3046 1177 3070 com-

86 3081 243 3123 modata,
269 3081 331 3116 sed
353 3081 508 3116 deterior
531 3081 681 3123 reddita,
707 3091 779 3115 non
804 3080 1002 3115 videbitur⁷
1026 3081 1178 3122 reddita,

86 3137 176 3170 quae
198 3127 353 3161 deterior
373 3126 471 3161 faeta
491 3126 662 3167 redditur,
688 3126 755 3160 nisi
776 3125 884 3170 quid⁸
907 3126 1055 3160 interest
1075 3136 1178 3170 prae-

85 3176 217 3206 stetur:
251 3173 393 3216 proprie
427 3172 519 3206 enim
552 3172 681 3205 dicitur
711 3181 768 3205 res
802 3181 873 3205 non
897 3171 1053 3213 reddita,
1088 3182 1179 3215 quae

87 3220 103 3249 2
154 3217 308 3251 deterior
331 3217 501 3251 redditur.
550 3217 591 3250 In
616 3217 684 3250 hac
710 3216 850 3251 actione
874 3216 967 3251 sicut
991 3217 1026 3250 in
1052 3217 1178 3251 ceteris

87 3262 201 3296 bonae
226 3262 308 3296 fidei
332 3262 472 3297 iudiciis
498 3262 657 3296 similiter
681 3262 717 3295 in
735 3261 831 3295 litem
852 3262 1046 3296 iurabitur:
1074 3266 1108 3296 et
1129 3262 1179 3295 rei

86 3307 296 3342 iudicandae
320 3311 472 3352 tempus,
500 3307 625 3351 quanti
648 3317 705 3341 res
725 3306 781 3348 sit,
808 3306 1029 3349 observatur,
1054 3317 1178 3351 quam-

86 3352 137 3386 vis
171 3353 208 3386 in
249 3353 388 3387 stricti⁹
423 3353 494 3387 litis
539 3355 760 3387 contestatae
801 3356 942 3396 tempus
986 3356 1177 3397 spectetur.

87 3399 105 3430 3
154 3397 267 3431 Heres
294 3398 368 3432 eius
394 3398 454 3442 qui
479 3397 741 3432 commodatum
765 3397 904 3441 accepit
928 3408 992 3441 pro
1015 3408 1057 3431 ea
1063 3401 1180 3476 ¹:parte

88 3452 159 3486 qua
183 3443 287 3476 heres
313 3446 366 3477 est
391 3443 618 3484 convenitur,
652 3442 720 3476 nisi
751 3441 845 3476 forte
868 3442 1041 3476 habeat¹⁰
1081 3442 1179 3476 acul-

93 3491 204 3521 tatem
229 3487 337 3522 totius
361 3488 412 3522 rei
436 3487 676 3522 restituendae
706 3497 772 3521 nec
803 3486 932 3522 faciat:
966 3492 1054 3522 tunc
1088 3488 1180 3521 enim

96 3602 137 3641 (ι)
162 3600 220 3640 qui
238 3600 296 3639 1³¹,
312 3612 326 3632 s
341 3603 429 3642 add„
443 3614 515 3633 mox
527 3603 642 3634 delevit
655 3602 708 3633 F²
820 3603 862 3642 (2)
889 3601 1134 3643 propriactioni
1148 3600 1182 3631 F

136 3647 178 3685 (3)
205 3645 286 3677 Sab.
302 3647 809 3685 1...3.5...8.10...15.17...21;Ed.
823 3653 906 3679 9.16.
922 3653 967 3678 22.
983 3652 1037 3683 233
1050 3645 1137 3687 Pap.
1149 3652 1176 3677 4.

91 3707 133 3712 --
150 3690 233 3722 Bas.
252 3691 303 3729 13,
317 3698 341 3723 1.
355 3709 399 3714 —-
415 3691 465 3733 Cf
481 3692 557 3723 Cocl.
568 3692 600 3730 4,
610 3698 646 3724 23
707 3692 747 3729 (1)
762 3692 928 3732 paeunius
941 3690 1001 3722 FS
1047 3691 1090 3731 (5)
1105 3689 1176 3721 dati

94 3734 144 3766 {ns
170 3735 347 3767 ‹I’Arnaud
473 3736 516 3775 (15)
543 3739 695 3767 teneatur
706 3736 788 3768 Hal.
918 3735 960 3775 (7)
986 3734 1178 3766 videturF²

1173 94 1249 141 179

2128 101 2347 145 XIII5.6

1254 221 1513 255 condemnatur
1537 221 1574 254 in
1599 221 1769 263 solidum,
1803 224 1904 266 quasi
1937 224 2007 259 hoc
2030 223 2115 258 boni
2138 224 2266 259 iudicis
2290 235 2348 260 ar-

1253 269 1273 299 4
1322 266 1427 301 bitrio
1462 266 1661 300 conveniat.
1711 266 1748 300 Si
1780 267 1851 302 filio
1884 268 2037 304 familias
2072 280 2217 304 servove
2252 281 2347 305 com-

1252 311 1435 345 modatum
1449 311 1505 352 sit,
1524 311 1712 345 dumtaxat
1733 312 1775 346 de
1796 314 1933 356 peculio
1958 314 2133 358 agendum
2156 315 2239 349 erit:
2267 326 2348 350 cum

1252 355 1324 390 filio
1351 360 1470 391 autem
1494 356 1646 391 familias
1679 356 1756 400 ipso
1790 362 1825 392 et
1850 358 1983 394 directo
2010 360 2087 404 quis
2108 361 2251 405 poterit.
2285 361 2349 396 sed

1253 406 1288 436 et
1316 402 1346 436 si
1374 402 1525 436 ancillae
1552 402 1606 436 vel
1632 401 1727 436 filiae
1752 402 1905 438 familias
1926 405 2221 448 commodaverit,
2247 406 2347 441 dum-

1253 450 1271 480 5
1320 450 1423 481 taxat
1459 447 1502 482 de
1538 446 1678 492 peculio
1717 447 1783 481 erit
1822 449 2007 492 agendum.
2063 450 2133 485 Sed
2165 462 2236 486 non
2267 455 2347 486 tan-

1251 495 1327 526 tum
1352 503 1396 527 ex
1421 502 1531 527 eausa
1551 492 1623 527 doli
1643 502 1764 527 earum
1785 502 2019 536 personarum
2038 500 2141 540 pater
2161 497 2215 531 vel
2236 496 2347 532 domi-

1251 547 1318 571 nus
1344 538 1619 580 condemnetur,
1651 537 1714 572 sed
1747 541 1783 571 et
1812 538 1924 582 ipsius
1957 551 2098 585 quoque
2131 541 2262 577 domini
2293 543 2349 577 vel

1250 583 1363 627 patris
1376 582 1476 618 fraus
1499 583 1687 617 dumtaxat
1705 582 1812 625 venit,
1835 588 1875 617 ut
1887 584 2046 620 Iulianus
2058 587 2146 622 libro
2161 588 2347 623 undecimo

1252 632 1271 662 6
1321 628 1417 663 circa
1436 628 1706 673 pigneraticiam
1727 628 1904 663 actionem
1925 629 2118 675 distinguit.
2167 632 2248 668 Non
2267 637 2347 678 pot-

1252 676 1305 708 est
1330 674 1547 709 commodari
1570 673 1607 708 id
1631 673 1727 718 quod
1747 684 1816 708 usu
1837 675 2069 718 consumitur,
2095 677 2161 712 nisi
2185 677 2280 713 forte
2301 678 2348 713 ad

1250 729 1418 763 pompam
1441 719 1497 754 vel
1521 719 1796 754 ostentationem
1821 719 1898 764 quis
1924 721 2088 765 accipiat.

1297 763 1323 800 4
1352 764 1476 799 GAIUS
1496 764 1587 800 libro
1614 765 1738 810 primo
1772 764 1817 799 de
1849 764 2036 800 verborum
2070 767 2349 813 obliqationibus

1251 809 1366 854 Saepe
1392 810 1497 844 etiam
1522 809 1568 844 ad
1591 809 1661 844 hoc
1687 809 1961 844 commodantur
1984 812 2168 855 pecuniae,
2193 818 2233 848 ut
2258 814 2347 849 dicis

1250 855 1367 900 gratia
1390 855 1648 890 numerationis
1673 855 1753 890 loco
1778 855 2014 890 intercedant.

1297 899 1320 936 5
1354 899 1550 935 ULPJANUS
1571 901 1662 936 libro
1686 901 1878 935 vicensimo
1903 905 2027 936 octavo
2052 901 2102 936 ad
2120 903 2274 938 edictum
2311 903 2349 938 Si

1250 949 1291 980 ut
1304 949 1401 980 certo
1423 945 1503 980 loco
1524 946 1579 980 vel
1598 949 1760 991 tempore
1779 945 1954 980 reddatur
1977 947 2240 982 commodatum
2263 959 2347 983 con-

1250 991 1364 1032 venit,
1391 991 1510 1026 officio
1534 991 1661 1026 iudicis
1685 991 1797 1033 inest,
1825 995 1866 1026 ut
1888 992 2064 1027 rationem
2089 993 2159 1027 loci
2182 993 2236 1028 vel
2260 998 2347 1028 tem-

1256 1039 1268 1070 1
1318 1036 1416 1081 poris
1441 1037 1585 1071 habeat.
1636 1036 1673 1071 Si
1697 1037 1775 1081 quis
1799 1036 1868 1071 1100
1894 1037 2034 1072 actione
2059 1039 2168 1082 egerit
2192 1042 2227 1073 et
2248 1039 2347 1073 obla-

1251 1085 1324 1116 tam
1336 1082 1408 1116 litis
1421 1082 1705 1117 aestimationem
1725 1082 1933 1127 susceperit,
1954 1093 2028 1117 rem
2050 1083 2230 1118 offerentis
2249 1084 2347 1119 facit.

1252 1130 1271 1161 2
1320 1127 1426 1162 Nunc
1458 1127 1648 1162 videndum
1681 1131 1754 1169 est,
1792 1128 1877 1172 quid
1908 1128 2026 1163 veniat
2057 1129 2094 1163 in
2131 1129 2344 1164 commodati

1252 1173 1414 1215 actione,
1446 1178 1566 1207 utrum
1600 1172 1702 1207 dolus
1735 1183 1781 1207 an
1815 1177 1850 1207 et
1875 1173 1982 1218 culpa
2006 1184 2053 1208 an
2076 1184 2159 1209 vero
2186 1180 2222 1209 et
2246 1186 2349 1210 omne

1250 1218 1460 1263 periculum.
1495 1222 1530 1253 et
1543 1218 1686 1263 quidem
1705 1219 1743 1253 in
1764 1219 2008 1254 contractibus
2028 1219 2208 1254 interdum
2228 1219 2349 1255 dolum

1251 1264 1384 1306 solum,
1416 1264 1596 1298 interdum
1628 1268 1663 1299 et
1699 1264 1841 1308 eulpam
1877 1269 2122 1309 praestamus:
2161 1265 2280 1300 dolum
2313 1266 2349 1300 in

1251 1309 1433 1354 deposito:
1467 1320 1551 1344 nam
1575 1309 1659 1354 quia
1683 1310 1781 1344 nulla
1806 1310 1940 1344 utilitas
1967 1310 2041 1345 eius
2066 1314 2228 1345 versatur
2252 1311 2350 1356 apud

1274 1365 1354 1389 uem
1379 1354 1588 1400 deponitur,
1623 1355 1749 1390 merito
1775 1355 1877 1390 dolus
1902 1359 2108 1400 praestatur
2132 1356 2248 1391 solus:
2282 1356 2350 1391 nisi

1266 1404 1344 1435 orte
1369 1404 1404 1435 et
1427 1410 1563 1435 merces
1589 1401 1740 1435 accessit
1767 1404 1865 1441 (tunc
1891 1401 2002 1443 enim,
2035 1404 2076 1435 ut
2108 1405 2162 1436 est
2195 1406 2230 1436 et
2264 1412 2348 1436 con-

1250 1446 1424 1488 stitutum,
1451 1446 1557 1480 etiam
1583 1446 1690 1490 culpa
1715 1446 1914 1489 exhibetur)
1940 1450 2004 1481 aut
2028 1446 2058 1481 si
2081 1447 2150 1481 1100
2175 1447 2220 1482 ab
2245 1447 2346 1482 initio

1251 1492 1426 1534 convenit,
1452 1495 1493 1526 ut
1517 1496 1553 1526 et
1577 1491 1718 1536 culpam
1740 1495 1775 1526 et
1793 1492 1992 1536 periculum
2012 1496 2172 1537 praestet
2190 1493 2220 1527 is
2240 1503 2349 1537 penes

1250 1547 1354 1582 quem
1379 1537 1581 1582 deponitur.
1620 1536 1681 1571 sed
1713 1537 1776 1572 ubi
1808 1537 1995 1582 utriusque
2027 1538 2163 1572 utilitas
2187 1538 2347 1580 vertitur,

1249 1587 1290 1617 ut
1313 1583 1351 1617 in
1376 1586 1514 1627 empto,
1539 1586 1580 1617 ut
1602 1583 1639 1616 in
1663 1582 1794 1625 locato,
1819 1586 1860 1617 ut
1882 1583 1919 1617 in
1945 1582 2038 1625 dote,
2064 1587 2105 1617 ut
2128 1584 2165 1618 in
2189 1584 2347 1628 pignore,

1251 1630 1269 1663 3
1318 1632 1359 1662 ut
1378 1628 1414 1662 in
1435 1629 1619 1670 societate,
1641 1632 1677 1662 et
1697 1628 1799 1663 dolus
1822 1632 1857 1663 et
1870 1629 1976 1673 eulpa
1988 1632 2205 1673 praestatur.
2244 1628 2347 1664 Com-

1249 1673 1433 1708 modatum
1458 1677 1577 1708 autem
1602 1673 1810 1718 plerumque
1834 1674 1948 1708 solam
1972 1674 2162 1709 utilitatem
2188 1674 2349 1709 continet

1250 1719 1326 1754 eius
1352 1719 1410 1754 cui
1435 1718 1693 1761 commodatur,
1719 1724 1754 1754 et
1777 1719 1856 1754 ideo
1881 1719 1998 1754 verior
2022 1723 2077 1754 est
2097 1719 2218 1763 Quinti
2237 1719 2349 1754 Mucii

1250 1765 1427 1799 sententia
1452 1765 1687 1799 existimantis
1713 1768 1748 1799 et
1772 1765 1914 1809 culpam
1938 1765 2191 1809 praestandam
2215 1769 2249 1799 et
2271 1765 2347 1799 dili-

1248 1811 1404 1855 gentiam
1441 1814 1494 1852 et,
1532 1810 1562 1844 si
1593 1809 1687 1844 forte
1719 1821 1777 1844 res
1809 1810 1999 1844 aestimata
2030 1809 2115 1844 data
2147 1810 2212 1852 sit,
2245 1821 2348 1845 omne

1249 1855 1447 1900 periculum
1471 1855 1727 1900 praestandum
1752 1856 1797 1890 ab
1823 1866 1884 1897 eo,
1919 1855 1979 1900 qui
2003 1855 2286 1891 aestimationem
2310 1865 2347 1890 se

1250 1904 1270 1935 4
1317 1906 1585 1945 praestaturum
1616 1901 1761 1945 recepit.
1810 1900 1914 1944 Quod
1945 1911 2028 1935 vero
2054 1904 2238 1936 senectute
2263 1912 2341 1936 0011-

1250 1946 1329 1990 tigit
1352 1947 1407 1981 vel
1431 1947 1575 1987 morbo,
1609 1946 1664 1981 vel
1688 1946 1721 1980 vi
1745 1946 1925 1980 latronum
1950 1950 2111 1990 ereptum
2136 1950 2209 1988 est,
2244 1948 2344 1981 aut¹¹

1251 1991 1336 2036 quid
1361 1992 1475 2026 simile
1499 1991 1648 2033 accidit,
1684 1991 1874 2026 dicendum
1909 1995 1963 2026 est
1993 1991 2081 2026 nihil
2114 2002 2236 2027 eorum
2271 2002 2345 2027 esse

1249 2037 1498 2081 imputandum
1524 2037 1555 2072 ei
1580 2037 1639 2082 qui
1665 2036 1927 2072 commodatum
1951 2037 2110 2081 accepit,
2135 2037 2203 2072 nisi
2228 2037 2345 2082 aliqua

1251 2083 1358 2127 culpa
1388 2083 1611 2117 interveniat.
1650 2083 1801 2127 proinde
1833 2086 1867 2117 et
1899 2082 1930 2117 si
1961 2082 2124 2118 incendio
2158 2083 2213 2117 vel
2245 2083 2349 2117 ruina

1250 2128 1385 2172 aliquid
1421 2128 1570 2171 contigit
1606 2129 1661 2162 vel
1696 2128 1871 2173 aliquid¹2
1907 2128 2074 2162 damnum
2109 2128 2237 2170 fatale,
2274 2139 2347 2163 non

1250 2174 1439 2215 tenebitur,
1464 2174 1533 2208 nisi
1557 2173 1660 2215 forte,
1688 2184 1768 2208 cum
1792 2174 1907 2218 possit
1930 2184 1986 2208 res
2013 2173 2255 2208 commodatas
2277 2174 2346 2208 sal-

1251 2222 1269 2253 5
1318 2229 1381 2253 vas
1405 2219 1535 2261 facere,
1561 2229 1644 2254 suas
1666 2219 1846 2263 praetulit.
1897 2218 2103 2253 Custodiam
2125 2219 2230 2263 plane
2251 2230 2347 2253 com-

1251 2268 1270 2299 6
1318 2264 1484 2299 modatae
1497 2264 1547 2299 rei
1562 2265 1668 2300 etiam
1683 2265 1709 2284 ¹3
1723 2264 1924 2309 diligentem
1937 2264 2248 2308 debetpraestare.
2276 2264 2346 2299 Sed

1251 2321 1296 2344 an
1336 2310 1441 2344 etiam
1476 2310 1629 2345 hominis
1667 2309 1884 2344 commodati
1928 2309 2090 2344 custodia
2130 2314 2344 2353 praestetur,

1250 2355 1346 2399 apud
1369 2360 1505 2390 veteres
1531 2355 1731 2390 dubitatum
1758 2360 1821 2389 est.
1866 2365 1949 2389 nam
1974 2355 2150 2389 interdum
2176 2359 2211 2389 et
2234 2355 2343 2389 homi-

1249 2401 1303 2435 nis
1330 2401 1494 2435 custodia
1518 2400 1736 2445 praestanda
1761 2405 1833 2442 est,
1869 2401 1899 2434 si
1931 2400 2070 2434 vinctus
2097 2399 2345 2435 commodatus

1251 2450 1325 2488 est,
1357 2446 1412 2481 vel
1438 2447 1512 2481 eius
1538 2447 1684 2488 aetatis,
1717 2451 1759 2480 ut
1784 2445 1947 2480 custodia
1970 2445 2159 2490 indigeret:
2197 2450 2292 2480 certe
2317 2445 2346 2480 si

1250 2492 1318 2526 hoc
1343 2495 1464 2526 actum
1490 2496 1563 2533 est,
1588 2495 1629 2525 ut
1654 2491 1854 2526 custodiam
1877 2491 1907 2525 is
1933 2491 1992 2535 qui
2016 2491 2152 2535 rogavit
2176 2494 2344 2535 praestet,

1251 2541 1267 2570 7
1319 2537 1507 2571 dicendum
1532 2537 1599 2571 erit
1621 2542 1816 2582 praestare.
1867 2535 1936 2570 Sed
1951 2536 1975 2555 ¹³
1996 2535 2175 2570 interdum
2216 2541 2232 2569 t
2251 2546 2345 2570 mor-

1250 2583 1294 2617 tis
1328 2582 1496 2617 damnum
1529 2582 1574 2616 ad
1600 2593 1679 2616 eum
1705 2583 1763 2626 qui
1790 2580 2053 2615 commodatum
2076 2582 2212 2626 rogav't
2236 2581 2344 2625 perti-

1250 2632 1327 2663 net:
1362 2639 1444 2662 nam
1469 2629 1499 2662 si
1523 2628 1587 2661 tibi
1613 2638 1740 2671 equum
1767 2626 2054 2667 commodavero,
2088 2630 2127 2660 ut
2159 2626 2205 2660 ad
2228 2627 2346 2660 villam

1250 2673 1465 2715 adduceres,
1498 2677 1538 2707 tu
1570 2672 1616 2707 ad
1648 2673 1780 2707 bellum
1805 2672 1968 2713 duxeris,
2003 2671 2215 2706 commodati
2247 2676 2344 2706 tene-

1249 2719 1361 2753 beris:
1387 2718 1481 2753 idem
1506 2718 1573 2753 erit
1597 2722 1633 2752 et
1655 2718 1691 2751 in
1716 2718 1867 2752 homine.
1904 2717 2010 2761 plane
2042 2717 2072 2751 si
2104 2717 2154 2751 sic
2190 2727 2345 2751 eommo-

1250 2764 1348 2806 davi‚
1383 2768 1423 2797 ut
1456 2763 1502 2798 ad
1526 2763 1658 2797 bellum
1684 2763 1852 2804 duceres,
1885 2772 2002 2797 meum
2038 2762 2103 2796 erit
2133 2762 2344 2807 periculum.

1250 2820 1331 2844 nam
1366 2813 1400 2843 et
1433 2809 1462 2843 si
1495 2819 1634 2843 servum
1658 2808 1723 2841 tibi
1747 2811 1919 2842 tectorem
1945 2807 2215 2842 commodavero
2243 2812 2277 2842 et
2302 2807 2346 2842 de

1249 2855 1414 2889 maehina
1439 2854 1616 2894 ceciderit,
1642 2853 1839 2897 periculum
1859 2863 1976 2887 meum
1998 2863 2075 2887 esse
2095 2852 2255 2887 Namusa
2277 2853 2344 2887 ait:

1250 2900 1312 2934 sed
1338 2910 1400 2943 ego
1426 2899 1477 2933 ita
1501 2900 1570 2933 hoc
1594 2909 1715 2932 verum
1740 2902 1847 2942 puto,
1881 2898 1911 2932 si
1936 2898 2001 2932 tibi
2026 2898 2267 2939 commodavi,
2306 2902 2345 2931 ut

1251 2950 1285 2979 et
1318 2946 1354 2979 in
1386 2945 1552 2978 machina
1585 2948 1815 2988 operaretur:
1852 2948 2009 2978 ceterum
2042 2944 2072 2978 si
2104 2948 2144 2977 ut
2169 2943 2212 2978 de
2235 2943 2343 2987 plano

1250 3001 1339 3034 opus
1359 2990 1507 3030 faceret,
1533 2994 1572 3023 tu
1598 2999 1677 3023 eum
1700 2989 1900 3032 imposuisti
1923 2989 2001 3022 11115
2025 2989 2202 3030 11100111110,
2228 2992 2291 3022 0111
2315 2988 2345 3022 81

1249 3035 1434 3070 machinae
1460 3035 1566 3078 culpa
1589 3034 1725 3068 factum
1750 3034 1865 3068 minus
1891 3034 2077 3078 diligenter
2101 3044 2173 3068 non
2199 3034 2243 3068 ab
2265 3034 2342 3077 ipso

1248 3081 1377 3125 ligatae
1401 3081 1456 3114 vel
1480 3079 1618 3113 funium
1642 3079 1930 3123 perticarumque
1954 3083 2151 3120 vetustate,
2178 3078 2255 3113 dico
2281 3088 2343 3122 pe-

1248 3126 1419 3166 riculum,
1453 3124 1550 3169 quod
1586 3125 1692 3169 culpa
1717 3125 1864 3168 contigit
1887 3124 2044 3169 rogantis
2071 3124 2342 3164 commodatum,

1249 3172 1365 3215 ipsum
1387 3174 1571 3214 praestare
1592 3169 1740 3204 debere:
1766 3180 1849 3204 nam
1870 3174 1905 3204 et
1925 3170 2021 3204 Mela
2040 3169 2192 3213 scripsit,
2218 3169 2248 3202 si
2268 3178 2341 3202 ser-

1248 3227 1312 3251 vus
1337 3215 1512 3259 lapidario
1540 3214 1784 3250 commodatus
1810 3215 1876 3249 sub
1902 3215 2067 3249 machina
2090 3213 2254 3259 perierit,
2289 3216 2341 3246 te-

1249 3261 1324 3296 neri
1347 3261 1490 3295 fabrum
1515 3260 1748 3302 commodati,
1784 3261 1844 3305 qui
1875 3260 2116 3304 neglegentius
2141 3258 2341 3292 machinam

1250 3309 1269 3341 8
1318 3306 1505 3350 colligavit.
1555 3305 1647 3348 Quin
1670 3305 1775 3340 immo
1802 3309 1836 3340 et
1860 3306 1920 3357 qui
1945 3306 2033 3339 alias
2058 3315 2096 3338 re
2119 3302 2341 3338 commodata

1249 3352 1379 3393 utitur,
1412 3361 1485 3385 non
1516 3350 1631 3385 solum
1664 3351 1897 3392 commodati,
1933 3361 2056 3385 verum
2087 3349 2174 3382 furti
2199 3357 2340 3397 quoque

1250 3401 1408 3437 tenetur,
1434 3400 1475 3429 ut
1498 3395 1658 3430 Iulianus
1681 3396 1772 3431 libro
1797 3396 1985 3430 undecimo
2012 3395 2225 3438 digestorum
2251 3402 2337 3425 scri-

1249 3442 1330 3485 psit.
1369 3441 1521 3485 denique
1553 3441 1621 3483 ait,
1655 3441 1686 3475 si
1717 3441 1782 3476 tibi
1815 3441 1973 3475 codicem
2006 3438 2274 3474 commodavero
2303 3440 2337 3487 et

1249 3487 1286 3520 in
1318 3496 1358 3520 eo
1386 3486 1659 3530 chirographum
1684 3486 1879 3521 debitorem
1902 3490 2004 3520 tuum
2029 3484 2192 3518 cavere¹⁶
2215 3481 2341 3515 feceris

1879 3599 1938 3638 (10)
1963 3594 2140 3628 habuitF¹
2232 3594 2286 3634 (11)
2312 3593 2342 3625 si

1837 3644 1894 3683 (13)
1922 3642 2053 3673 reitiam
2069 3639 2103 3671 F
2182 3639 2240 3678 (14)
2266 3638 2347 3669 seF

2033 3686 2094 3725 (16)
2121 3683 2270 3715 facevere
2286 3682 2340 3722 F¹,

1248 3602 1292 3639 (s)
1319 3599 1407 3640 quod
1421 3600 1449 3631 S
1530 3601 1573 3641 (9)
1599 3601 1684 3631 iuris
1697 3601 1795 3642 ins.f

1248 3645 1310 3676 ins.
1323 3645 1406 3676 Hal.
1501 3646 1562 3685 (12)
1587 3645 1680 3676 aliud
1691 3657 1753 3677 scr.

1248 3691 1306 3730 (15)
1331 3689 1538 3731 inposuistin
1552 3690 1615 3728 F2,
1628 3690 1781 3730 inposuit
1792 3689 1828 3720 in
1841 3688 1875 3720 F
1884 3687 1894 3706 ¹

1247 3734 1392 3766 scribere
1404 3748 1464 3771 scr,

1994 3788 2058 3817 23*
