2528 3918
80 91 142 125 DE
172 91 372 124 CONSTIT.
429 88 492 120 DE
520 86 660 119 STATU
687 85 800 117 HOM.

565 197 678 237 1111¹.

214 267 276 301 DE
300 262 739 298 CONSTITUTIONIBUS
764 262 1027 299 PRINCIPUM.

128 333 147 371 1
161 334 176 355 ²
206 331 499 368 Uremnoslibro
504 331 629 377 primo
642 330 907 365 institutionum
955 329 1059 374 Quod
1069 329 1168 375 prin-

79 378 149 423 cipi
172 377 326 423 placuit,
357 377 443 429 legis
474 376 586 411 habet
607 375 780 420 vigorem:
817 378 943 420 utpote
978 385 1060 410 cum
1093 374 1170 427 lege

77 423 186 468 regia,
210 432 303 468 quae
326 421 371 457 de
393 421 541 467 imperio
566 420 643 456 eius
665 420 741 456 lata
764 422 830 462 est,
854 420 1008 465 populus
1029 420 1062 455 ei
1075 423 1114 472 et
1131 430 1170 455 111

79 479 159 503 011111
193 477 297 504 0111110
327 477 432 502 31111111
464 465 651 511 imperium
683 467 719 501 et
747 468 963 510 potestatem
995 463 1167 501 conterat.

81 516 95 548 1
153 512 409 558 Quodcumque
442 511 550 556 igitur
581 511 777 556 imperator
810 520 875 556 per
910 510 1099 555 epistulam
1134 512 1170 545 et

78 557 375 602 subscriptionem
398 556 525 592 statuit
545 556 602 592 vel
625 565 844 601 cognoscens
869 555 1026 591 decrevit
1046 555 1102 591 vel
1126 554 1170 590 de

76 603 184 648 plano
200 602 435 638 interlocutus
457 605 512 638 est
529 602 585 637 vel
604 600 720 637 edicto
740 601 934 646 praecepit,
959 601 1072 646 legem
1092 610 1170 636 esse

78 650 230 683 constat.
278 648 368 683 haec
392 650 476 682 sunt
499 656 590 692 quas
612 646 715 691 vulgo
742 645 1015 681 constitutiones
1045 645 1168 691 appel-

78 695 98 728 2
144 693 272 728 lamus.
318 692 431 727 Plane
466 702 510 727 ex
543 691 599 727 his
634 690 811 736 quaedam
842 694 928 726 sunt
961 690 1169 743 personales

76 747 143 773 nec
167 738 214 773 ad
237 737 437 782 exemplum
460 736 671 772 trahuntur:
697 746 781 771 nam
803 746 895 781 quae
918 746 1085 781 prmceps
1104 735 1168 770 ali-

78 782 136 819 cui
166 782 212 818 ob
243 783 371 817 merita
392 781 541 818 indulsit
562 781 619 817 vel
641 781 672 817 si
695 791 803 834 quam
825 791 978 826 poenam
999 780 1170 826 irrogavit

75 828 131 908 {ciel
153 827 184 863 si
207 828 267 863 cui
289 827 366 863 sine
386 827 547 873 exemplo
568 827 743 869 subvemt‚
767 836 958 871 personam
977 837 1050 862 non
1070 836 1168 872 egre-

114 876 182 908 tur.

123 916 148 955 2
179 917 736 963 ULPJANUsfideicommissor-um
757 917 848 953 libro
870 919 1003 962 quarto
1049 916 1093 952 In
1111 926 1168 952 re-

76 964 143 998 bus
166 963 267 999 novis
292 962 549 998 constituendis
574 961 717 997 evidens
737 972 815 998 esse
834 962 969 998 utilitas
990 961 1106 1005 debet,
1129 964 1171 997 ut

75 1008 265 1044 recedatur
289 1008 334 1043 ab
359 1018 400 1044 00
424 1008 512 1050 iure,
538 1007 635 1053 quod
659 1007 719 1043 diu
743 1018 896 1053 aequum
919 1007 1033 1043 visum
1057 1009 1122 1043 est.

122 1051 146 1091 3
170 1053 217 1089 ΙΑ
226 1062 397 1089 rosave-s
404 1053 640 1105 epistularum
652 1053 743 1089 libro
756 1053 859 1088 tertio
872 1053 1008 1088 decimo
1053 1052 1169 1088 Bene-

75 1099 196 1134 ficium
218 1099 461 1144 imperatoris,
486 1097 582 1143 quod
606 1108 628 1133 a
651 1098 770 1134 divina
793 1098 930 1134 scilicet
954 1098 1028 1133 eius
1051 1097 1168 1133 indul-

75 1144 195 1224 {entia
216 1143 474 1190 proficiscitur,
499 1154 606 1189 quam
629 1143 833 1189 plenissime
855 1143 1084 1189 interpretari
1107 1142 1168 1178 de-

102 1199 213 1225 emus.

121 1233 147 1271 4
171 1232 427 1270 Moorsmvas
459 1233 551 1269 libro
593 1233 751 1270 secundo
793 1234 1070 1269 excusationum
1116 1232 1171 1267 Αἱ

74 1282 371 1346 μδετριζενέστεραι
403 1277 581 1318 διατάξεις
606 1279 830 1324 ἰσχυρότεραι
852 1280 928 1312 τῶν
950 1278 1023 1325 πρὸ
1048 1276 1168 1313 αὐτῶν

77 1337 93 1357 ε
192 1349 201 1357 .

95 1338 166 1359 lon!
589 1370 661 1411 Vd-

362 1437 423 1469 DE
449 1412 617 1470 31111115
639 1437 874 1470 HOMINUM.

126 1502 172 1539 1⁶
198 1502 322 1539 GAms
349 1503 441 1539 libro

74 1559 144 1594 quo
176 1548 309 1583 utimur
338 1548 394 1584 vel
425 1558 446 1583 a

74 1593 120 1628 ad
144 1593 314 1628 actiones.

120 1635 145 1674 2
169 1637 514 1674 HERMOGENIANUS
540 1638 632 1675 libro
649 1639 773 1685 primo
806 1639 897 1674 iuris
927 1640 1166 1685 epitomarum

75 1683 163 1718 Cum
186 1683 294 1729 igitur
317 1683 499 1719 hominum
523 1694 634 1719 causa
653 1694 756 1719 omne
775 1684 831 1719 ius
854 1684 1088 1719 constitutum
1107 1685 1164 1727 sit,

71 1729 186 1774 primo
211 1728 255 1764 de
274 1739 512 1780 personarum
536 1732 634 1764 statu
657 1739 700 1764 ac
724 1733 806 1774 post
829 1729 873 1764 (10
897 1730 1044 1771 ceteris,
1070 1729 1164 1764 ordi-

72 1781 153 1809 nem
177 1773 284 1809 edicti
306 1774 472 1819 perpetui
496 1774 610 1809 secuti
629 1778 664 1809 et
683 1774 739 1809 his
759 1774 939 1819 proximos
953 1778 1060 1819 atque
1079 1785 1165 1810 con-

72 1819 214 1854 iunctos
239 1819 461 1864 applicantes
485 1819 608 1855 titulos
632 1822 673 1855 ut
695 1829 753 1855 res
777 1819 922 1864 patitur,
949 1819 1118 1854 dicemus.

120 1861 143 1901 3
159 1865 172 1885 ⁸
199 1863 322 1899 GAms
342 1864 434 1900 libro
452 1865 576 1910 primo
608 1865 872 1899 institutionum
919 1864 1065 1900 Summa
1095 1865 1164 1900 ita-

73 1919 141 1955 que
156 1909 201 1944 de
215 1909 292 1944 iure
308 1919 542 1953 personarum
562 1909 685 1945 divisio
697 1910 711 1931 ⁹
729 1909 819 1945 haec
840 1911 905 1952 est,
930 1909 1027 1955 quod
1043 1920 1165 1946 omnes

72 1954 232 1990 homines
258 1959 322 1989 aut
343 1954 446 1989 liberi
470 1957 554 1990 sunt
577 1958 641 1989 aut
664 1955 766 1990 servi.

118 1998 144 2037 4
158 2001 186 2021 ¹⁰
208 1999 486 2035 Fhonfflvrmvs
506 1999 597 2035 libro
615 2010 711 2035 nono
731 2000 993 2035 institutionum
1039 1999 1164 2036 Liber-

70 2048 127 2080 tas
152 2047 207 2080 est
229 2044 405 2080 naturalis
427 2044 583 2080 facultas
608 2045 684 2080 eius
708 2045 804 2090 quod
828 2045 956 2090 cuique
978 2044 1100 2080 facere
1122 2045 1164 2080 li-

76 2093 90 2125 1
139 2090 218 2132 bet,
242 2090 311 2125 nisi
334 2090 365 2125 si
389 2089 474 2135 quid
495 2090 530 2124 vi
553 2093 617 2125 aut
639 2090 716 2125 iure
738 2090 958 2135 prohibetur.
1008 2089 1165 2126 Servitus

72 2138 127 2171 est
150 2135 357 2170 constitutio
371 2135 398 2156 ¹¹
420 2135 508 2170 iuris
531 2135 699 2180 gentium,
724 2145 795 2180 qua
841 2135 896 2171 uis
921 2135 1075 2171 dominio
1101 2135 1164 2170 ali-

71 2183 91 2215 2
141 2190 208 2216 eno
234 2183 361 2216 contra
390 2184 558 2215 naturam
589 2181 774 2216 subicitur.
850 2181 921 2216 ervi
953 2191 996 2216 ex
1027 2191 1069 2216 eo
1101 2191 1163 2226 ap-

71 2225 194 2271 pellati
224 2228 327 2268 sunt,
364 2225 460 2270 quod
489 2225 721 2270 imperatores
754 2225 914 2270 captivos
945 2225 1098 2261 vendere
1121 2236 1164 2261 ac

73 2273 92 2306 3
140 2280 205 2315 per
237 2270 307 2305 hoc
341 2281 482 2306 servare
515 2280 583 2305 nec
617 2270 780 2306 occidere
815 2271 949 2307 solent:
985 2271 1165 2316 mancipia

72 2326 157 2351 vero
182 2315 289 2358 dicta,
314 2315 410 2360 quod
433 2315 479 2350 ab
502 2315 667 2350 hostibus
691 2325 801 2350 manu
825 2316 1026 2361 capiantur.

120 2359 144 2398 5
159 2361 188 2382 ¹²
210 2359 448 2396 MAROJANUS
463 2360 555 2396 libro
569 2361 693 2406 primo
714 2361 977 2396 institutionum
1022 2361 1073 2396 Et
1089 2371 1163 2396 ser-

73 2416 196 2441 vorum
210 2405 351 2451 quidem
362 2415 436 2440 una
452 2407 506 2440 est
517 2404 699 2441 condicio:
713 2405 906 2441 liberorum
918 2410 1038 2441 autem
1049 2406 1163 2441 homi-

77 2454 92 2485 1
141 2461 227 2486 num
251 2450 394 2495 quidam
417 2450 562 2496 ingenui
581 2454 676 2493 sunt,
701 2450 845 2495 quidam
858 2451 1027 2487 libertini.
1065 2451 1165 2486 Servi

75 2499 194 2531 autem
215 2495 254 2530 in
277 2495 471 2531 dominium
494 2499 656 2531 nostrum
679 2495 888 2540 rediguntur
911 2500 974 2531 aut
1004 2496 1082 2531 iure
1115 2496 1163 2532 ci-

73 2541 133 2576 vili
155 2544 219 2576 aut
264 2540 415 2576 entium:
447 2540 524 2576 iure
548 2541 657 2583 civili,
690 2540 721 2576 si
744 2541 822 2586 quis
848 2551 886 2576 se
908 2541 1022 2577 maior
1044 2541 1166 2586 viginti

15 2603 18 2606 ⁴
75 2585 178 2621 annis
209 2596 231 2621 a
286 2586 438 2631 pretium
470 2585 758 2631 participandum
788 2587 908 2622 venire
937 2597 1066 2632 passus
1091 2590 1163 2622 est:

74 2631 151 2666 iure
173 2631 331 2676 gentium
354 2631 446 2666 servi
468 2631 582 2667 nostri
605 2635 706 2674 sunt,
739 2631 800 2677 qui
831 2632 877 2667 ab
908 2632 1071 2668 hostibus
1104 2642 1164 2668 ca-

76 2679 96 2711 2
142 2676 289 2721 piuntur
311 2680 375 2712 aut
398 2676 459 2722 qui
483 2686 527 2711 ex
549 2676 686 2711 ancillis
706 2676 838 2712 nostris
859 2680 1068 2712 nascuntur.
1104 2678 1163 2712 In-

74 2721 179 2766 genui
210 2724 311 2764 sunt,
371 2722 410 2756 ui
441 2731 485 2757 ex
518 2725 634 2757 matre
656 2722 770 2757 libera
792 2722 868 2757 nati
891 2726 994 2758 sunt:
1031 2722 1165 2758 sufficit

76 2766 168 2802 enim
190 2766 337 2802 liberam
376 2766 472 2802 uisse
496 2776 537 2802 eo
569 2770 730 2811 tempore
761 2777 831 2819 quo
867 2767 1046 2810 nascitur,
1081 2767 1165 2802 licet

75 2811 205 2846 ancilla
229 2812 402 2857 concepit.
452 2815 487 2847 et
511 2821 531 2847 0
555 2812 734 2847 contrario
759 2822 790 2847 31
812 2812 926 2847 libera
950 2812 1163 2858 conceperit,

76 2856 201 2892 deinde
225 2857 354 2892 ancilla
377 2857 514 2902 pariat,
544 2857 681 2902 placuit
704 2867 784 2892 eum
809 2858 870 2903 qui
892 2858 1054 2893 nascitur
1076 2857 1163 2892 libe-

75 2911 154 2936 rum
188 2901 298 2937 nasci.
335 2903 412 2944 (nec
447 2902 596 2937 interest
629 2902 732 2938 iustis
764 2902 897 2947 nuptiis
930 2902 1095 2955 concepit
1118 2913 1165 2954 an

499 1503 591 1538 rimo
626 1504 889 1539 institutionum
937 1503 1075 1539 Omne⁷
1109 1504 1167 1540 ius

500 1558 674 1594 personas
704 1549 860 1594 pertinet
882 1549 937 1584 vel
961 1549 1008 1585 ad
1029 1559 1087 1585 res
1111 1549 1168 1585 vel

76 2994 95 3026 3
142 3002 180 3026 111
202 2995 324 3027 ventre
348 2996 413 3027 est.
460 2992 520 3027 Ex
542 2992 611 3028 hoc
636 2993 836 3038 quaesitum
861 2996 933 3036 est,
971 2993 1001 3028 si
1035 2993 1166 3028 ancilla

73 3046 248 3081 praegnas
279 3037 496 3072 manumissa
519 3037 584 3080 sit,
615 3037 743 3073 deinde
766 3037 896 3073 ancilla
917 3041 1045 3083 postea
1066 3037 1166 3073 facta

75 3085 139 3116 aut
163 3081 311 3127 expulsa
336 3082 478 3118 civitate
508 3082 684 3128 pepererit
697 3083 735 3125 ¹³,
766 3083 917 3118 liberum
949 3094 995 3118 an
1026 3093 1165 3119 servum

33 3158 36 3159 γ
74 3126 203 3171 pariat.
247 3129 283 3162 et
305 3129 424 3162 tamen
446 3127 580 3163 rectius
602 3128 793 3173 probatum
817 3133 871 3163 est
893 3128 1042 3164 liberum
1066 3128 1165 3163 nasci

123 3241 162 3282 (1)
177 3240 258 3274 Sab.
273 3248 286 3275 1
296 3252 305 3281 ς
317 3241 407 3284 Pap.
420 3248 456 3280 23
468 3241 536 3276 Ed.
549 3248 607 3275 3-4.
625 3242 760 3276 -Βαε,
775 3242 807 3282 2,
823 3248 852 3284 e,
867 3248 948 3276 2...5.
960 3260 1007 3266 —
1021 3242 1072 3285 Cf.
1088 3242 1166 3276 Cod.

78 3286 108 3326 1,
121 3292 165 3319 14.
177 3292 213 3319 23
317 3286 360 3327 (2)
385 3302 429 3315 ==
446 3286 528 3320 Inst.
545 3287 575 3327 1,
589 3293 619 3328 2,
635 3293 651 3320 ο
757 3287 801 3328 (3)
827 3287 865 3320 id
876 3293 940 3320 ese:
961 3286 1167 3320 Posteriores

0 3356 5 3372 .·
75 3329 167 3372 leges
187 3330 264 3373 plus
285 3330 398 3364 valent
410 3341 510 3373 quam
523 3341 608 3374 quae
620 3334 699 3364 ante
712 3341 767 3364 eas
780 3331 919 3364 fuerunt

124 3376 167 3416 (4)
183 3375 436 3410 Sub-1.8...·1.10.
451 3383 494 3410 13.
509 3383 552 3411 13.
568 3383 616 3411 20.
630 3383 678 3411 24.
692 3383 739 3411 26.
754 3383 789 3410 27
801 3387 809 3416 ;
823 3376 909 3420 Pap.
922 3383 950 3410 2.
965 3383 994 3411 s.
1008 3383 1036 3410 9.
1050 3383 1166 3415 11...15;

2 3458 6 3468 .
50 3466 54 3467 ⁷
76 3420 700 3459 Ed.1·1.19..21...23.25.——Bas.46.1.—
716 3421 905 3465 CflInst.1‚3
974 3422 1018 3463 (5)
1042 3422 1165 3455 sicind.

3 3469 6 3503 ξ
44 3479 61 3492 κ
75 3465 143 3508 FS,
158 3465 198 3498 de
210 3466 382 3499 testatuF
433 3467 477 3508 (6)
501 3482 547 3495 ==
562 3466 639 3500 Gai.
658 3467 687 3506 1,
701 3473 719 3501 8
790 3467 832 3509 (7)
858 3469 969 3499 autem
981 3467 1041 3500 ins.
1060 3466 1167 3500 Gaius

50 3509 121 3550 2'(8)
145 3526 191 3539 ==
216 3510 291 3544 Gai.
305 3512 335 3550 1,
350 3517 367 3544 9
460 3511 505 3553 (9)
530 3514 564 3543 01
582 3511 718 3554 (1111ᾶο111
737 3521 866 3545 summa
886 3511 1010 3544 divisio
1031 3511 1071 3543 de
1091 3511 1165 3543 iure

5 3556 11 3600 ξι
55 3558 61 3600 j
76 3563 294 3596 personarum
311 3555 416 3589 Gaius
519 3557 579 3598 (ιο)
603 3557 740 3590 ==Inst.
757 3559 786 3597 l,
800 3563 905 3597 3,1...3
1005 3556 1060 3598 (11)
1086 3566 1164 3588 0011-

6 3605 9 3621 z
59 3617 63 3621 -
76 3599 182 3632 3111110
193 3600 229 3633 F
291 3600 350 3641 (12)
366 3605 381 3639 5
397 3607 424 3634 2.
438 3607 466 3634 8.
479 3616 524 3629 =
535 3601 617 3635 Inst.
633 3602 662 3641 1,
675 3608 693 3636 4
701 3613 756 3645 pr.
827 3602 885 3643 (13)
898 3600 1026 3644 pererit
1037 3601 1074 3643 F,
1089 3611 1164 3644 per-

8 3681 11 3690 X
53 3652 63 3674 κ
76 3644 202 3685 pererit
212 3644 256 3687 R,
270 3644 532 3687 peperitSImt
626 3646 686 3688 (14)
708 3662 754 3675 ==
769 3645 846 3680 Gai.
863 3648 930 3686 1,11
1022 3646 1081 3687 (15)
1106 3646 1164 3678 In-

8 3692 12 3720 ἒ
38 3705 60 3742 g
76 3689 179 3729 genui
191 3692 271 3722 sunt
283 3689 343 3732 qui
354 3689 455 3722 liberi
463 3690 536 3722 nati
545 3692 635 3731 311111,
642 3689 798 3724 libertini
807 3690 867 3733 qui
880 3690 987 3725 Gaius
1021 3691 1081 3732 (16)
1095 3700 1163 3723 ser-

14 3884 68 3918 ’.ἰ

75 2947 201 2998 vulgo),
215 2946 299 2991 quia
321 2958 393 2982 11011
417 2947 523 2983 debet
547 2947 732 2983 calamitas
755 2948 879 2983 matris
904 2958 1034 2983 nocere
1055 2958 1087 2983 01
1105 2958 1166 2992 (1111
1190 2957 1193 2959 ’

2203 74 2337 120 Ι4.5

1239 197 1276 230 et
1307 193 1473 230 sufficere
1505 193 1538 229 ei
1567 195 1629 240 qui
1650 198 1687 229 111
1711 197 1834 231 ventre
1858 198 1914 232 est
1936 195 2086 232 liberam
2109 199 2260 232 matrem
2282 197 2338 233 vel

1239 238 1353 275 medio
1378 242 1540 284 tempore
1563 239 1744 274 habuisse.

1285 282 1311 322 6
1325 285 1353 305 ¹⁴
1380 284 1504 320 GAms
1512 283 1604 320 libro
1609 284 1735 330 primo
1748 284 2012 321 institutionum
2051 285 2228 322 Libertini
2239 289 2336 330 sunt,

1239 329 1343 375 qui¹⁸
1367 339 1411 365 ex
1433 329 1530 365 iusta
1554 329 1726 365 servitute
1738 329 1767 350 ¹⁶
1789 331 1998 367 manumissi
2021 334 2117 367 sunt.

1286 371 1310 411 7
1335 373 1497 410 Panos
1517 374 1608 410 libro
1632 374 1817 420 sinqulari
1837 376 1882 411 de
1898 376 2145 423 portionibus,
2176 387 2272 423 quae
2295 377 2337 413 li-

1239 419 1334 456 beris
1370 419 1624 455 damnatorum
1661 420 1908 456 conceduntur
1954 421 2022 466 Qui
2056 421 2095 457 in
2128 425 2232 458 utero
2270 426 2337 465 est,

1238 463 1387 510 perinde
1411 474 1454 500 ac
1475 464 1506 500 si
1524 464 1563 499 in
1581 464 1691 500 rebus
1710 464 1876 501 humanis
1896 469 1991 501 esset
2010 466 2222 511 custoditur,
2247 477 2335 513 quo-

1237 509 1330 545 tiens
1366 509 1411 545 de
1443 509 1639 545 commodis
1670 509 1783 555 ipsius
1813 514 1939 555 partus
1975 512 2177 557 quaeritur:
2212 522 2335 559 quam-

1239 565 1346 601 quam
1369 555 1431 590 alii
1454 558 1646 600 antequam
1668 558 1842 591 nascatur
1863 565 2089 601 nequaquam
2111 558 2236 603 prosit.

1286 597 1311 638 8
1336 600 1586 636 PAPJNIANUS
1605 600 1697 636 libro
1721 601 1826 636 tertio
1851 603 2101 647 quaestionum
2136 603 2337 648 Imperator

1239 645 1343 681 Titus
1354 645 1559 681 Antoninus
1578 644 1761 690 rescripsit
1782 656 1856 681 non
1877 646 1973 681 laedi
1991 650 2123 682 statum
2142 648 2336 684 liberorum

1238 691 1285 726 ob
1308 694 1470 727 tenorem
1492 690 1722 726 instrumenti
1745 691 1838 726 male
1862 691 2037 737 concepti.

1284 733 1310 773 9
1333 735 1443 771 IDEM
1472 735 1563 772 libro
1599 736 1809 783 triqensimo
1836 737 1961 783 primo
1997 737 2248 783 quaestionum
2293 738 2336 773 In

1238 781 1359 817 multis
1382 780 1470 817 iuris
1494 780 1609 817 nostri
1632 780 1792 816 articulis
1817 781 1971 818 deterior
2002 785 2057 817 est
2089 782 2250 819 condicio
2281 782 2334 819 fe-

1238 826 1416 862 minarum
1439 836 1547 871 quam
1569 826 1822 862 masculorum.

1288 869 1339 909 10
1371 870 1567 908 ULPJANUS
1587 871 1679 908 libro
1694 873 1821 918 primo
1845 872 1895 908 ad
1913 871 2088 908 Sabinum
2125 872 2334 917 Quaeritur:

1238 916 1571 962 hermaphroditum
1584 916 1643 952 cui
1662 918 1938 962 comparamus?
1962 920 1998 952 et
2017 917 2128 963 magis
2148 922 2236 964 puto
2258 918 2336 954 eius

1240 972 1348 998 sexus
1372 961 1645 1004 aestimandum,
1671 962 1733 1007 qui
1755 962 1793 997 in
1817 973 1859 998 00
1882 963 2075 1008 praevalet.

1289 1005 1336 1044 11
1364 1006 1422 1042 ΡΑ
1430 1017 1526 1043 Utus
1542 1007 1635 1043 libro
1650 1010 1776 1043 octavo
1789 1007 1924 1043 decimo
1936 1018 2193 1054 responsorum
2239 1007 2334 1043 Pau-

1238 1053 1294 1088 lus
1318 1052 1504 1104 respondit
1527 1062 1626 1094 eum,
1662 1052 1724 1098 qui
1746 1052 1884 1089 vivente
1914 1056 2018 1098 patre
2031 1054 2058 1074 ¹⁷
2083 1056 2119 1088 et
2149 1053 2336 1098 ignorante

1239 1097 1282 1133 de
1307 1098 1560 1133 coniunctione
1582 1097 1677 1133 filiae
1701 1108 1812 1134 conce
1838 1101 1897 1134 tus
1922 1102 1994 1141 est,
2027 1098 2111 1134 licet
2133 1101 2219 1144 post
2240 1109 2335 1134 mor-

1238 1146 1310 1178 tem
1334 1143 1390 1178 avi
1412 1146 1521 1178 natus
1545 1143 1602 1185 sit,
1626 1143 1761 1179 iustum
1835 1154 1895 1179 um
1919 1143 1951 1179 01
1975 1153 2021 1179 ex
2043 1154 2114 1189 quo
2140 1147 2335 1188 conceptus

1239 1191 1294 1224 est
1317 1198 1395 1224 esse
1417 1199 1490 1224 non
1514 1188 1637 1224 videri.

1288 1230 1338 1270 12
1362 1233 1472 1270 IDEM
1490 1233 1582 1270 libro
1606 1244 1702 1269 nono
1726 1232 1864 1269 decimo
1887 1244 2142 1280 responsorum
2178 1233 2335 1278 Septimo

1237 1288 1359 1315 mense
1381 1279 1489 1331 nasci·
1501 1278 1701 1324 perfectum
1719 1282 1864 1331 partum
1882 1279 1954 1332 iam
1972 1282 2157 1331 receptum
2174 1283 2334 1345 031181110-

1236 1327 1318 1406 Εἷὲἔ
1342 1323 1847 1422 ἃὲἓέῗᾶῗὲῗαᾱὲᾇὲεᾛ
1871 1324 2202 1422 {iniuffisspssfissfflss
2225 1327 2336 1415 sipi?

1237 1425 1295 1450 mo
1319 1424 1441 1450 mense
1464 1418 1571 1450 natus
1597 1418 1662 1457 est,
1687 1418 1821 1450 iustum
1844 1414 1957 1451 fihum
1981 1425 2071 1450 0330.

1286 1457 1336 1497 13
1361 1459 1708 1495 HERMOGENIANUS
1728 1459 1820 1496 libro
1837 1461 1964 1506 primo
1986 1461 2077 1496 iuris
2096 1471 2115 1494 e
2144 1460 2336 1495 itomarum

1237 1504 1367 1541 Servus
1393 1505 1430 1540 111
1455 1515 1566 1540 causa
1597 1505 1742 1550 capitali
1765 1504 1934 1541 fortunae
1957 1505 2101 1541 iudicii¹
2145 1515 2167 1540 a
2190 1504 2335 1542 domino

1237 1550 1458 1592 commissus,
1484 1550 1551 1585 etsi
1573 1549 1682 1585 fuerit
1705 1550 1903 1593 absolutus,
1927 1561 2000 1586 non
2023 1550 2066 1586 fit
2087 1550 2188 1586 liber.

1285 1593 1379 1632 142⁰
1401 1594 1460 1630 ΡΑ
1467 1605 1563 1630 ULtss
1583 1595 1675 1631 libro
1700 1598 1831 1641 quarto
1851 1596 2113 1631 sententiarum
2147 1594 2232 1631 Non
2250 1597 2335 1632 sunt

1235 1639 1358 1683 liberi,
1391 1640 1452 1686 qui
1484 1643 1611 1676 contra
1643 1639 1797 1676 formam
1827 1640 1975 1676 humani
1997 1641 2135 1686 generis
2162 1650 2332 1676 converso

1235 1695 1333 1721 more
1364 1688 1618 1731 procreantur:
1652 1685 1762 1720 veluti
1792 1685 1823 1721 si
1853 1686 1980 1721 mulier
2002 1689 2245 1722 monstrosum
2269 1685 2334 1721 ali-

1236 1730 1321 1776 quid
1353 1734 1416 1765 aut
1446 1730 1687 1775 prodigiosum
1712 1730 1817 1766 enixa
1839 1731 1897 1766 sit.
1945 1734 2071 1776 partus
2103 1734 2242 1773 autem,
2274 1730 2335 1776 qui

1235 1775 1474 1811 membrorum
1492 1775 1729 1810 humanorum
1748 1775 1870 1810 officia
1889 1775 2082 1820 ampliavit,
2108 1775 2335 1820 aliquatenus

1234 1820 1375 1856 videtur
1396 1819 1545 1855 effectus
1566 1823 1602 1855 et
1620 1820 1699 1856 ideo
1713 1821 1807 1855 inter
1819 1820 1950 1856 liberos
1965 1821 2332 1856 connumerabitur21.

1285 1863 1334 1903 15
1362 1865 1643 1901 TRYPHONJNUS
1653 1865 1743 1901 libro
1757 1865 1893 1901 decimo
1905 1865 2194 1912 disputationum
2237 1866 2333 1901 Are-

1235 1921 1361 1954 scusa,
1394 1911 1425 1946 si
1448 1914 1521 1946 tres
1544 1910 1722 1956 pepererit
1743 1910 1857 1946 libera
1881 1921 1958 1947 esse
1981 1914 2196 1947 testamento
2220 1911 2332 1954 iussa,

1234 1956 1348 2001 primo
1373 1959 1481 2001 partu
1503 1966 1634 1998 unum,
1659 1955 1817 1991 secundo
1841 1959 1914 1991 tres
1938 1957 2098 2036 peperit:
2132 1956 2333 2002 quaesitum

1235 2005 1309 2044 est,
1335 2011 1381 2036 an
1407 2004 1442 2036 et
1465 2001 1544 2046 quis
1569 2011 1693 2036 eorum
1716 2001 1806 2036 liber
1831 2005 1936 2037 esset.
2011 2011 2076 2037 aec
2101 2001 2265 2037 condicio
2289 2002 2331 2037 li-

1234 2046 1365 2081 bertati
1397 2046 1561 2091 adposita
1591 2046 1663 2081 iam
1685 2046 1865 2091 implenda
1888 2046 2027 2082 mulieri
2052 2051 2117 2082 est.
2166 2047 2230 2082 sed
2261 2057 2334 2083 non

1235 2091 1392 2127 dubitari
1416 2091 1532 2133 debet,
1559 2091 1644 2136 quin
1663 2091 1808 2127 ultimus
1828 2092 1919 2127 liber
1938 2096 2127 2127 nascatur:
2153 2102 2220 2127 nec
2241 2092 2334 2128 enim

1234 2140 1367 2172 natura
1396 2136 1558 2182 permisit
1588 2136 1693 2171 simul
1724 2147 1796 2172 uno
1827 2137 1963 2182 impetu
1995 2137 2085 2173 duos
2109 2137 2265 2173 infantes
2289 2137 2334 2172 de

1234 2185 1335 2217 utero
1359 2182 1482 2217 matris
1507 2180 1698 2224 excedere,
1722 2184 1763 2216 ut
1786 2181 1910 2217 ordine
1941 2182 2078 2218 incerto
2111 2182 2334 2218 nascentium

1234 2237 1308 2262 non
1338 2229 1530 2272 appareat,
1562 2229 1643 2262 uter
1664 2226 1702 2261 in
1725 2227 1896 2262 servitute
1918 2227 2126 2263 libertateve
2149 2231 2331 2263 nascatur.

1233 2271 1426 2317 incipiente
1449 2272 1556 2316 igitur
1578 2275 1686 2316 partu
1710 2271 1864 2307 existens
1890 2272 2052 2308 condicio
2077 2272 2198 2315 efficit,
2223 2275 2264 2307 ut
2288 2283 2332 2307 ex

1234 2317 1346 2352 libera
1370 2317 1498 2353 edatur
1546 2316 1619 2352 uod
1668 2321 1770 2352 ostea
1801 2317 1980 2360 nascitur,
2012 2317 2121 2353 veluti
2156 2317 2187 2352 si
2222 2327 2330 2362 quae-

1234 2362 1322 2397 libet
1353 2362 1424 2398 alia
1457 2373 1525 2397 con
1553 2362 1619 2397 ‘cio
1667 2362 1811 2397 'bertati
1832 2362 1989 2398 mulieris
2014 2362 2181 2407 adposita
2203 2365 2329 2407 partu-

1233 2407 1348 2443 riente
1383 2417 1427 2443 ea
1461 2407 1602 2442 existat.
1649 2407 1705 2442 vel
1715 2407 1747 2428 ²2
1777 2407 1995 2443 manumissa
2019 2408 2086 2443 sub
2111 2407 2179 2442 hac
2205 2407 2328 2442 condi-

1235 2452 1356 2495 cione,
1381 2453 1412 2488 si
1437 2452 1557 2488 decem
1580 2451 1677 2487 milia
1700 2452 1823 2487 heredi
1846 2452 1985 2487 Titiove
2009 2451 2162 2494 dederit,
2188 2462 2230 2488 eo
2254 2463 2329 2488 mo-

1233 2501 1354 2533 mento
1376 2508 1446 2543 quo
1466 2497 1563 2542 parit
1579 2507 1643 2542 per
1664 2497 1774 2532 alium
1796 2497 1994 2542 impleverit
2006 2497 2037 2519 2³
2062 2497 2328 2533 condicionem:

1232 2543 1304 2578 iam
1326 2543 1440 2578 libera
1462 2543 1644 2587 peperisse
1669 2542 1847 2577 credenda
1870 2545 1934 2577 est.

1284 2585 1334 2625 16
1367 2587 1563 2623 ΠιΡῙΑΝσε
1573 2587 1665 2623 libro
1685 2590 1791 2622 sexto
1806 2587 2092 2634 disputationum
2138 2586 2238 2622 Idem
2251 2587 2329 2631 erit,

1234 2632 1265 2668 si
1289 2632 1411 2669 eadem
1435 2633 1616 2667 Arescusa
1639 2632 1752 2677 primo
1778 2632 1847 2667 duo
1871 2635 2080 2677 pepererat,
2111 2635 2239 2677 postea
2294 2643 2329 2668 0-

1233 2678 1348 2713 11111103
1384 2677 1561 2713 ediderat:
1598 2676 1788 2712 dicendum
1821 2681 1875 2712 est
1907 2677 2001 2712 enim
2031 2687 2105 2712 non
2127 2688 2235 2722 posse
2285 2678 2330 2714 ’ci

1233 2726 1423 2768 utrumque
1456 2723 1649 2768 ingenuum
1682 2722 1801 2765 nasci,
1846 2722 1910 2758 sed
1941 2732 2021 2758 eum
2057 2722 2118 2768 qui
2151 2723 2329 2768 posterior

1233 2768 1404 2804 nascitur.
1453 2767 1613 2813 quaestio
1639 2777 1720 2812 ergo
1743 2767 1831 2803 facti
1854 2767 1973 2813 potius
1998 2771 2062 2810 est,
2086 2778 2160 2804 non
2183 2768 2282 2804 iuris.

1282 2810 1333 2850 17
1357 2812 1464 2848 IDEM
1484 2813 1575 2848 libro
1599 2813 1790 2848 vicensimo
1819 2813 1977 2849 secundo
2008 2813 2059 2848 ad
2087 2813 2241 2849 edictum
2287 2813 2329 2848 In

1234 2858 1321 2893 orbe
1343 2857 1507 2893 Romano

1233 2902 1406 2938 Antonini
1429 2902 1522 2938 cives

1283 2945 1333 2985 18
1359 2947 1466 2983 IDEM
1479 2947 1569 2983 libro
1582 2948 1773 2983 vicensimo
1786 2949 1939 2995 septimo
1953 2948 2003 2984 ad
2014 2947 2188 2984 Sabinum
2211 2948 2328 2993 Impe-

1234 2996 1334 3028 rator
1344 2991 1550 3028 Hadrianus
1562 2992 1725 3028 Publicio
1737 2992 1909 3029 Marcello
1921 2993 2106 3038 rescripsit
2117 2993 2147 3014 ²⁴
2165 2993 2326 3035 liberam,

1236 3048 1327 3083 quae
1345 3048 1520 3083 praegnas
1544 3037 1669 3073 ultimo
1693 3038 1868 3084 supplicio
1893 3039 2063 3074 damnata
2086 3041 2152 3080 est,
2175 3038 2328 3073 liberum

1235 3093 1361 3128 parere
1374 3086 1409 3118 et
1420 3082 1564 3118 solitum
1577 3093 1654 3119 esse
1673 3084 1806 3119 servari
1818 3094 1907 3126 eam,
1928 3083 2013 3119 dum
2031 3086 2175 3128 partum
2194 3083 2326 3118 ederet.

1236 3127 1299 3163 sed
1312 3128 1343 3149 ²⁵
1366 3127 1396 3162 si
1421 3127 1471 3170 ei,
1496 3138 1588 3173 quae
1611 3138 1656 3163 ex
1677 3129 1780 3164 iustis
1805 3129 1938 3174 nuptiis
1963 3128 2148 3174 concepit,
2174 3137 2269 3174 aqua
2293 3131 2328 3163 et

1562 2857 1599 2892 ui
1631 2860 1716 2893 sunt
1747 2868 1792 2893 ex
1823 2858 2079 2894 constitutione
2101 2858 2327 2904 imperatoris

1582 2902 1701 2938 omam'
1725 2902 1843 2938 effecti
1866 2907 1961 2939 sunt.

1237 3241 1359 3274 vitatet
1372 3242 1431 3275 lite.
1446 3251 1466 3273 a
1481 3241 1586 3275 deleta
1599 3242 1635 3275 F
1721 3243 1778 3284 (17)
1805 3243 1936 3275 vivente
1948 3242 2066 3275 matris
2079 3244 2175 3285 patre
2186 3254 2249 3275 scr.

1239 3287 1297 3328 (18)
1322 3286 1548 3330 Hippocrates
1559 3287 1600 3321 de
1611 3287 1714 3321 victus
1726 3289 1852 3322 ratione
1867 3288 1887 3321 l.
1901 3295 1914 3322 1
1929 3287 2019 3329 (voti
2027 3294 2125 3331 p.648
2139 3286 2324 3326 edKuelm)

1237 3338 1267 3365 et
1278 3331 1357 3365 aliis
1370 3331 1450 3364 locis
1539 3332 1599 3374 (19)
1622 3333 1672 3366 sic
1688 3332 1814 3367 Graeci
1823 3333 1879 3379 (τῇ
1889 3328 1974 3379 τύχῃ
1986 3332 2052 3365 τοῦ
2065 3328 2320 3375 δικαστηρίου),

1235 3375 1363 3409 iudicio
1374 3376 1434 3409 FS
1510 3378 1574 3419 (20)
1586 3393 1632 3407 a
1642 3378 1742 3412 Paul.
1754 3379 1786 3419 4,
1801 3385 1829 3420 9,
1844 3385 1871 3412 3.
1881 3385 1908 3412 4.
1979 3379 2037 3419 (21)
2051 3377 2176 3409 Mulier
2188 3376 2217 3407 si
2230 3385 2324 3408 mon-

1234 3424 1379 3454 strosum
1400 3420 1531 3464 aliquid
1550 3424 1610 3455 aut
1628 3422 1861 3466 prodigiosum
1874 3422 1974 3455 enixa
1986 3422 2042 3463 sit,
2062 3421 2151 3454 nihil
2170 3419 2323 3463 proficit:

1234 3476 1301 3498 11011
1322 3469 1403 3499 sunt
1423 3466 1514 3500 enim
1533 3466 1645 3509 liberi,
1666 3468 1724 3510 qui
1745 3471 1864 3501 contra
1881 3467 2020 3500 formam
2039 3465 2172 3509 generis
2184 3463 2321 3497 humani

1234 3521 1394 3544 converso
1404 3522 1495 3544 more
1507 3517 1737 3556 procreantur.
1773 3515 1919 3556 partum,
1940 3512 2000 3554 qui
2019 3511 2241 3543 membrorum
2260 3510 2323 3542 hu-

1233 3566 1407 3589 manorum
1426 3556 1540 3590 officia
1559 3557 1756 3601 duplicavit.
1777 3558 1859 3600 quia
1876 3558 1937 3591 hac
1959 3557 2090 3588 ratione
2109 3555 2323 3597 aliquatenus

1232 3600 1367 3634 videtur
1385 3601 1534 3643 effectus,
1553 3603 1653 3636 matri
1666 3602 1822 3647 prodesse
1835 3601 1964 3645 placuit
1975 3600 2102 3633 Paulus
2114 3601 2142 3634 is
2155 3612 2247 3643 quem
2264 3600 2323 3633 lm·

1233 3647 1340 3680 bemus
1408 3647 1471 3689 (22)
1495 3647 1561 3688 vel]
1574 3647 1668 3680 velut
1677 3659 1740 3685 scr.
1799 3650 1861 3689 (23)
1885 3645 2040 3689 implevit
2049 3657 2113 3679 scr.
2182 3645 2245 3687 (24)
2268 3654 2321 3677 ro·

1230 3691 1351 3733 scipsit
1360 3691 1396 3724 F
1481 3693 1544 3733 (25)
1568 3694 1627 3725 sed
1639 3694 1673 3725 et
1684 3691 1766 3725 Hal.
