2528 3918
241 130 436 174 {maa

242 252 348 289 etiam
372 248 512 286 absenti
535 250 571 283 et
599 246 779 292 ignoranti
809 246 1040 283 iurisiurandi
1070 247 1222 292 gratiam
1253 246 1330 281 fieri

290 306 348 332 sse
370 291 668 374 regponditgoes'ed
700 295 736 328 et
764 301 830 338 per
858 292 1048 338 epistulam
1077 291 1195 337 gratia
1224 291 1329 326 iuris-

321 341 382 376 ndi
431 339 482 375 eri
625 364 634 373 .

240 352 342 424 ωἳῖ
366 385 473 421 lusu
513 383 592 419 ibro
616 384 741 418 octavo
764 381 901 418 decimo
925 381 1163 428 epistularum
1209 380 1331 416 Credi-

241 436 336 474 tore,
362 430 421 476 qui
445 429 489 464 de
511 430 637 463 mutua
685 426 813 464 ecunia
836 430 962 463 contra
984 426 1159 478 pupillum
1183 429 1331 462 conten-

242 477 359 519 debat,
383 472 631 510 iusiurandum
680 471 838 508 eserente
860 472 1015 525 pupillus
1039 471 1169 506 iuravit
1187 481 1227 507 se
1245 471 1332 507 dare

241 532 313 558 non
337 522 520 566 oportere:
548 516 718 554 ¹eandem
740 527 929 563 pecuniam
961 526 984 551 a
1015 515 1225 569 fideiussore
1255 516 1331 569 eius

240 566 347 612 petit:
392 575 439 600 an
475 561 718 600 excludendus
753 562 801 598 sit
834 561 1043 606 exceptione
1076 561 1332 597 iurisiurandi?

241 611 327 657 quid
349 610 415 646 tibi
432 609 558 662 placet
578 608 737 644 rescribe
759 607 856 642 mihi.
892 617 971 659 eam
993 616 1068 659 rem
1091 606 1250 659 apertius
1269 616 1330 642 ex-

240 656 352 703 plicat
373 654 546 690 Iulianus.
581 663 666 689 nam
688 653 719 689 si
742 655 983 689 controversla
1005 654 1100 686 inter
1119 650 1331 688 creditorem

241 706 278 738 et
299 700 475 754 pupillum
496 698 617 742 fuerit,
642 708 690 733 an
713 697 856 734 omnino
880 696 1069 749 pecuniam
1088 699 1250 749 mutuam
1269 706 1330 731 ac-

240 749 407 828 3332?
430 747 468 826 ’ἐξ
490 742 824 825 “ῗ,“ἶιῖῗ,.ῗ“’ῑ,,ῗὲ,ἓὲι
840 740 1332 832 Οῗέἒῗιέᾙῗὲἕῗζέἳὲξὲ

239 847 313 918 e.
331 800 520 917 risse}
540 800 1014 922 efflatis&
1029 831 1206 912 atses
1217 831 1330 913 ἕξις

239 931 299 963 tor
322 925 463 972 quidem
486 935 525 961 se
538 891 709 959 1inutuam
733 922 873 958 dedisse
897 921 1148 965 contendebat,
1172 921 1331 975 pupillus

240 975 361 1008 autem
384 971 454 1007 hoc
477 970 554 1006 solo
586 968 862 1009 defendebatur,
895 966 991 1012 quod
1020 969 1120 1002 tutor
1151 977 1227 1003 elus
1259 977 1331 1003 non

238 1016 488 1053 intervenisset
518 1018 555 1051 et
586 1015 654 1050 hoc
689 1013 761 1049 tale
796 1011 1047 1047 iusiurandum
1079 1012 1331 1065 interpositum

240 1066 313 1106 est,
344 1061 415 1097 hoc
446 1070 533 1097 casu
562 1059 807 1095 fideiussorem
830 1061 976 1102 praetor
998 1067 1071 1092 non
1094 1057 1264 1093 tuebitur.
1301 1058 1331 1092 si

240 1110 360 1144 autem
381 1105 515 1152 liquido
539 1104 685 1150 probari
708 1114 780 1139 non
803 1106 935 1148 potest,
960 1102 1046 1148 quid
1069 1106 1190 1138 actum
1213 1102 1270 1146 sit,
1296 1108 1332 1137 et

238 1153 277 1189 in
299 1152 454 1189 obscuro
480 1150 547 1186 erit
572 1152 624 1192 (ut
653 1149 862 1194 plerumque
891 1147 967 1191 fit),
1000 1147 1045 1183 de
1076 1146 1175 1183 facto
1206 1158 1255 1183 an
1287 1147 1330 1183 de

238 1198 317 1234 iure
338 1197 432 1233 inter
456 1195 666 1232 creditorem
690 1197 726 1229 et
744 1193 917 1239 pupillum
935 1192 1180 1228 controversia
1197 1192 1330 1229 fuerit³

240 1243 422 1279 deferente
441 1240 615 1277 creditore
633 1239 808 1285 pupillum
825 1238 975 1281 iurasse,
998 1237 1204 1283 intellegere
1223 1237 1329 1274 debe-

239 1298 318 1324 mus
341 1287 378 1323 id
402 1291 523 1322 actum
545 1286 637 1320 inter
661 1294 740 1327 eos,
763 1287 823 1326 ut,
855 1283 886 1319 si
907 1283 1062 1319 iurasset
1085 1293 1124 1318 se
1146 1282 1234 1319 dare
1257 1293 1330 1319 non

239 1336 422 1379 oportere,
455 1331 501 1367 ab
534 1330 630 1366 omni
661 1328 894 1365 condicione⁴
927 1327 1189 1364 discederetur:
1222 1331 1330 1374 atque

237 1379 291 1414 ita
314 1381 350 1413 et
373 1377 527 1412 solutam
549 1375 739 1421 pecuniam
761 1384 801 1410 re
828 1373 877 1409 eti
905 1383 1014 1420 posse
1044 1377 1081 1409 et
1109 1373 1328 1410 fideiussori-

242 1428 257 1458 1
306 1423 375 1458 bus
406 1421 652 1466 exceptionem
683 1419 760 1455 dari
816 1419 921 1455 ebere
955 1418 1244 1454 existimavimus.
1292 1418 1330 1454 Si

238 1467 426 1503 fideiussor
447 1466 617 1502 iuraverit
639 1475 678 1501 se
702 1464 789 1500 dare
811 1474 886 1500 non
910 1466 1096 1510 oportere,
1120 1463 1330 1517 exceptione

237 1511 469 1549 iurisiurandi
499 1521 582 1547 reus
616 1509 846 1556 promittendi
879 1512 980 1545 tutus
1016 1512 1089 1545 est:
1126 1512 1253 1562 atquin
1286 1509 1328 1552 si,

262 1558 342 1593 uasi
374 1556 518 1593 omnino
552 1555 647 1592 idem
680 1566 754 1592 non
783 1554 1037 1598 fideiussisset,
1071 1554 1222 1595 iuravit,
1256 1564 1330 1590 non

262 1603 344 1638 ebet
373 1602 444 1638 hoc
477 1600 749 1637 iusiurandum⁶
781 1610 844 1636 reo
878 1599 1110 1646 promittendi
1143 1599 1327 1645 prodesse.

238 1651 258 1683 2
307 1647 378 1683 Sed
409 1650 446 1683 et
474 1646 505 1682 si
535 1650 659 1683 actore
690 1645 873 1682 deferente
903 1644 1072 1680 defensor
1093 1644 1251 1681 absentis
1273 1645 1330 1681 vel

237 1691 434 1739 praesentis
456 1691 588 1727 iuravit
610 1702 691 1727 eum
715 1701 819 1771 ‘ffiem
843 1689 1002 1725 defendit
1025 1689 1111 1725 dare
1129 1700 1203 1726 non
1222 1700 1328 1736 opor·

236 1742 323 1780 tere,
348 1736 509 1788 exceptio
528 1736 723 1772 iurisiuran
749 1736 757 1744 ⁶
778 1735 811 1771 ei
831 1735 933 1771 cuius
952 1735 1096 1771 nomine
1113 1734 1330 1771 iurandum⁶

236 1782 344 1819 fuerit
368 1782 445 1818 dari
469 1781 622 1817 debebit.
659 1781 783 1817 eadem
804 1780 897 1816 ratio
923 1784 978 1816 est
1000 1784 1038 1816 et
1060 1780 1092 1816 si
1109 1779 1329 1817 fideiussoris

237 1831 258 1864 3
306 1826 473 1863 defensor
494 1827 680 1862 iuraverit:
703 1836 767 1862 reo
794 1825 888 1861 enim
909 1825 1014 1861 detur
1033 1825 1215 1878 exceptio:
1239 1826 1329 1861 Item

237 1872 269 1909 si
290 1881 372 1908 reus
396 1871 537 1914 iuravit,
560 1871 750 1907 fideiussor
771 1874 872 1906 tutus
897 1871 963 1914 sit,
988 1880 1073 1916 quia
1096 1874 1132 1906 et
1153 1881 1212 1906 res
1235 1870 1327 1906 iudi-

237 1921 321 1954 cata
350 1917 547 1954 secundm
579 1917 792 1953 alterutrum
816 1926 938 1952 eorum
961 1916 1103 1961 utrique
1126 1915 1326 1961 proficeret.

733 2052 828 2093 111⁷.

507 2120 569 2153 DE
594 2120 645 2153 m
667 2120 816 2153 LITEM
839 2120 1054 2153 IURANDO.

286 2185 306 2224 1
341 2185 535 2223 ULPJANUS
561 2186 653 2223 libro
684 2187 750 2233 qu·
799 2186 1009 2233 uaqensimo
1032 2187 1158 2233 primo
1188 2186 1240 2222 ad
1260 2186 1328 2223 Sa-

238 2232 359 2268 binum
406 2230 497 2267 Rem
518 2232 557 2267 in
579 2231 711 2268 iudicio
736 2231 780 2267 de
806 2235 927 2268 uctam
949 2242 1022 2267 non
1045 2231 1182 2268 idcirco
1213 2232 1327 2277 pluris

238 2287 316 2313 esse
340 2276 546 2322 opinamur,
572 2277 656 2322 quia
679 2287 841 2313 crescere
866 2276 1115 2313 condemnatio
1138 2280 1261 2322 potest
1283 2287 1328 2312 ex

238 2322 464 2358 contumacia
483 2332 556 2358 non
575 2322 798 2358 restituentis

237 2377 310 2403 non
333 2367 427 2402 enim
448 2377 506 2402 res
529 2367 642 2412 pluris
663 2367 708 2402 fit
728 2377 794 2412 per

237 2412 447 2447 aestimatur
470 2412 564 2447 ultra
586 2412 639 2448 rei
660 2412 826 2458 pretium.

282 2454 309 2494 2
331 2456 491 2492 Panos
521 2457 613 2493 libro
646 2458 751 2494 tertio
783 2457 920 2494 decimo
952 2457 1003 2493 ad
1023 2456 1200 2494 Sabinum
1246 2457 1327 2493 Sive

237 2505 398 2538 nostrum
423 2501 507 2547 quid
537 2505 703 2547 petamus
734 2502 808 2538 sive
839 2502 887 2538 ad
918 2502 1156 2538 exhibendum
1187 2505 1325 2548 agatur,

235 2546 413 2582 interdum
437 2547 532 2592 quod
555 2547 697 2583 intersit
720 2548 856 2600 agentis
876 2547 991 2583 solum
1011 2548 1231 2590 aestimatur,
1255 2548 1325 2583 vel-

237 2592 290 2627 uti
322 2602 402 2627 cum
437 2592 544 2637 culpa
573 2602 646 2628 non
675 2592 896 2629 restituentis
928 2593 985 2628 vel
1019 2603 1093 2629 non
1127 2593 1326 2628 exhibentis

235 2637 401 2682 punitur:
435 2647 516 2672 cum
545 2647 627 2673 vero
660 2637 764 2674 dolus
787 2641 851 2674 aut
874 2638 1102 2674 contumacia
1124 2648 1199 2673 non
1221 2638 1325 2673 resti-

235 2681 368 2717 tuentis
391 2681 447 2717 vel
470 2692 543 2718 non
566 2682 783 2726 exhibentis,
817 2683 941 2729 quanti
969 2683 1008 2719 in
1037 2683 1136 2719 litem
1157 2683 1328 2719 iuraverit

237 2730 349 2762 actor.

283 2768 308 2809 3
341 2770 534 2807 Uzmfflvs
554 2772 646 2808 libro
666 2772 876 2819 triqensimo
894 2772 944 2808 ad
962 2772 1117 2809 edictum
1161 2771 1326 2808 Nummis

237 2815 262 2851 d
308 2816 407 2852 ositis
441 2815 593 2852 iudicem
623 2827 696 2853 non
728 2820 869 2862 oportet
899 2817 937 2853 in
959 2818 1057 2853 litem
1079 2817 1326 2854 iusiurandum

237 2825 397 2903 afferre,
428 2864 470 2895 ut
499 2862 594 2897 iuret
625 2862 774 2907 quisque
806 2861 903 2908 quod
933 2873 1000 2898 sua
1028 2863 1211 2906 interfuit,
1244 2874 1326 2898 cum

238 2909 336 2941 certa
359 2906 406 2941 sit
428 2917 651 2942 nummorum
674 2907 884 2943 aestimatio.
920 2908 990 2943 nisi
1008 2907 1102 2944 forte
1120 2907 1165 2944 de
1185 2918 1226 2943 eo
1247 2908 1326 2954 quis

235 2950 348 2992 iuret,
382 2950 477 2995 quod
507 2961 573 2986 sua
602 2952 763 2987 interfuit
793 2962 956 2989 nummos
980 2952 1049 2988 sibi
1072 2963 1140 2989 sua
1163 2952 1220 2988 die
1242 2952 1323 2989 red-

236 2994 331 3030 ditos
365 3004 461 3030 esse:
517 2996 579 3031 uid
612 2997 723 3039 enim,
755 2996 786 3032 si
817 2997 884 3032 sub
908 3007 1027 3050 poena
1048 2997 1238 3044 pecuniam
1263 2998 1323 3034 de-

235 3039 338 3075 buit?
373 3043 437 3075 aut
459 3049 503 3075 su
550 3041 707 3085 pignore,
732 3041 839 3087 quod,
864 3053 948 3088 qma
971 3042 1136 3089 deposita
1160 3043 1193 3079 ei
1214 3053 1324 3089 pecu-

235 3085 298 3120 nia
320 3083 523 3130 adnegata⁸
546 3089 610 3128 est,
635 3086 844 3122 distractum
868 3088 947 3123 est?

282 3128 309 3167 4
332 3128 442 3165 IDEM
461 3129 550 3165 libro
575 3131 781 3176 triqensz'mo
804 3136 910 3168 sexto
933 3132 984 3168 ad
1005 3133 1159 3169 edictum
1193 3132 1323 3168 Videa-

235 3185 315 3210 mus
338 3174 376 3210 in
398 3173 544 3209 tutelari
568 3185 678 3210 causa
701 3176 779 3221 quis
802 3177 921 3213 iurare
953 3181 988 3213 et
1017 3177 1187 3214 adversus
1219 3187 1323 3223 quem

235 3219 362 3266 possit.
398 3222 435 3255 et
457 3218 600 3265 quidem
621 3220 698 3265 ipse
721 3221 887 3266 pupillus,
914 3222 944 3258 si
966 3222 1129 3268 impubes
1154 3226 1227 3266 est,
1250 3233 1323 3258 non

234 3267 372 3310 potest:
397 3263 467 3299 hoc
491 3263 583 3300 enim
607 3275 668 3300 sae
694 3266 812 3302 issime
835 3268 1050 3313 rescriptum
1073 3271 1138 3303 est.
1170 3267 1234 3303 sed
1256 3278 1323 3304 nec

234 3313 389 3346 tutorem
413 3308 609 3354 cogendum
639 3319 681 3345 ve
701 3313 705 3318 '
723 3315 871 3347 matrem
902 3312 1027 3358 pupilli
1057 3312 1322 3356 admittendam,

236 3354 303 3390 etsi
325 3357 454 3400 parata
477 3357 572 3389 esset
594 3354 730 3396 iurare,
763 3355 831 3391 divi
861 3356 991 3393 fratres
1014 3357 1321 3403 rescripserunt⁹z

234 3409 341 3445 grave
364 3399 457 3435 enim
479 3398 665 3435 videbatur
688 3404 724 3435 et
746 3400 948 3445 ignorantes
972 3406 1008 3437 et
1030 3402 1161 3438 invitos
1184 3406 1321 3438 tutores

842 2377 905 2410 oc,
937 2366 1001 2403 sed
1033 2377 1077 2402 ex
1101 2367 1327 2403 contumacia

234 3558 277 3597 (ι)
300 3556 391 3590 idem
403 3558 464 3591 ine.
534 3559 581 3599 (2)
603 3557 818 3591 contentione
831 3559 920 3592 dett„-
934 3560 977 3603 cf.
997 3561 1046 3600 12,
1060 3567 1090 3601 o,
1103 3567 1139 3595 ⁴³
1221 3561 1264 3601 (s)
1289 3562 1324 3593 et

236 3602 298 3634 hoc
312 3602 419 3635 solum
432 3602 630 3646 apparuerit
640 3602 694 3636 vel
703 3602 768 3636 tale
780 3603 863 3646 quid
873 3605 932 3637 im.
1038 3606 1080 3647 (4)
1105 3605 1323 3638 contentione

236 3658 298 3679 cer.
393 3647 436 3689 (5)
461 3646 727 3680 iurisiurandnm
739 3646 775 3680 F
859 3648 904 3690 (6)
929 3648 1078 3682 iuratum
1090 3649 1122 3684 S

238 3691 431 3770 009583.
445 3699 543 3779 1...οῶ
545 3693 698 3780 ξῖἰίἱὲ
693 3702 718 3770 a3
714 3691 817 3771 tfgp.
829 3699 877 3727 ιο.
887 3700 927 3727 ιι.
940 3710 986 3717 -
998 3694 1083 3728 Bas.
1098 3695 1153 3736 22,
1167 3701 1196 3729 e.
1207 3712 1254 3720 —
1270 3693 1322 3739 0ss

1323 119 1403 169 166

845 2332 884 2358 er
902 2321 1151 2357 iusiurandum
1161 2322 1198 2358 in
1209 2322 1306 2358 litem
1317 2335 1325 2357 :
1370 2328 1373 2330 ’

1949 139 2010 170 m:
2038 139 2088 171 m
2115 139 2255 172 nrrnu
2280 140 2486 176 manno
2520 130 2528 154 ²

1401 246 1468 282 sub
1504 246 1610 282 aliem
1644 247 1843 293 compendii
1879 249 2115 285 emolumento
2153 250 2259 286 etiam
2291 251 2486 296 periurium

1400 301 1534 337 anceps
1553 290 1685 327 subire.
1718 297 1904 329 curatores
1948 304 2066 339 uoque
2076 294 2203 340 pupilli
2213 295 2268 331 vel
2279 295 2487 334 adulescen-

1400 336 1446 371 tis
1470 346 1543 371 non
1567 345 1646 372 esse
1670 337 1847 382 cogendos
1870 338 1907 373 in
1946 339 2028 374 'tem
2058 339 2179 375 iurare
2206 340 2391 386 rescriptis
2421 341 2487 378 im-

1400 381 1576 426 peratoris
1599 381 1714 417 nostri
1737 386 1774 418 et
1796 382 1866 418 divi
1888 383 2003 429 patris
2027 383 2103 419 eius
2127 385 2342 420 continetur.
2379 386 2409 421 si
2431 390 2486 422 ta-

1400 436 1482 461 men
1503 429 1642 461 tantam
1665 425 1890 463 affectionem
1920 429 2056 474 pupillo
2089 439 2154 464 suo
2185 429 2240 465 vel
2269 430 2488 468 adulescenti

1400 474 1538 507 tutores
1571 471 1627 507 vel
1662 474 1847 508 emtores
1882 478 2067 519 praestare
2106 474 2249 518 volunt,
2293 475 2488 512 auctoritas

1399 516 1487 552 iuris
1518 526 1592 552 non
1625 515 1882 562 refragabitur,
1919 518 2005 564 quin
2037 518 2191 562 iudicio,
2227 520 2324 565 quod
2355 520 2449 556 inter
2460 522 2489 543 ¹⁰

1399 561 1498 606 ipsos
1529 564 1718 606 acceptum
1749 566 1823 606 est,
1854 562 1936 599 finis
1968 564 2141 599 eiusmodi
2171 565 2286 609 possit
2315 565 2487 602 adhiberi.

1400 617 1473 642 non
1504 606 1597 642 enim
1628 605 1676 642 ad
1705 616 1807 643 suam
1841 608 2031 643 utilitatem
2053 609 2280 644 iurisiurandi
2302 609 2490 646 referenda

1400 651 1600 687 aestimatio
1625 654 1699 695 est,
1724 652 1787 688 sed
1810 653 1857 688 ad
1880 653 2031 696 domini,
2065 653 2167 690 cuius
2190 654 2332 690 nomine
2354 655 2489 692 tutelae

1399 696 1492 732 ratio
1527 696 1783 742 postulatur¹¹.
1828 697 2038 734 adulescens
2072 709 2156 734 vero
2190 699 2222 735 si
2255 700 2339 734 velit
2371 700 2490 736 iurare

1404 744 1418 776 1
1467 744 1598 788 potest.
1644 741 1795 778 Deferre
1806 747 1926 778 autem
1945 743 2192 779 iusiurandum
2210 743 2362 780 iudicem
2381 755 2487 791 opor-

1400 790 1471 822 tet:
1509 790 1666 822 ceterum
1689 787 1721 822 si
1743 787 1833 823 alius
1858 788 2025 824 detulerit
2054 788 2301 825 iusiurandum
2330 790 2387 826 vel
2417 800 2488 826 non

1400 832 1520 868 delato
1543 832 1699 867 iuratum
1723 832 1788 876 sit,
1820 833 1921 868 nulla
1951 834 2019 869 erit
2047 834 2168 879 religio
2193 844 2259 870 nec
2282 834 2394 870 ullum
2417 835 2489 871 ius-

1400 876 1610 913 iurandum:
1644 881 1681 913 et
1701 876 1754 913 ita
1778 878 2092 914 constitutionibus
2117 889 2324 924 expressum
2348 884 2403 916 est
2425 880 2489 916 im-
2526 912 2528 914 .

1400 925 1421 957 2
1467 922 1644 975 perator-is
1666 922 1781 958 nostri
1804 926 1841 958 et
1863 922 1935 958 divi
1957 925 2070 969 patris
2094 924 2181 960 eius.
2229 924 2351 960 Iurare
2370 929 2489 961 autem
2525 958 2528 973 ἶ

1400 967 1438 1002 ἱιι
1467 966 1645 1003 infinitum
1676 967 1771 1003 licet.
1808 967 1872 1003 sed
1903 978 1950 1003 an
1973 969 2080 1004 iudex
2103 969 2246 1004 modum
2268 970 2488 1007 iuriiurando
2523 999 2526 1006 ,

1400 1016 1560 1048 statuere
1581 1012 1714 1058 possit,
1739 1016 1781 1047 ut
1803 1012 1899 1048 intra
1923 1018 2057 1049 certam
2082 1014 2316 1060 quantitatem
2338 1015 2487 1059 iuretur,

1400 1068 1445 1093 ne
1468 1061 1614 1102 arrepta
1637 1058 1826 1093 occasione
1848 1059 1887 1093 in
1917 1059 2128 1095 immensum
2157 1060 2312 1103 iuretur,
2343 1070 2489 1106 quaero.
2521 1064 2525 1087 ὲ

1400 1106 1436 1138 et
1458 1102 1600 1148 quidem
1621 1102 1660 1138 in
1691 1103 1840 1138 arbitrio
1873 1114 1953 1139 esse
1982 1104 2110 1140 iudicis
2143 1104 2281 1140 deferre
2310 1105 2490 1141 iusiuran·
2526 1111 2528 1117 ’

1400 1147 1484 1184 dum
1507 1158 1575 1183 nec
1597 1157 1643 1183 ne
1667 1151 1827 1183 constat:
1860 1158 1909 1184 an
1940 1149 2047 1195 igitur
2079 1149 2140 1195 qui
2170 1150 2286 1195 possit
2307 1150 2490 1186 iusiuran-

1399 1193 1484 1228 dum
1512 1203 1587 1229 non
1617 1192 1775 1236 deferre,
1808 1193 1902 1229 idem
1936 1195 2052 1240 possit
2083 1198 2119 1230 et
2152 1196 2371 1231 taxationem
2401 1196 2488 1231 iuri-

1397 1238 1549 1274 iurando
1570 1237 1723 1281 adicere,
1767 1239 1944 1275 uaeritur:
1965 1239 2112 1276 arbitrio
2132 1243 2253 1276 tamen
2271 1240 2389 1276 bonae
2407 1241 2492 1277 fidei

1399 1287 1419 1319 3
1465 1282 1594 1319 iudicis
1618 1283 1725 1319 etiam
1782 1294 1826 1319 oc
1858 1294 1926 1320 con
1993 1284 2032 1320 ἰ.
2079 1285 2169 1321 Item
2197 1285 2409 1329 videndum,
2442 1297 2490 1322 an

1397 1328 1916 1419 {33⁸3e1iz‘25su3tb23f332
1927 1330 2297 1412 ’ἓέῗέῗὲᾒέἓὲ
2320 1331 2490 1412 {333

1397 1429 1484 1455 nare
1507 1430 1615 1465 quam
1637 1419 1794 1454 iuratum
1817 1423 1889 1455 est:
1924 1424 1961 1456 et
1991 1421 2102 1466 magis
2127 1424 2199 1463 est,
2231 1425 2273 1456 ut
2295 1431 2339 1457 ex
2362 1432 2397 1456 m
2469 1432 2492 1457 a

1398 1467 1419 1500 4
1467 1474 1579 1500 causa
1602 1467 1638 1500 et
1660 1467 1787 1510 postea
1809 1465 1960 1510 repertis
1979 1466 2251 1511 probationibus
2271 1467 2395 1512 possit.

1398 1509 1506 1555 culpa
1529 1510 1650 1545 autem'
1672 1520 1745 1545 non
1768 1519 1847 1546 esse
1868 1510 2117 1546 iusiurandum
2141 1511 2371 1547 deferendum
2403 1523 2490 1548 con-

1398 1558 1482 1598 stat,
1506 1554 1572 1590 sed
1594 1554 1877 1591 aestimationem
1900 1565 1923 1591 a
1945 1555 2063 1591 iudice
2085 1555 2300 1592 faciendam.

1444 1598 1469 1637 5
1493 1599 1732 1636 MARcJAst
1758 1600 1850 1637 libro
1881 1604 2014 1647 quarto
2044 1601 2255 1648 reqularum
2300 1602 2343 1637 In
2376 1602 2490 1638 actio-

1398 1645 1504 1681 nibus
1533 1645 1573 1680 in
1594 1655 1672 1680 rem
1695 1648 1732 1680 et
1753 1645 1793 1680 in
1815 1645 1863 1681 ad
1886 1646 2126 1681 exhibendum
2149 1650 2186 1682 et
2206 1646 2245 1682 in
2267 1646 2384 1683 bonae
2407 1647 2491 1683 fidei

1401 1694 1415 1725 1
1464 1689 1606 1726 iudiciis
1629 1690 1667 1725 in
1688 1690 1788 1726 litem
1810 1690 1960 1727 iuratur.
2008 1690 2080 1727 Sed
2102 1691 2210 1727 iudex
2231 1695 2352 1737 potest
2408 1702 2488 1728 rae-

1397 1735 1501 1771 finire
1520 1738 1656 1771 certam
1675 1745 1860 1779 summam,
1883 1746 1998 1782 usque
2017 1736 2064 1772 ad
2084 1747 2191 1782 quam
2209 1736 2365 1773 iuretur:
2405 1737 2492 1773 ‘cuit

1399 1783 1419 1816 2
1467 1780 1561 1816 enim
1584 1780 1617 1816 ei
1630 1781 1660 1802 ¹²
1682 1790 1705 1816 a
1727 1781 1842 1826 primo
1866 1791 1934 1817 nec
1958 1781 2108 1817 deferre.
2154 1782 2246 1818 Item
2275 1785 2312 1818 et
2334 1782 2366 1818 si
2387 1782 2484 1818 iura-

1397 1830 1476 1861 tum
1497 1825 1619 1868 fuerit,
1642 1825 1727 1861 licet
1749 1826 1858 1862 iudici
1879 1826 1936 1862 vel
1959 1826 2144 1863 absolvere
2161 1827 2217 1863 vel
2235 1827 2382 1864 minoris
2403 1838 2489 1863 con·

1398 1874 1418 1907 3
1466 1870 1645 1907 demnare.
1693 1870 1764 1907 Sed
1787 1871 1825 1907 in
1847 1871 1904 1907 his
1928 1872 2091 1908 omnibus
2111 1872 2158 1908 ob
2179 1871 2299 1908 dolum
2317 1873 2433 1908 solum
2452 1873 2491 1909 in

1396 1916 1495 1952 litem
1512 1916 1663 1960 iuratur,
1687 1926 1761 1952 non
1781 1916 1888 1952 etiam
1908 1917 1955 1952 ob
1977 1917 2136 1963 culpam:
2160 1917 2252 1953 haec
2272 1917 2364 1954 enim
2382 1917 2491 1953 iudex

1398 1965 1419 1996 4
1466 1961 1641 1997 aestimat.
1695 1961 1809 1998 Plane
1841 1961 2022 1997 interdum
2056 1966 2092 1998 et
2123 1963 2163 1998 in
2197 1962 2339 1999 actione
2373 1962 2488 1999 stricti

1396 2006 1560 2042 iudicii²³
1581 2006 1620 2042 in
1641 2006 1739 2042 litem
1762 2007 1954 2042 iurandum
1985 2011 2057 2051 est,
2088 2007 2198 2043 veluti
2230 2007 2261 2043 si
2293 2008 2491 2054 promissor

1398 2051 1513 2087 Stichi
1534 2061 1671 2087 moram
1693 2051 1819 2088 fecerit
1837 2056 1874 2088 et
1891 2051 2035 2088 Stichus
2055 2052 2257 2096 decesserit,
2283 2053 2367 2098 quia
2383 2053 2490 2089 iudex

1398 2096 1587 2133 aestimare
1606 2097 1683 2133 sine
1702 2097 1876 2134 relatione
1889 2098 1916 2119 ¹⁴
1934 2097 2166 2133 iurisiurandi
2184 2108 2258 2134 non
2276 2102 2396 2144 potest
2413 2108 2491 2134 rem

1398 2152 1490 2188 quae
1512 2153 1586 2178 non
1608 2146 1726 2178 extat:

1443 2184 1468 2225 6
1492 2187 1653 2223 PAUws
1672 2187 1763 2224 libro
1786 2187 1978 2224 vicensimo
2000 2191 2107 2224 sexto
2127 2188 2179 2224 ad
2196 2187 2350 2224 edictum
2386 2187 2488 2231 alias,

1396 2232 1427 2268 si
1450 2242 1496 2268 ex
1517 2232 1690 2278 stipulatu
1712 2232 1769 2268 vel
1791 2242 1835 2268 ex
1866 2235 2080 2269 testamento
2112 2237 2258 2279 agatur,
2291 2243 2364 2269 non
2396 2233 2489 2269 solet

1395 2277 1432 2313 in
1454 2276 1553 2313 litem
1575 2277 1697 2313 iurari.

1442 2320 1467 2359 7
1499 2322 1694 2358 ULPJAst
1714 2322 1805 2359 libro
1829 2326 1954 2359 octavo
1977 2322 2029 2359 ad
2050 2322 2204 2358 edictum
2248 2322 2365 2368 Vulgo
2378 2332 2487 2368 prae·

1395 2367 1548 2403 sumitur
1571 2367 1680 2403 alium
1701 2367 1740 2403 in
1762 2368 1860 2404 litem
1883 2378 1957 2404 non
1981 2368 2110 2404 debere
2132 2368 2253 2403 iurare
2285 2378 2393 2413 quam
2424 2367 2488 2404 do·

1394 2412 1528 2448 minum
1549 2412 1641 2448 litisz
1666 2412 1819 2459 denique
1840 2413 1894 2449 Pa
1919 2413 2061 2449 inianus
2086 2413 2138 2448 ait
2157 2413 2267 2448 alium
2286 2423 2359 2448 non
2378 2422 2488 2458 posse

1393 2457 1513 2494 iurare
1546 2467 1654 2504 quam
1684 2468 1783 2501 eum,
1815 2459 1876 2504 qui
1922 2458 2005 2494 'tem
2036 2469 2102 2494 suo
2134 2458 2276 2494 nomine
2306 2461 2487 2494 contesta-

1394 2507 1453 2539 tus
1477 2506 1543 2539 est.

1441 2544 1466 2585 8
1492 2546 1734 2584 Macares
1753 2547 1845 2584 libro
1869 2551 1994 2584 octavo
2020 2547 2241 2595 diqestorum
2276 2547 2392 2583 Tutor
2410 2557 2487 2584 rem

1394 2592 1519 2636 adulti,
1543 2603 1651 2638 quam
1673 2592 1845 2639 possidet,
1868 2593 2056 2629 restituere
2076 2593 2109 2628 ei
2127 2603 2201 2629 non
2219 2592 2315 2628 vult:
2340 2603 2486 2638 quaero,

1393 2641 1515 2674 utrum
1562 2638 1665 2673 uanti
1686 2648 1745 2674 res
1768 2642 1824 2675 est
1846 2649 1895 2674 an
1918 2638 2042 2684 quanti
2059 2638 2098 2674 in
2114 2638 2213 2673 litem
2229 2638 2387 2673 iuratum
2406 2637 2485 2674 fue·

1366 2720 1369 2723 ,
1393 2684 1442 2718 rit
1461 2693 1530 2719 con
1556 2682 1690 2719 emnari
1709 2683 1825 2720 debet.
1860 2683 2046 2729 respondi:
2066 2693 2139 2719 non
2159 2686 2213 2718 est
2233 2693 2386 2728 aequum
2404 2692 2485 2728 pre·

1393 2729 1464 2771 tio,
1495 2727 1534 2764 id
1557 2731 1611 2764 est
1634 2728 1759 2774 quanti
1781 2738 1839 2765 res
1873 2732 1947 2772 est,
1977 2728 2076 2764 litem
2107 2727 2304 2770 aestimari,
2337 2738 2418 2764 cum
2449 2730 2487 2764 et

1394 2773 1622 2810 contumacia
1652 2773 1835 2819 punienda
1865 2774 1913 2810 sit
1944 2777 1981 2809 et
2015 2772 2162 2809 arbitrio
2196 2772 2318 2818 potius
2351 2772 2485 2808 domini

1393 2818 1445 2872 rei
1467 2818 1623 2899 pffitipm
1646 2819 1875 2855 statuendum
1898 2819 1945 2854 sit
1967 2821 2147 2864 potestate
2165 2818 2311 2864 petitori
2329 2818 2367 2853 in
2386 2817 2484 2854 litem

1392 2873 1827 2946 ιωὸῃῙΔνοῖἓιῃῐῧῗεῖῗῦνο
1851 2909 1977 2955 quinto
2002 2908 2139 2945 decimo
2162 2918 2213 2945 ex
2236 2907 2358 2944 Cassio
2394 2907 2484 2943 Cum
2527 2945 2528 2956 ἶ

1392 2953 1482 2989 furti
1504 2953 1642 2999 agitur,
1665 2953 1785 2990 iurare
1805 2954 2024 3000 ita-oportet
2046 2953 2148 2989 ‘tanti
2170 2963 2245 2989 rem
2267 2951 2379 2988 fuisse
2402 2963 2484 2988 cum

1394 2998 1542 3034 ‘furtum
1574 2998 1711 3034 factum
1745 2998 1815 3041 sit’,
1857 3009 1931 3035 non
1966 2998 2060 3034 adici
2091 3001 2146 3034 ‘eo
2184 2997 2363 3044 plurisve’,
2399 2998 2484 3043 quia

1393 3043 1530 3089 quod¹⁶
1552 3053 1610 3079 res
1633 3043 1744 3089 pluris
1768 3046 1833 3087 est,
1858 3044 1982 3090 utique
2003 3043 2095 3079 tanti
2118 3046 2182 3079 est.

1441 3086 1492 3126 10
1519 3086 1806 3125 Oarrzsrmws
1825 3088 1917 3125 libro
1938 3090 2059 3136 primo
2082 3088 2332 3135 quaestionum
2365 3087 2408 3123 In
2426 3087 2481 3123 in-

1394 3132 1612 3175 strumentis,
1636 3143 1728 3178 quae
1751 3133 1830 3179 quis
1853 3144 1926 3170 non
1950 3133 2105 3176 exhibet,
2129 3133 2244 3169 actori
2266 3131 2482 3178 permittitur

1392 3179 1429 3213 in
1451 3178 1549 3214 litem
1570 3177 1707 3220 iurare,
1740 3178 1865 3224 quanti
1894 3189 1962 3214 sua
1991 3179 2142 3215 interest
2172 3187 2216 3214 ea
2238 3176 2409 3223 proferri,
2440 3179 2483 3212 ut
2511 3220 2513 3224 ἢ

1391 3223 1483 3304 {anti
1507 3222 1765 3303 condemtnetur
1794 3234 1897 3259 reus:
1931 3223 2039 3269 idque
2062 3223 2169 3259 etiam
2193 3223 2293 3258 divus
2318 3221 2479 3258 Commo-

1416 3278 1458 3304 us
1482 3277 1592 3304 resen
1618 3278 1649 3303 s1

1440 3311 1487 3350 11
1516 3278 1676 3348 Pav’ivs
1694 3312 1785 3349 libro
1810 3314 1914 3349 tertio
1936 3323 2193 3360 responsorum
2238 3311 2294 3347 De
2323 3311 2479 3357 periurio

1391 3357 1480 3438 ἓίιιιῇ,
1505 3357 1567 3403 qui
1589 3367 1634 3394 ex
1657 3357 1871 3438 pecessitate
1893 3358 1980 3394 iuris
2003 3358 2042 3394 in
2064 3357 2162 3393 litem
2184 3356 2333 3399 iuravit,
2357 3355 2481 3402 quaeri

1408 3412 1451 3438 ac
1479 3412 1499 3438 e
1523 3413 1595 3438 non
1618 3412 1658 3438 so
1673 3412 1742 3438 ere.

1391 3563 1531 3593 matrem
1543 3559 1670 3604 pupilli
1681 3559 1934 3601 admittendam,
1948 3559 2012 3593 etsi
2024 3562 2143 3603 parata
2155 3561 2243 3593 esset
2253 3559 2374 3599 iurare,
2391 3557 2422 3591 d.
2435 3557 2476 3591 fr.

1391 3605 1654 3650 rescripserunt:
1666 3604 1725 3638 sed
1737 3614 1799 3637 neo
1812 3607 1956 3638 tutorem
1968 3604 2155 3648 cogendum
2165 3617 2229 3639 scr.
2288 3605 2348 3644 (10)
2373 3603 2476 3644 inter}

1391 3660 1451 3693 per
1462 3663 1526 3685 scr.
1619 3650 1676 3692 (ιι)
1700 3648 1949 3692 postuletur-1m
2044 3650 2103 3692 (12)
2128 3650 2162 3682 et
2173 3648 2217 3682 Γ*
2309 3649 2366 3690 (13)
2390 3646 2477 3681 iuris

1390 3695 1545 3740 Krueyer
1657 3696 1716 3736 (14)
1741 3693 1909 3728 delatione
1923 3695 1997 3730 deu.
2113 3695 2172 3736 (¹5)
2195 3695 2245 3728 sic
2255 3693 2293 3732 S.
2306 3693 2434 3726 iuranti
2445 3689 2483 3726 F

893 3739 936 3779 (9)
963 3739 1162 3781 rescriptum
1174 3742 1234 3773 est.
1260 3749 1322 3772 nee
1392 3741 1451 3781 (ιο)
1476 3749 1561 3782 quae
1572 3740 1654 3774 Hal.
