2528 3918
175 119 320 167 INST.
350 118 450 177 1111,
482 125 521 165 6.
544 118 567 164 7'
1265 115 1322 167 50

173 249 260 286 nihil
291 260 370 286 eum
404 246 598 302 periclitari
632 245 770 292 placet,
804 244 868 282 sed
900 245 938 281 in
974 244 1097 298 eodem
1126 244 1258 298 iudicio

174 296 316 341 cognita
347 297 494 331 veritate
527 301 682 328 errorem
705 301 809 327 suum
831 301 1007 336 corrigere
1031 301 1063 326 ei
1086 293 1259 336 permitti-

176 350 271 384 mus,
302 339 411 376 veluti
442 338 474 374 si
502 337 553 380 is,
585 336 645 390 qui
668 335 847 373 hominem
869 335 1031 372 Stichum
1053 339 1174 381 petere
1197 334 1259 371 de-

174 387 284 429 beret,
307 385 455 420 Erotem
478 382 629 428 petient,
654 384 718 418 aut
741 381 772 418 si
794 381 873 428 quis
898 392 942 418 ex
959 383 1172 417 testamento
1191 379 1260 416 sibi

173 431 251 466 dari
274 433 439 476 oportere
462 427 666 471 intenderit,
691 427 788 473 quod
812 437 856 463 ex
878 427 1050 473 stipulatu
1067 426 1227 461 debetur.

174 479 218 511 36
310 474 402 510 Sunt
448 476 610 509 raeterea
633 472 807 518 quaedam
830 472 1009 514 actiones,
1034 470 1163 516 quibus
1186 481 1260 507 non

173 520 323 556 solidum
346 529 416 564 quo
466 517 616 554 debetur
639 517 741 554 nobis
764 518 1027 564 persequimur,
1060 516 1123 552 sed
1153 515 1258 552 modo

173 565 324 601 solidum
348 563 607 609 consequimur,
632 562 737 599 modo
761 563 888 598 minus.
925 565 966 598 ut
989 571 1073 597 ecce
1092 561 1177 596 siin
1197 571 1259 606 pe-

174 610 305 646 culium
334 609 398 645 filii
429 608 564 645 servive
587 618 752 654 agamus}
791 619 874 643 nam
908 607 938 643 si
970 617 1042 642 non
1073 606 1190 641 minus
1222 606 1260 641 in

173 655 311 700 peculio
336 654 393 698 sit,
442 664 526 690 uam
548 654 804 700 persequimur,
828 653 865 688 in
890 652 1041 688 solidum
1064 655 1167 696 pater
1192 651 1256 687 do-

173 701 332 736 minusve
356 710 424 735 con
451 704 631 735 emnatur:
656 699 688 734 si
710 709 793 735 vero
818 698 933 733 minus
957 697 1174 740 inveniatur,
1200 706 1258 732 ea-

173 750 276 781 tenus
294 744 509 781 condemnat
526 744 644 787 iudex,
666 747 841 789 quatenus
853 743 890 777 in
928 742 1042 778 eculio
1056 742 1112 778 sit.
1138 752 1259 787 quem-

173 790 363 826 admodum
381 794 500 826 autem
520 790 699 836 peculium
717 788 873 833 intellegi
918 788 1031 830 ebeat,
1051 797 1116 822 suo
1137 787 1261 823 ordine

174 839 214 871 37
262 846 512 882 proponemus.
560 835 649 870 Item
669 834 700 870 si
720 835 763 869 de
783 834 866 869 dote
884 832 1014 868 iudicio
1028 832 1154 867 mulier
1166 836 1258 877 agat,

197 881 292 916 lacet
311 884 460 917 eatenus
480 881 646 916 maritum
669 878 899 915 condemnari
918 878 1059 920 debere,
1085 881 1259 923 quatenus

188 935 291 962 acere
313 927 439 972 possit,
464 926 501 961 id
525 929 579 961 est
604 928 779 971 quatenus
802 923 994 959 facultates
1019 923 1093 958 eius
1117 924 1259 969 patiun-

173 975 242 1007 tur.
278 971 399 1017 itaque
423 972 454 1007 si
477 971 569 1007 dotis
602 969 792 1016 quantitati
821 972 1039 1004 concurrant
1068 967 1260 1004 facultates

173 1016 260 1060 eius,
283 1016 321 1052 in
333 1016 483 1052 solidum
498 1016 705 1051 damnatur:
732 1015 762 1050 si
781 1014 907 1057 minus,
928 1013 967 1049 in
986 1017 1125 1049 tantum
1146 1024 1259 1059 quan-

173 1066 248 1096 tum
270 1061 391 1098 facere
413 1065 541 1107 potest.
580 1063 727 1106 propter
749 1059 982 1095 retentionem
1006 1069 1148 1105 quoque
1168 1059 1260 1095 dotis

171 1107 335 1152 repetitio
366 1107 553 1142 minuitur:
588 1116 671 1141 nam
702 1105 747 1141 ob
780 1105 957 1150 impensas
981 1105 1018 1140 in
1041 1115 1098 1140 res
1123 1104 1260 1140 dotales

172 1151 288 1188 factas
313 1152 439 1188 marito
463 1151 636 1187 retentio¹
664 1160 837 1186 concessa
860 1152 934 1193 est,
966 1150 1051 1195 quia
1081 1149 1159 1195 ipso
1183 1149 1260 1185 iure

173 1197 382 1233 necessariis
407 1196 606 1242 sumptibus
631 1195 696 1231 dos
720 1196 908 1238 minuitur,
941 1195 1035 1230 sicut
1058 1205 1102 1230 ex
1125 1194 1260 1230 latiori-

174 1245 216 1278 38
263 1242 330 1278 bus
355 1242 571 1288 digestorum
594 1241 692 1276 libris
718 1250 934 1285 cognoscere
956 1240 1073 1275 liceat.
1122 1239 1194 1275 Sed
1225 1243 1261 1276 et

173 1288 203 1323 si
238 1287 316 1334 quis
353 1298 432 1323 cum
466 1290 614 1333 parente
646 1297 711 1321 suo
743 1289 941 1331 patronove
973 1289 1073 1330 agat,
1113 1285 1197 1320 item
1230 1285 1261 1320 si

172 1334 291 1369 socius
316 1344 396 1368 cum
427 1333 523 1368 socio
557 1331 687 1367 iudicio
721 1331 904 1367 societatis
936 1335 1038 1376 agat,
1074 1341 1147 1366 non
1178 1331 1260 1376 plus

172 1381 274 1414 actor
298 1378 547 1423 consequitur,
573 1387 679 1422 quam
703 1376 928 1412 adversarius
953 1377 1028 1412 eius
1052 1375 1172 1411 facere
1196 1386 1259 1421 po-

173 1426 254 1459 test.
290 1422 384 1459 idem
408 1427 473 1466 est,
499 1423 528 1458 si
553 1422 631 1467 quis
657 1432 701 1457 ex
721 1422 913 1457 donatione
933 1431 1000 1457 sua
1018 1421 1259 1457 conveniatur.

173 1471 216 1504 39
263 1467 577 1514 Compensationes
602 1477 743 1513 quoque
767 1467 954 1513 oppositae
977 1466 1184 1512 plerumque
1209 1466 1260 1501 ef-

172 1514 314 1557 ficiunt,
338 1517 380 1549 ut
402 1514 517 1549 minus
541 1513 690 1558 quisque
714 1514 973 1558 consequatur,
1028 1523 1111 1547 uam
1143 1513 1174 1547 ei
1199 1511 1260 1546 de-

175 1560 321 1595 beatur:
347 1568 500 1603 namque
525 1567 568 1592 ex
592 1558 687 1594 bono
710 1560 748 1593 et
770 1567 903 1603 aequo,
933 1557 1021 1591 ¹·‘ha
1047 1556 1098 1591 ita
1121 1555 1262 1591 ratione

176 1605 276 1647 'eius,
309 1603 406 1649 quod
436 1603 586 1638 invicem
618 1606 778 1638 actorem
806 1612 851 1638 ex
873 1601 998 1638 eadem
1021 1610 1135 1637 causa
1156 1610 1262 1647 prae-

177 1651 284 1685 'stare
303 1651 497 1694 oporteret,
523 1648 560 1683 in
581 1648 755 1693 reliquum
776 1658 856 1683 eum
874 1657 956 1683 cum
977 1657 1048 1692 quo
1067 1648 1189 1682 actum
1208 1648 1265 1681 est

177 1698 221 1730 40
268 1694 546 1730 'condemnaret'
557 1694 583 1735 ²,
601 1694 696 1729 sicut
708 1693 779 1728 iam
792 1693 926 1729 dictum
940 1695 997 1728 est
1006 1693 1043 1729 ²¹.
1067 1692 1162 1727 Eum
1175 1702 1262 1737 quo-

174 1749 253 1784 que,
280 1738 339 1784 qui
364 1738 601 1774 creditoribus
625 1738 699 1774 suis
723 1738 826 1774 bonis
851 1738 968 1781 cessit,
993 1738 1024 1774 si
1047 1742 1174 1783 postea
1197 1738 1260 1773 ali-

174 1783 258 1829 quid
277 1783 497 1829 adquisierit,
522 1783 618 1829 quod
635 1783 803 1819 idoneum
822 1783 1096 1820 emolumentum
1116 1784 1260 1826 habeat,

173 1840 216 1864 ex
238 1829 375 1874 integro
407 1829 444 1864 in
474 1828 511 1864 id
557 1827 630 1864 uod
662 1828 784 1865 facere
812 1832 934 1882 potest
964 1828 1155 1864 creditores
1180 1840 1261 1864 cum

173 1885 214 1909 eo
239 1874 484 1920 experiuntur:
510 1874 546 1909 in
573 1884 741 1909 umanum
765 1885 857 1910 emm
882 1877 959 1910 erat
977 1874 1166 1920 spoliatum
1186 1874 1259 1910 for-

172 1920 267 1955 tunis
292 1920 365 1955 suis
389 1919 425 1954 in
449 1918 601 1955 solidum
626 1919 798 1955 damnari.

669 2011 766 2052 VH³

173 2078 295 2115 QUOD
320 2078 414 2110 CUM
438 2078 498 2111 EO
524 2078 604 2115 QUI
628 2079 678 2111 IN
699 2079 872 2111 ALIENA
894 2078 1154 2111 POTESTATE
1175 2078 1261 2112 EST

306 2123 547 2156 NEGOTIUM
573 2124 759 2157 GESTUM
782 2124 895 2157 ESSE
920 2123 1117 2157 DICITUR.

218 2189 344 2234 ⁴'Quia
383 2193 503 2225 tamen
545 2191 709 2236 superius
743 2191 958 2226 mentionem
992 2190 1181 2226 habuimus
1217 2190 1262 2226 de

173 2235 341 2278 ’actione,
373 2237 489 2281 quae⁵
511 2236 549 2271 in
571 2236 750 2281 peculium
772 2235 926 2272 filiorum
954 2235 1109 2272 familias
1140 2245 1259 2271 servo-

173 2281 331 2333 'rumque
356 2281 489 2326 agiturz
514 2291 605 2327 opus
629 2285 702 2325 est,
734 2284 775 2317 ut
806 2280 850 2316 de
880 2282 950 2317 hac
982 2281 1124 2316 actione
1155 2284 1192 2316 et
1215 2281 1260 2317 de

172 2327 328 2369 'cetens,
362 2336 455 2372 quae
485 2326 678 2362 eorundem
708 2326 851 2363 nomine
881 2327 918 2362 in
949 2329 1116 2372 parentes
1149 2326 1259 2361 domi-

173 2372 291 2407 'nosve
314 2370 392 2407 dari
416 2371 548 2415 solent,
574 2372 773 2425 diligentius
797 2372 1070 2408 admoneamus.⁴
1106 2375 1142 2407 et
1165 2371 1260 2417 quia,

172 2417 246 2452 sive
277 2426 358 2452 cum
388 2417 498 2452 servis
531 2420 711 2463 negotmm
741 2421 881 2463 gestum
912 2417 959 2453 sit
989 2417 1063 2453 sive
1087 2427 1168 2452 cum
1192 2417 1259 2460 his,

172 2461 233 2507 qui
255 2461 292 2496 in
315 2465 494 2507 potestate
518 2463 677 2508 parentis
702 2466 803 2504 sunt,
836 2462 912 2498 fere
936 2462 1060 2498 eadem
1083 2462 1164 2497 iura
1186 2471 1259 2497 ser-

171 2510 319 2550 vantur,
343 2517 389 2543 ne
411 2507 563 2543 verbosa
584 2507 649 2543 fiat
673 2508 887 2554 disputatio,
912 2508 1101 2553 dirigamus
1126 2518 1259 2543 sermo-

171 2562 253 2588 nem
276 2552 313 2587 in
332 2563 526 2605 personam
549 2553 640 2589 servi
671 2553 893 2599 dominique,
923 2553 1017 2589 idem
1047 2552 1261 2588 intellecturi

173 2597 217 2633 de
239 2597 359 2633 libens
384 2608 525 2643 quoqne
549 2602 585 2634 et
607 2599 826 2644 parentibus,
854 2609 1004 2645 quorum
1026 2599 1063 2634 in
1083 2601 1261 2643 potestate

172 2646 266 2678 sunt.
304 2653 387 2678 nam
409 2643 440 2679 si
463 2643 548 2689 quid
571 2644 607 2679 in
630 2644 685 2680 his
709 2644 852 2690 proprie
871 2645 1090 2687 observetur,
1115 2653 1259 2689 separa-

171 2688 234 2722 tim
259 2688 488 2724 ostendimus.

175 2736 190 2767 1
287 2732 348 2768 ⁴'Si
381 2733 489 2779 igitur
521 2734 621 2769 iussu
659 2734 791 2770 domini
827 2744 908 2770 cum
944 2744 1044 2770 servo
1080 2733 1259 2779 negotium

172 2781 310 2823 gestum
340 2778 423 2821 erit,
454 2779 492 2813 in
523 2779 673 2814 solidum
705 2782 850 2825 praetor
883 2779 1052 2815 adversus
1077 2778 1259 2814 dominum

172 2823 350 2859 actionem
406 2823 585 2867 ollicetur,
619 2825 756 2861 scilicet
785 2824 870 2871 quia
924 2825 960 2859 ui
994 2824 1046 2859 ita
1080 2823 1261 2860 contrahit

172 2871 194 2904 2
240 2867 346 2903 fidem
395 2868 502 2920 omini
526 2869 626 2915 sequi
645 2870 793 2906 videtur.
840 2836 978 2905 Eadem
998 2869 1136 2905 ratione
1155 2878 1258 2914 prae-

172 2916 232 2949 tor
255 2913 345 2949 duas
369 2913 458 2949 ahas
489 2914 526 2949 in
557 2914 708 2950 solidum
740 2915 898 2951 actiones
930 2915 1136 2960 pollicetur,
1169 2924 1257 2960 qua-

172 2968 251 2994 rum
282 2958 395 2994 altera
429 2959 656 3003 exercitoria,
692 2960 806 2996 altera
836 2960 1014 3006 institoria
1046 2959 1256 3006 appellatur.

173 3004 384 3039 exercitoria
406 3007 493 3040 tunc
516 3004 635 3040 locum
652 3005 774 3049 habet,
799 3016 880 3041 cum
897 3006 975 3051 quis
997 3015 1136 3041 servum
1154 3015 1259 3041 suum

173 3049 379 3094 magistrum
410 3049 534 3085 navis⁷
557 3051 803 3096 praeposuerit
827 3054 862 3087 et
885 3050 970 3097 quid
994 3061 1076 3086 cum
1107 3060 1149 3086 eo
1183 3050 1258 3086 eius

171 3094 224 3130 rei
252 3094 368 3140 gratia
406 3094 465 3130 cui
502 3095 728 3147 praepositus
768 3096 835 3132 erit
875 3099 1099 3132 contractum
1137 3095 1256 3131 fuerit.

171 3138 252 3175 ideo
275 3142 395 3175 autem
418 3139 628 3175 exercitoria
650 3144 809 3184 vocatur,
835 3142 919 3187 quia
942 3141 1117 3177 exercitor
1135 3140 1257 3186 appel-

171 3184 268 3220 latur
289 3184 332 3227 is,
357 3183 403 3220 ad
427 3195 532 3230 quem
551 3185 766 3222 cottidianus
786 3187 884 3223 navis
903 3189 1073 3240 quaestus
1092 3186 1255 3232 pertinet.

171 3229 351 3265 institoria
373 3232 460 3265 tunc
482 3229 602 3266 locum
624 3230 744 3274 habet,
768 3242 849 3267 cum
873 3242 952 3277 quis
976 3232 1149 3267 tabernae
1164 3230 1258 3266 forte

173 3278 237 3310 aut
260 3274 406 3310 cuilibet
428 3275 659 3320 negotiationi
683 3286 822 3311 servum
844 3276 1091 3322 praeposuerit
1114 3279 1151 3312 et
1173 3275 1258 3322 quid

173 3330 255 3355 cum
286 3329 328 3357 eo
360 3319 436 3356 eius
465 3319 518 3356 rei
541 3330 671 3363 causa,
706 3321 764 3356 cui
793 3322 1019 3375 praepositus
1051 3321 1136 3365 erit,
1172 3331 1257 3357 con-

172 3368 328 3400 tractum
350 3364 470 3401 fuerit.
504 3364 583 3401 ideo
605 3369 723 3402 autem
741 3366 920 3403 institoria
938 3367 1151 3413 appellatur,
1175 3366 1260 3412 quia

173 3410 235 3455 qui
258 3409 556 3456 negotiationibus
579 3415 849 3456 praeponuntur
870 3412 1051 3448 institores
1071 3415 1257 3448 vocantur.

173 3457 218 3490 2a
263 3455 358 3491 Istas
387 3458 508 3491 tamen
536 3454 626 3491 duas
656 3456 815 3492 actiones
846 3460 991 3502 praetor
1020 3456 1139 3493 reddit
1169 3460 1206 3493 et
1227 3456 1260 3493 si

172 3500 323 3536 liberum
353 3500 433 3547 quis
462 3500 642 3536 hominem
664 3504 728 3537 aut
750 3501 905 3538 alienum
928 3512 1068 3539 servum
1091 3502 1173 3539 navi
1196 3505 1260 3538 aut

175 3612 214 3653 (1)
232 3613 327 3653 qnasi
339 3613 481 3645 retentio
496 3613 566 3645 ΒΕ
578 3611 634 3645 W⁰
681 3614 734 3655 (ι’)
758 3613 835 3647 Gai.
849 3614 881 3655 4,
895 3620 926 3647 el
976 3615 1021 3655 (2)
1037 3615 1083 3648 sic
1097 3615 1256 3658 BPEW,

174 3657 392 3689 condemnare
408 3658 458 3690 vel
469 3657 666 3690 condemnat
679 3658 753 3691 deu.
824 3659 882 3701 (2⁸)
909 3663 925 3698 9
941 3666 978 3693 so

219 3706 262 3742 (a)
291 3703 343 3747 Cf.
355 3703 431 3737 Gai.
446 3704 477 3743 4,
488 3709 586 3738 casu
609 3703 690 3748 Diq.
703 3705 753 3738 1⁴.
768 3705 807 3738 15
836 3705 913 3738 Coa.
924 3706 956 3746 4,
967 3711 1014 3739 25.
1025 3711 1062 3739 28
1120 3707 1163 3747 (4)
1181 3705 1257 3739 Gai.

174 3749 193 3779 4
220 3756 257 3780 ea
374 3749 417 3788 (5)
443 3758 508 3790 qua
526 3747 602 3782 Gai.
708 3749 753 3790 (ο)
781 3753 797 3789 5
813 3757 837 3783 ι.
851 3756 868 3783 2
880 3750 1002 3784 similes
1017 3749 1103 3784 Gaio
1116 3752 1148 3791 4,
1163 3758 1209 3784 το.
1226 3758 1258 3784 ἰι

1674 135 1800 176 QUOD
1830 134 1922 168 CUM
1950 135 2010 168 Eo
2042 135 2121 176 qm
2150 136 2202 168 m*
2226 135 2413 169 AL.P0'1'.

1328 246 1499 299 tabernae
1523 248 1587 282 aut
1611 246 1757 283 cuilibet
1786 248 2018 301 negotiationi
2048 248 2314 302 praeposuerit,
2345 247 2416 286 sci-

1327 291 1412 327 licet
1431 301 1515 337 qma
1534 291 1661 327 eadem
1750 292 1873 329 uitatis
1895 293 1986 329 ratio
2011 296 2118 330 etiam
2137 303 2179 330 eo
2200 303 2288 330 casu
2306 293 2416 330 inter-

1329 338 1349 372 3
1395 336 1569 372 veniebat.
1616 336 1716 373 Intro
1743 338 1821 374 uxit
1850 342 1887 374 et
1916 339 2021 374 aliam
2054 338 2230 374 actionem
2259 342 2415 384 praetor,

1328 391 1420 434 quae
1451 381 1641 417 tributoria
1670 387 1830 419 vocatur.
1867 393 2018 429 namque
2041 384 2072 419 si
2095 394 2217 420 servus
2239 384 2277 420 in
2307 394 2416 429 pecu-

1327 426 1407 462 hari
1425 437 1558 480 ,merce
1589 426 1724 463 sciente
1755 427 1897 465 domino
1929 429 2128 474 negotietur
2159 432 2195 465 et
2226 429 2311 475 quid
2335 439 2416 464 cum

1328 482 1371 507 eo
1403 482 1479 507 eius
1507 483 1560 507 rei
1590 482 1700 508 causa
1731 477 1954 509 contractum
1979 474 2062 517 erit,
2096 474 2148 510 ita
2181 477 2328 519 praetor
2359 474 2416 509 ius

1328 516 1424 560 dicit,
1449 521 1499 560 ut,
1525 517 1696 570 quidquid
1717 518 1755 553 in
1778 518 1833 554 his
1857 519 2033 555 mercibus
2057 519 2125 555 erit
2148 518 2313 565 quodque
2335 519 2418 554 inde

1327 566 1512 607 receptum
1536 565 1620 606 ent,
1651 563 1688 598 1d
1718 563 1810 599 inter
1835 564 2034 607 dominum,
2065 564 2097 600 si
2127 564 2212 609 quid
2244 564 2277 600 ei
2308 564 2413 599 debe-

1327 607 1441 650 bitur,
1473 610 1509 643 et
1541 610 1679 644 ceteros
1704 609 1896 645 creditores
1920 619 1984 654 pro
2008 613 2088 645 rata
2111 609 2274 654 portione
2298 609 2416 644 distri-

1327 653 1469 688 buatur.
1507 656 1542 688 et
1567 653 1649 698 quia
1672 653 1740 699 ipsi
1764 653 1905 690 domino
1929 654 2213 690 distributionem
2233 654 2415 699 permittit,

1328 698 1358 733 si
1382 697 1461 743 quis
1486 708 1530 733 ex
1554 698 1789 734 creditoribus
1814 702 2000 744 queratur,
2034 700 2136 744 quasi
2159 699 2274 734 minus
2299 699 2331 734 ei
2354 699 2416 737 tri-,

1328 743 1453 778 butum
1478 744 1543 786 sit,
1576 753 1683 788 quam
1708 744 1924 789 oportuerit,
1956 745 2050 780 hanc
2081 745 2114 780 ei
2145 745 2321 781 actionem
2353 754 2414 779 ac·

1329 791 1349 823 4
1398 788 1617 831 commodat,
1642 799 1733 834 quae
1756 789 1944 825 tributoria
1968 799 2013 834 ap
2040 789 2178 825 ellatur.
2226 789 2417 825 Praeterea

1328 833 1534 886 introducta
1558 836 1612 869 est
1642 834 1736 869 actio
1768 833 1812 869 de
1842 835 1981 879 peculio
2014 800 2127 880 Seque
2156 845 2217 878 eo,
2253 834 2349 879 quod
2380 834 2418 869 in

1327 889 1402 914 rem
1426 878 1559 914 dommi
1581 889 1722 914 versum
1746 879 1831 922 erit,
1864 883 1923 922 ut,
1955 880 2113 924 quamvis
2136 880 2213 915 sine
2235 880 2418 915 voluntate

1329 924 1460 959 domini
1484 924 1663 969 negotium
1685 927 1824 969 gestum
1847 925 1923 967 erit,
1947 928 2067 960 tamen
2091 925 2164 960 sive
2183 925 2268 970 quid
2287 925 2324 959 in
2343 934 2418 959 rem

1329 970 1405 1005 eius
1428 979 1570 1005 versum
1591 969 1719 1012 fuerit,
1750 969 1787 1005 id
1818 973 1934 1005 totum
1957 973 2142 1015 praestare
2165 970 2312 1012 debeat,
2345 969 2418 1005 sive

1329 1014 1414 1060 quid
1434 1025 1506 1050 non
1526 1015 1574 1050 sit
1591 1015 1629 1049 in
1645 1024 1719 1050 rem
1740 1015 1815 1050 eius
1835 1025 1986 1058 versum,
2011 1014 2047 1050 id
2068 1018 2215 1050 eatenus
2235 1017 2419 1060 praestare

1329 1063 1374 1095 4a
1420 1059 1560 1103 debeat,
1586 1063 1760 1105 quatenus
1784 1060 1961 1105 peculium
1984 1061 2129 1105 patitur.
2177 1060 2218 1095 In
2247 1069 2322 1095 rem
2353 1069 2416 1094 au.-

1328 1108 1400 1140 tem
1424 1105 1556 1140 domini
1589 1115 1728 1141 versum
1757 1105 1987 1150 intellegitur,
2020 1104 2191 1150 quidquid
2217 1104 2418 1141 necessario

1327 1150 1365 1185 in
1388 1160 1463 1185 rem
1487 1150 1563 1186 eius
1587 1150 1798 1195 impenderit
1821 1161 1955 1193 servus,
1979 1150 2087 1186 veluti
2104 1150 2135 1186 si
2152 1153 2336 1185 mutuatus
2356 1159 2417 1194 pe-

1330 1196 1471 1231 cuniam
1492 1195 1728 1231 creditoribus
1755 1195 1855 1231 eius⁸
1878 1196 2023 1231 solverit
2046 1198 2111 1231 aut
2129 1194 2292 1231 aedificia
2312 1205 2416 1230 ruen-

1328 1240 1379 1276 tia
1401 1240 1543 1276 fulserit
1565 1244 1629 1276 aut
1651 1240 1806 1276 familiae
1828 1240 2044 1276 frumentum
2077 1240 2200 1276 emerit
2231 1240 2284 1276 vel
2312 1240 2417 1275 etiam

1328 1285 1479 1321 fundum
1511 1290 1575 1321 aut
1606 1286 1799 1331 quamlibet
1831 1286 1936 1321 aliam
1967 1296 2041 1321 rem
2065 1286 2303 1321 necessariam
2326 1295 2417 1320 mer-

1329 1334 1370 1367 41>
1418 1335 1520 1368 catus
1552 1331 1629 1367 erit.
1677 1331 1803 1377 Itaque
1833 1332 1863 1366 si
1895 1341 1938 1367 ex
1971 1331 2092 1367 decem
2115 1334 2157 1366 ut
2176 1334 2267 1384 puta
2289 1330 2417 1372 aureis,

1329 1387 1419 1422 quos
1444 1387 1566 1412 servus
1599 1380 1683 1412 tuus
1715 1387 1737 1412 a
1760 1376 1855 1411 Titio
1888 1380 2030 1412 mutuos
2063 1379 2221 1422 accepit,
2253 1374 2418 1411 creditori

1329 1426 1390 1457 tuo
1439 1422 1571 1467 uinque
1605 1431 1732 1458 aureos
1764 1422 1926 1465 solverit,
1958 1421 2114 1467 reliquos
2147 1431 2231 1457 vero
2263 1420 2419 1474 quinque

1330 1467 1426 1513 quoli
1453 1467 1618 1503 etmodo
1643 1467 1922 1513 consumpserit,
1948 1477 2013 1512 pro
2038 1467 2194 1512 quinque
2216 1465 2359 1511 qmdem
2381 1466 2418 1501 in

1330 1512 1483 1548 solidum
1518 1512 1680 1548 damnari
1720 1513 1845 1556 debes,
1882 1523 1947 1566 pro
1983 1512 2111 1548 ceteris
2147 1522 2229 1548 vero
2265 1511 2419 1557 quimue

1331 1562 1491 1601 eatenus,
1517 1562 1693 1603 quatenus
1716 1558 1753 1593 in
1776 1558 1915 1604 peculio
1941 1558 2005 1593 sit:
2032 1568 2076 1593 ex
2099 1568 2170 1603 quo
2194 1557 2330 1593 scilicet
2353 1567 2416 1602 ap-

1330 1607 1442 1649 paret,
1467 1604 1498 1638 si
1521 1603 1588 1639 toti
1612 1603 1734 1639 decem
1758 1603 1857 1639 aurei
1880 1604 1917 1638 iu
1940 1613 2014 1638 rem
2037 1606 2136 1638 tuam
2159 1602 2251 1638 versi
2274 1601 2417 1643 fuerint,

1329 1652 1426 1685 totos
1448 1648 1570 1684 decem
1591 1659 1720 1684 aureos
1733 1648 1866 1683 Titium
1887 1649 2056 1694 consequi
2074 1657 2191 1694 posse.
2223 1647 2307 1682 licet
2326 1646 2418 1682 enim

1329 1704 1402 1729 una
1427 1698 1481 1729 est
1505 1694 1610 1737 actio,
1635 1704 1706 1739 qua
1730 1694 1773 1729 de
1792 1694 1935 1747 peculio
1960 1693 2075 1738 deque
2098 1703 2141 1728 eo
2165 1692 2261 1738 quod
2284 1693 2320 1727 in
2344 1701 2417 1727 rem

1330 1739 1463 1775 domini
1497 1749 1638 1775 versum
1669 1740 1716 1775 sit
1746 1743 1881 1783 agitur,
1915 1741 2033 1774 tamen
2069 1738 2157 1774 duas
2188 1738 2299 1773 habet
2331 1748 2417 1772 con-

1330 1784 1583 1820 demnationes.
1608 1784 1729 1837 itaque
1744 1784 1861 1827 iudex,
1880 1784 1976 1830 apud
1996 1793 2100 1829 quem
2117 1783 2194 1819 de*
2215 1793 2258 1818 ea
2277 1783 2418 1818 actione

1329 1830 1456 1875 agitur,
1481 1833 1565 1865 ante
1588 1829 1762 1875 dispicere
1785 1830 1886 1872 solet,
1911 1840 1958 1864 an
1977 1830 2014 1864 in
2031 1839 2106 1864 rem
2126 1828 2258 1865 domini
2277 1838 2417 1864 versum

1330 1875 1387 1919 sit,
1412 1885 1478 1910 nec
1502 1875 1604 1910 aliter
1626 1874 1672 1910 ad
1695 1875 1825 1920 peculii
1846 1874 2126 1910 aestimationem
2145 1873 2285 1916 transit,
2310 1883 2417 1919 quam

1329 1920 1361 1956 si
1392 1923 1456 1956 aut
1486 1920 1572 1955 nihil
1602 1921 1639 1955 in
1667 1930 1741 1955 rem
1773 1920 1904 1955 domiui
1935 1930 2076 1955 versum
2106 1919 2331 1964 intellegatur
2354 1922 2418 1953 aut

1330 1968 1370 2000 4ο
1415 1976 1487 2001 non
1510 1968 1636 2001 totum.
1685 1965 1774 2000 Cum
1798 1969 1917 2000 autem
1941 1965 2143 2010 quaeritur,
2176 1967 2348 2010 quantum
2379 1964 2417 1999 in

1329 2011 1469 2056 peculio
1494 2011 1551 2054 sit,
1576 2014 1660 2046 ante
1683 2010 1889 2054 deducitur,
1937 2009 2084 2056 uidquid
2117 2019 2240 2045 servus
2271 2008 2415 2045 domino

1328 2056 1704 2137 assistam
1717 2021 2413 2146 {istaista}..alausas

1942 2129 1950 2136 ·
2407 2126 2416 2142 v

1330 2146 1426 2192 quod
1456 2146 1488 2181 ei
1545 2147 1625 2182 ebet
1655 2157 1798 2189 servus,
1834 2147 1894 2192 qui
1924 2146 1961 2181 in
1990 2149 2169 2191 potestate
2202 2144 2335 2181 domini
2358 2145 2415 2187 sit,

1328 2202 1402 2228 non
1426 2191 1613 2228 deducitur
1635 2201 1679 2227 ex
1702 2192 1853 2237 peculio,
1876 2191 1985 2227 veluti
2008 2191 2038 2226 si
2059 2191 2091 2227 is
2114 2191 2152 2226 in
2175 2190 2282 2226 huius
2303 2190 2416 2235 ipsius

1329 2237 1468 2283 peculio
1500 2237 1556 2273 sit.
1601 2237 1697 2282 quod
1720 2247 1762 2272 eo
1785 2237 1957 2282 pertinet,
1990 2240 2048 2279 ut,
2079 2236 2111 2272 si
2134 2235 2219 2282 quid
2232 2236 2261 2257 ¹⁰
2283 2235 2415 2270 vicario

1329 2293 1394 2318 suo
1411 2292 1533 2318 servus
1550 2282 1690 2325 debeat,
1714 2282 1751 2318 id
1775 2292 1818 2317 ex
1837 2281 1976 2327 peculio
1997 2282 2072 2317 eius
2091 2291 2164 2317 non
2184 2280 2392 2316 deducatur.

1329 2330 1348 2363 5
1441 2327 1607 2363 ceterum
1631 2326 1778 2363 dubium
1800 2338 1872 2362 non
1895 2330 1969 2369 est,
2002 2326 2087 2372 quin
2109 2326 2140 2361 is
2163 2335 2320 2378 quoque,
2356 2325 2416 2371 qui

1328 2372 1429 2408 iussu
1460 2372 1594 2408 domini
1626 2372 1846 2409 contraxerit
1877 2371 2004 2417 cuique
2034 2371 2213 2407 institoria
2235 2370 2290 2407 vel
2313 2380 2413 2406 exer-

1330 2418 1457 2453 citoria
1480 2418 1574 2454 actio
1600 2418 1780 2464 competit,
1805 2417 1849 2453 de
1872 2417 2011 2463 peculio
2036 2416 2150 2462 deque
2173 2426 2235 2459 eo,
2259 2415 2354 2469 quod
2377 2417 2414 2450 in

1328 2474 1403 2499 rem
1427 2463 1559 2499 domini
1582 2473 1721 2499 versum
1744 2467 1817 2506 est,
1850 2472 1954 2508 agere
1976 2462 2108 2507 possit:
2141 2461 2203 2498 sed
2235 2465 2302 2496 erit
2324 2461 2414 2496 stul-

1327 2509 1496 2551 tissimus,
1521 2508 1551 2544 si
1575 2508 1706 2544 omissa
1730 2509 1889 2551 actione,
1914 2518 1985 2553 qua
2007 2507 2173 2543 facillime
2196 2506 2347 2542 solidum
2371 2516 2415 2542 ex

1329 2557 1517 2590 contractu
1548 2553 1717 2607 consequi
1747 2553 1879 2599 possit,
1911 2563 1950 2588 se
1979 2552 2026 2588 ad
2056 2551 2303 2588 difficultatem
2333 2561 2413 2596 per-

1329 2599 1439 2635 ducat
1461 2598 1639 2644 probandi
1662 2610 1701 2634 in
1724 2608 1799 2634 rem
1824 2598 1955 2634 domini
1980 2607 2119 2634 versum
2143 2607 2240 2640 esse,
2270 2596 2325 2632 vel
2349 2597 2413 2632 ha-

1327 2644 1413 2680 bere
1436 2654 1576 2680 servum
1599 2644 1776 2690 peculium
1801 2647 1837 2679 et
1858 2647 1997 2679 tantum
2020 2643 2170 2686 habere,
2201 2646 2244 2678 ut
2265 2641 2415 2678 solidum

1328 2693 1374 2724 δα
1419 2689 1488 2725 sibi
1510 2689 1599 2725 solvi
1621 2689 1746 2735 possit.
1793 2689 1829 2725 Is
1845 2698 2004 2770 ¹Reque,
2029 2688 2088 2724 cui
2110 2687 2302 2723 tributoria
2319 2687 2414 2722 actio

1329 2734 1516 2780 competit,
1553 2744 1665 2780 aeque
1699 2734 1744 2770 de
1777 2744 1843 2780 pec
1883 2734 1915 2770 ‘o
1947 2737 1983 2769 et
2012 2733 2051 2769 in
2081 2743 2156 2769 rem
2185 2742 2286 2768 verso
2311 2741 2415 2778 agere

1326 2783 1462 2825 potest:
1488 2779 1551 2815 sed
1575 2790 1662 2815 sane
1683 2779 1768 2816 huic
1790 2778 1896 2815 modo
1919 2777 2109 2814 tributoria
2132 2776 2275 2823 expedit
2297 2787 2413 2823 agere,

1326 2825 1432 2861 modo
1457 2824 1502 2861 de
1525 2825 1665 2871 peculio
1690 2828 1726 2861 et
1743 2825 1782 2860 in
1800 2834 1874 2860 rem
1891 2834 2005 2860 verso.
2041 2822 2233 2859 tributoria
2254 2822 2335 2858 ideo
2353 2832 2413 2857 ex-

1326 2869 1425 2916 pedit
1456 2880 1580 2916 agere,
1616 2870 1700 2916 quia
1729 2870 1766 2905 in
1798 2879 1842 2905 ea
1871 2868 2003 2905 domini
2035 2867 2196 2904 condicio
2244 2867 2414 2912 raecipua

1327 2927 1399 2952 non
1423 2919 1496 2959 est,
1520 2915 1557 2951 id
1581 2919 1636 2951 est
1658 2915 1755 2961 quod
1778 2914 1920 2950 domino
1944 2913 2096 2950 debetur
2116 2924 2190 2950 non
2239 2912 2412 2955 educitur,

1327 2960 1391 2997 sed
1413 2960 1570 2996 eiusdem
1592 2961 1680 2996 iuris
1703 2963 1759 2996 est
1781 2959 1955 3002 dominus,
1981 2959 2083 2995 cuius
2107 2961 2143 2995 et
2167 2957 2275 2994 ceteri
2298 2957 2412 2993 credi·

1325 3010 1440 3042 tores:
1472 3009 1512 3041 at
1540 3006 1578 3041 in
1610 3005 1750 3042 actione
1773 3005 1818 3041 de
1839 3004 1978 3050 peculio
2003 3007 2087 3040 ante
2109 3003 2296 3039 deducitur
2319 3002 2414 3056 quod

1327 3051 1468 3087 domino
1500 3051 1651 3087 debetur
1673 3054 1710 3086 et
1731 3050 1768 3086 in
1791 3050 1828 3086 id
1852 3049 1947 3095 quod
1969 3049 2142 3095 reliquum
2166 3052 2220 3084 est
2246 3047 2413 3085 creditori

1326 3096 1489 3132 dominus
1525 3095 1791 3132 condemnatur.
1836 3105 1961 3130 rursus
1993 3093 2038 3130 de
2068 3093 2207 3140 peculio
2238 3092 2320 3129 ideo
2350 3102 2411 3128 ex-

1352 3141 1424 3177 edit
1446 3151 1568 3186 agere‚
1603 3141 1698 3187 quod
1721 3141 1758 3176 in
1780 3141 1849 3176 hac
1873 3139 2013 3176 actione
2034 3139 2144 3175 totius
2167 3138 2298 3184 peculii
2320 3138 2411 3173 ratio

1353 3186 1498 3230 abetur,
1523 3189 1561 3222 at
1582 3187 1619 3222 in
1643 3185 1831 3222 tributoria
1854 3185 1929 3221 eius
1952 3187 2111 3227 tantum,
2135 3182 2230 3229 quod
2253 3183 2411 3236 negotia-

1326 3235 1404 3275 tur,
1437 3235 1473 3267 et
1504 3235 1624 3277 potest
1655 3231 1804 3284 quisque
1827 3230 1934 3266 tertia
1955 3229 2049 3266 forte
2070 3232 2173 3281 parte
2195 3227 2326 3274 peculii
2348 3230 2413 3263 aut

1327 3279 1456 3322 quarta
1485 3277 1541 3313 vel
1572 3277 1679 3313 etiam
1702 3276 1847 3312 mmima
1869 3274 2060 3321 negotiari,
2092 3283 2261 3309 maiorem
2291 3276 2411 3308 autem

1352 3325 1463 3358 artem
1492 3322 1531 3357 in
1560 3322 1716 3368 praediis
1748 3325 1784 3357 et
1805 3320 1992 3366 mancipiis
2016 3321 2080 3355 aut
2100 3318 2237 3354 fenebri
2286 3317 2411 3354 ecunia

1325 3333 1471 3403 gabere.
1515 3371 1624 3413 prout
1656 3377 1736 3412 ergo
1769 3365 1931 3412 expedit,
1969 3364 2022 3400 ita
2051 3364 2199 3410 quisque
2228 3373 2271 3399 ve
2316 3363 2411 3398 hanc

1326 3412 1503 3448 actionem
1534 3412 1590 3448 vel
1620 3412 1717 3448 illam
1749 3411 1876 3457 eligere
1905 3409 2030 3446 debet:
2066 3412 2162 3445 certe
2197 3408 2259 3454 qui
2291 3410 2411 3453 potest

1326 3457 1480 3502 probare
1502 3457 1540 3493 in
1563 3467 1638 3493 rem
1661 3456 1794 3493 domini
1815 3465 1955 3492 versum
1978 3463 2067 3496 esse,
2091 3453 2136 3489 de
2159 3453 2196 3488 in
2215 3463 2291 3489 rem
2309 3462 2409 3488 verso

1327 3505 1348 3538 6
1395 3512 1499 3548 agere
1521 3502 1628 3539 debet
1639 3503 1678 3538 ¹¹.
1725 3501 1825 3547 Quae
1847 3500 1998 3537 diximus
2017 3498 2062 3535 de
2080 3508 2180 3535 servo
2200 3501 2237 3534 et
2255 3497 2410 3540 domino,

1326 3616 1371 3658 (τ)
1395 3617 1444 3649 εἰσ
1456 3617 1490 3649 Β
1504 3623 1534 3650 et
1549 3616 1626 3651 Gai.
1640 3617 1672 3656 4,
1687 3623 1729 3657 τι,
1742 3615 1820 3647 navi
1838 3614 1913 3649 WE
1986 3614 2030 3654 (8)
2056 3613 2141 3654 eius]
2156 3613 2201 3653 B,
2214 3622 2286 3645 eam
2310 3611 2411 3652 ΜΕ,

1328 3661 1400 3694 eius
1413 3670 1484 3694 eam
1503 3659 1564 3695 W⁰
1656 3662 1712 3702 (δ’)
1737 3660 1778 3693 de
1791 3659 1853 3694 del.
1866 3659 1969 3701 (dett.)
2065 3661 2108 3694 (9)
2133 3657 2205 3690 eius
2218 3669 2276 3691 om.
2292 3657 2328 3690 B
2339 3656 2410 3690 WE

1330 3706 1390 3748 (ιο)
1414 3707 1491 3749 quis
1505 3706 1593 3741 BW
1679 3706 1736 3747 (ιι)
1760 3701 2024 3743 certe...debet]
2050 3702 2162 3743 che,
2177 3715 2234 3736 om.
2251 3702 2286 3735 B

2500 314 2528 357 'it'

2502 358 2528 375 kss'

2505 379 2515 388 ..
