2528 3918
146 104 397 148 XXXVIIII
427 107 453 148 2
912 143 916 146 .
1225 100 1310 150 598
1528 102 1581 152 Ἃ,

149 230 188 265 13
235 228 359 264 mittar
389 230 425 263 et
453 230 494 262 tu
524 228 562 263 in
587 238 759 264 mearum.
806 228 844 265 Si
891 227 1023 274 upillus
1045 226 1231 274 prohibuit

145 273 187 309 iri
209 273 246 309 in
269 273 531 326 possessionem
555 272 676 308 damni
693 273 827 317 infecti,
851 285 875 320 p
914 278 971 309 cet
992 274 1032 308 in
1055 282 1135 309 eum
1159 283 1231 308 non

149 322 188 354 14
234 319 367 354 iniusto
397 328 477 354 com
524 321 599 354 tere
621 318 716 354 hanc
738 318 775 354 in
798 318 935 355 factum
959 317 1146 353 actionem.
1194 317 1230 352 Si

146 363 317 398 mandatu
347 373 425 398 meo
496 363 550 399 'us
580 363 823 408 prohibuerit,
859 364 898 399 ir:
928 374 984 399 me
1014 363 1106 398 haec
1137 363 1230 398 actio

149 412 187 444 15
235 408 416 453 competit.
455 407 539 443 Non
561 408 677 444 solum
700 414 819 444 autem
845 419 926 444 eum
948 407 1053 453 punit
1074 411 1230 460 praetor,

168 452 205 488 ui
234 453 272 488 in
303 453 531 498 possessione
558 462 653 495 esse,
685 453 748 489 sed
772 454 878 489 etiam
901 463 1002 496 eum,
1032 463 1093 506 qui
1115 453 1230 498 possi-

144 465 230 534 dere
255 500 409 543 passus¹
442 508 516 534 non
543 498 669 539 fuerit,
703 510 785 534 cum
816 498 993 544 alioquin,
1023 507 1056 534 si
1082 498 1134 540 is,
1173 498 1233 542 qui

144 544 244 579 iussu
265 543 442 589 praetoris
469 548 638 588 coeperat
660 544 843 589 possidere
870 547 907 579 et
927 542 1143 588 possidendo
1169 543 1231 578 do-

145 588 291 624 minium
315 598 359 624 ca
385 598 463 631 ere,
496 592 560 624 aut
589 599 662 624 non
692 588 869 624 admissus
899 592 965 623 aut
992 588 1126 624 eiectus
1150 587 1233 622 inde

144 633 272 676 fuerit,
310 644 334 669 u
377 643 397 669 e
431 633 658 669 interdictum
697 633 791 668 unde
827 633 862 668 vi
898 633 954 668 vel
984 632 1233 668 Publicianam

145 679 320 715 actionem
351 679 486 714 habere
513 683 645 724 potest.
701 678 763 714 sed
794 679 825 713 si
857 678 895 714 in
924 677 1062 714 factum
1090 678 1233 714 actione

146 724 266 769 egerit,
290 724 347 759 his
371 723 573 761 actionibus
597 724 750 768 experiri
773 734 845 759 non
868 727 999 769 potest,
1024 733 1106 760 cum
1153 733 1232 758 rae-

146 775 202 805 tor
223 769 262 804 id
283 771 379 814 agat,
402 778 449 805 ne
471 768 638 805 damnum
658 769 770 804 faciat
786 772 899 810 actor,
923 778 999 804 non
1015 771 1058 804 ut
1072 768 1111 804 in
1144 779 1231 804 ucro

148 817 189 850 16
234 818 408 851 versetur.
456 813 495 850 Si
517 818 732 859 procurator
754 824 854 849 meus
878 814 999 849 damni
1020 813 1146 849 infecti
1168 814 1231 849 sti-

145 858 290 904 pulatus
321 859 386 902 sit,
423 869 534 895 causa
566 859 710 904 cognita
739 859 824 894 mihi
856 869 900 894 ex
928 869 972 895 ea
1002 858 1232 904 stipulatione

146 905 240 940 actio
264 905 446 950 competit.

194 948 270 987 19²
296 950 420 986 GAms
439 950 489 985 ad
511 949 664 985 edictum
686 950 869 996 praetoris
898 950 1033 986 urbani
1062 949 1165 985 titulo
1189 949 1234 984 de

147 994 276 1030 damno
301 995 437 1041 infecto
484 994 633 1036 Eorum,
658 995 720 1047 qui
738 995 834 1030 bona
851 994 922 1030 fide
945 995 1087 1038 absunt,
1110 995 1148 1030 in
1169 995 1231 1030 sti-

146 1040 330 1085 pulatione
358 1040 480 1075 damni
509 1039 634 1075 infecti
662 1050 718 1075 ius
751 1050 824 1076 non
856 1040 1112 1085 corrumpitur,
1146 1039 1234 1075 sed³

145 1085 296 1121 reversis
330 1085 479 1120 cavendi
513 1096 557 1120 ex
585 1085 680 1121 bono
714 1089 751 1120 et
779 1095 893 1130 aequo
923 1090 1084 1130 potestas
1116 1085 1232 1128 datur,

145 1130 219 1167 sive
248 1130 382 1166 domini
411 1131 484 1165 sint
513 1130 587 1166 sive
617 1130 752 1175 aliquid
780 1130 817 1165 in
849 1140 893 1165 ea
923 1141 962 1166 re
985 1131 1041 1166 ius
1063 1131 1232 1173 habeant,

146 1175 261 1221 qualis
296 1179 351 1211 est
386 1175 541 1211 creditor
571 1179 607 1210 et
635 1175 855 1211 fructuarius
888 1179 925 1211 et
955 1186 997 1211 su
1025 1176 1233 1211 erficiarius.

151 1225 162 1255 1
213 1221 295 1257 Sive
318 1221 460 1256 aedium
482 1222 567 1256 vitio
591 1220 665 1256 sive
684 1221 815 1266 operis,
841 1220 936 1266 quod
954 1231 998 1257 ve
1029 1222 1067 1256 in
1086 1221 1234 1256 aedibus

146 1266 199 1301 vel
222 1266 259 1301 in
282 1266 361 1301 loco
382 1266 522 1301 urbano
540 1271 605 1301 aut
622 1265 769 1307 rustico,
794 1266 932 1310 privato
952 1266 1141 1311 publicove
1157 1265 1233 1309 fiat,

147 1311 264 1347 damni
288 1311 424 1355 aliquid
447 1311 609 1346 futurum
631 1311 693 1352 sit,
720 1314 824 1346 curat
845 1314 1008 1355 praetor,
1033 1315 1074 1347 ut
1096 1311 1234 1347 timenti

146 1356 315 1392 damnum
338 1360 517 1391 caveatur.

192 1399 245 1440 20
270 1401 378 1436 lom
391 1401 483 1436 libro
502 1411 599 1436 nono
617 1401 753 1437 decimo
773 1401 823 1436 ad
839 1401 995 1437 edictum
1004 1400 1235 1448 provinciale

146 1447 244 1482 Inter
267 1446 504 1481 fructuarium
528 1449 564 1481 et
587 1445 768 1482 dominum
791 1446 1020 1491 proprietatis
1043 1447 1096 1481 ita
1115 1446 1236 1482 damni

145 1491 269 1528 infecti
293 1491 410 1526 cautio
435 1491 553 1527 locum
576 1492 703 1534 habet,
728 1492 759 1527 si
781 1491 1003 1527 fructuarius
1027 1491 1167 1537 quidem
1191 1491 1236 1527 de

146 1537 213 1573 soli
234 1537 319 1572 vitio
346 1538 461 1572 caveri
485 1536 553 1571 sibi
577 1536 763 1580 desideret,
789 1537 954 1572 dominus
971 1547 1055 1573 vero
1073 1548 1140 1582 pro
1167 1537 1235 1572 rie-

145 1582 231 1618 tatis
262 1582 306 1617 de
339 1581 456 1634 operis
487 1582 593 1624 vitio,
625 1582 657 1617 si
687 1582 772 1627 quid
802 1582 1022 1618 fructuarius
1051 1582 1133 1618 aedi
1161 1586 1234 1617 cet:

146 1637 230 1663 nam
252 1627 296 1663 de
320 1637 425 1662 ruma
449 1627 589 1662 aedium
609 1631 735 1663 neuter
754 1628 800 1663 ab
819 1628 931 1663 altero
953 1627 1155 1663 cautionem
1174 1627 1234 1662 de-

146 1672 305 1709 siderare
324 1676 454 1717 potest,
474 1672 693 1708 fructuarius
710 1673 803 1716 ideo,
824 1673 909 1718 quia
927 1672 1074 1708 refectio
1095 1672 1236 1708 aedium

147 1718 193 1753 ad
210 1718 287 1754 eius
303 1717 418 1763 ipsius
435 1728 527 1753 onus
550 1719 647 1753 non‘
670 1718 835 1763 pertinet,
860 1718 1119 1763 proprietarius
1141 1718 1235 1759 ideo,

147 1763 231 1809 quia
254 1763 387 1799 usitata
410 1763 606 1808 stipulatio,
638 1773 710 1808 qua
733 1763 778 1799 de
801 1765 864 1798 re⁵
887 1762 1111 1799 restituenda
1136 1763 1234 1798 fruc·

146 1808 287 1844 tuarius
310 1812 424 1851 cavet,
447 1808 494 1843 ad
517 1808 613 1844 hunc
637 1818 780 1853 quoque
803 1819 927 1844 casum
949 1808 1155 1854 porrigitur.

193 1851 242 1892 21
274 1853 379 1889 PAUL
387 1862 432 1889 vs
462 1853 554 1889 libro
587 1859 713 1890 octavo
752 1853 803 1889 ad
831 1853 1017 1889 Plautium
1072 1853 1111 1890 Si
1139 1853 1236 1889 filius

147 1899 301 1935 familias
329 1898 524 1944 inquilinus
552 1899 616 1941 sit,
648 1898 847 1941 videamus,
884 1909 932 1934 an
962 1898 1083 1934 damni
1112 1898 1238 1935 infecti

148 1944 291 1981 nomine
312 1944 350 1979 in
374 1944 635 1989 possessionem
659 1943 800 1980 aedium
823 1944 1020 1980 vicinarum
1042 1944 1236 1980 mittendus

148 1990 196 2026 sit
224 1990 422 2035 (quaeritur
453 1990 564 2033 enim,
605 2000 651 2024 an
681 1989 776 2024 filius
806 1989 960 2025 familias
994 2000 1068 2026 non
1098 1990 1239 2026 videtur

149 2036 317 2071 damnum
339 2034 434 2079 pati,
469 2035 500 2070 si
524 2045 582 2071 res
605 2035 806 2080 peculiares
829 2035 914 2078 sint)
939 2038 975 2070 et
996 2039 1101 2080 pater
1123 2035 1239 2080 possit

148 2080 331 2126 stipulari,
360 2080 390 2115 si
414 2079 499 2125 quid
523 2080 556 2115 ei
580 2079 700 2115 damni
722 2079 797 2115 fiat.
845 2084 882 2116 et
905 2080 1023 2125 placet
1046 2084 1238 2125 utrumque

149 2136 272 2162 eorum
294 2125 332 2161 in
354 2125 618 2170 possessionem
642 2124 746 2167 mitti,
770 2124 838 2161 nisi
861 2125 913 2161 sic
936 2125 1031 2161 filius
1055 2125 1237 2161 conduxe-

147 2175 223 2215 rat,
254 2174 297 2206 ut
319 2170 394 2206 eius
418 2170 579 2215 periculo
603 2170 711 2206 aedes
735 2174 872 2206 essent:
902 2174 991 2206 tunc
1016 2171 1126 2213 enim,
1154 2171 1238 2216 quia

149 2216 247 2252 solus
271 2219 414 2252 tenetur
437 2226 480 2251 ex
503 2215 641 2258 locato,
670 2219 768 2251 recte
792 2215 933 2252 dicetur
954 2215 1071 2261 ipsum
1093 2216 1236 2251 mitten—

149 2261 235 2297 dum
257 2261 295 2296 in
318 2260 593 2307 possessionem,
616 2260 686 2296 nisi
708 2261 742 2296 ei
766 2265 946 2296 caveatur.

194 2304 249 2344 22
274 2306 381 2342 IDEM
408 2306 499 2342 libro
530 2306 667 2342 decimo
698 2306 748 2341 ad
774 2305 960 2341 Plautium
1008 2305 1046 2341 Si
1076 2306 1237 2351 proprie-

149 2353 262 2388 tarius
291 2351 336 2387 de
365 2351 495 2387 damno
518 2350 651 2387 infecto
675 2351 958 2396 repromississet
979 2351 1033 2386 vel
1055 2351 1149 2387 forte
1173 2351 1237 2386 ali—

149 2397 236 2443 quid
258 2397 496 2442 praestitisset
517 2400 581 2431 aut
599 2401 724 2432 contra
741 2396 963 2432 fructuarius
981 2396 1115 2441 aliquid
1134 2407 1237 2440 prae-

149 2443 258 2485 stitit,
287 2442 449 2487 iniquum
479 2445 534 2477 est
561 2442 711 2477 alterum
742 2441 818 2477 sine
849 2441 979 2477 damno
1010 2442 1066 2477 uti
1089 2441 1238 2478 aedibus

150 2492 214 2523 aut
237 2487 342 2523 aedes
366 2487 512 2522 habere.
558 2491 596 2523 et
624 2487 655 2522 si
685 2487 856 2532 optulerit
884 2486 1145 2534 proprietarius
1173 2487 1238 2522 ali-

150 2531 1238 2623 suessa&assusatus221:-

175 2623 340 2659 rietarius
361 2626 510 2668 cogatur
528 2623 559 2658 ei
580 2622 751 2659 conferre.
787 2633 869 2668 ergo
886 2627 923 2658 et
940 2622 1056 2658 solum
1072 2623 1240 2658 retinebit

149 2635 388 2711 fructuarius,
413 2668 444 2703 si
467 2667 573 2704 aedes
598 2667 807 2709 ceciderint,
841 2667 956 2703 donec
979 2671 1184 2713 praestetur
1206 2668 1239 2703 ei

154 2713 332 2755 damnum,
357 2717 407 2755 ut,
432 2712 530 2758 quod
552 2713 702 2749 haberet
723 2713 860 2748 vicinus
884 2712 1013 2748 missus
1036 2713 1074 2747 in
1096 2723 1238 2758 posses-

151 2758 303 2800 sionem,
334 2757 372 2793 id
400 2758 619 2793 fructuarius
649 2758 799 2800 habeat,
832 2758 892 2803 qui
924 2757 1093 2793 damnum
1122 2758 1238 2794 vicino

151 2803 285 2840 sarciit.
332 2803 454 2839 eadem
485 2807 590 2838 erunt
612 2806 649 2838 et
671 2803 701 2839 si
724 2803 907 2838 minimum
931 2803 1098 2838 damnum
1123 2803 1238 2839 detur.

157 2852 168 2883 1
220 2847 301 2884 Pas
309 2857 428 2883 vrws.
476 2848 515 2884 Si
537 2849 584 2884 ab
607 2858 670 2890 eo,
695 2858 801 2894 quem
824 2847 1005 2883 dominum
1029 2858 1108 2884 esse
1131 2859 1238 2893 nega-

152 2904 246 2935 rem,
286 2892 411 2929 vellem
449 2894 515 2929 sub
550 2894 620 2929 hac
650 2893 860 2938 exceptione
899 2893 941 2928 ‘si
971 2892 1136 2929 dominus
1167 2904 1240 2929 non

153 2939 270 2975 ‘esset’
301 2938 487 2980 satisdari‚
524 2939 570 2973 ab
600 2949 641 2974 eo
673 2948 776 2981 vero,
815 2949 920 2983 quem
950 2938 1131 2974 dominum
1161 2949 1240 2974 esse

153 2984 322 3027 dicerem,
354 2993 445 3028 pure
473 2984 672 3028 repromitti
681 2985 707 3026 ⁶,
740 2983 899 3019 constitit
928 2994 1001 3019 non
1030 2983 1160 3020 debere
1183 2994 1240 3019 me

152 3029 363 3082 impetrare,
395 3028 458 3063 sed
482 3028 613 3064 debere
635 3039 691 3064 me
714 3029 861 3074 eligere,
886 3039 909 3063 a
932 3039 1003 3074 quo
1027 3029 1130 3064 velim
1154 3029 1240 3064 mihi

154 3084 281 3110 caven.

200 3117 253 3157 23
285 3118 480 3155 Uzpmvvs
499 3117 590 3153 libro
610 3119 864 3164 sexaqensimo
885 3119 989 3154 tertio
1013 3118 1063 3154 ad
1086 3118 1239 3155 edictum

154 3166 196 3200 ln
227 3163 457 3209 stipulatione
489 3162 608 3198 damni
632 3163 772 3206 infecti,
804 3173 896 3208 quae
927 3163 1068 3199 aedium
1098 3163 1240 3199 nomine

154 3209 409 3254 interponitur,
431 3207 501 3243 nisi
523 3208 561 3242 in
584 3207 736 3243 solidum
758 3207 869 3243 fuerit
892 3212 1053 3250 cautum,
1079 3209 1240 3244 mittetur

155 3255 192 3290 in
263 3253 484 3290 ssessionem.

230 3300 255 3336 4
276 3299 381 3334 lom!
395 3298 486 3333 libro
503 3298 745 3344 octoqensimo
757 3299 880 3344 primo
898 3298 948 3334 ad
965 3298 1119 3334 edictum
1153 3299 1238 3334 Flu-

158 3345 289 3380 minum
313 3343 536 3388 publicorum
560 3342 755 3378 communis
779 3347 833 3378 est
856 3354 954 3385 usus,
979 3343 1083 3379 sicuti
1103 3343 1240 3379 viarum

156 3389 379 3434 publicarum
409 3391 445 3422 et
474 3388 630 3423 litorum.
684 3387 722 3421 in
756 3387 811 3422 his
845 3388 952 3433 igitur
982 3387 1125 3433 publice
1155 3388 1240 3424 licet

157 3433 303 3470 cuilibet
325 3431 515 3468 aedificare
537 3436 574 3469 et
596 3431 796 3473 destruere,
822 3432 904 3467 dum
928 3439 1047 3469 tamen
1069 3433 1140 3469 hoc
1164 3433 1240 3468 sinc

157 3478 378 3515 incommodo
416 3478 624 3523 cuiusquam
660 3476 735 3513 flat.

800 3482 948 3522 propter
988 3478 1083 3523 quod
1122 3478 1238 3523 operis

158 3595 196 3631 (1)
221 3601 330 3624 rmus
341 3590 377 3623 F
450 3591 492 3630 (2)
518 3592 562 3633 qs.
574 3590 621 3623 D.
635 3591 668 3631 9,
680 3597 709 3632 4,
722 3596 758 3624 ³0
846 3590 891 3631 (3)
915 3590 982 3631 sed]
995 3592 1043 3623 sic
1055 3603 1094 3623 ex
1105 3592 1137 3630 9,
1150 3598 1177 3629 4,
1191 3598 1239 3631 30,

156 3637 183 3668 si
198 3637 233 3670 F
328 3638 370 3673 (4)
394 3645 462 3667 non
476 3636 538 3668 del.
643 3636 686 3676 (5)
711 3645 747 3668 re
759 3646 818 3668 om.
832 3634 869 3668 F
961 3638 1005 3674 (e)
1031 3636 1199 3678 repomitti
1211 3636 1245 3668 F

158 3683 200 3719 (τ)
225 3679 265 3713 de
285 3679 368 3712 vitio
386 3678 452 3712 loci
473 3679 560 3712 nihil
579 3682 716 3713 cavetur
735 3679 798 3713 del.
920 3681 965 3721 (8)
988 3679 1170 3722 stipulatur
1189 3679 1239 3713 F²

158 3727 203 3765 (⁹)
227 3724 357 3757 favente
377 3726 407 3757 F
492 3728 552 3765 (ιο)
577 3725 677 3757 etiam
689 3724 717 3756 si
729 3734 895 3767 proponas
907 3724 968 3757 del.
1062 3726 1119 3766 (11)
1143 3725 1236 3767 quid]

1468 3 1539 100 ἢ

1908 117 1969 148 DE
1996 116 2158 150 DABOEO
2186 115 2381 151 mucro

1300 226 1485 263 dumtaxat
1507 228 1649 264 nomine
1672 238 1753 264 cum
1777 227 2009 264 satisdatione
2033 230 2197 271 cavetur,
2228 227 2272 264 de
2298 227 2382 265 vitio

1300 272 1370 307 loci
1392 272 1480 307 nibil
1503 277 1648 309 cavetur
1657 274 1683 316 ⁷,
1714 274 1785 309 hoc
1809 277 1863 308 est
1887 272 2024 318 operis,
2055 272 2151 318 quod
2181 273 2261 318 quis
2283 272 2382 308 tacit.

1300 321 1457 352 ceterum
1486 317 1519 352 si
1546 327 1590 354 ex
1618 318 1690 354 loci
1720 318 1804 354 vitio
1837 318 2004 353 damnum
2027 317 2211 361 timeatur,
2243 318 2364 353 minim*
2318 318 2326 325 '
2364 329 2385 353 e

1300 361 1490 397 dicendum
1519 366 1574 399 est
1603 362 1724 398 damni
1752 363 1874 398 infecti
1907 362 2170 407 stipulationem
2206 363 2385 408 interponi

1301 410 1483 451 oportere:
1524 407 1603 452 quis
1634 409 1727 443 emm·
1758 408 1899 443 dubitat
1930 407 2104 443 neminem
2135 417 2230 451 esse,
2261 418 2286 443 a
2314 418 2384 452 quo

1301 452 1490 496 stipuletur
1500 452 1525 494 ⁸,
1561 462 1641 488 cum
1676 454 1816 488 nemine
1850 452 1938 487 nihil
1969 452 2148 488 faciente⁹
2177 453 2277 488 locus
2307 453 2385 498 ipsc

1300 497 1467 541 publicus
1490 497 1658 534 damnum
1681 498 1813 533 inferat
1841 498 1896 534 sui
1928 497 2083 532 natura?
2129 497 2175 532 ad
2206 508 2249 533 ea
2278 497 2289 532 i
2315 498 2386 533 ‘tur

1301 552 1412 586 opera
1435 542 1618 587 stipulatio
1641 542 1758 589 pertm'
1759 546 1805 586 et,
1830 553 2002 588 quaecum
2028 552 2074 577 ue
2095 543 2261 588 privatim
2311 547 2383 578 ant.

1302 587 1385 631 quid
1410 597 1511 633 ergo,
1544 587 1576 623 si
1605 587 1748 633 publice
1776 598 1866 633 opus
1898 588 1980 629 fiat,
2038 597 2058 622 e
2085 588 2170 622 vitio
2203 588 2278 623 eius
2301 587 2385 632 quid

1301 632 1499 668 faciemus?
1545 636 1582 668 et
1608 632 1716 677 plane
1744 633 1799 668 vel
1829 633 1997 678 princeps
2028 632 2212 668 adeundus
2241 637 2297 668 est
2318 633 2384 673 vel,

1302 677 1331 711 si
1362 678 1399 712 in
1430 677 1613 723 provincia
1640 677 1722 719 fiat,
1752 688 1897 731 praeses
1928 678 2142 723 provinciae.
2197 677 2262 713 sed
2291 678 2386 723 quod

1301 722 1434 758 dictum
1465 727 1520 758 est
1551 722 1681 788 ‘loperis
1708 722 1805 759 vitio'
1829 723 1882 758 sic
1906 722 2153 768 accipiendum
2174 727 2247 766 est,
2278 723 2386 758 etiam

1322 767 1329 774 .
1571 770 1586 788 0
2349 769 2355 777 .

1301 778 1565 865 izdpss‘fflaii
1596 771 2083 865 ρὲἕζὲᾶῗὲἔέιεέἳῗρέἱῗᾰ,
2110 768 2386 865 11105ιῖαὲ

1304 861 1319 893 1
1371 868 1454 902 quia
1476 858 1570 893 male
1597 857 1825 894 aedificatum
1848 861 1943 900 erat,
1967 859 2126 893 corruit?
2163 858 2328 893 Adicitur
2351 859 2386 893 in

1302 903 1370 938 hac
1400 903 1630 948 stipulatione
1658 906 1695 938 et
1715 902 1886 938 heredum
1908 913 2038 938 nomen
2061 903 2117 938 vel
2138 914 2385 939 successorum

1302 957 1513 993 eorumque,
1551 948 1599 983 ad
1636 958 1727 993 quos
1765 957 1809 983 ea
1847 957 1905 983 res
1943 948 2107 993 pertinet.
2161 958 2387 984 successores

1302 997 1422 1028 autem
1452 1004 1526 1028 non
1555 992 1671 1029 solum
1699 993 1761 1038 qui
1791 993 1830 1028 in
1861 993 2028 1029 universa
2051 993 2148 1028 bona
2170 993 2387 1032 succedunt,

1302 1038 1366 1074 sed
1389 1042 1424 1074 et
1446 1038 1502 1080 hi,
1534 1038 1596 1091 qui
1620 1037 1660 1073 in
1680 1037 1735 1074 rei
1758 1042 1898 1072 tantum
1920 1037 2115 1073 dominium
2137 1039 2387 1084 successerint,

1304 1089 1322 1118 2
1369 1083 1425 1119 his
1450 1083 1568 1119 verbis
1592 1083 1830 1119 continentur.
1870 1082 1941 1118 Sed
1963 1086 2004 1118 ut
2026 1093 2071 1118 ne
2096 1083 2181 1127 quid
2196 1085 2220 1104 ¹¹
2246 1083 2385 1119 aedium

1302 1129 1372 1164 loci
1409 1129 1572 1174 operisve
1601 1128 1686 1164 vitio
1726 1128 1895 1163 damnum
1928 1128 2065 1164 factum
2102 1129 2166 1172 sit,
2205 1129 2388 1174 stipulatio

1302 1174 1540 1218 interponitur
1564 1173 1608 1209 de
1632 1184 1674 1209 eo
1688 1174 1716 1195 ¹²
1745 1173 1822 1209 sine
1845 1173 2095 1209 satisdatione:
2120 1183 2213 1219 quae
2233 1184 2307 1210 non
2330 1184 2388 1209 so·

1302 1220 1376 1254 lum
1408 1219 1454 1254 ad
1484 1222 1580 1255 totas
1611 1218 1735 1262 aedes,
1773 1218 1837 1254 sed
1869 1219 1975 1254 etiam
2005 1218 2051 1254 ad
2080 1222 2219 1264 partem
2249 1219 2386 1255 aedium

1302 1265 1465 1310 pertinet.
1512 1264 1635 1299 vitium
1666 1267 1787 1299 autem
1816 1263 1959 1299 aedium
1990 1267 2027 1299 et
2055 1264 2127 1300 loci
2158 1274 2236 1300 esse
2265 1264 2388 1300 Labeo

1302 1310 1370 1352 ait,
1406 1308 1506 1390 guod
1539 1309 1705 1345 accidens
1742 1309 1964 1361 extrinsecus
1999 1309 2211 1346 infirmiores
2243 1320 2304 1346 eas
2334 1309 2387 1345 fa-

1304 1356 1370 1390 cit:
1431 1355 1559 1400 enique
1588 1364 1691 1390 nemo
1721 1354 1811 1389 dixit
1837 1354 2008 1399 palustris
2038 1354 2111 1391 loci
2138 1355 2193 1391 vel
2223 1355 2389 1391 harenosi

1304 1400 1444 1436 nomine
1482 1399 1587 1445 quasi
1620 1399 1739 1436 vitiosi
1774 1400 1946 1436 committi
1984 1399 2271 1446 stipulationem,
2308 1400 2391 1446 quia

1303 1445 1467 1481 naturale
1488 1445 1613 1480 vitium
1635 1449 1708 1480 est:
1731 1448 1768 1480 et
1789 1444 1870 1481 ideo
1888 1455 1955 1481 nec
1966 1446 1995 1467 ¹³
2019 1455 2062 1481 ea
2079 1446 2263 1491 stipulatio
2278 1445 2389 1482 inter-

1305 1497 1324 1526 3
1372 1491 1519 1536 ponitur
1541 1500 1658 1535 neque
1680 1490 1892 1535 interposita
1915 1491 2165 1527 committetur.
2203 1491 2303 1526 Haec
2326 1491 2387 1527 sti·

1303 1536 1440 1581 pulatio
1471 1539 1593 1571 utrum
1629 1535 1668 1570 id
1703 1535 1820 1571 solum
1858 1535 2025 1571 damnum
2063 1536 2259 1580 contineat,
2295 1536 2391 1582 quod

1306 1581 1437 1617 iniuria
1458 1580 1511 1623 fit,
1543 1591 1591 1616 an
1613 1591 1699 1617 vero
1722 1590 1827 1616 omne
1850 1581 2028 1625 damnum,
2053 1581 2149 1626 quod
2171 1582 2391 1618 extrinsecus

1305 1627 1514 1671 contingat?
1555 1628 1592 1662 et
1612 1626 1736 1662 Labeo
1768 1625 1911 1670 quidem
1936 1626 2063 1662 scribit
2085 1626 2130 1663 de
2152 1627 2282 1662 damno
2305 1627 2391 1662 dato

1306 1683 1379 1707 non
1399 1682 1508 1717 posse
1530 1671 1606 1716 agi,
1638 1671 1671 1707 si
1693 1670 1779 1716 quid
1800 1670 1895 1708 forte
1916 1675 2035 1707 terrae
2056 1676 2157 1707 motu
2181 1676 2246 1707 aut
2267 1673 2301 1707 vi
2322 1671 2391 1707 flu-

1305 1721 1325 1752 4
1372 1717 1477 1753 minis
1507 1716 1621 1752 aliove
1650 1726 1721 1760 quo
1751 1726 1838 1752 casu
1850 1717 1878 1738 ¹⁴
1907 1716 2055 1752 fortuito
2080 1717 2260 1753 acciderit.
2309 1717 2390 1754 Ser-

1304 1763 1381 1798 vius
1406 1772 1475 1807 quo
1502 1772 1549 1798 ue
1570 1765 1694 1807 putat,
1726 1761 1758 1797 si
1789 1771 1832 1797 ex
1861 1762 2010 1798 aedibus
2036 1763 2263 1807 promissoris
2286 1767 2391 1798 vento

1305 1807 1447 1852 tegulae
1478 1773 1639 1843 deiectae
1669 1806 1838 1842 damnum
1867 1807 1983 1843 vicino
2016 1807 2194 1850 dederint,
2230 1809 2282 1843 ita
2311 1818 2391 1844 eum

1305 1852 1438 1895 teneri,
1462 1852 1495 1888 si
1518 1851 1672 1887 aedificii
1693 1852 1777 1888 vitio
1801 1851 1840 1887 id
1863 1852 2052 1897 acciderit,
2075 1864 2149 1890 non
2173 1853 2205 1889 si
2226 1853 2394 1889 violentia

1305 1902 1491 1934 ventorum
1513 1897 1569 1933 vel
1592 1907 1664 1942 qua
1686 1897 1760 1933 alia
1780 1897 1939 1940 ratione,
1964 1909 2058 1944 quae
2079 1898 2150 1934 vim
2171 1899 2283 1935 habet
2305 1899 2393 1934 divi·

1306 1954 1398 1978 nam.
1445 1943 1570 1979 Labeo
1594 1946 1632 1978 et
1652 1943 1828 1978 rationem
1851 1943 1976 1986 adicit,
2008 1954 2080 1989 quo
2093 1945 2133 1986 ¹⁵,
2165 1944 2197 1980 si
2227 1944 2298 1980 hoc
2320 1954 2393 1979 non

1306 1988 1531 2031 admittatur,
1567 1988 1729 2034 iniquum
1760 1988 1845 2024 erit:
1885 1999 1956 2033 quo
1969 1991 1997 2011 ¹⁵
2028 1989 2121 2024 enim
2150 1993 2225 2024 tam
2252 1988 2394 2024 firmum

1306 2033 1508 2070 aedificium
1531 2037 1597 2075 est,
1621 2037 1663 2068 ut
1684 2032 1841 2069 fluminis
1864 2038 1930 2069 aut
1950 2035 2061 2070 maris
2082 2039 2149 2070 aut
2169 2034 2393 2080 tempestatis

1306 2083 1369 2115 aut
1391 2079 1559 2114 ruinae¹⁶
1581 2078 1738 2114 incendii
1761 2082 1826 2114 aut
1847 2082 1966 2115 terrae
1987 2083 2106 2116 motus
2129 2080 2201 2115 vim
2219 2081 2394 2116 sustinere

1306 2129 1325 2159 5
1399 2124 1512 2160 ossit‘?
1546 2123 1646 2159 Idem
1664 2123 1807 2160 Servius
1822 2128 1938 2169 putat,
1963 2125 1995 2160 si
2015 2126 2259 2162 controversia
2277 2135 2394 2170 aquae

1306 2171 1360 2204 ins
1401 2180 1459 2204 am
1482 2168 1715 2212 subverterit,
1745 2169 1872 2205 deinde
1901 2170 2123 2215 stipulatoris
2146 2170 2311 2206 aedificia
2334 2180 2392 2207 ce-

1307 2215 1476 2257 ciderint,
1500 2214 1590 2250 nihil
1613 2224 1695 2250 eum
1719 2225 1763 2249 ex
1786 2214 1961 2267 stipulatu
1985 2219 2281 2259 consecuturum,
2310 2216 2395 2262 quia

1305 2260 1342 2295 id
1372 2270 1440 2296 nec
1470 2259 1590 2305 operis
1618 2269 1686 2295 nec
1714 2259 1785 2295 loci
1815 2260 1901 2302 vitio
1932 2260 2069 2297 factum
2099 2264 2166 2297 est.
2213 2261 2244 2296 si
2275 2265 2394 2297 autem

1306 2315 1401 2350 aqua
1418 2305 1518 2341 vitiet
1534 2304 1770 2340 fundamenta
1786 2308 1823 2340 et
1840 2305 1893 2341 sic
1911 2305 2112 2341 aedificium
2128 2306 2271 2349 ruisset,
2296 2317 2394 2342 com-

1305 2350 1398 2386 mitti
1422 2350 1690 2395 stipulationem
1713 2350 1781 2385 ait:
1805 2350 1957 2386 multum
1977 2351 2069 2386 enim
2088 2351 2272 2394 interesse,
2297 2351 2395 2405 quod

1306 2399 1385 2432 erat
1408 2395 1568 2440 alioquin
1591 2394 1744 2437 fimum,
1768 2394 1803 2430 vi
1818 2394 1975 2432 fluminis
1994 2396 2135 2441 lapsum
2152 2396 2199 2432 sit
2241 2401 2392 2439 rotinus,

1307 2452 1355 2476 an
1384 2450 1468 2477 vero
1500 2445 1584 2476 ante
1607 2440 1655 2476 sit
1676 2440 1853 2484 vitiatum,
1885 2440 2014 2477 deinde
2045 2441 2098 2477 sic
2128 2441 2207 2478 deci
2230 2442 2310 2478 erit.
2357 2447 2395 2478 et

1305 2487 1359 2521 ita
1373 2485 1499 2522 Labeo
1519 2486 1669 2531 probat:
1694 2485 1824 2522 etenim
1846 2486 1997 2521 multum
2021 2487 2203 2531 interesse,
2227 2487 2325 2533 quod
2347 2487 2394 2523 ad

1307 2531 1486 2576 Aquiliam
1509 2531 1683 2575 pertinet,
1713 2541 1841 2567 sanum
1870 2531 1950 2576 quis
1979 2532 2158 2568 hominem
2182 2533 2325 2568 occidat
2346 2543 2394 2568 an

1308 2581 1328 2611 6
1374 2586 1459 2612 vero
1484 2575 1621 2611 factum
1638 2576 1906 2626 inbecilliorem.
1942 2576 2164 2629 Quamquam
2187 2582 2307 2614 autem
2330 2578 2393 2614 sti-

1306 2621 1445 2667 pulatio
1471 2621 1720 2663 committitur,
1755 2632 1836 2656 cum
1864 2622 1948 2657 vitio
1979 2633 2096 2668 opens
2126 2622 2293 2659 damnum
2316 2623 2393 2659 fac·

1306 2672 1383 2702 tum
1414 2666 1478 2708 sit,
1510 2670 1650 2709 tamen,
1682 2666 1714 2702 si
1744 2677 1835 2711 opus
1867 2667 2003 2702 factum
2034 2671 2091 2704 oet
2117 2667 2170 2705 ab,
2198 2678 2256 2710 eo,
2289 2679 2394 2713 quem

1305 2711 1503 2757 promissor
1519 2712 1710 2756 prohibere
1726 2722 1800 2748 non
1818 2713 1937 2757 potuit
1949 2714 1985 2754 ¹⁷,
2006 2712 2189 2765 stipulatio
2206 2724 2280 2749 non
2297 2724 2393 2750 com·

1307 2757 1478 2793 mittetur.
1534 2757 1641 2802 plane
1675 2756 1707 2792 si
1739 2757 1931 2802 prohibere
1963 2761 2100 2803 potuit,
2141 2759 2391 2795 committetur.

1308 2802 1411 2838 sed¹⁸
1434 2802 1465 2838 si
1489 2803 1567 2854 quis
1590 2802 1816 2847 promissoris
1840 2803 1982 2838 nomine
2004 2802 2131 2839 fecerit
2152 2803 2208 2839 vel
2230 2804 2307 2839 eius
2326 2815 2392 2849 pro

1307 2858 1377 2893 quo
1401 2857 1614 2892 promlssum
1638 2851 1692 2882 est
1715 2851 1779 2882 aut
1801 2847 1912 2889 alius,
1938 2848 1999 2893 qui
2046 2848 2205 2884 rohiberi
2225 2849 2391 2894 potuerit,

1311 2897 1327 2926 7
1377 2892 1560 2938 stipulatio
1594 2892 1666 2928 ista
1700 2892 1950 2928 committetur.
2097 2897 2195 2930 terea
2232 2893 2265 2930 si
2295 2893 2394 2930 furni

1307 2937 1449 2973 nomine
1472 2937 1594 2973 damni
1615 2937 1739 2972 infecti
1762 2936 1871 2973 fuerit
1893 2941 2056 2981 cautum,
2089 2937 2217 2975 deinde
2241 2938 2393 2975 furnarii

1309 2983 1416 3028 culpa
1445 2982 1615 3018 damnum
1645 2982 1768 3017 datum
1798 2982 1927 3027 fuerit,
1964 2994 2037 3019 non
2074 2983 2195 3020 venire
2227 2984 2266 3020 in
2298 2985 2392 3020 hanc

1309 3031 1328 3062 8
1376 3027 1640 3073 stipulationem
1668 3027 1848 3073 plerisque
1879 3028 2028 3064 videtur.
2076 3027 2221 3064 Cassius
2251 3040 2392 3075 quoque

1307 3073 1449 3115 scribit,
1481 3072 1579 3117 quod
1606 3073 1772 3108 contra¹⁹
1803 3082 1846 3109 ea
1877 3073 2044 3109 damnum
2076 3073 2199 3109 datum
2227 3078 2299 3118 est,
2333 3075 2392 3110 cui

1307 3118 1407 3153 nulla
1429 3128 1499 3163 ope
1522 3117 1665 3153 occurri
1688 3118 1837 3162 poterit,
1870 3117 2135 3163 stipulationem
2163 3129 2235 3154 non
2257 3123 2390 3156 tenere.

1308 3167 1328 3197 9
1374 3162 1465 3199 Item
1484 3162 1581 3207 apud
1597 3162 1786 3202 Vivianum
1809 3162 1961 3199 relatum
1984 3167 2050 3206 est,
2074 3163 2106 3198 si
2122 3173 2168 3199 ex
2183 3174 2270 3210 agro
2284 3165 2393 3200 vicini

1307 3208 1454 3243 arbores
1475 3207 1511 3242 vi
1532 3208 1754 3252 tempestatis
1775 3207 1981 3244 confractae
1997 3208 2036 3243 in
2052 3218 2170 3244 meum
2185 3219 2311 3255 agrum
2329 3209 2390 3245 de-

1308 3253 1458 3288 ciderint
1481 3262 1593 3297 eoque
1617 3252 1714 3288 facto
1738 3253 1868 3288 vitibus
1887 3252 1974 3289 meis
1991 3253 2046 3289 vel
2062 3254 2241 3307 segetibus
2260 3258 2392 3291 nocent

1307 3297 1362 3333 vel
1385 3297 1550 3333 aedificia
1572 3297 1785 3342 demoliunt,
1816 3297 2083 3343 stipulationem
2104 3302 2227 3342 istam,
2258 3299 2296 3335 in
2319 3310 2392 3353 qua

1307 3343 1397 3378 haec
1421 3342 1771 3387 comprehenduntur
1803 3342 1846 3378 ‘si
1869 3342 1955 3388 quid
1965 3343 2146 3385 ,arborum
2169 3343 2283 3381 locive
2305 3345 2389 3381 vitio

1307 3386 1514 3428 ‘acciderit’,
1537 3397 1612 3423 non
1635 3398 1713 3423 esse
1735 3387 1875 3430 utilem,
1902 3388 1987 3441 quia
2008 3399 2082 3425 non
2104 3389 2272 3425 arborum
2293 3389 2389 3433 vitio,

1306 3432 1370 3468 sed
1393 3432 1426 3467 vi
1450 3438 1634 3467 ventorum
1657 3432 1824 3468 damnum
1847 3431 1933 3468 milu
1963 3432 2087 3469 datum
2116 3437 2183 3470 est.
2229 3434 2335 3479 plane
2358 3435 2390 3470 si

1306 3480 1484 3513 vetustate
1507 3477 1676 3513 arborum
1698 3478 1768 3515 hoc
1789 3476 1917 3521 flebat,
1947 3489 2138 3524 possumus
2165 3478 2282 3515 dicere
2304 3480 2388 3516 vitio

1307 3591 1343 3623 in
1357 3590 1414 3622 Γ*
1504 3593 1565 3633 (12)
1590 3592 1631 3626 de
1640 3603 1714 3626 meo
1733 3604 1795 3626 ser.
1889 3592 1947 3633 (1³)
1970 3591 2014 3625 ob
2029 3592 2088 3626 ius.

1308 3639 1365 3675 (ιω
1390 3635 1481 3678 quod
1501 3638 1577 3671 dett.
1714 3639 1773 3678 (ιο)
1797 3638 1857 3670 aut
1875 3638 1936 3670 ins.
1956 3637 2030 3671 edd.

1307 3683 1367 3720 (18)
1394 3682 1758 3716 commitatur-oddae.

2182 3592 2242 3636 (14)
2265 3603 2343 3626 caus
2359 3593 2394 3626 F

2162 3639 2221 3680 (17)
2243 3638 2340 3680 potui
2359 3638 2394 3671 F

1846 3682 1906 3722 (19)
1931 3681 2021 3723 qnod
2031 3682 2159 3726 eontra]
2172 3682 2306 3724 quando
2316 3683 2387 3717 vio-

1304 3724 1412 3758 lentia
1426 3738 1493 3760 cer.

2521 0 2528 109 ¹
