2528 3918
133 134 268 165 mma
297 133 439 164 vinum
466 133 523 163 ΕΤ
552 132 737 164 UXOREM
1212 120 1296 168 317
2150 135 2316 178 XXHII
2355 142 2368 179 1

132 244 237 278 etiam
260 242 442 287 sponsalia
463 241 688 287 inprobanda
720 245 755 276 et
789 242 892 293 quasi
925 243 970 277 ab
1004 244 1155 289 indignis
1180 255 1222 280 ea
1289 245 1503 289 apiscendae
1547 247 1725 292 dignitatis
1767 251 1881 294 gratia
1915 253 1960 287 ab
1997 264 2106 289 uxore
2142 256 2176 290 in
2213 258 2373 294 maritum

132 297 222 334 quae
246 286 508 339 donata¹osunt
532 286 653 338 ablata
676 285 764 321 fisco
789 287 970 322 vindicari.
1039 335 1046 341 .
1212 335 1219 342 ⁸
1290 290 1458 325 collatum
1483 295 1555 334 est,
1588 297 1734 328 eatenus
1767 299 1882 330 ratum
1908 302 1979 340 cst,
2005 303 2180 343 quatenus
2213 302 2374 347 dignitati

178 329 229 370 33
255 330 364 366 IDEM
389 331 479 366 lebro
513 334 696 376 trzqeszmo
729 335 833 366 sexto
876 333 925 366 ad
955 332 1129 369 Sabmum
1184 334 1222 369 Si
1288 335 1509 379 supplendae
1532 347 1623 382 opus
1649 342 1720 372 est:

130 376 300 422 stipulata
323 375 431 410 fuerit
454 375 579 410 mulier
602 386 771 418 annuum,
795 376 834 411 id
852 386 897 412 ex
910 378 1082 423 stipulatu
1101 382 1221 424 petere
1336 379 1384 416 41
1413 380 1600 416 mews
1620 382 1798 418 Romvvs
1819 385 1907 420 libro
1930 393 2034 422 sexto
2051 390 2259 435 reqularum
2293 403 2373 427 nam

131 424 315 458 constante
347 420 570 455 matrimonio
607 431 680 455 non
714 424 844 465 potest.
888 422 952 457 sed
986 423 1017 458 si
1051 428 1217 459 manente
1289 429 1324 459 et
1355 425 1548 469 imperator
1578 427 1780 463 Antoninus
1814 431 2014 474 constituit,
2040 438 2080 468 ut
2113 435 2158 469 ad
2182 446 2369 480 processus

129 465 351 501 matrimonio
377 465 571 500 decessisse
583 466 731 500 maritus
752 471 985 511 proponatur,
1010 472 1110 513 puto,
1136 469 1220 514 quia
1287 470 1352 505 viri
1377 481 1466 505 uxor
1491 472 1522 506 ei
1547 471 1680 507 donare
1702 473 1826 517 possit.

128 512 164 546 in
189 521 306 546 annuo
332 520 473 555 quoque
498 510 640 545 donatio
662 510 821 553 vertitur,
846 522 953 556 posse
977 513 1048 548 dici
1070 514 1218 558 stipula·
1335 513 1388 551 42
1417 515 1539 551 Gaws
1567 517 1657 552 libro
1688 518 1874 553 undecimo
1900 521 1947 554 ad
1978 524 2127 557 edictum
2146 526 2370 569 provinciale

132 560 143 590 1
194 556 326 590 tionem
351 555 554 590 confirmari
590 566 633 590 ex
657 559 802 590 senatus
835 558 1009 593 consulto.
1059 558 1097 594 Si
1130 570 1220 594 uxor
1287 559 1412 604 Nuper
1446 571 1489 594 ex
1519 562 1738 606 indulgentia
1769 563 1935 608 principis
1960 567 2128 602 Antonini
2152 574 2295 614 recepta
2320 574 2373 606 est

127 601 253 636 marito
278 610 434 635 annuum
457 610 559 635 versa
583 601 658 636 vice
691 602 919 645 praestiterit,
955 604 1163 639 restituetur
1188 604 1220 639 ei
1288 605 1359 639 alia
1384 615 1494 640 causa
1519 606 1732 649 donationis,
1759 618 1863 652 quam
1896 609 2041 646 dicimus
2074 613 2216 649 honoris
2243 625 2370 651 causa:

126 646 195 681 hoc
220 649 255 680 et
276 645 408 697 poterit
427 645 605 681 vindicare
624 645 661 680 id
681 645 777 690 quod
798 651 932 682 exstat:
959 649 1064 684 credo
1089 649 1220 693 poterit
1287 653 1328 684 ut
1352 659 1436 685 ecce
1460 651 1490 685 si
1514 662 1605 686 uxor
1628 653 1701 687 viro
1726 653 1790 687 lati
1815 653 1916 688 clavii
1939 657 2071 698 petenti
2094 659 2207 701 gratia
2217 661 2231 679 ‘⁵
2265 660 2371 695 donet

128 694 162 726 et
186 689 384 732 condicere,
409 690 446 725 in
470 694 642 735 quantum
666 691 878 735 locupletior
901 692 1020 728 factus
1045 698 1110 736 est,
1136 695 1219 738 quia
1287 695 1341 729 vel
1364 699 1405 729 ut
1429 697 1602 739 equestris
1628 698 1760 732 ordinis
1786 697 1849 732 fiat
1872 699 1926 733 vel
1950 700 2111 736 ludorum
2135 702 2258 747 gratia.

129 745 201 771 non
223 738 298 770 tam
323 736 493 771 sollemne
517 739 572 770 est
597 746 775 778 annuum,
810 737 905 781 quod
936 739 1084 773 maritus
1116 739 1219 774 uxori
1333 737 1385 776 43
1411 740 1571 776 ΡΛσιυΒ
1592 742 1683 777 libro
1703 743 1888 788 sinqularz·
1904 755 1943 778 re
1970 745 2110 780 ulcerum
2146 748 2241 783 Inter
2261 750 2370 784 virum

128 779 251 825 pendit
283 784 318 815 et
349 780 445 825 quod
476 791 567 815 uxor
598 781 726 816 marito
758 786 938 826 praestat,
964 784 1069 818 immo
1094 784 1217 819 incon·
1288 787 1322 819 et
1345 795 1492 819 uxorem
1518 787 1612 821 exilii
1636 797 1746 822 causa
1770 788 1912 823 donatio
1952 790 2012 824 ’eri
2035 795 2159 834 potest.

127 828 146 860 2
193 835 323 876 gruens
349 829 402 861 est
426 829 462 860 et
486 830 612 860 contra
636 836 742 861 sexus
767 831 943 862 naturam.
979 829 1053 862 Et2
1077 829 1107 864 si
1125 828 1219 864 forte
1332 828 1386 866 44
1411 830 1616 866 NERATIUS
1638 832 1727 867 libro
1753 834 1878 878 quinto
1902 835 2184 870 membranarum
2251 837 2287 872 Si
2311 848 2370 873 ex-

125 873 272 905 maritus
297 871 342 905 ab
363 881 475 906 uxore
495 871 685 916 stipulatus
705 871 751 906 sit
774 872 810 906 id
831 883 988 908 annuum
1009 874 1217 909 decesserit-
1285 877 1431 910 traneus
1455 885 1529 910 rem
1552 877 1617 911 viri
1647 877 1814 921 ignorans
1846 878 1920 913 eius
1954 889 2029 914 esse
2062 881 2235 924 ignoranti
2259 885 2371 926 uxori,

125 925 193 960 que
223 915 348 951 mulier
381 919 568 951 constante
599 916 846 959 matrimonio,
872 918 1060 954 dicendum
1085 919 1152 955 erit
1175 929 1219 954 ex
1286 929 1329 954 ac
1353 930 1398 954 ne
1422 920 1495 955 viro
1522 921 1662 966 quidem
1686 923 1820 957 sciente
1845 933 1922 958 eam
1946 934 2047 959 suam
2065 936 2150 968 esse,
2178 927 2370 970 donaverit,

125 960 286 996 oratione
310 960 538 996 donationem
563 962 822 997 convalescere.
1285 965 1410 999 mulier
1440 969 1537 1000 recte
1569 976 1647 1001 eam
1676 968 1863 1012 usucapiet
1873 969 1896 1002 ⁷.
1933 969 2093 1014 idemque
2124 971 2207 1006 iuris
2243 973 2317 1014 erit,
2343 973 2372 1008 si

170 1002 224 1042 34
248 1005 355 1040 IDEM
391 1006 481 1041 libro
515 1007 792 1052 quadraqesz'mo
826 1009 929 1043 tertio
962 1008 1012 1043 ad
1042 1008 1216 1044 Sabinum
1285 1009 1326 1051 is,
1363 1010 1424 1054 qui
1457 1010 1495 1044 in
1530 1015 1709 1056 potestate
1743 1013 1808 1047 viri
1842 1017 1940 1056 erat,
1977 1015 2125 1050 credens
2162 1027 2199 1050 se
2234 1022 2371 1061 patrem

125 1049 204 1085 Sive
235 1061 326 1085 uxor
360 1051 486 1086 marito
519 1062 576 1086 res
609 1052 779 1087 donasset
809 1053 911 1098 isque
943 1064 1003 1088 eas
1037 1054 1073 1088 in
1098 1054 1216 1089 dotem
1285 1054 1436 1090 familias
1456 1065 1534 1091 esse
1550 1057 1654 1092 uxori
1676 1058 1787 1102 patris
1805 1057 1997 1093 donaverit.
2024 1060 2087 1095 sed
2103 1061 2133 1095 si
2148 1061 2200 1095 vir
2214 1063 2372 1097 rescierit

122 1106 186 1141 pro
221 1095 399 1131 communi
429 1096 503 1131 filia
543 1096 715 1140 dedisset,
757 1098 831 1133 sive
861 1102 944 1143 post
977 1099 1215 1141 donationem,
1285 1110 1387 1134 suam
1411 1110 1486 1134 rem
1510 1111 1599 1144 esse,
1623 1102 1831 1147 priusquam
1855 1104 2098 1149 usucapiatur,
2123 1106 2371 1151 vindicareque

124 1141 253 1193 quam³
276 1141 314 1175 in
336 1141 503 1176 maritum
528 1142 696 1185 contulit,
721 1153 813 1178 uxor
835 1154 944 1188 passa
968 1148 1023 1179 est
1046 1154 1127 1179 eum
1147 1155 1214 1196 pro
1286 1155 1363 1179 eam
1386 1146 1520 1190 poterit
1542 1157 1608 1182 nec
1631 1148 1726 1183 volet
1750 1152 1785 1182 et
1806 1148 1876 1183 hoc
1898 1153 1932 1184 et
1951 1149 2075 1185 mulier
2095 1151 2241 1193 noverit,
2265 1152 2371 1186 inter-

123 1185 197 1220 iilia
220 1186 257 1220 in
282 1186 401 1221 dotem
426 1187 522 1229 dare,
547 1187 698 1232 benigne
730 1188 800 1223 dici
832 1192 969 1233 potest,
1004 1190 1070 1225 etsi
1100 1200 1216 1234 prima
1283 1194 1469 1235 rumpetur
1491 1193 1691 1236 possessio,
1725 1194 1808 1238 quia
1840 1194 1983 1229 transiit
2013 1195 2050 1229 in
2083 1206 2227 1230 causam
2260 1197 2303 1231 ab
2330 1207 2370 1232 eo

123 1230 267 1266 donatio
302 1232 432 1267 nullius
464 1233 632 1267 momenti
664 1235 736 1275 est,
769 1237 927 1269 attamen
972 1244 1016 1269 ex
1054 1235 1216 1280 sequenti
1283 1234 1402 1270 factae
1438 1236 1651 1273 donationis.
1696 1238 1808 1283 ipsius
1843 1239 2000 1275 mulieris
2044 1240 2192 1275 scientia
2226 1242 2371 1286 propius

124 1286 301 1311 consensu
324 1277 442 1312 valere
465 1277 558 1313 dotis
584 1277 763 1313 dationem
773 1279 797 1313 ⁴.
1285 1284 1349 1322 est,
1375 1285 1416 1315 ut
1439 1282 1576 1317 nullum
1609 1283 1838 1328 adquisitioni
1869 1283 2013 1319 dominii
2046 1285 2120 1320 eius
2144 1285 2285 1321 adferat
2308 1287 2371 1321 im-

169 1318 222 1358 35
254 1321 364 1356 IDEM
390 1322 481 1358 libro
514 1324 698 1375 triqesimo
731 1327 863 1368 quarto
896 1324 946 1358 ad
976 1325 1130 1360 edictum
1178 1325 1215 1359 Si
1283 1325 1542 1370 pedimentum:
1583 1338 1655 1363 11011
1687 1329 1780 1364 enim
1812 1329 2011 1365 omnimodo
2044 1340 2171 1366 uxores
2204 1341 2246 1366 ex
2269 1331 2371 1366 bonis

122 1376 195 1402 non
235 1367 431 1402 secundum
471 1368 663 1412 legitimam
703 1369 986 1404 observationem
1027 1369 1214 1405 divortium
1282 1371 1455 1414 virorum,
1492 1372 1555 1407 sed
1591 1383 1635 1408 ex
1670 1384 1780 1409 causa
1816 1374 2016 1410 donationis
2041 1375 2086 1410 ab
2120 1376 2207 1420 ipsis
2230 1375 2372 1412 factae⁸

120 1410 258 1446 factum
293 1412 339 1447 sit
352 1438 360 1454 ‚
398 1412 606 1448 donationes
641 1417 725 1458 post
758 1414 830 1449 tale
867 1414 1054 1450 divortium
1096 1415 1216 1450 factae
1283 1416 1470 1460 adquirere
1492 1418 1692 1462 prohibitae
1716 1422 1809 1454 sunt.

122 1456 253 1492 nullius
287 1458 456 1492 momenti
497 1462 600 1501 sunt,
638 1469 719 1494 cuin
754 1469 827 1494 non
861 1460 1023 1495 videatur
1059 1460 1215 1496 solutum
1329 1461 1381 1498 45
1395 1462 1409 1483 ⁹
1425 1461 1716 1499 ULPJAivvslibro
1725 1465 1876 1510 septimo
1895 1464 2029 1500 decimo
2039 1465 2089 1499 ad
2096 1466 2248 1501 edictum
2272 1466 2369 1501 Mar-

122 1502 396 1537 matrimom'um.
1284 1507 1394 1542 cellus
1418 1507 1508 1543 libro
1534 1508 1683 1553 septimo
1717 1509 1932 1553 digestorum
1964 1510 2088 1545 scribit
2119 1511 2227 1545 etiam
2240 1512 2266 1532 ¹⁰
2291 1522 2370 1546 euin

168 1544 222 1584 36
246 1546 304 1582 ΡΑ
312 1557 407 1583 ULUS
430 1548 521 1583 libro
555 1549 738 1594 triqesz‘mo
772 1553 879 1585 sexto
904 1550 954 1585 ad
976 1550 1130 1586 edictum
1178 1550 1214 1585 Si
1284 1551 1470 1587 detrahere
1496 1552 1571 1588 sine
1595 1554 1751 1589 mulieris
1777 1554 1905 1589 damno
1931 1558 1966 1588 et
1998 1555 2088 1589 citra
2110 1559 2242 1590 metum
2267 1566 2369 1591 sena-

122 1591 277 1627 donatae
306 1602 363 1628 res
396 1597 555 1634 exstant,
590 1594 696 1629 etiam
726 1594 898 1630 vindicari
929 1600 1117 1640 poterunt:
1152 1596 1215 1631 sed
1282 1601 1342 1632 tus
1367 1598 1538 1640 consulti,
1564 1599 1660 1643 quod
1684 1599 1949 1635 detrahentibus
1981 1600 2228 1644 negotiationis
2260 1611 2369 1637 causa

144 1638 205 1672 uia
236 1647 382 1673 causam
413 1639 619 1683 possidendi
650 1639 795 1676 donatio
830 1641 1018 1692 praestitit,
1043 1641 1111 1676 nisi
1134 1641 1213 1676 red·
1283 1642 1452 1677 occurrit.

121 1648 227 1718 datur
250 1693 318 1725 res,
350 1684 548 1719 aestimatio
573 1683 739 1720 facienda
759 1689 814 1721 est
832 1690 926 1721 iusto
940 1686 1055 1731 pretio
1078 1686 1213 1721 caveri·
1329 1684 1383 1724 46
1407 1687 1516 1722 IDEM
1534 1687 1624 1723 libro
1656 1689 1919 1734 septuaqesz'mo
1949 1689 2105 1725 secundo
2138 1690 2187 1724 ad
2216 1690 2364 1726 edictum

121 1738 189 1772 que
210 1728 409 1773 possidenti
433 1729 575 1764 debebit
598 1729 641 1765 de
666 1731 840 1766 evictione
873 1731 999 1776 simpli,
1025 1732 1149 1776 quanti
1174 1742 1215 1766 ea
1282 1733 1378 1767 Inter
1420 1732 1533 1767 virum
1576 1736 1611 1767 et
1645 1744 1791 1768 uxorem
1827 1744 1890 1770 nec
1928 1735 2160 1779 possessionis
2195 1735 2269 1770 ulla
2304 1735 2359 1770 do-

126 1778 137 1807 l
188 1783 245 1808 res
281 1773 348 1808 sit:
391 1773 499 1819 idque
542 1775 648 1810 etiam
682 1775 791 1811 Pedio
836 1776 986 1811 videtur.
1055 1776 1214 1822 Sponsus
1283 1778 1380 1812 natio
1407 1781 1471 1812 est.

121 1818 272 1853 alienum
297 1819 443 1854 anulum
468 1830 484 1854 s
512 1830 622 1855 onsae
641 1822 778 1856 muneri
798 1821 894 1856 misit
915 1826 950 1856 et
968 1826 1051 1867 post
1070 1822 1214 1866 nuptias
1328 1820 1381 1859 47
1410 1822 1555 1858 Cusus
1575 1823 1664 1858 libro
1682 1825 1805 1869 primo
1830 1824 2048 1869 diqestorum
2104 1824 2230 1859 Utrum
2261 1835 2360 1869 nego-

119 1873 184 1907 pro
219 1873 260 1898 eo
293 1874 398 1899 suum
430 1864 473 1899 de
499 1865 544 1899 it:
587 1866 730 1910 quidam
767 1870 802 1901 et
832 1866 952 1902 Nerva
985 1871 1115 1911 putant
1137 1867 1215 1902 fieri
1282 1867 1371 1903 tium
1399 1868 1523 1903 uxoris
1556 1878 1680 1913 gerens
1713 1878 1759 1903 an
1789 1867 1908 1903 officio
1941 1869 2058 1903 mariti
2082 1869 2210 1904 ductus
2234 1869 2270 1904 in
2294 1879 2365 1906 rem

120 1919 200 1943 eum
224 1909 390 1952 mulieris,
424 1910 507 1955 quia
536 1913 623 1945 tunc
654 1910 789 1946 factam
823 1911 1052 1947 donationem
1084 1912 1214 1947 confir-
1283 1913 1358 1948 eius
1382 1913 1592 1957 impenderit
1614 1913 1676 1956 vir,
1690 1913 1788 1956 facti,
1803 1925 1876 1948 non
1887 1914 1974 1949 iuris
1999 1918 2053 1948 est
2078 1914 2257 1965 quaestio:
2283 1925 2367 1950 con-

119 1963 215 1988 mare
239 1954 387 1997 videtur,
413 1965 485 1990 non
509 1966 637 1990 novam
655 1956 844 1992 inchoare:
871 1967 977 2002 quam
1001 1958 1214 1992 sententiam
1281 1958 1419 1993 iectura
1444 1957 1518 1993 eius
1542 1959 1593 1993 rei
1618 1969 1662 1993 ex
1685 1959 1789 1994 modo
1815 1962 1850 1993 et
1875 1969 1918 1993 ex
1941 1969 2068 2003 genere
2091 1968 2273 2004 impensae
2297 1970 2368 1995 non

119 2009 237 2034 veram
262 2009 340 2034 esse
364 2000 498 2044 accepi.
1282 2003 1435 2038 difficilis
1462 2007 1526 2038 est.

165 2042 217 2081 37
244 2044 269 2079 I
272 2054 436 2080 ULIANUS
456 2045 547 2081 libro
571 2046 722 2091 septimo
747 2046 881 2082 decimo
907 2047 1128 2093 diqestorum
1176 2047 1213 2083 Si
1327 2045 1380 2085 48
1405 2048 1512 2083 IDEM
1531 2048 1621 2084 libro
1645 2059 1740 2083 nono
1765 2048 1982 2094 diqestorum
2027 2048 2126 2092 Quae
2143 2049 2213 2084 iam
2235 2052 2369 2094 nuptae

119 2090 244 2124 mulier
279 2089 360 2124 dolo
395 2090 532 2132 fecerit,
568 2101 614 2125 ne
649 2101 705 2126 res
743 2096 901 2127 exstaret
936 2093 1003 2127 sibi
1039 2103 1060 2127 a
1084 2094 1211 2128 marito
1281 2094 1429 2128 maritus
1455 2093 1610 2135 donavit,
1635 2093 1699 2128 viri
1723 2097 1868 2127 manent
1892 2097 1927 2127 et
1956 2097 2075 2138 potest
2107 2104 2149 2128 ea
2171 2094 2366 2146 vindicasti

120 2135 271 2177 donata,
305 2135 361 2169 vel
395 2135 442 2170 ad
475 2136 712 2171 exhibendum
735 2137 791 2172 vel
814 2137 934 2172 damni
957 2138 1107 2173 iniuriae
1131 2149 1212 2173 cum
1280 2148 1347 2173 nec
1372 2138 1561 2182 quicquam
1585 2137 1704 2179 refert,
1730 2138 1825 2182 quod
1850 2138 1968 2182 ampla
1993 2138 2109 2182 legata
2133 2139 2177 2173 ab
2202 2149 2312 2174 uxore
2336 2149 2368 2174 ei

120 2190 162 2214 ea
193 2180 250 2224 agi
280 2180 431 2225 poterit,
464 2181 617 2216 maxime
649 2182 679 2216 si
710 2186 794 2227 post
827 2183 1015 2218 divortium
1046 2183 1083 2217 id
1116 2194 1210 2218 com·
1279 2183 1404 2218 relicta
1428 2186 1522 2217 sunt.

119 2225 264 2259 miserit.
1325 2225 1379 2265 49
1405 2227 1645 2262 MARCELLUS
1673 2227 1763 2262 libro
1795 2229 1944 2273 septimo
1977 2228 2194 2273 dz'qestorum
2250 2227 2365 2272 Sulpi-

165 2267 218 2308 38
242 2270 426 2305 ALFENUS
446 2270 537 2306 libro
559 2273 662 2306 tertio
685 2272 904 2317 diqestorum
918 2273 1073 2308 aPaulo
1097 2274 1209 2319 epito-
1280 2273 1356 2308 eius
1389 2273 1572 2308 Marcello.
1630 2272 1779 2314 Mulier,
1812 2283 1903 2318 quae
1923 2273 1981 2324 'ad
2013 2283 2231 2308 communem
2255 2272 2366 2307 filium

118 2320 297 2351 matorum
344 2315 472 2351 Servus
498 2317 693 2352 communis
715 2317 781 2352 viri
805 2321 841 2353 et
870 2317 992 2353 fratris
1024 2319 1098 2353 eius
1122 2328 1209 2363 pue·
1278 2319 1439 2360 volebat,
1496 2318 1533 2353 ui
1563 2318 1601 2353 in
1632 2321 1808 2362 potestate
1839 2321 1950 2362 patris
1985 2322 2078 2359 erat,
2112 2321 2193 2368 post
2217 2322 2365 2368 mortem

118 2371 198 2396 rum
230 2360 373 2395 donavit
404 2361 508 2396 uxori
537 2361 678 2397 fratris:
711 2373 777 2407 pro
811 2373 882 2407 qua
905 2368 1008 2408 parte
1031 2364 1061 2398 is
1086 2374 1209 2399 servus
1277 2364 1390 2408 patris
1414 2363 1480 2398 fun
1505 2374 1565 2398 um
1588 2363 1782 2407 pervenire,
1808 2373 1888 2398 eum
1910 2363 2005 2407 patri
2028 2362 2182 2403 tradidit,
2209 2366 2259 2413 uti
2282 2366 2365 2414 post

119 2406 180 2451 qui
204 2405 372 2441 donasset
395 2406 461 2441 viri
485 2411 589 2449 esset,
614 2418 679 2452 pro
705 2417 747 2442 ea
797 2412 874 2443 arte
896 2419 1025 2444 munus
1044 2419 1116 2444 non
1133 2419 1210 2444 esse
1277 2413 1426 2444 mortem
1461 2408 1671 2443 restituatur
1705 2408 1787 2442 filio.
1837 2418 1989 2452 quaero,
2036 2418 2082 2441 an
2118 2407 2262 2458 donatio
2299 2407 2363 2441 tibi

121 2455 136 2485 1
185 2451 322 2485 factum
345 2451 502 2486 mulieris
526 2452 722 2497 respondit.
789 2453 867 2488 dem
890 2453 976 2488 iuris
1002 2454 1086 2496 erit,
1112 2455 1143 2489 si
1167 2464 1210 2489 ex
1276 2454 1457 2496 videatur,
1493 2457 1534 2488 ut
1567 2453 1654 2488 nihil
1690 2456 1847 2504 agatur,
1871 2463 1917 2487 an
1958 2452 2074 2503 valeat
2108 2451 2265 2496 quidem,
2300 2451 2362 2486 sed

118 2497 232 2531 tribus
256 2496 427 2531 fratribus
459 2507 553 2532 unus
586 2508 734 2533 uxorem
765 2499 915 2533 haberet
946 2504 981 2534 et
1013 2510 1088 2534 rem
1113 2510 1208 2534 coin-
1276 2499 1413 2534 mulieri
1437 2502 1597 2543 potestas
1622 2498 1787 2539 datur¹¹‚
1820 2508 1849 2532 Sl
1880 2497 2050 2548 noluerit,
2085 2506 2167 2548 611111
2190 2499 2360 2540 repetere.

118 2551 259 2576 munem
282 2542 387 2576 uxori
411 2542 598 2577 donasset:
624 2553 708 2578 nam
729 2553 773 2578 ex
796 2544 902 2579 tertia
925 2549 1028 2589 parte
1051 2545 1209 2580 mulieris
1275 2544 1478 2589 respondit:
1510 2544 1540 2578 si
1564 2543 1662 2578 color
1683 2543 1737 2577 vel
1760 2543 1895 2583 titulus,
1921 2545 1960 2593 iit
1984 2552 2034 2576 sic
2059 2541 2216 2592 diaeum,
2249 2541 2360 2592 dona3

118 2597 175 2622 res
198 2586 296 2621 facta
320 2597 392 2621 non
416 2591 481 2629 est,
508 2598 551 2622 ex
574 2587 713 2623 duabus
739 2593 858 2624 autem
873 2590 1036 2634 partibus
1053 2590 1208 2634 reliquis,
1276 2589 1364 2624 tioni
1397 2589 1578 2634 quaesitus
1613 2592 1684 2630 est,
1716 2587 1803 2638 nihil
1826 2587 1964 2639 ‘valebit
1987 2586 2149 2637 traditio,
2174 2586 2266 2637 idem
2281 2587 2307 2606 ¹²
2331 2597 2361 2620 Sl

119 2632 148 2666 si
180 2632 217 2666 id
250 2632 400 2667 scissent
430 2632 560 2668 fratres
593 2637 657 2668 aut
686 2638 919 2686 posteaquam
952 2635 1085 2670 donata
1117 2640 1210 2670 esset
1276 2635 1345 2669 hoc
1370 2634 1516 2678 exigit¹³
1539 2644 1645 2684 uxor,
1664 2636 1705 2667 ut
1728 2632 2008 2684 ahquid-exea
2032 2642 2070 2666 re
2095 2635 2250 2682 ‘interi-m·
2266 2641 2359 2682 com-

117 2680 235 2712 ratum
258 2677 479 2720 habuissent,
504 2688 577 2713 non
601 2679 730 2714 debere
753 2680 933 2715 mulierem
957 2680 1116 2715 reddere.
1277 2679 1373 2715 modi
1394 2679 1541 2714 sentiret
1559 2682 1723 2713 maritus:
1750 2677 1906 2721 ahoquin
1927 2687 1957 2711 Sl
1975 2677 2059 2728 solo·
2073 2686 2147 2727 eius
2167 2680 2359 2710 mimsterio

165 2719 217 2758 39
243 2721 436 2757 IULIANUS
464 2723 555 2759 libro
589 2725 714 2769 quinto
747 2736 797 2760 ex
819 2725 970 2760 Minicio
1017 2725 1082 2760 Vir
1105 2726 1208 2760 uxori
1276 2735 1343 2760 usa
1367 2728 1421 2759 est
1445 2728 1479 2759 et
1501 2724 1538 2758 id
1563 2724 1641 2768 egit,
1667 2726 1706 2758 ut
1730 2722 1782 2757 vel
1804 2731 1972 2756 revocare
1995 2721 2062 2756 sibi
2084 2721 2206 2755 liceret
2237 2721 2291 2755 vel
2321 2725 2361 2755 ut

118 2767 306 2812 pecuniam
331 2778 412 2802 cum
436 2767 571 2803 donare
595 2770 708 2811 vellet,
733 2771 892 2815 permisit
923 2771 974 2813 ei,
1000 2775 1041 2806 ut
1064 2782 1086 2805 a
1110 2770 1206 2805 debi-
1276 2780 1334 2804 res
1374 2780 1454 2804 cum
1487 2769 1582 2804 omni
1621 2768 1854 2819 emolument9
1894 2777 1959 2811 per
1989 2770 2127 2817 patrem
2156 2769 2283 2817 postea
2314 2765 2360 2800 ad

118 2817 196 2848 tore
220 2823 284 2847 suo
309 2813 518 2857 stipuletur:
550 2814 611 2849 illa
636 2825 716 2849 cum
747 2815 784 2850 id
806 2815 969 2858 fecisset,
1002 2815 1208 2860 priusquam
1276 2815 1386 2849 filium
1416 2814 1603 2855 transiret,
1639 2824 1702 2848 cur
1733 2822 1804 2847 non
1833 2811 1965 2863 1116111.Μ
1997 2810 2143 2856 perinde
2173 2814 2219 2862 sit
2242 2814 2359 2845 ratum

118 2858 306 2902 pecuniam
338 2858 515 2901 auferret,
548 2859 735 2895 divortium
766 2860 869 2896 fecit:
912 2871 1063 2906 quaero,
1089 2865 1208 2895 utrum
1277 2870 1319 2894 ac
1332 2861 1358 2880 ¹⁵
1382 2860 1412 2894 si
1437 2870 1517 2894 cum
1542 2862 1708 2893 extraneo
1732 2857 1804 2892 tale
1820 2860 1999 2907 negotium
2014 2859 2266 2912 contraxisset,
2290 2856 2358 2890 hoc

117 2903 170 2937 vir
194 2913 273 2937 eam
297 2914 471 2938 summam
493 2909 616 2949 petere
640 2905 769 2940 debeat
793 2916 840 2941 an
877 2908 942 2941 ⁵ea
974 2906 1208 2951 promissione
1277 2908 1331 2940 est
1356 2908 1522 2939 extraneo
1547 2904 1584 2937 in
1607 2903 1701 2955 hanc
1726 2911 1871 2937 causam
1885 2901 2122 2953 'tradidi-sset?
2178 2946 2185 2952 Π

118 2952 264 2999 propter
289 2948 490 2984 donationis
516 2960 662 2985 causam
680 2951 774 2986 actio
792 2951 891 2986 nulla
911 2955 1014 2986 esset.
1040 2951 1208 2995 respondi
1325 2949 1379 2987 50
1411 2949 1458 2983 [Α
1468 2957 1636 2999 νοῑςΕΝΠᾷ
1657 2948 1764 2999 ,ίῑᾷνο
1808 2950 1911 2981 tertw
1953 2946 2089 2998 decemo
2124 2945 2357 2996 epzstularam

117 3003 260 3028 inanem
290 2993 401 3028 fuisse
437 3004 514 3029 eam
545 2995 820 3040 stipulationem.
858 2996 922 3032 sed
953 2997 983 3031 si
1014 2996 1208 3040 promissor
1277 2994 1325 3037 Si,
1351 3005 1431 3029 cum
1451 2993 1576 3027 mulier
1598 2996 1719 3036 viginti
1733 3002 1876 3044 ‘seryum
1896 2994 2046 3043 emisset,
2071 3002 2107 3042 in
2122 3000 2198 3025 eam
2211 2994 2356 3034 emptio-

118 3038 256 3073 mulieri
278 3039 445 3083 ignorans
470 3040 651 3082 solvisset,
683 3041 713 3075 si
738 3041 879 3086 quidem
902 3042 1054 3086 pecunia
1079 3045 1206 3082 exstat,
1276 3050 1355 3074 nem
1379 3039 1431 3073 vir
1462 3038 1616 3083 quinque
1639 3037 1812 3072 venditori
1836 3036 1949 3088 dedit,
1985 3036 2130 3070 divortio
2161 3034 2257 3069 facto
2282 3045 2355 3068 om-

119 3083 298 3118 vindicare
329 3094 406 3118 eam
438 3084 577 3120 debitor
607 3089 744 3130 potest:
777 3087 840 3121 sed
871 3087 901 3121 si
933 3087 1091 3121 actiones
1124 3096 1207 3121 suas
1276 3083 1418 3119 nimodo
1442 3083 1503 3134 vir·
1520 3092 1597 3117 cam
1621 3092 1794 3117 summam
1811 3085 1933 3133 ,exiget
1956 3091 2071 3131 neque
2103 3079 2148 3114 ad
2178 3089 2252 3113 rem
2275 3089 2354 3128 per7

119 3129 245 3163 marito
270 3133 454 3173 praestare
477 3134 624 3174 paratus
649 3134 713 3173 est,
740 3131 811 3166 doli
834 3132 919 3166 mali
939 3132 1146 3175 exceptione
1170 3141 1208 3165 se
1277 3130 1383 3171 tinet,
1417 3138 1463 3162 an
1494 3138 1523 3162 is
1556 3137 1676 3179 servus
1709 3127 2011 3178 deterior-factus
2045 3130 2106 3159 Sit:
2148 3134 2228 3157 nam
2260 3128 2293 3156 et
2325 3133 2355 3172 si

119 3174 276 3208 tuebitur
306 3174 456 3219 ideoque
490 3175 639 3210 maritus
678 3176 772 3211 hanc
810 3177 999 3221 pecuniam
1038 3176 1207 3211 debitoris
1277 3179 1434 3209 mortuus
1459 3176 1563 3214 esset,
1589 3182 1742 3223 quinque
1763 3176 1899 3223 exactio
1917 3181 1949 3205 ei
1966 3173 2189 3222 competeret.
2216 3177 2352 3217 quaeri-

119 3219 260 3254 nomine
283 3219 495 3255 vindicando
522 3226 769 3265 consequetur.
819 3222 881 3256 sed
907 3222 937 3256 si
961 3221 1112 3266 pecunia
1136 3231 1208 3255 non
1275 3224 1335 3253 tur
1359 3219 1469 3259 enim,
1502 3228 1549 3251 an
1584 3218 1709 3252 mulier
1740 3227 1784 3251 ex
1814 3227 1879 3250 Viri
1913 3220 2123 3260 patrimonio
2147 3212 2354 3255 locupletlor

120 3266 238 3298 exstat
269 3268 305 3298 et
337 3265 463 3299 mulier
492 3265 705 3311 locupletior
736 3266 835 3301 facta
860 3271 931 3308 est,
956 3267 1105 3301 maritus
1130 3276 1207 3300 eam
1275 3265 1321 3299 sit
1346 3275 1386 3298 eo
1411 3267 1579 3315 tempore,
1606 3272 1675 3307 quo
1701 3261 1744 3296 de
1776 3261 1858 3312 dote
1889 3261 2075 3310 agebaturn:
2107 3258 2203 3292 facta
2235 3261 2351 3306 autem

118 3311 234 3352 petet:
259 3309 475 3354 intellegitur
493 3311 584 3345 enim
606 3322 650 3345 ex
672 3321 711 3346 re
734 3312 853 3346 mariti
875 3312 1087 3356 locupletior
1110 3311 1208 3345 facta
1274 3309 1508 3352 intellegitur,
1546 3318 1637 3351 quae
1681 3317 1762 3342 aere
1805 3306 1918 3340 alieno
1954 3315 2017 3339 suo
2060 3305 2254 3337 interventu
2289 3311 2351 3333 viri

120 3362 197 3388 esse
219 3354 355 3396 mulier,
380 3355 547 3400 quoniam
572 3356 710 3391 debitor
734 3356 806 3391 doli
829 3357 913 3391 mali
937 3357 1145 3402 exceptione
1170 3365 1207 3390 se
1273 3355 1423 3388 liberata
1447 3356 1510 3394 est,
1536 3352 1631 3396 quod
1654 3352 1830 3396 potuisset
1853 3351 1969 3385 adhuc
1994 3348 2138 3386 debere,
2163 3346 2192 3379 si
2216 3345 2266 3378 vir
2289 3354 2348 3387 pe-

119 3398 211 3432 tueri
234 3403 365 3443 potest.
1241 3415 1242 3428 ι
1275 3399 1413 3433 cuniam
1438 3408 1508 3431 non
1533 3397 1710 3432 solvisset:
1744 3406 1787 3430 ne
1814 3405 1858 3430 ue
1882 3394 2011 3429 eni1n¹G
2034 3393 2188 3430 interest,
2214 3400 2255 3423 ex
2280 3399 2350 3432 qua

165 3441 218 3480 40
251 3443 444 3479 Urmivos
472 3445 562 3480 libro
593 3445 750 3481 secundo
788 3456 1044 3491 responsorum
1104 3444 1206 3488 Quod
1240 3429 1242 3490 ἒ
1275 3454 1384 3478 causa
1416 3442 1539 3476 mulier
1568 3442 1756 3487 pecuniam
1813 3441 1925 3481 ebuit,
1963 3444 2078 3471 utrum
2113 3434 2278 3470 creditam
2303 3443 2348 3467 an

122 3508 2346 3528 ——-—-———-———-—-—-—-————‘————

121 3557 160 3598 (1)
186 3557 328 3590 donatae
341 3559 376 3591 F
462 3559 503 3600 (2)
530 3559 587 3591 sed
599 3560 770 3592 Ruckerus
863 3561 904 3600 (3)
931 3560 959 3591 si
983 3570 1064 3591 uxor
1084 3559 1205 3591 marito
1274 3556 1510 3596 aedificaverit,
1521 3567 1604 3598 quae
1614 3556 1690 3588 usui
1703 3554 1769 3587 sibi
1783 3555 1894 3585 futura
1907 3552 1984 3601 sint,
1999 3560 2093 3591 posse
2109 3550 2164 3581 ins.
2227 3551 2278 3597 (li)
2293 3546 2347 3577 de·

120 3612 172 3633 res
185 3602 341 3635 donasset
354 3604 448 3646 isque
462 3628 468 3635 .
480 3628 488 3636 .
498 3628 505 3634 .
521 3604 676 3645 dedisset,
685 3605 713 3636 si
727 3610 905 3647 postquam
915 3604 1130 3636 donationem
1142 3616 1204 3636 scr.
1275 3606 1329 3633 tur
1342 3602 1413 3634 edd.
1497 3602 1554 3642 (12)
1580 3602 1614 3633 id
1629 3604 1678 3633 est
1692 3601 1762 3633 edd·
1847 3603 1901 3635 (13)
1927 3599 1996 3636 ⁶31⁸
2009 3596 2082 3626 delt-
2176 3597 2231 3631 (Η)
2247 3591 2347 3630 mem]

122 3647 164 3688 (4)
190 3647 278 3679 dotis
292 3648 461 3680 dationem
474 3661 534 3682 om.
546 3649 597 3682 F¹
699 3651 741 3691 (5)
767 3660 806 3682 ex
827 3651 887 3682 ins.
990 3651 1033 3690 (6)
1061 3650 1131 3680 viro
1143 3648 1206 3680 lati
1274 3648 1332 3686 F2,
1348 3646 1426 3678 inde
1439 3646 1500 3686 F1,
1515 3647 1550 3678 id
1563 3659 1624 3679 scr.
1645 3659 1712 3678 cum
1725 3645 1806 3676 Hal.
1821 3650 1877 3675 aue
1890 3642 1950 3674 ‹lel-
1966 3644 2074 3671 rutum
2167 3643 2222 3676 (15)
2249 3642 2283 3666 at
2295 3635 2348 3667 Γ*

123 3690 208 3724 clavi
221 3693 331 3733 gratia
344 3694 472 3735 petenti
486 3706 549 3726 scr.
631 3699 672 3734 (Ἰ)
699 3706 761 3726 usu
775 3695 852 3727 add.
867 3694 900 3726 F
906 3694 920 3714 ²
998 3695 1040 3734 (8)
1066 3694 1164 3725 factis
1177 3693 1211 3725 F
1275 3693 1332 3733 (16)
1359 3692 1448 3723 enim
1462 3691 1524 3724 del.

123 3737 167 3778 (9)
192 3739 233 3781 cs.
255 3738 418 3780 Ulpianus
430 3739 475 3771 D.
492 3739 547 3779 30,
560 3746 606 3779 43,
620 3747 634 3772 1
724 3741 784 3780 (10)
810 3740 839 3771 si
852 3740 888 3771 in
903 3749 979 3770 area
991 3739 1142 3770 mulieris
1154 3740 1206 3770 vir
