2528 3918
85 116 212 156 Quon
230 115 533 148 cumscfflmv.
578 115 639 145 nr:
654 114 759 145 use.
773 113 896 145 essr.
1168 96 1225 144 43

84 227 178 262 cium
201 226 382 271 acciperet
406 224 511 260 desiit
542 234 624 260 reus
657 223 824 258 solvendo
860 233 954 258 esse:
987 234 1095 304 guam
1127 223 1171 259 ob

84 281 231 307 causam
250 271 416 306 defensor
434 269 626 305 recusabat
644 268 813 303 iudicium
834 269 869 303 in
889 278 927 303 se
947 279 984 304 re
1012 269 1047 304 di
1067 279 1171 313 opor-

83 320 170 352 tere.
238 326 367 358 uaero,
402 325 449 350 an
479 314 517 349 id
548 314 579 350 ei
611 313 759 349 concedi
790 317 965 358 oporteat.
1013 313 1173 349 Iulianus

82 327 284 406 responait:
319 360 485 396 defensor
509 370 591 395 cum
615 358 822 400 satisdedit,
847 358 980 394 domini
1002 359 1083 394 loco
1107 358 1171 393 ha-

82 405 221 441 bendus
246 409 310 442 est.
346 416 413 441 1100
436 404 586 440 multum
610 403 642 439 ei
665 407 913 449 praestaturus
939 407 993 439 est
1016 407 1172 449 praetor,

82 451 113 487 si
137 461 217 486 eum
239 461 313 486 non
337 450 492 502 coegerit
514 449 685 485 iudicium
709 449 884 493 accipere,
910 460 991 485 cum
1015 449 1062 484 ad
1085 448 1171 483 fide-

81 497 237 531 iussores
270 497 345 531 eius
377 495 420 530 iri
450 495 566 540 possit
589 498 624 530 et
648 494 684 528 hi
709 494 881 539 quidquid
904 494 1170 539 praestiterint¹

81 551 104 577 a
128 540 316 576 defensore
340 540 570 576 consecuturi
593 540 675 575 sint.

127 584 179 623 77
205 585 365 622 PAULUs
374 586 465 621 libro
488 586 654 631 quinqua
681 584 815 619 ensimo
835 585 989 631 septimo
1010 584 1060 619 ad
1078 583 1172 619 edic-

81 634 174 711 tumd
195 630 317 667 Omnis
343 630 405 676 qui
429 630 630 666 defenditur
679 629 738 665 oni
761 629 827 665 viri
851 629 1027 665 arbitratu
1051 628 1171 664 defen-

80 677 148 713 den
175 686 218 712 us
243 680 307 712 est.

128 719 181 759 78
205 722 432 757 Amrosrvo‘s
461 720 553 756 libro
584 723 690 756 sexto
723 720 973 765 quaestionum
1020 719 1070 753 Et
1092 717 1170 753 ideo

79 778 153 803 non
176 770 297 812 potest
318 766 430 802 videri
452 766 537 801 boni
556 765 646 800 viri2
669 765 846 800 arbitratu
865 765 962 800 litem
983 763 1172 799 defendere

79 812 122 855 is,
144 812 205 857 qui
226 815 382 847 actorem
400 810 607 846 frustrando
630 810 773 852 efficiat,
796 820 841 845 ne
860 810 907 845 ad
930 810 1064 845 exitum
1085 819 1170 844 con-

83 861 97 892 1
148 857 321 892 troversia
353 856 562 892 deducatur.
611 855 668 891 Ad
693 855 783 890 duas
808 866 865 891 res
889 855 1063 900 petendas
1087 864 1170 899 pro-

80 906 226 938 curator
250 902 355 937 datus
379 902 410 937 si
433 911 542 936 unam
565 911 640 936 rem
662 904 773 946 petat,
799 901 1008 946 exceptione
1024 910 1096 935 non
1110 909 1170 934 ex-

79 948 234 983 cluditur
258 951 293 982 et
316 957 391 983 rem
414 947 452 982 in
474 946 647 982 iudicium
672 945 827 981 deducit.

567 1040 646 1079 1111
655 1038 682 1078 ³.

77 1105 200 1143 QUOD
240 1104 565 1141 CUIUSGUMQUE
601 1104 954 1138 UNIVERSITATIS
987 1103 1169 1137 NOMINE

291 1151 383 1183 VEL
409 1149 589 1183 CONTRA
613 1151 711 1182 EAM
735 1150 919 1183 AGATUR
930 1149 953 1182 ⁴.

127 1216 144 1253 1
176 1216 300 1253 Gams
328 1216 418 1252 libro
452 1217 556 1251 tertio
580 1217 631 1252 ad
651 1216 806 1253 edictum
824 1215 1053 1263 provinciale
1097 1214 1169 1250 Ne-

77 1273 146 1308 que
171 1261 324 1297 societas
349 1271 464 1306 neque
489 1262 675 1307 collegium
705 1271 821 1307 neque
853 1260 1058 1296 huiusmodi
1090 1270 1169 1295 cor-

76 1318 144 1353 pus
169 1307 302 1352 passim
326 1307 491 1342 omnibus
515 1307 676 1343 habere⁵
701 1307 929 1343 conceditur:
954 1317 1037 1341 nam
1061 1309 1096 1340 et
1119 1305 1169 1340 le-

75 1353 178 1398 gibus
211 1355 245 1387 et
277 1356 422 1387 senatus
456 1353 628 1388 consultis
655 1356 689 1388 et
712 1352 970 1397 principalibus
996 1351 1169 1387 constitu-

75 1397 231 1433 tionibus
257 1407 300 1433 ea
322 1407 380 1432 res
405 1402 600 1433 coercetur.
633 1398 759 1443 paucis
780 1397 972 1433 admodum
991 1396 1028 1431 in
1050 1396 1168 1430 causis

76 1452 249 1479 concessa
261 1446 345 1478 sunt
356 1442 560 1478 huiusmodi
573 1453 744 1488 corpora:
771 1446 812 1478 ut
837 1453 921 1478 ecce
944 1441 1169 1486 vectigalium

75 1488 302 1533 publicorum
333 1487 439 1523 sociis
471 1489 684 1533 permissum
720 1492 774 1523 est
805 1498 935 1532 corpus
959 1487 1092 1522 habere
1115 1486 1170 1521 vel

76 1532 359 1569 aurifodinarum
370 1533 425 1568 vel
438 1533 777 1578 argentifodinarum
798 1537 833 1568 et
853 1533 1059 1568 salinarum.
1084 1532 1168 1566 item

77 1578 226 1623 collegia
249 1578 386 1613 Romae
411 1582 509 1614 certa
540 1582 643 1622 sunt,
676 1589 827 1624 quorum
860 1588 902 1614 co
949 1588 991 1613 us
1023 1581 1168 1613 senatus

76 1623 249 1659 consultis
282 1626 390 1669 atque
415 1624 729 1660 constitutionibus
753 1623 918 1669 principa
934 1623 1012 1658 'bus
1038 1622 1167 1658 confir-

75 1672 209 1704 matum
233 1672 298 1711 est,
322 1668 430 1704 veluti
453 1669 626 1714 pistorum
646 1673 681 1704 et
700 1668 925 1715 quorundum
946 1668 1109 1709 aliorum,
1135 1671 1170 1702 et

80 1717 91 1749 1
142 1714 453 1756 naviculariorum,
478 1715 539 1759 qui
564 1719 599 1750 et
622 1715 658 1749 in
682 1714 873 1760 provinciis
899 1717 993 1748 sunt.
1032 1713 1168 1757 Quibus

77 1762 197 1794 autem
229 1759 439 1804 permissum
465 1763 518 1795 est
542 1770 672 1805 corpus
697 1760 831 1795 habere
855 1758 993 1803 collegii
1017 1758 1168 1793 societa-

75 1805 146 1839 11οΘ
169 1804 242 1839 sive
267 1804 439 1849 cuiusque
463 1805 609 1840 alterius
632 1815 754 1840 eorum
771 1804 925 1846 nomine,
949 1804 1133 1849 proprium
1144 1804 1168 1824 ⁶¹

78 1853 132 1885 est
156 1849 203 1884 ad
227 1850 425 1895 exemplum
448 1850 500 1884 rei
523 1850 688 1895 publicae
712 1850 846 1885 habere
869 1859 927 1884 res
952 1859 1168 1890 communes,

76 1905 198 1930 arcam
235 1905 456 1929 communem
492 1899 526 1930 et
561 1899 719 1931 actorem
754 1895 828 1931 sive
864 1894 1069 1940 syndicum,
1106 1904 1170 1938 per

76 1950 182 1985 quem
205 1944 389 1985 tamquam
412 1940 449 1974 in
473 1951 512 1975 re
534 1941 698 1986 publica,
732 1940 829 1986 quod
854 1939 1088 1975 communiter
1113 1939 1170 1984 agi

76 1988 95 2019 2
144 1984 291 2029 fierique
316 1988 500 2030 oporteat,
525 1990 651 2030 agatur
674 1986 749 2020 fiat.
798 1984 902 2029 Quod
926 1985 956 2019 si
979 1995 1082 2020 nemo
1108 1994 1169 2019 eos

77 2030 265 2072 defendat,
291 2030 387 2075 quod
412 2041 535 2066 eorum
560 2041 746 2066 commune
771 2031 838 2066 erit
861 2029 1036 2075 possideri
1061 2033 1113 2071 et,
1139 2029 1169 2063 si

75 2075 249 2110 admoniti
272 2086 345 2110 non
369 2075 569 2111 excitentur
592 2076 638 2111 ad
669 2076 725 2111 sui
756 2075 1016 2117 defensionem,
1051 2074 1169 2110 venire

75 2130 113 2156 se
136 2121 319 2155 iussurum
342 2121 536 2165 proconsul
560 2121 620 2156 ait.
658 2124 693 2156 et
725 2120 866 2166 quidem
898 2131 972 2155 non
1004 2129 1082 2155 esse
1106 2130 1167 2154 ac-

74 2168 187 2201 torem
212 2165 266 2200 vel
289 2165 475 2211 syndicum
498 2170 585 2202 tunc
606 2176 748 2212 quoque
766 2165 1011 2210 intellegimus,
1039 2164 1167 2200 cumis

74 2210 168 2245 absit
200 2214 263 2245 aut
293 2210 496 2246 valetudine
527 2211 742 2256 impedietur
773 2215 837 2246 aut
859 2210 1025 2245 inhabilis
1050 2210 1098 2246 sit
1122 2210 1168 2245 ad

75 2259 94 2291 3
143 2255 328 2300 agendum.
376 2256 427 2290 Et
458 2256 488 2291 si
520 2260 711 2292 extraneus
744 2255 936 2291 defendere
970 2255 1054 2291 velit
1088 2255 1166 2290 uni-

74 2301 294 2343 versitatem,
328 2301 501 2346 permittit
523 2302 736 2346 proconsul,
770 2302 864 2337 sicut
887 2301 923 2335 in
947 2301 1167 2346 privatorum

75 2345 340 2382 defensionibus
365 2346 596 2389 observatur,
629 2347 713 2392 quia
737 2356 778 2383 eo
803 2346 908 2382 modo
933 2346 1057 2381 melior
1081 2356 1166 2381 con-

74 2390 167 2426 dicio
192 2391 437 2427 universitatis
460 2391 512 2427 fit.

121 2434 146 2473 2
178 2435 375 2472 Urmivcrs
383 2436 475 2472 libro
488 2440 614 2473 octavo
636 2437 686 2473 ad
705 2436 859 2472 edictum
894 2436 933 2471 Si
944 2436 1166 2481 municipes⁷

75 2482 130 2516 vel
153 2481 272 2526 aliqua
295 2481 506 2517 universitas
530 2481 577 2517 ad
601 2481 775 2526 agendum
799 2481 859 2517 det
882 2484 1059 2523 actorem,
1092 2492 1165 2516 non

75 2526 142 2562 erit
166 2526 354 2562 dicendum
402 2526 482 2562 11001
501 2537 523 2562 0
541 2527 703 2572 pluribus
724 2527 848 2562 datum
868 2526 919 2562 sic
938 2526 1081 2562 haberi:
1106 2526 1165 2561 hic

77 2571 169 2607 enim
185 2581 257 2623 ,pro
268 2581 320 2651 110
343 2582 393 2617 pu
418 2571 488 2607 lica
511 2572 566 2608 vel
589 2572 821 2608 universitate
852 2571 1060 2614 intervenit,
1094 2582 1164 2607 non

75 2626 140 2661 pro
165 2626 267 2661 singu
295 2627 322 2651 0.

121 2659 145 2699 3
171 2661 280 2696 IDEM
298 2661 389 2697 libro
413 2672 509 2697 nono
533 2661 583 2697 ad
605 2662 758 2698 edictum
803 2661 903 2697 Nulli
925 2662 1166 2707 permittitur⁸

76 2706 217 2742 nomine
242 2706 394 2741 civitatis
418 2706 473 2742 vel
498 2706 620 2742 curiae
652 2707 805 2752 experiri
836 2707 905 2742 nisi
937 2707 986 2749 ei,
1019 2707 1078 2742 cui
1108 2707 1166 2742 lex

76 2751 266 2796 permittit,
300 2755 363 2786 aut
393 2752 470 2796 lege
503 2755 667 2788 cessante
698 2751 785 2787 ordo
811 2751 926 2795 dedit,
961 2762 1042 2787 cum
1073 2752 1166 2787 duae

76 2800 197 2842 partes
221 2796 390 2832 adessent
414 2800 478 2832 aut
501 2797 652 2842 amplius
677 2807 785 2843 quam
809 2797 912 2832 duae.

121 2840 148 2879 4
171 2841 331 2877 Pano-s
351 2842 442 2877 libro
466 2853 561 2878 nono
586 2843 636 2878 ad
658 2843 812 2878 edictum
858 2842 970 2877 Plane
1001 2845 1043 2876 ut
1074 2841 1166 2877 duae

78 2890 196 2932 partes
221 2886 454 2922 decurionum
478 2887 668 2931 adfuerint,
692 2888 722 2923 is
748 2897 889 2933 quoque
913 2897 1017 2932 quem
1042 2886 1164 2922 decer-

77 2936 163 2967 nent
186 2932 363 2966 numerari
386 2935 516 2977 potest.

123 2975 147 3014 5
179 2976 374 3012 ULPIANUS
394 2977 485 3013 libro
509 2980 634 3013 octavo
658 2977 708 3012 ad
730 2977 884 3012 edictum
930 2976 1024 3011 Illud
1036 2980 1164 3012 notan-

77 3021 160 3056 dum
183 3021 402 3066 Pomponius
433 3022 503 3064 ait,
536 3022 631 3067 quod
665 3026 700 3058 et
723 3022 835 3068 patris
860 3022 1068 3067 suffragium
1091 3021 1164 3057 filio

78 3066 236 3111 proderit
259 3070 294 3101 et
316 3067 379 3101 11111
402 3068 507 3112 patri,

123 3108 148 3148 6
172 3111 229 3146 ΡΑ
238 3121 333 3147 ULUS
352 3112 442 3147 libro
466 3123 561 3147 nono
586 3112 636 3147 ad
657 3112 811 3148 edictum
845 3112 930 3147 item
950 3122 1083 3155 eorum,
1106 3111 1166 3156 qui

77 3155 115 3191 111
138 3156 292 3192 eiusdem
315 3160 495 3201 potestate
526 3161 627 3192 sunt:
660 3158 762 3203 quasi
794 3158 937 3192 decurio
971 3157 1063 3192 enim
1096 3157 1165 3191 hoc

79 3199 192 3244 dedit,
217 3211 290 3236 non
314 3202 416 3246 quasi
440 3202 635 3238 domestica
685 3213 822 3238 ersona.
861 3202 957 3247 quod
981 3206 1017 3237 et
1038 3203 1076 3237 in
1098 3203 1164 3236 ho-

79 3255 206 3281 norum
228 3246 398 3291 petitione
430 3247 498 3282 erit
529 3214 761 3290 servangum,
794 3247 863 3282 nisi
895 3247 953 3282 lex
983 3247 1167 3291 municipii

82 3292 95 3324 1
146 3291 200 3326 vel
222 3295 397 3336 perpetua
422 3292 642 3328 consuetudo
666 3292 865 3337 prohibeat.
904 3292 942 3327 Si
956 3292 1166 3327 decuriones

81 3333 310 3386 decreverunt
329 3337 505 3372 actionem
525 3347 590 3382 per
609 3347 689 3372 eum
701 3337 910 3372 movendam
923 3347 1027 3382 quem
1040 3337 1166 3372 duum-

79 3379 144 3414 viri
168 3380 344 3424 elegerint,
368 3382 399 3417 is
421 3381 560 3417 videtur
583 3382 628 3417 ab
650 3382 774 3417 ordine
794 3383 928 3418 electus
950 3386 986 3417 et
1003 3382 1083 3417 ideo
1107 3392 1166 3416 ex-

83 3492 122 3533 (1)
147 3493 358 3535 praestiterit
368 3494 404 3527 F
490 3496 532 3536 (2)
557 3495 623 3527 viri
636 3508 694 3528 om.
708 3495 742 3527 F

127 3538 169 3577 (s)
181 3538 246 3570 Ed.
257 3545 343 3576 i...s;
357 3538 438 3572 Sab.
450 3546 486 3579 ος
501 3540 585 3582 Pap.
598 3547 641 3574 io.
653 3558 700 3564 —
711 3539 757 3572 Β.
771 3540 802 3580 8,
812 3546 983 3579 2,101...1io
1032 3541 1074 3581 (4)
1089 3549 1167 3581 aga-

85 3582 141 3613 tur
151 3581 186 3613 F
193 3581 204 3601 ²
219 3589 248 3614 et
258 3582 378 3625 Find„
391 3586 509 3624 agetur
519 3583 605 3617 F²S
692 3585 735 3626 (5)
759 3584 878 3616 haberi
891 3585 964 3618 edd.
1046 3585 1090 3625 (6)
1116 3594 1167 3615 so-

82 3625 256 3658 cietatisve
268 3638 332 3658 scr.
402 3628 457 3669 (6⁸)
477 3628 616 3661 alterius
626 3629 772 3667 nomine,
787 3639 903 3660 eorum
917 3629 1093 3671 proprium
1104 3640 1168 3661 scr.

83 3670 126 3710 (7)
150 3670 339 3712 municipet
350 3670 385 3702 F
481 3673 525 3713 (8)
549 3674 597 3706 sic
608 3673 647 3713 S,
660 3673 875 3715 permittetur
886 3673 921 3705 F
1018 3674 1062 3714 (9)
1088 3683 1167 3704 con·

83 3715 245 3746 troversia
257 3714 315 3753 eis,
329 3715 466 3756 petendi
477 3728 539 3749 scr.
656 3718 715 3758 (10)
740 3717 798 3749 sed
808 3720 842 3750 et
854 3729 916 3750 scr.
1044 3718 1098 3758 (11)
1123 3727 1167 3748 an

2169 101 2231 143 111
2255 104 2337 144 4.5

1243 222 1350 274 periri
1362 224 1499 267 potest:
1525 221 1626 266 parvi
1650 222 1741 257 enim
1765 222 1884 265 refert,
1905 221 1985 301 tilpse
2010 220 2097 257 ordo
2124 222 2266 267 elegerit
2289 233 2336 259 an

1242 278 1272 302 is
1307 267 1365 302 cui
1397 266 1484 302 ordo
1517 266 1697 311 negotium
1721 266 1826 302 dedit.
1864 277 1902 302 se
1959 267 1990 302 si
2020 266 2072 302 ita
2103 266 2335 311 decreverint,

1242 315 1283 347 ut
1314 321 1560 357 quaecumque
1591 311 1774 347 incidisset
1806 311 2067 355 controversia,
2104 312 2179 348 eius
2211 316 2335 357 peten-

1243 357 1335 392 dae⁹
1359 357 1539 402 negotium
1564 356 1680 392 Titius
1704 357 1863 399 haberet,
1888 357 1967 403 ipso
1992 357 2069 392 iure
2092 356 2130 392 id
2154 357 2336 393 decretum

1243 402 1373 437 nullius
1406 402 1576 437 momenti
1609 412 1707 444 esse,
1741 402 1825 447 quia
1856 413 1929 437 non
1954 403 2068 447 possit
2090 402 2203 438 videri
2227 403 2270 439 de
2295 414 2337 439 ea

1242 458 1300 490 re,
1325 457 1418 492 quae
1442 447 1561 482 01111110
1585 446 1622 482 111
1647 447 1890 482 controversia
1914 458 1986 482 non
2011 448 2075 491 sit,
2102 447 2246 484 decreto
2272 448 2335 484 da-

1242 496 1316 527 tam
1347 492 1643 537 persecutionem.
1682 491 1745 527 sed
1768 491 1874 527 hodie
1900 492 1991 527 haec
2016 493 2135 528 omnia
2158 503 2222 539 per
2253 504 2335 540 syn-

1243 538 1342 573 dicos
1374 537 1491 573 solent
1521 537 1719 572 secundum
1750 537 1911 573 locorum
1947 538 2239 574 consuetudinem
2275 549 2335 574 ex-

1242 585 1261 617 2
1308 582 1446 635 plicari.
1497 582 1588 627 Quid
1620 582 1651 618 si
1683 585 1786 618 actor
1817 581 1922 617 datus
1953 586 2080 628 postea
2105 584 2248 620 decreto
2274 584 2336 620 de-

1243 638 1427 663 curionum
1458 627 1659 673 prohibitus
1693 627 1759 670 sit,
1794 638 1840 663 an
1865 628 2026 672 exceptio
2053 628 2085 663 ei
2109 630 2265 665 noceat?
2302 633 2338 665 et

1242 677 1328 718 puto
1355 673 1406 709 sic
1430 673 1500 708 hoc
1525 672 1793 718 accipiendum,
1828 676 1869 707 ut
1903 672 1935 708 ei
1966 674 2139 717 permissa
2162 674 2335 718 videatur,

1243 721 1261 753 3
1311 718 1369 753 cui
1394 722 1430 754 et
1452 718 1626 763 permissa
1650 718 1768 753 durat.
1816 718 1931 753 Actor
1942 717 2182 754 universitatis
2197 720 2227 755 si
2240 724 2335 773 agat,

1242 763 1466 808 compellitur
1490 763 1596 798 etiam
1621 762 1831 805 defendere,
1864 774 1938 798 non
1970 766 2089 798 autem
2114 765 2337 809 compellitur

1242 819 1366 843 cavere
1379 809 1423 844 de
1435 813 1527 844 rato.
1561 808 1625 844 0011
1647 808 1827 844 interdum
1851 808 1881 843 si
1906 807 1949 843 de
1974 808 2116 844 decreto
2142 809 2335 854 dubitetur,

1239 857 1327 899 puto
1351 853 1649 899 interponendam
1674 857 1709 889 et
1733 853 1777 889 de
1801 856 1879 888 rato
1906 853 2120 889 cautionem.
2153 858 2255 890 actor
2268 856 2335 891 ita·

1241 909 1309 944 que
1344 899 1412 934 iste
1447 899 1691 944 procuratoris
1752 899 1890 934 artibus
1923 898 2083 943 fungitur
2117 903 2152 934 et
2188 900 2336 937 iudicati

1240 944 1334 979 actio
1359 945 1391 979 ei
1415 954 1459 980 ex
1484 944 1600 980 edicto
1625 954 1698 980 non
1746 947 1828 979 atur
1850 943 1920 979 nisi
1942 944 1980 978 in
2002 954 2079 979 rem
2104 954 2206 980 suam
2230 945 2336 981 datus

1240 990 1297 1025 sit.
1336 993 1372 1024 et
1396 989 1567 1025 constitui
1590 989 1622 1025 ei
1646 993 1776 1035 potest.
1815 1000 1859 1024 ex
1881 988 2007 1024 iisdem
2032 990 2150 1025 causis
2174 991 2337 1026 mutandi

1240 1035 1371 1071 actoris
1395 1038 1557 1080 potestas
1583 1034 1666 1078 erit,
1702 1045 1746 1070 ex
1779 1035 1907 1080 quibus
1941 1035 2046 1069 etiam
2077 1036 2334 1080 procuratoris.

1240 1083 1343 1115 actor
1367 1081 1476 1116 etiam
1500 1080 1594 1115 filius
1618 1080 1773 1115 familias
1798 1079 1877 1114 dari
1899 1083 2029 1125 potest.

1286 1123 1309 1161 7
1343 1125 1540 1161 ULPIANUS
1565 1125 1657 1161 libro
1682 1126 1819 1161 decimo
1844 1125 1894 1160 ad
1916 1125 2071 1160 edictum
2108 1125 2208 1160 Sicut
2220 1126 2335 1161 muni-

1240 1170 1358 1215 cipum
1381 1171 1523 1206 nomine
1543 1170 1720 1206 actionem
1739 1173 1886 1216 praetor
1905 1169 2011 1212 dedit,
2036 1170 2089 1205 ita
2110 1174 2145 1205 et
2167 1170 2335 1207 adversus

1239 1226 1300 1251 eos
1324 1216 1516 1251 iustissime
1541 1216 1751 1251 edicendum
1774 1215 1923 1260 putavit.
1960 1215 2023 1250 sed
2048 1218 2082 1250 et
2105 1215 2242 1260 legato,
2276 1217 2337 1261 qui

1238 1261 1275 1296 in
1300 1261 1481 1306 negotium
1505 1261 1689 1306 publicum
1714 1264 1895 1306 sumptum
1918 1260 2024 1303 fecit,
2056 1263 2145 1305 puto
2180 1261 2336 1296 dandam

1242 1310 1256 1340 1
1310 1307 1487 1342 actionem
1510 1308 1548 1342 in
1572 1306 1781 1351 municipes.
1831 1305 1869 1340 Si
1901 1305 1987 1351 quid
2019 1306 2243 1341 universitati
2275 1306 2332 1341 de-

1237 1352 1353 1394 betur,
1380 1352 1526 1396 singulis
1546 1362 1619 1387 11011
1640 1352 1806 1387 debetur:
1832 1361 1898 1386 nec
1920 1350 2016 1396 quod
2037 1350 2144 1386 debet
2163 1352 2334 1387 universi-

1240 1400 1258 1431 2
1307 1401 1364 1432 tas
1389 1398 1517 1442 singuli
1542 1397 1684 1432 debent.
1733 1398 1774 1432 In
1799 1396 2050 1431 decurionibus
2074 1396 2130 1431 vel
2153 1397 2231 1432 aliis
2256 1397 2337 1432 uni-

1238 1442 1465 1478 versitatibus
1490 1443 1577 1477 nihil
1600 1442 1727 1484 refert,
1762 1445 1882 1477 utrum
1906 1451 2028 1477 omnes
2052 1441 2145 1477 idem
2169 1447 2336 1477 maneant

1239 1498 1286 1522 an
1317 1498 1402 1533 pars
1434 1492 1579 1523 maneat
1611 1488 1667 1523 vel
1699 1497 1820 1523 omnes
1852 1486 2032 1521 immutati
2055 1487 2136 1522 sint.
2177 1487 2240 1523 sed
2253 1489 2281 1508 ¹⁰
2305 1488 2335 1523 si

1238 1533 1451 1568 universitas
1483 1533 1529 1568 ad
1560 1544 1671 1568 unum
1702 1532 1813 1575 redit,
1849 1531 1962 1577 magis
1994 1531 2195 1568 admittitur
2228 1543 2335 1578 posse

1239 1588 1318 1613 eum
1332 1578 1520 1613 convenire
1537 1582 1572 1613 et
1589 1578 1779 1620 conveniri,
1806 1588 1886 1613 cum
1909 1578 1965 1612 ius
1986 1577 2143 1613 omnium
2163 1577 2201 1613 in
2224 1589 2335 1613 unum

1237 1623 1427 1658 recciderit
1451 1628 1487 1658 et
1511 1627 1580 1659 stet
1603 1634 1732 1659 nomen
1757 1622 2011 1658 universitatis.

1285 1665 1309 1705 8
1334 1668 1380 1703 ΙΑ
1390 1678 1562 1704 VOLENUS
1572 1669 1662 1704 libro
1676 1669 1802 1714 quinto
1815 1668 1951 1704 decimo
1964 1678 2014 1703 ex
2033 1666 2155 1703 Cassio
2204 1669 2229 1689 ¹¹
2242 1667 2333 1703 Civi-

1238 1718 1331 1748 tates
1356 1714 1387 1749 si
1410 1724 1475 1758 per
1499 1724 1559 1750 eos
1585 1714 1645 1759 qui
1668 1724 1726 1749 res
1751 1724 1874 1748 earum
1899 1712 2151 1748 administrant
2173 1723 2246 1748 non
2272 1713 2333 1749 de-

1238 1758 1435 1794 fenduntur
1467 1769 1533 1794 nec
1566 1759 1756 1804 quicquam
1789 1762 1843 1794 est
1875 1758 2063 1803 corporale
2094 1758 2145 1793 rei
2168 1759 2335 1803 publicae

1239 1804 1334 1849 quod
1348 1804 1610 1848 possideatur¹¹·‚
1641 1814 1707 1850 per
1730 1804 1891 1839 actiones
1904 1803 1932 1824 ¹²
1957 1803 2156 1839 debitorum
2181 1803 2334 1839 civitatis

1239 1849 1425 1894 agentibus
1449 1849 1617 1885 satisfieri
1640 1852 1792 1894 oportet.

1287 1892 1312 1931 9
1338 1894 1571 1930 POMPONIUS
1592 1894 1684 1930 libro
1710 1895 1814 1929 tertio
1839 1894 1976 1930 decimo
2001 1893 2052 1929 ad
2073 1893 2249 1930 Sabinum
2297 1893 2335 1929 Si

1238 1940 1304 1974 tibi
1329 1950 1410 1975 cum
1434 1940 1673 1985 municipibus
1697 1939 1879 1975 hereditas
1905 1939 2103 1975 communis
2128 1939 2205 1982 erit,
2229 1938 2334 1975 fami-

1237 1985 1307 2020 liae
1339 1985 1571 2020 erciscundae
1601 1984 1773 2020 iudicium
1804 1984 1896 2020 inter
1927 1995 1989 2020 vos
2013 1984 2185 2020 redditur.
2223 1983 2333 2020 idem-

1238 2040 1307 2075 que
1327 2029 1515 2065 dicendum
1536 2033 1590 2065 est
1610 2034 1646 2065 et
1658 2031 1686 2051 ¹³
1705 2030 1743 2064 in
1762 2029 1887 2065 finium
1907 2029 2145 2075 regundorum
2166 2032 2200 2065 et
2220 2039 2335 2075 aquae

1237 2075 1379 2120 pluviae
1403 2075 1581 2110 arcendae
1604 2074 1749 2110 iudicio.

1287 2119 1337 2158 10
1363 2120 1524 2156 Panos
1545 2120 1635 2156 libro
1653 2121 1778 2167 primo
1803 2119 2026 2155 manualium
2063 2119 2241 2155 Constitui
2253 2123 2333 2164 pot-

1238 2169 1292 2200 est
1325 2169 1427 2201 actor
1463 2166 1571 2201 etiam
1602 2165 1648 2201 ad
1679 2165 1797 2211 operis
1830 2165 1913 2200 novi
1940 2164 2204 2200 nuntiationem
2229 2169 2264 2200 et
2288 2164 2334 2200 ad

1237 2211 1283 2245 sti
1311 2211 1488 2246 ulationes
1513 2210 1811 2256 interponendas,
1836 2210 1946 2245 veluti
1968 2210 2187 2255 legatorum,
2212 2210 2333 2245 damni

1236 2255 1271 2290 in
1290 2256 1369 2299 ecti,
1394 2256 1592 2291 iudicatum
1613 2256 1711 2298 solvi,
1737 2255 1895 2301 quamvis
1917 2265 2018 2291 servo
2040 2256 2159 2301 potius
2182 2255 2332 2291 civitatis

1237 2301 1353 2336 caveri
1378 2301 1522 2337 debeat:
1557 2301 1621 2337 sed
1646 2305 1681 2336 et
1704 2301 1734 2336 si
1758 2301 1872 2336 actori
1897 2303 2042 2336 cautum
2074 2301 2202 2343 fuerit,
2236 2301 2331 2336 utilis

1236 2347 1330 2382 actio
1356 2346 1635 2382 administratori
1659 2357 1778 2382 rerum
1803 2346 1956 2382 civitatis
1982 2345 2136 2381 dabitur.

1739 2440 1774 2478 V
1786 2438 1825 2478 ¹¹¹.

1532 2506 1593 2538 DE
1618 2505 1835 2538 NEGoTns
1862 2504 2033 2536 011οτ10.

1285 2570 1302 2608 1
1339 2570 1535 2607 ΠιΡΙΑΝσε
1555 2571 1645 2607 libro
1667 2571 1803 2606 decimo
1824 2570 1874 2605 ad
1893 2570 2048 2605 edictum
2083 2569 2162 2605 Hoc
2176 2569 2331 2605 edictum

1235 2617 1476 2652 necessarium
1509 2619 1584 2658 est,
1642 2616 1785 2651 uoniam
1809 2625 1939 2660 magna
1962 2615 2098 2650 utilitas
2131 2615 2330 2650 absentium

1234 2665 1415 2704 versatur,
1452 2671 1497 2696 110
1529 2660 1612 2696 inde
1630 2660 1706 2696 ensi
1729 2671 1847 2695 rerum
1871 2660 2135 2705 possessionem
2159 2663 2223 2695 aut
2244 2671 2330 2696 ven·

1235 2707 1402 2742 ditionem
1425 2707 1610 2751 patiantur
1629 2706 1683 2741 vel
1703 2705 1860 2757 pignoris
1882 2705 2150 2740 distractionem
2169 2705 2225 2741 vel
2242 2715 2330 2751 poe-

1235 2762 1303 2787 nae
1335 2751 1607 2787 committendae
1642 2754 1839 2793 actionem,
1876 2750 1932 2786 vel
1963 2750 2093 2786 iniuria
2123 2760 2197 2786 rem
2228 2761 2330 2786 suam

1235 2797 1411 2832 amittant.

1282 2839 1307 2878 2
1335 2841 1458 2877 GAms
1489 2841 1580 2877 libro
1616 2841 1721 2876 tertio
1755 2840 1805 2876 ad
1836 2840 1991 2877 edictum
2016 2841 2246 2887 provinciale
2293 2841 2329 2877 Si

1235 2887 1313 2931 quis
1338 2886 1498 2921 absentis
1522 2885 1665 2930 negotia
1687 2886 1838 2931 gesserit
1860 2885 1944 2921 licet
1966 2886 2185 2931 ignorantis,
2209 2890 2330 2922 tamen

1235 2931 1405 2976 quidquid
1418 2932 1446 2952 ¹⁵
1468 2931 1604 2966 utiliter
1625 2931 1663 2966 in
1681 2941 1755 2966 rem
1769 2932 1797 2952 ¹⁶
1821 2931 1896 2966 eius
1917 2931 1964 2966 im
1993 2931 2129 2966 enderit
2149 2932 2203 2967 vel
2224 2932 2330 2967 etiam

1233 2977 1310 3021 ipse
1334 2986 1373 3011 se
1395 2976 1433 3011 111
1455 2986 1530 3011 rem
1542 2976 1570 2997 ¹⁷
1593 2975 1751 3012 absentis
1775 2976 1882 3012 alicui
1912 2977 1957 3012 ob
1972 2977 2137 3022 igaverit‚
2169 2977 2280 3013 habet
2295 2979 2330 2999 ¹⁸

1235 3032 1275 3057 eo
1301 3020 1442 3056 nomine
1466 3021 1661 3056 actionem:
1692 3021 1814 3067 itaque
1846 3031 1888 3057 eo
1921 3031 2010 3057 casu
2041 3022 2135 3057 ultro
2161 3022 2324 3067 citroque

1235 3066 1395 3102 nascitur
1418 3066 1524 3108 actio,
1550 3076 1642 3111 quae
1665 3067 1868 3112 appellatur
1891 3067 2112 3112 negotiorum
2134 3070 2327 3112 gestorum.

1237 3115 1271 3147 et
1303 3121 1390 3146 sane
1421 3111 1516 3146 sicut
1552 3121 1707 3157 aequum
1730 3115 1785 3147 est
1807 3112 1925 3158 ipsum
1949 3116 2052 3147 actus
2076 3112 2132 3147 sui
2154 3112 2328 3148 rationem

1235 3156 1384 3192 reddere
1408 3159 1444 3191 et
1468 3166 1508 3191 eo
1534 3157 1676 3192 nomine
1700 3157 1949 3199 condemnari,
1983 3156 2155 3202 quidquid
2178 3157 2233 3193 vel
2256 3168 2329 3193 non

1235 3206 1276 3236 ut
1300 3201 1459 3246 oportuit
1480 3201 1590 3246 gessit
1612 3202 1668 3237 vel
1692 3212 1735 3237 ex
1759 3202 1814 3238 his
1838 3202 1988 3247 negotiis
2021 3203 2167 3237 retinet:
2201 3203 2253 3237 ita
2284 3212 2331 3237 ex

1236 3247 1372 3281 diverso
1385 3246 1520 3281 iustum
1532 3249 1597 3289 est,
1620 3247 1651 3282 si
1671 3247 1806 3283 utiliter
1825 3247 1944 3292 gessit,
1966 3247 2142 3292 praestari
2162 3247 2204 3289 ei,
2225 3246 2327 3292 quid-

1236 3291 1321 3337 quid
1345 3302 1386 3327 eo
1411 3292 1553 3327 nomine
1576 3292 1631 3327 vel
1654 3292 1758 3328 abest
1781 3293 1814 3328 ei
1836 3292 1893 3328 vel
1916 3291 2100 3328 afuturum
2124 3296 2188 3327 est.

1282 3334 1306 3374 3
1339 3336 1535 3372 ULPJANUS
1555 3336 1645 3373 libro
1671 3338 1808 3373 decimo
1829 3337 1879 3372 ad
1897 3337 2052 3373 edictum
2087 3337 2149 3372 Ait
2159 3338 2323 3382 praetor:

1236 3381 1286 3416 ‘Si
1300 3381 1379 3426 quis
1392 3381 1533 3425 negotia
1545 3382 1702 3425 alterius,
1724 3382 1798 3418 sive
1817 3382 1896 3427 quis
1917 3382 2069 3427 negotia,
2090 3391 2182 3427 quae
2205 3380 2324 3416 cuius-

1236 3498 1296 3529 ins.
1311 3495 1347 3527 F
1456 3495 1522 3535 (11¹)
1536 3494 1727 3537 possidetur
1742 3494 1776 3526 F
1781 3494 1795 3514 ²

1238 3542 1295 3580 (13)
1318 3540 1367 3573 sic
1378 3539 1407 3572 S
1419 3551 1488 3573 cum
1500 3539 1536 3572 B
1545 3552 1556 3572 .·
1579 3542 1613 3572 et
1625 3552 1684 3572 om.
1697 3539 1732 3571 F

1899 3497 1955 3535 (12)
1982 3505 2042 3537 per
2054 3494 2244 3526 exactiones
2256 3504 2318 3525 scr.

1283 3584 1340 3624 (14)
1364 3584 1431 3616 Ed.
1445 3591 1523 3617 1...3.
1537 3592 1619 3618 5...·1.
1635 3591 1732 3618 9...15.
1747 3592 1790 3618 1¹1.
1805 3590 1933 3622 19...2s;
1947 3583 2031 3626 Pap.
2047 3589 2074 3616 s.
2088 3589 2132 3616 18.
2143 3588 2264 3616 30...38.
2276 3588 2323 3615 46.

1245 3634 1292 3666 4⁷3
1313 3627 1394 3660 Sal).
1411 3635 1891 3666 4.16.29.39...41.43...45.48;
1912 3628 1988 3669 App
2013 3633 2059 3660 42.
2072 3626 2216 3659 —Bas.
2233 3627 2285 3666 17,
2299 3633 2322 3660 1.

1235 3690 1281 3696 —
1297 3672 1347 3715 Cf
1367 3673 1445 3705 cod.
1460 3673 1492 3713 2,
1507 3681 1540 3707 19
1623 3675 1682 3714 (15)
1708 3676 1819 3705 tamen
1832 3673 1861 3704 si
1875 3671 1956 3712 quid
1969 3683 2032 3703 scr.
2115 3671 2175 3712 (16)
2199 3670 2323 3704 intrem

1237 3716 1272 3748 F
1358 3717 1415 3755 (Π)
1441 3727 1476 3749 re
1489 3718 1542 3749 F¹
1649 3719 1708 3758 (18)
1732 3717 1854 3749 habeat
1867 3716 1900 3747 F

1998 3770 2046 3803 6*
