2528 3918
211 103 352 146 XVIII
382 106 406 144 4

210 225 304 279 quod
328 225 430 260 heres
455 227 549 259 esset
561 224 583 266 ¹,
615 222 679 258 sed
712 222 807 268 quod
830 222 1035 259 vendiderit.
1073 222 1136 258 sed
1161 222 1191 258 si
1240 232 1294 257 re-

210 277 296 307 tium
320 271 371 305 rei
396 270 587 305 distractae
612 268 763 314 emptori
792 268 999 304 hereditatis
1031 267 1144 310 dedit,
1176 267 1210 303 vi
1236 277 1295 302 ea-

210 327 298 359 mus,
325 326 369 350 an
393 315 493 350 locus
518 314 563 349 sit
587 323 631 349 ex
655 313 797 349 vendito
823 313 974 349 actioni:
1001 317 1036 347 et
1059 317 1180 357 putem
1205 322 1293 347 esse.

214 365 247 397 il
300 360 380 395 Sive
411 360 487 404 ipse
510 358 672 394 venditor
695 358 832 394 dederit
855 358 987 403 aliquid
1012 368 1076 403 pro
1100 357 1297 392 hereditate

209 407 282 442 sive
306 408 518 450 procurator
542 404 617 439 eius
643 404 715 440 sive
739 403 829 439 alius
854 404 932 448 quis
956 413 1020 455 pro
1046 412 1100 445 eo,
1125 402 1210 438 dum
1234 412 1295 438 ne-

208 451 341 497 gotium
367 450 441 485 eius
464 449 564 494 gerit,
589 449 689 484 locus
714 450 781 484 erit
800 459 843 484 ex
863 448 1004 484 vendxto
1025 448 1169 490 actioni,
1194 447 1295 483 dum-

209 496 312 531 modo
338 494 471 540 aliquid
494 494 588 529 absit
611 494 786 530 venditori
817 493 1042 529 hereditatis:
1076 496 1235 528 ceterum
1267 492 1297 528 si

208 541 295 576 nihil
316 540 409 575 absit
428 539 614 582 venditori,
640 549 860 585 consequens
884 539 950 573 erit
969 538 1088 573 dicere
1108 548 1179 573 non
1200 548 1295 573 com-

211 589 250 621 12
298 588 419 631 petere
439 585 471 620 ei
492 584 679 620 actionem.
717 584 824 629 Apud
845 584 1019 618 lulianum
1040 583 1212 628 scriptum
1232 586 1297 626 est,

208 631 237 666 si
262 630 425 666 venditor
448 629 654 665 hereditatis
679 629 856 675 exceperit
880 639 1018 664 servum
1051 628 1126 664 sine
1154 628 1296 681 peculio

209 681 244 711 et
267 676 342 711 eius
367 676 508 711 nomine
531 686 611 710 cum
636 685 676 711 eo
700 675 810 710 fuerit
833 678 952 709 actum
978 673 1022 708 de
1045 673 1185 719 pecuho
1207 676 1242 709 et
1259 673 1296 708 in

208 732 282 756 rem
305 731 419 764 verso,
443 720 479 756 id
503 720 690 756 dumtaxat
714 731 794 755 eum
819 719 1000 764 consequi,
1026 718 1121 764 quod
1145 718 1295 764 praesti-

208 767 291 802 terit
314 766 390 802 eius
414 766 543 812 peculii
575 765 716 801 nomine
750 764 845 810 quod
879 768 1072 809 emptorem
1104 764 1204 817 sequi
1235 764 1294 799 de-

208 812 302 854 beat,
327 815 390 847 aut
413 811 508 856 quod
532 811 569 846 in
592 821 666 845 rem
691 809 848 845 defuncti
869 819 1008 844 versum
1030 813 1101 845 est:
1126 810 1182 844 h1s
1202 809 1295 844 enim

210 857 351 892 casibus
376 867 436 892 aes
461 857 614 891 alienum
639 855 804 900 emptoris
830 854 943 896 solvit,
969 865 1013 890 ex
1034 854 1159 890 ceteris
1179 854 1296 889 causis

214 905 250 937 13
298 912 363 938 suo
399 902 540 937 nomine
577 900 865 936 condemnetur2.
914 899 1007 944 Quid
1039 910 1121 944 ergo
1158 899 1189 935 si
1221 909 1295 935 ser-

208 958 289 983 vum
313 958 392 983 cum
416 947 555 992 peculio
582 946 760 990 exceperit
783 944 946 980 venditor
968 945 1176 980 hereditatis
1209 955 1294 980 con-

208 996 404 1038 ventusque
428 992 472 1027 de
491 992 629 1037 peculio
650 991 853 1036 praestitit?
888 990 1078 1026 Marcellus
1093 990 1181 1025 libro
1196 993 1295 1025 sexto

208 1038 424 1083 digestorum
448 1048 519 1072 non
544 1037 728 1081 repetere³
754 1046 833 1070 eum
857 1035 1018 1080 scripsit,
1044 1036 1073 1071 si
1098 1035 1202 1071 modo
1226 1035 1295 1071 hoc

208 1087 328 1119 actum
352 1086 417 1125 est,
443 1086 492 1125 ut,
519 1082 614 1127 quod
638 1080 872 1126 superfuisset
896 1091 938 1116 ex
962 1081 1114 1126 peculio,
1138 1081 1208 1116 hoc
1230 1081 1294 1115 ha-

208 1129 323 1164 beret:
361 1131 398 1163 at
428 1128 458 1163 si
490 1131 615 1163 contra
647 1130 765 1161 actum
800 1130 871 1168 est,
903 1130 1000 1161 recte
1031 1129 1192 1171 repetere
1216 1135 1295 1161 eum

208 1184 313 1219 posse
338 1174 405 1208 ait:
431 1173 460 1207 si
484 1183 566 1208 vero
591 1172 677 1206 nihil
702 1171 894 1216 expressim
917 1171 1011 1206 inter
1034 1181 1095 1207 eos
1120 1170 1295 1214 convenit,

208 1219 270 1254 sed
294 1217 537 1253 tantummodo
562 1217 691 1263 peculii
715 1216 846 1252 mentio
871 1215 970 1252 facta
995 1220 1061 1259 est,
1086 1226 1229 1252 cessare
1252 1226 1295 1252 ex

212 1267 251 1299 14
298 1264 439 1299 vendito
472 1263 647 1298 actionem
672 1266 824 1297 constat.
874 1261 911 1297 Si
934 1261 1095 1297 venditor
1118 1261 1295 1297 heredita-

208 1310 252 1344 tis
274 1309 379 1344 aedes
399 1309 465 1343 sibi
486 1308 676 1353 exceperit,
702 1318 852 1352 quarum
872 1307 1014 1342 nomine
1035 1307 1154 1343 damni
1173 1306 1296 1342 infecti

207 1355 419 1400 promissum
442 1353 580 1396 fuerat,
604 1353 753 1388 interest
776 1352 860 1405 quid
883 1353 956 1387 acti
980 1352 1044 1388 sit:
1078 1362 1161 1387 nam
1192 1352 1223 1387 si
1245 1352 1297 1387 ita

208 1400 365 1444 excepit,
397 1402 438 1434 ut
469 1398 588 1433 damni
620 1407 760 1443 quoque
790 1397 915 1433 1nfecti
939 1397 1179 1443 stipulationis
1204 1407 1295 1433 onus

208 1445 416 1486 sustineret,
450 1444 536 1478 nihil
560 1443 605 1478 ab
639 1447 797 1488 emptore
822 1452 930 1478 conse
955 1447 1118 1478 ueretur:
1151 1443 1180 1478 si
1212 1453 1294 1478 vero

207 1490 242 1524 id
266 1493 385 1525 actum
410 1489 486 1531 erit,
510 1492 551 1524 ut
575 1491 713 1533 emptor
736 1489 805 1523 hoc
829 1499 890 1523 aes
914 1498 936 1523 a
951 1488 1068 1523 'enum
1088 1488 1295 1531 exsolveret,

207 1535 253 1570 ad
272 1535 370 1570 illum
392 1545 481 1569 onus
502 1533 740 1579 stipulationis
761 1534 968 1579 pertinebit:
994 1534 1024 1569 si
1048 1544 1120 1569 non
1144 1543 1294 1579 appare-

207 1580 260 1615 bit
283 1579 368 1625 qui-d
391 1580 462 1614 acti
494 1579 559 1622 sit,
591 1579 777 1614 verisimile
809 1579 876 1614 erit
906 1578 943 1615 id
974 1582 1113 1621 actum,
1149 1582 1190 1614 ut
1220 1578 1295 1614 eius

232 1625 348 1660 uidem
372 1624 492 1660 damni
515 1624 666 1667 nomine,
692 1624 788 1669 quod
811 1627 895 1659 ante
915 1624 1151 1660 venditionem
1173 1623 1295 1659 datum

222 1671 322 1710 uerit,
347 1681 437 1705 onus
461 1669 507 1705 ad
532 1674 735 1715 emptorem,
760 1669 905 1704 alterius
929 1670 1098 1715 temporis
1123 1669 1169 1704 ad
1193 1670 1293 1705 here-

211 1720 247 1750 15
297 1715 374 1750 dem
395 1715 582 1760 pertineat.
631 1715 669 1750 Si
689 1715 804 1750 Titius
823 1715 941 1750 Maevi
960 1715 1192 1750 hereditatem
1214 1714 1294 1750 Seio

206 1760 401 1796 vendiderit
425 1765 460 1795 et
482 1771 504 1795 a
525 1760 605 1796 Seio
630 1761 732 1795 heres
755 1760 938 1795 institutus
963 1770 1041 1795 eam
1064 1760 1295 1796 hereditatem

205 1806 304 1841 Attio
317 1807 330 1827 '¹
353 1805 559 1848 vendiderit,
585 1816 631 1840 an
656 1815 698 1841 ex
722 1806 840 1851 priore
864 1805 1065 1841 venditione
1087 1806 1295 1841 hereditatis

208 1863 287 1887 cum
310 1851 409 1886 Attio
435 1851 491 1896 agi
514 1851 654 1896 possit?
690 1854 726 1886 et
745 1851 796 1885 ait
815 1851 993 1886 Iulianus:
1019 1850 1115 1896 quod
1134 1850 1296 1886 venditor

206 1896 411 1932 hereditatis
435 1900 556 1941 petere
580 1906 601 1931 a
626 1896 784 1942 quolibet
808 1904 977 1932 extraneo
1001 1895 1133 1932 herede
1156 1896 1294 1941 potuis-

206 1946 271 1984 set,
295 1941 331 1976 id
357 1942 401 1976 ab
426 1941 631 1977 hereditatis
656 1945 814 1986 emptore
839 1945 1095 1994 consequatur:
1130 1945 1165 1976 et
1199 1945 1295 1977 certe

206 1987 235 2022 si
257 1986 337 2022 Seio
362 1987 452 2021 alius
472 1986 574 2022 heres
595 1987 798 2029 exstitisset,
823 1987 994 2032 quidqmd
1014 1986 1175 2023 venditor
1194 1987 1294 2022 Mae-

208 2033 331 2067 vianae
347 2031 560 2067 “hereditatis
584 2032 725 2067 nomine
748 2032 1002 2077 praestitisset,
1026 2032 1063 2067 id
1087 2042 1130 2068 ex
1153 2031 1294 2068 vendito

207 2077 348 2113 actione
372 2077 542 2122 consequi
566 2078 611 2112 ab
636 2088 677 2112 eo
702 2077 894 2122 potuisset:
928 2088 1011 2112 nam
1036 2081 1071 2113 et
1095 2078 1126 2113 si
1151 2077 1295 2122 duplam

206 2122 357 2158 hominis
381 2133 404 2157 a
427 2122 507 2158 Seio
532 2122 722 2168 stipulatus
746 2122 893 2157 fuissem
926 2126 961 2158 et
992 2123 1024 2158 ei
1054 2123 1155 2158 heres
1187 2122 1293 2158 exsti-

206 2168 327 2203 tissem
352 2178 499 2213 eamque
522 2167 754 2203 hereditatem
780 2168 874 2203 Titio
899 2168 1153 2211 vendidissem,
1179 2168 1294 2203 evicto

210 2216 249 2248 16
294 2213 436 2248 homine
459 2223 533 2248 rem
558 2223 579 2248 a
603 2213 696 2248 Titio
722 2223 898 2248 servarem
912 2214 936 2248 ⁵.
985 2213 1022 2248 Si
1078 2213 1138 2248 uid
1162 2212 1295 2258 publici

206 2257 385 2302 vectigalis
399 2257 538 2293 nomine
550 2258 769 2303 praestiterit
788 2258 951 2294 venditor
969 2258 1053 2293 here
1078 2258 1186 2300 itatis,
1209 2268 1293 2293 con-

206 2313 357 2348 sequens
389 2303 455 2338 erit
479 2303 596 2338 dicere
620 2313 814 2348 agnoscere
839 2307 1032 2348 emptorem
1057 2305 1116 2339 et⁶
1139 2303 1208 2338 hoc
1233 2303 1292 2338 de-

205 2349 307 2383 bere:
332 2358 485 2400 namque
507 2348 721 2384 hereditaria
745 2359 855 2384 onera
879 2349 985 2384 etiam
1008 2349 1098 2384 haec
1123 2352 1216 2384 sunt.
1257 2352 1292 2383 et

205 2395 235 2428 si
265 2393 359 2428 forte
390 2394 603 2429 tributorum
636 2393 777 2429 nomine
808 2393 940 2438 aliquid
971 2393 1166 2438 dependat,
1201 2393 1293 2428 idem

212 2442 245 2473 Π
296 2438 363 2474 erit
386 2438 582 2473 dicendum.
632 2438 735 2482 Quod
759 2438 790 2473 si
812 2438 938 2473 funere
961 2438 1057 2473 facto
1082 2438 1185 2473 heres
1209 2448 1292 2473 ven-

205 2484 352 2518 didisset
373 2483 624 2526 hereditatem,
657 2493 703 2518 an
734 2483 782 2518 im
810 2493 931 2518 ensam
961 2483 1098 2518 funeris
1122 2483 1167 2518 ab
1193 2493 1291 2528 emp-

205 2533 280 2564 tore
302 2530 568 2573 consequatur?
604 2532 639 2564 et
662 2528 712 2563 ait
731 2528 786 2563 La
813 2539 853 2563 eo
879 2532 1073 2573 emptorem
1096 2528 1293 2574 impensam

206 2573 338 2609 funeris
362 2577 546 2619 praestare
569 2573 708 2617 debere,
733 2573 816 2618 quia
840 2577 875 2608 et
899 2584 952 2616 ea,
976 2574 1013 2609 in
1038 2573 1109 2616 uit,
1133 2574 1293 2619 impensa

205 2618 419 2654 hereditaria
439 2619 575 2654 esset⁷:
603 2619 703 2654 cuius
727 2619 938 2654 sententiam
963 2623 998 2654 et
1037 2619 1207 2654 avolenus
1226 2630 1291 2664 pu-

207 2666 247 2698 18
294 2668 349 2698 tat
378 2674 496 2699 veram
529 2668 564 2698 et
595 2674 658 2709 ego
692 2664 856 2699 arbitror.
907 2664 994 2699 Cum
1028 2664 1106 2709 quis
1141 2664 1294 2699 debitori

205 2719 269 2743 suo
303 2709 405 2744 heres
438 2709 588 2752 exstitit,
623 2708 832 2744 confusione
865 2709 1018 2745 creditor
1043 2719 1120 2745 esse
1145 2709 1290 2744 desinit:

205 2753 267 2788 sed
279 2753 308 2788 si
329 2753 484 2788 vendidit
503 2754 745 2797 hereditatem,
769 2765 811 2790 ae
837 2755 1018 2790 uissimum
1038 2754 1176 2790 videtur
1196 2764 1291 2799 emp-

204 2804 316 2834 torem
347 2798 552 2834 hereditatis
584 2799 696 2835 vicem
727 2800 812 2834 here
839 2800 867 2834 's
901 2799 1061 2845 optinere
1093 2803 1128 2835 et
1158 2799 1291 2835 idcirco

205 2843 316 2878 teneri
338 2843 510 2878 venditori
533 2844 750 2888 hereditatis,
775 2845 847 2880 sive
870 2855 951 2880 cum
975 2845 1124 2880 moritur
1141 2848 1293 2880 testator

205 2888 328 2924 debuit
360 2889 530 2933 (quamvis
563 2894 646 2934 post
676 2893 825 2925 mortem
858 2890 987 2925 debere
1021 2890 1125 2925 desiit
1148 2889 1246 2925 adita
1270 2900 1291 2925 a

205 2933 385 2968 venditore
409 2933 615 2972 hereditate)
643 2935 714 2970 sive
739 2935 822 2980 quid
845 2935 882 2970 iu
907 2935 998 2971 diem
1023 2935 1196 2970 debeatur
1218 2935 1291 2971 sive

205 2979 271 3014 sub
297 2978 503 3030 condicione
528 2984 563 3014 et
586 2984 712 3031 postea
737 2980 897 3016 condicio
923 2980 1136 3023 exstitisset,
1160 2980 1211 3015 ita
1234 2983 1288 3014 ta·

205 3034 303 3066 men,
334 3033 364 3059 si
389 3033 463 3058 elus
488 3023 595 3058 debiti
620 3025 789 3060 adversus
813 3025 977 3060 heredem
1003 3025 1097 3061 actio
1123 3035 1200 3060 esse
1224 3035 1288 3070 po-

203 3073 315 3110 terat,
339 3078 384 3103 ne
407 3067 499 3103 forte
525 3070 627 3104 ctiam
654 3081 695 3105 ex
719 3071 773 3105 his
799 3071 936 3113 causis,
970 3081 1013 3106 ex
1045 3071 1173 3116 quibus
1209 3081 1289 3105 cum

209 3117 247 3149 19
294 3113 423 3148 herede
447 3113 540 3148 actio
567 3125 636 3149 non
662 3119 733 3158 est,
768 3126 849 3151 cum
875 3119 1033 3161 emptore
1057 3119 1192 3160 agatur.
1240 3115 1289 3150 Et

204 3159 234 3194 si
258 3158 444 3194 servitutes
469 3159 586 3193 amisit
609 3160 710 3195 heres
734 3161 919 3196 institutus
951 3160 1049 3196 adita
1080 3160 1287 3203 hereditate,

204 3214 246 3239 ex
277 3203 418 3239 vendito
448 3204 580 3248 poterit
612 3206 762 3249 experiri
796 3205 966 3241 adversus
1002 3209 1214 3250 emptorem,
1250 3209 1290 3240 ut

205 3252 248 3284 20
294 3248 481 3284 servitutes
506 3249 536 3283 ei
561 3250 804 3286 restituantur.
853 3250 923 3286 Sed
947 3254 983 3286 et
1005 3251 1034 3286 si
1059 3250 1143 3303 quid
1167 3250 1287 3286 vendi-

203 3298 261 3330 tor
282 3292 440 3329 nondum
463 3294 696 3338 praestiterit,
730 3295 790 3330 sed
823 3306 965 3348 quoquo
989 3306 1130 3331 nomme
1154 3295 1287 3340 obliga-

203 3344 262 3374 tus
286 3339 332 3374 sit
354 3342 500 3384 propter
523 3339 772 3382 hereditatem,
806 3341 915 3376 nihilo
948 3341 1064 3376 minus
1095 3350 1200 3385 agere
1222 3350 1286 3385 po·

203 3388 274 3419 test
298 3394 378 3419 cum
404 3387 574 3428 emptore.

249 3426 273 3466 3
299 3428 528 3464 POMPONIUS
546 3428 637 3464 libro
662 3429 848 3465 vicensimo
872 3431 1023 3476 septimo
1047 3430 1098 3466 ad
1114 3429 1287 3466 Sabinum

203 3474 239 3509 Si
264 3473 426 3509 venditor
448 3473 654 3508 hereditatis
679 3477 840 3508 exactam
876 3475 1063 3519 pecuniam
1096 3475 1171 3511 siue
1204 3474 1286 3510 dolo

203 3589 242 3628 (ι)
270 3588 363 3619 heres
377 3590 480 3619 scsset
495 3587 525 3619 F
620 3590 662 3627 (2)
689 3586 929 3620 condemnatur
943 3589 1017 3622 den⁴

1124 3590 1167 3630 (3)
1191 3589 1240 3622 εἰσ
1252 3588 1289 3631 S,

203 3638 318 3674 petere
334 3633 363 3665 F
508 3634 548 3672 (4)
574 3631 764 3674 sempronio
778 3633 835 3665 ins.
855 3632 901 3664 F¹

203 3681 246 3714 (6)
272 3677 300 3709 ei
323 3678 352 3709 F
451 3679 494 3718 (τ)
519 3687 588 3709 esse
603 3677 636 3709 F
737 3680 780 3717 (s)
807 3677 1011 3709 venditorem
1028 3680 1085 3711 ins.
1188 3680 1233 3720 (9)
1258 3681 1292 3711 et

203 3723 252 3755 bis
268 3721 298 3753 F
364 3723 424 3762 (lo)
452 3726 486 3753 ut
501 3722 643 3764 semptio
657 3722 690 3754 F
761 3723 815 3763 (ll)
841 3733 904 3755 non
920 3722 957 3763 S,
973 3736 1028 3755 om.
1044 3724 1077 3756 F
1149 3725 1208 3764 (12)
1235 3723 1289 3755 de—

1291 96 1375 146 238

1054 3635 1096 3675 (5)
1122 3633 1297 3667 servareF
1361 3632 1602 3665 molumcntum
1618 3632 1649 3665 F'

1365 221 1458 257 malo
1484 225 1519 257 et
1543 222 1651 269 culpa
1673 222 1906 269 perdidisset,
1938 233 2011 259 non
2043 223 2162 269 placet
2193 234 2273 260 eum
2306 226 2454 271 emptori
2485 225 2487 258 J

1366 266 1490 302 teneri.

1411 310 1436 349 4
1468 311 1662 348 ΠιΡιΑΝσε
1689 312 1779 349 libro
1812 313 2019 360 triqensz'mo
2050 313 2207 350 secundo
2230 313 2281 350 ad
2302 314 2453 351 edictum
2481 315 2484 318 ⁴

1366 356 1402 391 Si
1426 367 1555 392 nomen
1577 357 1625 393 sit
1647 357 1876 401 distractum,
1902 357 2026 393 Celsus
2049 358 2141 395 libro
2173 369 2268 396 nono
2301 359 2335 395 di
2359 363 2452 396 esto-

1366 412 1444 437 rum
1479 402 1603 438 scribit
1631 402 1846 448 locupletem
1877 413 1956 439 esse
1991 403 2185 439 debitorem
2218 415 2290 440 non
2351 405 2455 441 ebere

1365 451 1549 527 pgzeztarme
1559 447 1583 490 ⁸,
1605 447 1800 484 debitorem
1821 452 1939 484 autem
1959 459 2037 484 esse
2057 453 2251 495 praestare,
2271 449 2340 486 nisi
2359 450 2454 486 aliud

1532 519 1541 534 ⁹

1412 536 1436 574 5
1462 536 1518 572 ΡΑ
1526 547 1621 573 obes
1648 537 1740 574 libro
1773 539 1980 585 triqensimo
2012 540 2116 574 tertio
2148 540 2198 575 ad
2219 540 2372 576 edictum
2419 545 2454 576 et
2499 547 2517 580 -ζ

1367 582 1508 627 quidem
1531 582 1607 618 sine
1638 583 1847 628 exceptione
1877 594 2037 629 quoque,
2070 584 2138 620 nisi
2168 584 2207 620 in
2238 585 2453 621 contrarium

1366 631 1486 663 actum
1510 627 1567 664 sit.
1603 627 1666 664 sed
1689 628 1720 664 si
1744 632 1863 664 certae
1887 639 2046 664 summae
2077 629 2215 666 debitor
2246 630 2364 666 dictus
2395 631 2452 674 sit,

1365 673 1403 707 in
1419 683 1497 708 eam
1513 683 1686 709 summam
1705 677 1847 709 tenetur
1866 673 2047 709 venditor:
2067 675 2098 710 si
2116 675 2274 711 incertae
2288 676 2348 711 et⁹
2367 676 2453 711 nihil
2490 709 2492 711 .

1367 718 1505 760 debeat,
1530 718 1653 763 quanti
1676 719 1817 754 intersit
1841 719 2021 764 emptoris.

1412 760 1436 800 6
1461 763 1569 799 IDEM
1587 763 1677 799 libro
1702 765 1826 810 quinto
1852 765 2102 810 quaestionum
2148 764 2314 810 Emptori
2337 766 2450 801 nomi·

1365 807 1420 844 nis
1433 808 1538 843 etiam
1550 809 1706 854 pignoris
1725 809 1929 862 persecutio
1949 809 2125 862 praestari
2146 810 2250 846 debet
2271 810 2346 846 eius
2366 822 2453 863 quo·
2514 823 2518 827 ·

1366 864 1454 899 que,
1486 853 1582 906 quod
1604 858 1730 899 postea
1752 854 1915 890 vendltor
1939 859 2095 900 accepit:
2129 865 2213 891 nam
2243 856 2454 891 beneficium

1365 899 1557 934 venditoris
1581 899 1728 944 prodest
1750 900 1910 945 emptori.

1412 942 1435 981 7
1471 943 1576 979 Imm
1604 944 1694 980 libro
1726 950 1857 990 quarto
1889 945 2025 981 decimo
2057 944 2108 980 ad
2136 945 2319 981 Plautium
2367 946 2455 981 Cum
2497 946 2520 958 ¹·

1365 989 1599 1025 hereditatem
1623 989 1750 1035 aliquis
1775 990 1945 1032 vendidit,
1971 1000 2049 1025 esse
2072 989 2178 1026 debet
2200 991 2390 1034 hereditas,
2415 995 2456 1026 ut

1365 1034 1412 1070 sit
1436 1045 1489 1070 ern
1516 1034 1566 1069 tio
1583 1036 1628 1070 ¹⁰:
1659 1044 1726 1070 nec
1750 1035 1843 1071 enim
1867 1035 1945 1070 alea
1969 1035 2113 1078 emitur,
2145 1038 2186 1071 ut
2207 1036 2245 1071 in
2268 1037 2455 1072 venatione
2490 1055 2492 1057 ·

1366 1083 1402 1115 et
1422 1080 1486 1115 sim
1517 1079 1606 1122 'bus,
1630 1080 1693 1115 sed
1716 1091 1794 1116 res:
1820 1090 1912 1126 quae
1935 1080 1966 1116 si
1990 1091 2062 1116 non
2086 1085 2150 1123 est,
2175 1092 2247 1117 non
2261 1083 2288 1103 ¹¹
2313 1087 2453 1117 contra-

1364 1125 1461 1160 hitur
1485 1125 1615 1170 emptio
1641 1129 1677 1161 et
1698 1125 1778 1161 ideo
1803 1125 1955 1171 pretium
1980 1125 2197 1162 condicetur.

1411 1167 1436 1208 8
1461 1170 1507 1205 ΙΑ
1517 1179 1686 1206 νοιΕΝσε
1714 1171 1805 1207 libro
1836 1171 1994 1207 secundo
2024 1181 2074 1207 ex
2097 1170 2244 1207 Plautio
2290 1171 2393 1216 Quod
2425 1173 2454 1208 si
2505 1175 2514 1202 ἒ

1365 1216 1462 1251 nulla
1496 1215 1674 1251 hereditas
1710 1216 1757 1251 ad
1791 1216 2007 1251 venditorem
2049 1217 2239 1261 pertinuit,
2283 1222 2454 1263 quantum

1366 1260 1516 1307 emptori
1550 1265 1734 1305 praestare
1770 1261 1893 1296 debuit
1906 1261 1951 1303 ¹²,
1982 1261 2034 1296 ita
2066 1261 2234 1307 distingui
2265 1263 2454 1307 oportebit,

1365 1310 1423 1348 ut,
1448 1306 1479 1341 si
1503 1309 1557 1341 est
1581 1306 1720 1351 quidem
1745 1307 1865 1352 aliqua
1887 1306 2084 1350 hereditas,
2117 1307 2180 1342 sed
2213 1307 2259 1342 ad
2291 1308 2448 1344 vendito-

1364 1361 1438 1387 rem
1461 1362 1534 1386 non
1557 1351 1729 1396 pertinet,
1762 1352 1841 1397 ipsa
1865 1352 2088 1395 aestimetur,
2121 1352 2152 1387 si
2183 1353 2281 1388 nulla
2305 1357 2378 1396 est,
2411 1353 2455 1389 de

1365 1407 1436 1442 qua
1460 1400 1578 1432 actum
1603 1396 1784 1440 videatur,
1808 1399 1961 1442 pretium
1986 1397 2171 1432 dumtaxat
2195 1401 2231 1433 et
2253 1398 2284 1434 si
2307 1398 2392 1444 quid
2414 1398 2450 1433 in

1366 1452 1454 1522 eamt
1475 1452 1549 1477 rem
1580 1442 1780 1487 impensum
1813 1446 1868 1478 est
1899 1445 2037 1488 emptor
2068 1453 2091 1478 a
2121 1443 2304 1480 venditore
2328 1454 2452 1480 conse-

1390 1498 1437 1522 ua
1454 1498 1497 1522 ur

1366 1498 1388 1532 q
1412 1530 1437 1570 9
1462 1532 1518 1567 ΡΑ
1527 1542 1620 1568 nos
1642 1532 1732 1568 libro
1757 1533 1939 1580 triqesimo
1964 1534 2068 1569 tertio
2092 1533 2143 1569 ad
2165 1534 2318 1570 edictum
2366 1539 2400 1570 et
2424 1536 2452 1571 si

1365 1578 1449 1624 quid
1473 1577 1642 1623 emptoris
1666 1578 1825 1625 interest.

1414 1621 1464 1661 10
1489 1623 1535 1658 ΙΑ
1544 1632 1714 1659 vozmws
1733 1623 1823 1659 libro
1845 1622 2002 1659 secundo
2026 1634 2076 1659 ex
2098 1623 2244 1660 Plautio
2290 1624 2393 1669 Quod
2424 1625 2454 1661 si

1364 1668 1400 1704 in
1418 1668 1620 1704 venditione
1631 1668 1838 1704 hereditatis
1851 1668 1887 1703 id
1907 1671 2027 1703 actum
2047 1672 2111 1711 est,
2126 1669 2156 1704 si
2168 1670 2252 1715 quid
2263 1670 2348 1705 iuris
2362 1674 2455 1706 esset

1363 1713 1575 1757 venditoris,
1606 1714 1726 1749 venire
1741 1714 1768 1735 ¹³
1798 1724 1864 1749 nec
1895 1717 2022 1759 postea
2056 1714 2244 1760 quicquam
2278 1716 2453 1760 praestitu

1363 1759 1424 1794 iri:
1450 1759 1610 1804 quamvis
1634 1758 1680 1794 ad
1703 1758 1920 1795 venditorem
1940 1759 2119 1795 hereditas
2140 1770 2211 1795 non
2231 1761 2452 1806 pertinuerit,

1364 1804 1451 1840 nihil
1482 1808 1603 1840 tamen
1633 1814 1675 1840 eo
1689 1805 1716 1826 ¹⁴
1747 1804 2009 1849 praestabitur,
2045 1804 2128 1850 quia
2157 1805 2194 1840 id
2225 1810 2345 1841 actum
2377 1816 2454 1842 esse

1785 113 1847 144 DE
1875 113 2042 144 HERED.
2073 113 2160 144 VEL
2189 114 2287 146 ACT-
2316 111 2474 148 vum).

1365 1849 1592 1885 manifestum
1627 1853 1700 1892 est,
1737 1854 1777 1884 ut
1812 1849 2106 1895 quemadmodum
2142 1850 2413 1886 emolumentum
2426 1853 2454 1872 ¹⁵
2495 1854 2509 1879 ’τ’

1365 1895 1633 1977 ιιεῗοιίιιῐίοιιίε,
1666 1895 1717 1930 ita
1740 1895 1936 1948 periculum
1958 1895 2006 1948 ad
2030 1899 2223 1940 emptorem
2246 1896 2450 1949 pertineret.
2495 1927 2498 1931 .

1444 1939 1459 1977 1
1497 1939 1692 1976 Urmzws
1719 1940 1810 1976 lzbro
1835 1943 2020 1986 trzqeszmo
2043 1940 2201 1976 secundo
2226 1941 2276 1976 ad
2298 1941 2449 1977 edwium
2498 1955 2504 1992 ,ss

1364 1985 1457 2020 Nam
1489 1986 1558 2021 hoc
1590 1985 1694 2021 modo
1727 1985 1926 2021 admittitur
1957 1995 2035 2021 esse
2057 1985 2292 2022 venditionem
2319 1986 2359 2022 ‘si
2382 1997 2453 2032 qua

1365 2031 1424 2066 ‘sit
1447 2030 1643 2074 hereditas,
1669 2035 1724 2066 est
1746 2030 1811 2065 tibi
1835 2031 1977 2076 empta',
2009 2034 2043 2066 et
2075 2031 2178 2076 quasi
2210 2042 2291 2076 spes
2315 2032 2451 2067 heredi-

1365 2076 1468 2111 tatis:
1493 2076 1500 2083 '
1529 2087 1607 2111 sum
1621 2076 1712 2112 enim
1725 2075 1899 2111 incertum
1918 2076 1970 2111 rei
1989 2080 2125 2119 veneat,
2146 2080 2185 2112 ut
2204 2077 2240 2111 in
2261 2077 2397 2112 retibus
2411 2078 2448 2112 ¹⁶.
2499 2087 2502 2089 ’

1414 2119 1464 2158 12

1523 2131 1616 2157 AIUs
1632 2122 1723 2158 libro
1743 2121 1879 2157 decimo
1893 2120 1943 2156 ad
1953 2121 2105 2157 edictum
2110 2122 2340 2167 provinciale
2373 2122 2451 2158 Hoc

1365 2170 1483 2202 autem
1507 2166 1558 2202 sic
1581 2166 1854 2211 intellegendum
1880 2170 1952 2209 est,
1984 2166 2052 2201 nisi
2084 2167 2201 2202 sciens
2232 2167 2278 2202 ad
2311 2177 2350 2203 se
2380 2178 2451 2203 non
2500 2175 2510 2207 g

1364 2212 1542 2257 pertinere
1565 2212 1616 2246 ita
1639 2211 1854 2247 vendiderit:
1880 2221 1963 2246 nam
1986 2214 2073 2247 tunc
2098 2222 2141 2247 ex
2161 2211 2241 2247 dolo
2261 2212 2450 2248 tenebitur.
2498 2217 2510 2242 ἱ,

1413 2254 1463 2294 13
1490 2256 1546 2292 ΡΑ
1555 2267 1598 2292 UL
1606 2266 1650 2293 vs
1666 2257 1758 2292 libro
1779 2260 1910 2302 quarto
1923 2256 2059 2292 decimo
2072 2257 2122 2292 ad
2132 2256 2315 2292 Plautium
2349 2257 2451 2302 Quod

1365 2303 1394 2338 si
1418 2302 1465 2337 sit
1487 2302 1667 2337 hereditas
1692 2305 1728 2337 et
1751 2302 1781 2337 si
1805 2312 1878 2336 non
1909 2301 1961 2336 ita
1993 2302 2176 2344 convenit,
2209 2306 2251 2337 ut
2306 2303 2366 2338 uid
2392 2302 2450 2338 uid

1363 2347 1449 2382 iuris
1473 2347 1622 2382 haberet
1645 2347 1806 2382 venditor
1832 2350 1970 2391 emptor
1992 2346 2151 2389 haberet,
2176 2351 2262 2382 tunc
2313 2358 2350 2383 er

2397 2358 2450 2383 em
2499 2355 2505 2387 Ῑ,

1359 2402 1402 2430 se
1426 2402 1504 2427 esse
1527 2395 1712 2436 praestare
1744 2391 1870 2427 debet:
1901 2391 1962 2427 illo
1994 2401 2077 2428 vero
2110 2391 2248 2428 adiecto
2280 2393 2452 2428 liberatur

1363 2436 1537 2479 venditor,
1562 2437 1592 2472 si
1616 2436 1661 2471 ad
1685 2446 1766 2472 eum
1789 2436 1967 2471 hereditas
1993 2447 2066 2472 non
2089 2437 2276 2482 pertineat.

1411 2479 1462 2519 14
1495 2481 1600 2517 IDEM
1633 2482 1723 2517 libro
1757 2483 1938 2528 triqesimo
1971 2483 2074 2518 tertio
2106 2482 2156 2518 ad
2185 2482 2336 2518 edictum
2383 2483 2450 2528 Qui
2499 2472 2512 2506 Ᾰ

1363 2526 1425 2562 filii
1449 2526 1601 2562 familias
1626 2527 1770 2562 nomina
1792 2526 1967 2570 vendidit,
2000 2527 2158 2563 actiones

1366 2576 1379 2607 1
1432 2583 1511 2607 cum
1543 2575 1646 2617 patre
1676 2572 1786 2607 habet
1818 2576 2002 2617 praestare
2034 2572 2150 2608 debet.

1363 2617 1519 2660 venierit,
1532 2617 1694 2652 venditor
1704 2628 1759 2653 res
1771 2617 2003 2653 hereditarias
2016 2617 2158 2653 tradere
2171 2617 2295 2653 debet:
2316 2622 2450 2663 quanta

1363 2666 1481 2698 autem
1504 2662 1683 2698 hereditas
1708 2667 1773 2705 est,
1797 2662 1884 2698 nihil
1907 2663 2065 2705 interest,

1411 2707 1460 2745 15
1489 2708 1613 2744 Gams
1629 2707 1720 2743 libro
1742 2708 1878 2743 decimo
1900 2707 1951 2743 ad
1961 2707 2113 2743 edictum
2120 2707 2348 2754 provinciale
2381 2708 2448 2743 nisi

1362 2753 1405 2788 de
1429 2753 1631 2788 substantia
1655 2753 1730 2788 eius
1755 2752 2004 2788 adfirmaverit.

1411 2796 1461 2835 16
1487 2797 1543 2833 PA
1552 2807 1646 2833 ULUS
1674 2798 1765 2834 libro
1798 2798 1979 2844 triqesimo
2012 2798 2115 2833 tertio
2140 2797 2189 2833 ad
2211 2797 2364 2834 edictum
2411 2797 2447 2833 Si

1362 2843 1462 2888 quasi
1486 2843 1589 2878 heres
1613 2842 1811 2878 vendideris
1834 2842 2087 2885 hereditatem,
2122 2853 2203 2878 cum
2234 2842 2300 2878 tibi
2323 2852 2367 2878 ex
2391 2853 2445 2878 se-

1362 2893 1466 2924 natus
1491 2888 1653 2924 consulto
1667 2889 1693 2910 ¹⁷
1714 2887 1937 2923 Trebelliano
1959 2888 2126 2923 restituta
2145 2891 2239 2923 esset
2258 2888 2445 2931 hereditas,

1361 2934 1485 2979 quanti
1509 2932 1676 2978 emptoris
1699 2932 1838 2968 intersit
1861 2933 2049 2968 teneberis.

2190 2538 2330 2608 ιὲιιοῖὶιιθ
2384 2539 2450 2581 uas

2225 2584 2236 2608 1
2298 2583 2356 2608 ere
2394 2577 2449 2609 tas

1409 2977 1458 3016 17
1491 2977 1686 3014 Urmzws
1712 2978 1803 3013 libro
1836 2978 2113 3030 qqcadraqesz‘mo
2146 2978 2250 3013 tertio
2281 2978 2332 3013 ad
2353 2978 2444 3014 edic-

1361 3027 1433 3059 tum
1480 3022 1635 3059 Nomina
1658 3032 1791 3066 eorum,

1840 3034 1877 3058 ιιι
1900 3023 1966 3058 sub
1992 3023 2199 3058 condicione
2222 3022 2276 3058 vel
2295 3023 2333 3058 in
2354 3022 2445 3058 diem

1361 3069 1500 3111 debent,
1524 3071 1559 3103 et
1578 3077 1694 3103 emere
1714 3072 1749 3103 et
1762 3078 1827 3103 ven
1854 3078 1912 3103 ere
1932 3068 2103 3104 solemus:
2126 3077 2169 3103 ea
2189 3068 2282 3104 enim
2301 3078 2359 3103 res
2380 3072 2443 3110 est,
2506 3074 2525 3079 ’·

1360 3124 1451 3159 quae
1476 3113 1542 3149 emi
1559 3113 1587 3133 ¹⁸
1611 3116 1646 3147 et
1669 3113 1787 3148 venire
1810 3117 1939 3158 potest.

1408 3156 1458 3197 18
1483 3158 1675 3194 Ivtmmss
1703 3158 1793 3194 libro
1826 3159 1952 3204 quinto
1983 3157 2119 3194 decimo
2143 3158 2361 3205 diqestorum
2408 3157 2444 3193 Si

1360 3214 1402 3238 ex
1426 3203 1588 3256 pluribus
1612 3203 1802 3256 heredibus
1826 3213 1930 3246 uuus,
1956 3206 2147 3248 antequam
2172 3203 2280 3239 ceteri
2304 3202 2443 3238 adirent
2499 3233 2502 3235 Α

1358 3248 2445 3335 tetzdtffss‘gffmaffimssffieessssat⁸321331‘53t3‘232331‘35fi2

1359 3349 1424 3374 nec
1441 3348 1464 3374 a
1484 3337 1718 3374 coheredibus
1734 3339 1807 3374 suis
1827 3341 1973 3384 propter
1995 3342 2185 3383 egestatem
2205 3348 2325 3374 eorum
2345 3338 2442 3383 quic·
2504 3341 2525 3370 s‘.

1359 3394 1463 3428 quam
1489 3392 1630 3419 servare
1653 3384 1793 3429 poterit,
1819 3394 1898 3418 cum
1924 3387 2083 3428 emptore
2103 3383 2308 3418 hereditatis
2327 3383 2380 3418 vel
2401 3393 2442 3418 ex
2495 3384 2498 3385 ⁷
2523 3371 2525 3375 ¹

1358 3429 1530 3481 stipulatu
1563 3427 1617 3480 vel
1654 3438 1696 3464 ex
1731 3428 1891 3480 vendito·
1910 3433 2007 3463 recte
2042 3428 2261 3473 experietur:
2304 3437 2440 3480 omnem

1358 3484 1449 3509 emm
1482 3483 1670 3519 pecumam
1701 3473 1915 3509 hereditario
1947 3473 2090 3509 nomine
2122 3472 2242 3508 datam
2266 3483 2307 3509 eo
2331 3482 2440 3508 mam-

1360 3586 1436 3619 beat
1450 3588 1522 3621 edd.
1593 3590 1651 3630 (13)
1675 3587 1798 3620 vereF
1859 3587 1916 3628 (ιιι)
1941 3587 2076 3620 nomine
2089 3588 2148 3621 ins.
2163 3588 2237 3620 dett.

1362 3677 1525 3709 incertum
1542 3678 1590 3710 rei
1604 3681 1722 3710 veneat
1733 3677 1818 3710 utin
1833 3677 1895 3709 reti
1909 3678 2017 3717 (retiis
2030 3678 2064 3710 F
2075 3676 2097 3714 ¹)
2111 3686 2172 3708 scr.
2277 3676 2336 3717 (17)
2359 3681 2438 3709 ⁸01?-

1364 3721 1445 3754 sulti
1458 3722 1490 3754 F
1578 3724 1636 3763 (¹8)
1662 3722 1762 3755 emite
1774 3723 1808 3755 F

1745 3633 1806 3673 (ie)
1830 3635 1869 3664 ut
1882 3632 1977 3673 quasi
1991 3642 2066 3674 spes
2077 3631 2274 3665 hereditatis
2286 3588 2438 3673 cygno&
2497 3638 2522 3655 ὁ

2499 3400 2525 3445 ςὶΪῑ

2497 3445 2525 3475 ’Ἠ

2493 3511 2526 3583 s

2486 3752 2508 3769 vv·

2495 3588 2525 3640 ,i

2491 3706 2525 3788 s}
