2528 3918
116 146 177 178 DE
207 145 365 179 OPERIS
391 144 504 178 Novl
534 142 839 176 NUNTIATIONE

1189 126 1270 174 591

2048 129 2299 173 XXXVIIII
2334 133 2351 172 1

799 347 809 368 ¹
825 352 1004 403 LIBER
1043 351 1400 403 TRIGESIMUS
1440 351 1647 402 NONUS.

630 481 686 522 1².

292 549 354 582 DE
378 548 538 582 OPERIS
562 547 673 581 NOVI
698 548 1025 581 NUNTIATIONE.

167 616 184 653 1
219 615 411 651 ULPIANUS
424 614 514 649 libro
530 614 853 660 quinquaqensimo
870 614 1026 650 secundo
1044 613 1093 649 ad
1108 613 1201 649 edic-

119 667 191 696 tum
236 660 315 695 Hoc
346 659 462 694 edicto
493 659 728 704 promittitur,
762 663 819 702 ut,
852 660 925 694 sive
947 660 1026 695 iure
1051 659 1123 694 sive
1146 659 1200 693 in-

116 706 206 740 iuria
224 715 313 749 opus
331 703 444 746 fieret,
465 714 529 755 per
547 704 806 740 nuntiationem
823 705 1055 746 inhiberetur,
1075 703 1202 739 deinde

116 750 353 785 remitteretur
370 749 563 794 prohibitio
582 750 767 792 hactenus,
793 755 968 795 quatenus
987 748 1201 795 prohibendi

119 799 131 829 1
181 795 237 829 ius
267 794 298 829 is
332 794 392 839 qui
423 795 624 830 nuntiasset
655 806 726 831 non
755 795 915 830 haberet.
967 796 1048 830 Hoc
1081 798 1200 829 autem

115 840 268 874 edictum
292 839 556 883 remediumque
581 840 697 885 operis
722 841 803 876 novi
822 840 1054 875 nuntiationis
1075 840 1199 875 adver-

114 896 175 920 sus
207 884 330 919 futura
361 895 470 929 opera
492 885 679 920 inductum
703 890 773 928 est,
805 897 878 921 non
902 886 1070 921 adversus
1095 895 1199 930 prae-

114 930 229 972 terita,
254 930 323 965 hoc
347 934 402 965 est
425 930 594 966 adversus
619 941 662 966 ea
686 941 777 976 quae
801 931 959 966 nondum
982 931 1082 966 facta
1106 934 1199 971 sunt,

115 986 157 1009 ne
181 975 288 1010 fiant:
314 986 396 1009 nam
417 975 447 1010 si
468 975 552 1020 quid
573 976 689 1020 operis
710 976 818 1012 fuerit
836 976 983 1019 factum,
1010 975 1104 1020 quod
1123 974 1201 1010 fieri

114 1031 185 1054 non
208 1020 341 1064 debuit,
367 1026 484 1055 cessat
502 1021 655 1056 edictum
676 1021 720 1056 de
740 1021 857 1066 operis
878 1022 960 1057 novi
978 1021 1200 1056 nuntiatione

114 1069 149 1099 et
167 1066 233 1100 erit
251 1065 509 1101 transeundum
527 1066 572 1100 ad
593 1067 820 1102 interdictum
845 1067 953 1112 ‘quod
973 1067 1007 1102 vi
1027 1070 1090 1101 aut
1109 1066 1199 1100 clam

114 1110 259 1145 ‘factum
289 1111 356 1146 erit
385 1115 426 1145 ut
448 1111 682 1154 restituatur',
715 1116 751 1147 et
783 1112 889 1157 ‘quod
918 1113 954 1147 in
985 1113 1064 1147 loco
1097 1121 1199 1146 sacro

114 1155 346 1200 ‘religiosove‘
365 1160 400 1191 et
420 1157 528 1201 ‘quod
542 1157 580 1191 in
596 1157 741 1193 flumine
757 1158 901 1210 publico
918 1157 1039 1202 ripave
1056 1157 1201 1202 publica

114 1200 262 1236 ‘factum
285 1201 383 1236 erit’:
408 1212 491 1236 nam
514 1202 569 1238 his
594 1202 792 1238 interdictis
817 1204 1035 1246 restituetur,
1062 1202 1092 1237 si
1116 1201 1201 1247 quid

114 1250 132 1280 2
180 1246 301 1282 illicite
324 1246 462 1282 factum
486 1252 550 1282 est.
598 1248 784 1283 Nuntiatio
819 1259 862 1283 ex
893 1249 963 1284 hoc
987 1247 1103 1284 edicto
1128 1258 1201 1282 non

113 1292 220 1326 habet
244 1292 483 1327 necessariam
505 1293 683 1337 praetoris
716 1293 926 1329 aditionem:
959 1296 1079 1339 potest
1108 1292 1201 1328 enim

114 1342 132 1371 3
180 1338 346 1372 nuntiare
377 1338 455 1382 quis
488 1342 524 1372 et
550 1338 581 1373 si
606 1349 686 1374 eum
710 1350 783 1374 non
807 1339 946 1374 adierit.
993 1338 1084 1374 Item
1108 1349 1198 1372 nun-

112 1381 293 1417 tiationem
325 1385 362 1417 et
391 1386 514 1418 nostro
547 1387 583 1418 et
614 1384 730 1419 alieno
763 1384 905 1420 nomine
928 1383 1049 1419 facere
1072 1394 1200 1428 possu-

113 1430 133 1461 4
179 1438 268 1462 mus.
316 1427 406 1464 Item
430 1428 604 1463 nuntiatio
631 1429 794 1464 omnibus
820 1430 944 1464 diebus
968 1428 1046 1464 fieri
1069 1432 1200 1474 potest.

113 1476 131 1506 5
178 1472 229 1507 Et
246 1472 415 1508 adversus
435 1474 600 1509 absentes
619 1474 727 1509 etiam
745 1478 781 1510 et
796 1475 924 1510 invitos
944 1479 980 1510 et
995 1475 1201 1519 ignorantes

113 1521 132 1551 6
180 1519 297 1563 operis
322 1519 403 1553 novi
428 1519 604 1554 nuntiatio
629 1520 801 1565 procedit.
849 1520 916 1554 In³
940 1520 1058 1565 operis
1083 1524 1202 1554 autem

112 1563 193 1598 novi
223 1564 445 1598 nuntiatione
480 1574 723 1609 possessorem
759 1564 1003 1600 adversarium
1037 1565 1201 1600 facimus.

113 1610 130 1642 7
179 1608 250 1644 Sed
278 1609 309 1644 si
336 1608 387 1652 is,
421 1608 480 1644 cui
510 1620 600 1655 opus
630 1621 761 1645 novum
785 1610 989 1646 nuntiatum
1014 1614 1088 1653 est,
1119 1613 1202 1645 ante

112 1654 353 1689 remissionem
377 1654 632 1698 aedificaverit,
666 1656 793 1691 deinde
826 1657 984 1701 coeperit
1012 1666 1118 1701 agere
1146 1656 1202 1691 ius

112 1699 180 1736 sibi
203 1709 281 1734 esse
303 1699 355 1734 ita
379 1699 606 1735 aedificatum
628 1701 772 1743 habere,
799 1707 944 1746 praetor
968 1702 1147 1737 actionem
1172 1700 1203 1735 ei

112 1754 241 1789 negare
273 1744 379 1780 debet
410 1749 446 1780 et
475 1746 701 1781 interdictum
730 1747 767 1781 in
793 1758 873 1781 eum
897 1747 942 1782 de
966 1756 1074 1791 opere
1097 1746 1201 1781 resti-

113 1793 132 1824 8
180 1790 312 1824 tuendo
337 1790 495 1825 reddere.
533 1790 658 1827 Potest
676 1795 796 1827 autem
816 1792 896 1837 quis
913 1792 1079 1827 nuntiare
1096 1791 1203 1827 etiam

114 1838 132 1870 9
179 1835 365 1879 ignorans,
391 1835 476 1880 quid
499 1846 589 1888 opus
613 1836 726 1872 fieret.
774 1837 824 1871 Et
847 1839 954 1882 post⁴
978 1837 1096 1882 operis
1121 1836 1203 1872 novi

112 1881 372 1916 nuntiationem
413 1885 638 1916 commlttunt
679 1893 717 1917 se
759 1882 956 1927 litigatores
999 1882 1203 1927 praetoriae

116 1930 155 1960 10
202 1926 448 1961 iurisdictioni.
497 1926 584 1962 Inde
614 1927 798 1972 quaeritur
822 1928 919 1972 apud
944 1928 1085 1963 Celsum
1108 1927 1201 1962 libro

114 1970 321 2007 duodecimo
347 1971 582 2016 digestorum,
616 1972 647 2008 si
675 1977 759 2017 post
789 1984 879 2017 opus
905 1984 1034 2008 novum
1057 1972 1201 2007 nuntia-

112 2021 187 2051 tum
212 2017 399 2052 conveniat
421 2017 487 2052 tibi
513 2028 592 2052 cum
616 2017 840 2060 adversario,
872 2022 913 2054 ut
936 2029 1027 2063 opus
1050 2018 1201 2059 faceres,

112 2072 159 2096 an
190 2061 308 2096 danda
337 2062 382 2097 sit
415 2063 659 2098 conventionis
691 2064 880 2108 exceptio?
928 2068 963 2098 et
995 2064 1046 2098 ait
1078 2063 1202 2098 Celsus

113 2107 283 2148 dandam,
315 2117 381 2142 nec
406 2117 485 2143 esse
508 2108 724 2152 periculum,
756 2119 800 2143 ne
832 2109 951 2153 pactio
983 2109 1203 2154 privatorum

111 2153 223 2186 iussui
246 2153 422 2196 praetoris
447 2153 650 2197 anteposita
673 2154 853 2189 videatur:
880 2154 965 2199 quid
989 2155 1081 2189 enim
1106 2153 1203 2188 aliud

112 2197 241 2249 agebat
275 2201 420 2242 praetor
452 2209 556 2243 quam
587 2199 673 2241 hoc,
714 2202 755 2233 ut
787 2199 1047 2235 controversias
1081 2209 1203 2234 eorum

113 2242 316 2277 dirimeret?
355 2253 376 2277 a
408 2244 535 2287 quibus
568 2244 598 2278 si
630 2247 757 2289 sponte
786 2248 1029 2288 recesserunt,
1060 2244 1204 2279 debebit

118 2291 154 2321 11
205 2287 241 2322 id
273 2291 391 2322 ratum
421 2288 566 2324 habere.
615 2289 714 2334 Opus
744 2300 875 2325 novum
907 2289 1029 2325 facere
1052 2290 1202 2332 videtur,

114 2332 175 2377 qui
199 2337 262 2367 aut
285 2333 505 2369 aedificando
531 2337 594 2368 aut
618 2334 837 2370 detrahendo
862 2335 996 2381 aliquid
1016 2334 1203 2380 pristinam

119 2381 155 2412 12
204 2377 332 2413 faciem
365 2379 481 2423 operis
505 2383 632 2414 mutat.
681 2380 760 2415 Hoc
792 2385 911 2416 autem
943 2380 1098 2416 edictum
1131 2390 1203 2414 non

113 2423 232 2459 omnia
264 2434 373 2468 opera
405 2425 672 2469 complectitur,
704 2425 767 2460 sed
797 2436 840 2461 ea
873 2426 967 2470 sola,
1001 2436 1093 2471 quae
1125 2426 1201 2460 solo

114 2468 306 2504 coniuncta
343 2473 428 2504 sunt
440 2471 463 2511 ⁵,
500 2481 652 2514 quorum
690 2470 891 2506 aedificatio
926 2471 983 2507 vel
1022 2471 1200 2506 demolitio

113 2513 251 2549 videtur
282 2525 372 2559 opus
405 2526 534 2550 novum
567 2515 759 2551 continere.
811 2517 945 2552 idcirco
978 2515 1132 2561 placuit,
1173 2515 1203 2550 si

116 2560 193 2604 quis
216 2569 368 2595 messem
391 2559 512 2602 faciat,
539 2561 702 2596 arborem
727 2562 900 2604 succidat,
927 2562 1066 2596 vineam
1089 2565 1202 2606 putet,

114 2615 327 2649 quamquam
352 2615 441 2649 opus
466 2605 591 2648 faciat,
624 2609 745 2641 tamen
774 2606 821 2641 ad
851 2607 921 2642 hoc
952 2607 1107 2642 edictum
1131 2617 1203 2641 non

113 2649 301 2694 pertinere,
327 2650 411 2694 quia
435 2651 481 2684 ad
504 2661 548 2685 ea
572 2661 692 2695 opera,
719 2662 810 2704 quae
833 2652 870 2686 in
894 2652 970 2687 solo
994 2652 1096 2694 fiunt,
1122 2662 1202 2696 per-

118 2698 156 2729 13
203 2695 292 2730 tinet
314 2695 384 2730 hoc
409 2695 574 2730 edictum.
617 2695 654 2730 Si
678 2707 758 2741 qu1s
783 2697 984 2732 aedificium
1007 2701 1108 2732 vetus
1132 2697 1202 2731 ful-

115 2740 201 2782 ciat,
233 2751 279 2774 an
312 2751 401 2785 opus
433 2751 563 2775 novum
593 2742 761 2777 nuntiare
785 2742 818 2777 ei
842 2753 1051 2786 possumus,
1084 2742 1202 2777 videa-

114 2795 204 2820 mus.
242 2788 277 2820 et
300 2785 410 2830 magis
436 2789 500 2828 est,
525 2797 570 2821 ne
594 2787 789 2831 possimus:
815 2787 873 2822 hic
898 2787 991 2822 enim
1014 2798 1087 2822 non
1112 2797 1202 2832 opus

114 2840 244 2864 novum
279 2829 382 2872 facit,
422 2830 485 2865 sed
519 2831 630 2866 veteri
668 2832 877 2867 sustinendo
914 2832 1108 2867 remedium
1139 2832 1201 2867 ad-

118 2878 156 2908 14
205 2875 314 2910 hibet.
351 2875 430 2910 Sive
449 2879 569 2911 autem
590 2877 685 2911 intra
704 2888 750 2922 op
778 2877 837 2912 ida
858 2878 931 2913 sive
950 2882 1052 2912 extra
1073 2877 1203 2922 oppida

114 2921 150 2954 in
175 2919 263 2955 villis
288 2920 343 2955 vel
367 2921 459 2965 agris
484 2932 574 2965 opus
599 2933 729 2957 novum
779 2927 832 2965 at,
863 2923 1041 2958 nuntiatio
1066 2932 1111 2957 ex
1134 2923 1203 2957 hoc

116 2964 230 3000 edicto
256 2966 374 3000 locum
397 2967 521 3008 habet,
556 2967 628 3002 sive
659 2968 696 3002 in
727 2968 866 3012 privato
900 2968 972 3003 sive
996 2968 1034 3002 in
1058 2967 1201 3012 publico

120 3014 156 3044 15
206 3021 295 3055 opus
326 3010 401 3046 fiat.
454 3011 560 3046 Nunc
592 3012 809 3057 videamus⁶‚
846 3014 975 3058 quibus
1009 3023 1052 3047 ex
1085 3013 1202 3047 causis

115 3055 179 3089 fiat
209 3056 383 3091 nuntiatio
415 3060 450 3091 et
480 3067 571 3101 quae
602 3068 776 3101 personae
808 3058 973 3093 nuntient
1004 3058 1203 3103 quibusque

116 3100 299 3135 nuntietur
329 3106 365 3136 et
394 3102 431 3136 in
463 3102 592 3146 quibus
622 3102 710 3138 locis
741 3103 805 3138 fiat
836 3103 1011 3138 nuntiatio
1053 3107 1088 3138 et
1123 3104 1202 3147 quis

121 3148 159 3179 lb·
207 3145 353 3181 effectus
378 3146 424 3181 sit
447 3147 691 3183 nuntiationis.
739 3148 926 3183 Nuntiatio
957 3148 998 3183 fit
1029 3152 1092 3183 aut
1115 3148 1202 3182 iuris

117 3190 229 3224 nostri
261 3192 494 3226 conservandi
526 3203 636 3227 causa
669 3196 733 3227 aut
764 3193 883 3228 damni
915 3193 1114 3238 depellendi
1140 3196 1203 3227 aut

120 3237 158 3268 17
207 3235 340 3279 publici
370 3236 455 3272 iuris
483 3238 607 3272 tuendi
631 3238 758 3282 gratia.
806 3238 1021 3274 Nuntiamus
1046 3239 1201 3280 autem⁷‚

117 3279 200 3324 quia
228 3279 285 3332 ius
315 3281 448 3325 aliquid
478 3283 689 3326 prohibendi
715 3284 907 3319 habemus:
939 3284 994 3319 vel
1018 3287 1059 3318 ut
1083 3283 1203 3318 damni

116 3325 238 3359 infecti
268 3330 435 3361 caveatur
466 3328 568 3362 nobis
599 3328 645 3362 ab
678 3338 739 3370 eo,
777 3330 836 3372 qui
865 3329 959 3364 forte
989 3329 1027 3363 in
1056 3329 1201 3374 publico

116 3369 170 3403 vel
193 3369 229 3403 in
252 3370 390 3414 privato
415 3371 499 3415 quid
523 3373 684 3408 molitur:
711 3378 774 3408 aut
799 3374 828 3408 si
852 3373 936 3418 quid
961 3378 1085 3409 contra
1108 3374 1202 3418 leges

116 3414 277 3449 edictave
311 3415 527 3461 principum,
571 3429 662 3462 quae
699 3418 746 3453 ad
782 3419 924 3453 modum
960 3419 1203 3454 aedificiorum

117 3459 214 3493 facta
246 3463 346 3500 sunt,
379 3460 454 3504 fiet,
487 3462 541 3496 vel
571 3463 608 3497 in
637 3473 741 3499 sacro
773 3464 828 3498 vel
859 3464 897 3498 in
920 3464 1000 3499 loco
1025 3464 1201 3508 religioso,

116 3504 172 3539 vel
194 3504 255 3539 in‘³
278 3505 422 3549 publico
445 3506 565 3551 ripave
587 3507 760 3551 fluminis,
796 3509 923 3553 quibus
955 3519 1000 3543 ex
1025 3509 1142 3544 causis
1168 3513 1203 3544 et

163 3619 201 3658 (1)
228 3619 278 3651 hic
291 3620 404 3662 incipit
415 3619 622 3662 Diqestorum
637 3623 727 3664 apud
739 3623 964 3656 Bononienses
983 3624 1127 3656 volumen
1142 3631 1202 3656 ter-

119 3664 191 3695 tium
204 3664 271 3696 sive
284 3664 453 3706 Dz‘qestum
468 3677 580 3698 novum

163 3710 205 3747 (2)
231 3710 297 3741 Ed.
318 3716 341 3742 1.
365 3716 445 3742 3...5.
473 3717 553 3743 7...9.
578 3717 621 3744 16.
646 3718 691 3746 ιτ.
714 3719 843 3751 20...23;
878 3712 959 3746 Sab.
981 3719 1009 3746 2.
1031 3719 1060 3746 e.
1080 3720 1199 3751 10...15;

124 3753 203 3796 Pap.
224 3760 268 3787 18.
289 3759 392 3788 19.-—
411 3755 496 3787 Bas.
517 3756 572 3797 58,
589 3762 623 3790 10
718 3761 760 3799 (3)
785 3757 822 3789 in
842 3758 902 3791 del.
995 3758 1038 3799 (4)
1061 3767 1120 3800 per
1137 3770 1199 3791 scr.

1275 480 1315 513 18
1361 477 1553 513 interdicta
1606 481 1840 523 roponuntur.
1889 478 1991 521 Quod
2024 479 2053 513 si
2085 480 2163 524 quis
2192 479 2229 513 in
2260 488 2358 514 maro

1270 523 1324 558 vel
1347 523 1384 558 in
1407 523 1513 558 litore
1536 533 1578 557 ae
1605 523 1711 565 ificet,
1736 523 1820 558 licet
1843 523 1880 558 in
1905 534 1969 558 suo
1990 534 2060 558 non
2082 524 2256 565 aedificet,
2280 524 2358 559 iure

1270 572 1390 603 tamen
1420 568 1579 612 gentium
1609 579 1714 604 suum
1745 567 1850 603 facit:
1883 568 1911 602 si
1942 569 2019 612 quis
2051 569 2163 612 igitur
2193 569 2278 604 velit
2307 568 2356 604 ibi

1270 613 1518 648 aedificantem
1550 614 1757 658 prohibere,
1794 613 1892 648 nullo
1922 613 1999 648 iure
2030 614 2211 658 prohibet,
2244 624 2358 659 neque

1271 669 1361 703 opus
1395 669 1525 693 novum
1554 659 1721 694 nuntiare
1750 659 1817 694 nisi
1850 669 1893 693 ex
1924 668 1997 692 una
2022 669 2131 694 causa
2161 663 2296 704 potest,
2328 659 2358 694 si

1274 706 1313 738 19
1361 703 1454 738 forte
1479 703 1598 738 damni
1621 703 1745 739 infecti
1769 704 1853 739 velit
1876 703 1945 739 sibi
1967 704 2094 738 caveri.
2132 704 2224 739 Iuris
2245 705 2358 740 nostri

1271 748 1506 783 conservandi
1529 753 1593 784 aut
1617 749 1737 784 damni
1761 748 1959 794 depellendi
1984 758 2094 784 causa
2118 760 2208 794 opus
2229 761 2358 785 novum

1271 797 1313 828 20
1360 794 1527 828 nuntiare
1556 798 1677 840 potest
1704 795 1735 830 is
1765 795 1811 829 ad
1842 804 1945 839 quem
1969 805 2026 829 res
2051 795 2216 838 pertinet.
2265 795 2359 830 Usu-

1268 838 1489 874 fructuarius
1514 844 1633 874 autem
1658 850 1748 885 opus
1774 850 1904 875 novum
1928 840 2094 874 nuntiare
2123 850 2187 875 suo
2218 840 2359 875 nomine

1269 895 1341 919 non
1364 888 1494 929 potest,
1520 885 1583 919 sed
1606 886 1854 929 procuratorio
1876 885 2017 920 nomine
2036 886 2199 920 nuntiare
2217 885 2359 929 poterit,

1270 934 1333 964 aut
1356 930 1537 965 vindicare
1560 941 1665 965 usum
1688 930 1846 965 fructum
1871 931 1916 964 ab
1945 940 1987 965 eo
2020 931 2080 974 qui
2111 941 2199 974 opus
2230 941 2360 965 novum

1269 974 1397 1010 faciat:
1424 986 1515 1020 quae
1538 975 1730 1010 vindicatio
1751 976 1951 1020 praestabit
1971 975 2013 1017 ei,
2040 976 2134 1020 quod
2156 976 2230 1011 eius
2250 976 2359 1010 inter-

1269 1020 1338 1054 fuit
1363 1031 1453 1065 opus
1477 1031 1606 1056 novum
1630 1020 1766 1056 factum
1790 1032 1862 1056 non
1886 1031 1975 1056 esse.

1317 1063 1367 1101 2⁹
1391 1065 1586 1101 IULIANUS
1615 1066 1706 1101 libro
1740 1067 2045 1112 quadraqensz'mo
2079 1076 2174 1100 nono
2207 1066 2361 1111 dz'qesto-

1269 1121 1351 1145 rum
1399 1111 1436 1145 Si
1470 1114 1589 1146 autem
1622 1111 1764 1146 domino
1795 1111 1935 1164 praedii
1958 1111 2194 1153 nuntiaverit,
2229 1110 2361 1145 inutilis

1270 1156 1338 1191 erit
1362 1156 1558 1191 nuntiatio:
1600 1167 1716 1201 neque
1747 1167 1840 1192 emm
1871 1156 1965 1192 sicut
1996 1157 2166 1191 adversus
2198 1156 2361 1198 vicinum,

1269 1201 1320 1235 ita
1356 1201 1526 1237 adversus
1558 1201 1739 1237 dominum
1771 1212 1875 1247 agere
1898 1206 2018 1247 potest
2049 1202 2106 1237 ius
2132 1201 2164 1236 ei
2187 1212 2260 1235 non
2285 1212 2362 1236 esse

1269 1247 1380 1282 invito
1404 1257 1442 1282 se
1465 1247 1572 1283 altius
1598 1247 1805 1283 aedificare:
1832 1247 1895 1283 sed
1919 1247 1949 1283 si
1963 1250 1990 1268 ¹⁰
2013 1248 2082 1282 hoc
2102 1246 2199 1281 facto
2220 1257 2307 1282 usus
2323 1248 2360 1266 ¹⁰·

1269 1292 1410 1372 {mfftus
1447 1292 1602 1328 deterior
1636 1292 1747 1336 fiet¹¹‚
1791 1297 1914 1338 petere
1956 1303 2060 1328 usum
2102 1292 2260 1327 fructum
2302 1292 2361 1326 de-

1296 1348 1314 1372 e
1340 1338 1378 1372 it.

1318 1381 1340 1420 3
1375 1382 1570 1418 Urmssvvs
1587 1384 1678 1419 libro
1693 1384 2018 1430 qm'nquaqensimo
2038 1382 2196 1418 secundo
2209 1382 2259 1417 ad
2270 1382 2363 1417 edic-

1272 1430 1345 1462 tum
1380 1428 1422 1462 In
1446 1429 1656 1473 provinciali
1680 1430 1788 1464 etiam
1807 1429 1953 1474 praedio
1980 1428 2011 1464 si
2036 1427 2121 1473 quid
2144 1428 2219 1471 fiat,
2245 1428 2362 1473 operis

1277 1477 1288 1507 l
1339 1474 1423 1508 novi
1454 1474 1631 1509 nuntiatio
1664 1475 1782 1509 locum
1816 1474 1974 1509 habebit.
2024 1473 2061 1509 Si
2089 1474 2127 1508 in
2156 1474 2235 1508 loco
2266 1483 2363 1508 com-

1272 1519 1410 1553 muni¹²
1443 1518 1529 1564 quid
1559 1519 1641 1563 fiat,
1675 1520 1850 1554 nuntiatio
1881 1520 1999 1554 locum
2023 1518 2171 1554 habebit
2194 1519 2363 1554 adversus

1271 1564 1425 1598 vicinum
1441 1566 1478 1598 ¹³.
1527 1564 1634 1609 plane
1664 1565 1695 1600 si
1719 1576 1811 1600 unus
1836 1569 1996 1600 nostrum
2020 1565 2057 1599 in
2082 1563 2261 1600 communi
2282 1564 2364 1598 loco

1272 1609 1402 1651 faciat,
1437 1620 1510 1645 non
1533 1620 1678 1654 possum
1703 1621 1766 1655 ego
1800 1610 1919 1646 socius
1946 1621 2036 1654 opus
2063 1621 2192 1644 novum
2217 1609 2249 1644 ei
2272 1620 2364 1643 nun-

1272 1654 1372 1697 tiare,
1399 1655 1460 1690 sed
1486 1666 1566 1690 eum
1590 1656 1787 1700 prohibebo
1814 1655 1992 1691 communi
2017 1654 2208 1690 dividundo
2232 1654 2363 1689 iudicio

1273 1703 1291 1734 2
1340 1700 1395 1735 vel
1418 1711 1484 1745 per
1506 1704 1720 1745 praetorem.
1759 1701 1861 1744 Quod
1886 1700 1917 1735 si
1941 1700 2060 1736 socius
2084 1710 2185 1736 meus
2208 1699 2246 1735 in
2267 1710 2363 1735 com·-

1273 1746 1370 1779 muni
1394 1745 1511 1780 insula
1535 1757 1625 1790 opus
1650 1757 1780 1781 novum
1804 1745 1915 1781 faciat
1944 1750 1980 1781 et
2004 1756 2067 1791 ego
2091 1746 2277 1791 propriam
2299 1745 2363 1780 ha-

1273 1791 1387 1832 beam,
1414 1791 1472 1825 cui
1496 1795 1662 1835 nocetur,
1694 1802 1740 1826 an
1765 1802 1854 1836 opus
1879 1802 2010 1827 novum
2034 1791 2200 1826 nuntiare
2225 1790 2257 1826 ei
2279 1801 2363 1835 pos—

1273 1836 1362 1871 sim?
1387 1839 1423 1870 et
1440 1840 1547 1881 putat
1559 1837 1682 1872 Labeo
1702 1848 1773 1872 non
1795 1847 1902 1881 posse
1918 1836 2095 1878 nuntiare,
2117 1837 2200 1881 quia
2217 1846 2361 1881 possum

1274 1891 1353 1915 eum
1385 1881 1456 1916 alia
1487 1881 1626 1917 ratione
1656 1882 1849 1927 prohibere
1881 1882 2089 1924 aedificare,
2123 1883 2191 1917 hoc
2224 1885 2278 1916 est
2308 1881 2363 1916 vel

1272 1936 1337 1971 per
1359 1931 1563 1971 praetorem
1586 1928 1641 1962 vel
1664 1937 1730 1972 per
1754 1927 1926 1962 arbitrum
1948 1927 2126 1962 communi
2150 1926 2357 1963 dividundo:

1273 1977 1292 2006 3
1342 1982 1433 2016 quae
1472 1972 1651 2007 sententia
1686 1983 1770 2007 vera
1807 1976 1871 2007 est.
1928 1973 1966 2007 Si
2001 1983 2064 2018 ego
2097 1972 2363 2017 superficiarius

1273 2017 1338 2051 sim
1362 2022 1398 2052 et
1422 2028 1513 2062 opus
1527 2018 1554 2038 ¹⁴
1585 2029 1716 2053 novum
1746 2017 1811 2052 fiat
1834 2028 1857 2052 a
1880 2018 2014 2062 vicino,
2045 2028 2092 2052 an
2115 2018 2248 2063 possim
2271 2028 2363 2052 nun-

1272 2062 1385 2097 tiare?
1409 2066 1537 2105 movet,
1563 2063 1659 2108 quod
1680 2063 1784 2108 quasi
1802 2063 1994 2108 inquilinus
2015 2074 2111 2099 sum:
2138 2063 2201 2099 sed
2219 2066 2364 2108 praetor

1273 2107 1360 2141 mihi
1390 2108 1513 2143 utilem
1543 2108 1580 2143 in
1611 2119 1685 2143 rem
1715 2108 1893 2144 actionem
1919 2109 1997 2153 dat,
2031 2112 2067 2144 et
2089 2108 2169 2144 ideo
2194 2112 2230 2144 et
2254 2108 2363 2144 servi-

1273 2153 1404 2187 tutium
1429 2164 1540 2188 causa
1563 2154 1658 2189 actio
1683 2154 1768 2188 mihi
1793 2154 1937 2189 dabitur
1967 2158 2002 2189 et
2026 2154 2143 2199 operis
2167 2154 2248 2189 novi
2272 2165 2363 2188 nun-

1274 2202 1293 2232 4
1341 2198 1441 2233 tiatio
1475 2198 1582 2234 debet
1613 2199 1698 2233 mihi
1723 2199 1881 2234 concedi.
1930 2199 1968 2235 Si
1997 2200 2035 2234 in
2058 2199 2204 2244 publico
2229 2198 2364 2243 aliquid

1273 2242 1347 2286 fiat,
1374 2254 1494 2279 omnes
1521 2244 1614 2279 cives
1639 2255 1730 2289 opus
1754 2255 1886 2280 novum
1910 2245 2076 2280 nuntiare
2099 2249 2268 2289 possunt:

1318 2287 1344 2324 4
1368 2289 1529 2324 PAULUS
1544 2290 1635 2324 libro
1661 2290 1966 2342 quadraqensimo
1987 2294 2113 2325 octavo
2138 2290 2188 2324 ad
2209 2290 2362 2324 edictum

1273 2344 1355 2368 nam
1387 2333 1440 2369 rei
1462 2334 1631 2379 publicae
1661 2338 1811 2370 mterest
1834 2345 1942 2380 quam
1972 2335 2146 2380 plurimos
2171 2335 2216 2369 ad
2241 2334 2362 2370 defen-

1274 2379 1427 2414 dendam
1451 2390 1552 2414 suam
1578 2390 1723 2415 causam
1747 2381 1944 2415 admittere.

1319 2423 1343 2461 5
1384 2424 1579 2460 ULPJANUS
1619 2425 1710 2460 libro
1755 2426 2080 2472 quz'nquaqensz'mo
2120 2424 2278 2460 secundo
2314 2425 2364 2459 ad

1273 2470 1427 2504 edictum
1464 2469 1519 2504 De
1543 2470 1679 2515 pupillo
1705 2471 1904 2515 quaesitum
1929 2474 2000 2506 est:
2026 2474 2062 2506 et
2085 2470 2244 2505 Iulianus
2268 2469 2361 2505 libro

1273 2514 1482 2550 duodecimo
1502 2515 1719 2559 digestorum
1739 2516 1884 2560 scripsit
1904 2515 2038 2560 pupillo
2058 2526 2132 2550 non
2152 2525 2230 2550 esse
2243 2515 2362 2559 operis

1273 2560 1355 2595 novi
1379 2560 1611 2595 nuntiationis
1632 2562 1876 2596 executionem
1901 2561 2065 2603 dandam,
2090 2561 2159 2595 nisi
2182 2559 2229 2595 ad
2247 2559 2361 2605 ipsius

1273 2606 1448 2650 privatum
1473 2605 1696 2641 commodum
1727 2617 1783 2641 res
1807 2606 2001 2651 pertineat,
2034 2605 2145 2641 veluti
2168 2605 2199 2641 si
2220 2606 2362 2640 lumini·

1273 2651 1340 2685 bus
1372 2651 1447 2685 eius
1480 2650 1661 2686 officiatur
1690 2656 1753 2686 aut
1776 2651 1983 2696 prospectui
2008 2651 2113 2687 obsit.
2161 2662 2234 2686 non
2257 2651 2362 2686 aliter

1273 2699 1392 2730 autem
1426 2696 1554 2741 pupilli
1584 2700 1664 2731 rata
1695 2696 1886 2731 habebitur
1918 2696 2094 2732 nuntiatio
2120 2707 2227 2741 quam
2250 2696 2360 2732 inter-

1279 2744 1290 2775 l
1342 2740 1490 2776 cedente
1512 2745 1634 2776 tutore
1652 2745 1810 2776 auctore.
1848 2741 1956 2776 Servo
1981 2746 2101 2777 autem
2119 2752 2208 2787 opus
2231 2752 2360 2776 novum

1273 2786 1429 2821 nuntiari
1460 2790 1596 2831 potest,
1627 2787 1705 2831 ipse
1737 2797 1819 2822 vero
1845 2787 2011 2822 nuntiare
2042 2798 2116 2822 non
2146 2791 2267 2831 potest
2297 2797 2359 2822 ne-

1274 2834 1292 2865 2
1319 2842 1386 2876 que
1410 2831 1589 2867 nuntiatio
1614 2833 1726 2866 ullum
1745 2832 1910 2867 effectum
1934 2832 2052 2867 habet.
2090 2832 2359 2867 Nuntiationem

1273 2881 1392 2911 autem
1412 2877 1448 2910 in
1468 2887 1507 2911 re
1527 2877 1707 2921 praesenti
1727 2876 1929 2912 faciendam
1948 2877 2150 2913 meminisse
2170 2878 2358 2922 oportebit,

1272 2921 1308 2956 id
1332 2925 1387 2956 est
1411 2931 1452 2956 eo
1477 2922 1564 2963 loci,
1590 2922 1651 2956 ubi
1676 2933 1766 2967 opus
1791 2923 1871 2963 fiat,
1897 2922 1969 2958 sive
1995 2922 2073 2967 quis
2098 2922 2263 2958 aedificet
2286 2922 2359 2957 sive

1274 2970 1292 3000 3
1340 2966 1485 3001 inchoet
1517 2966 1717 3002 aedificare.
1765 2967 1934 3002 Nuntiari
1973 2971 2092 3002 autem
2125 2979 2198 3003 non
2237 2967 2358 3013 utique

1273 3012 1415 3046 domino
1448 3016 1607 3056 oportet:
1644 3011 1779 3048 sufficit
1810 3013 1903 3047 enim
1934 3012 1971 3047 in
2000 3024 2040 3048 re
2063 3013 2244 3058 praesenti
2267 3023 2356 3046 nun-

1271 3056 1355 3090 tiari
1388 3056 1436 3098 ei,
1471 3057 1532 3101 qui
1560 3057 1597 3091 in
1620 3067 1659 3093 re
1689 3058 1870 3102 praesenti
1893 3058 2020 3100 fuerit,
2057 3069 2170 3102 usque
2193 3058 2293 3099 adeo,
2318 3060 2358 3091 ut

1273 3102 1379 3136 etiam
1410 3102 1522 3136 fabris
1552 3102 1609 3137 vel
1641 3103 1849 3147 opificibus,
1886 3104 1946 3148 qui
1978 3114 2019 3138 eo
2051 3104 2121 3138 Ioci
2153 3106 2354 3146 operantur,

1273 3157 1362 3191 opus
1394 3157 1524 3181 novum
1556 3148 1713 3182 nuntiari
1744 3148 1868 3192 possit.
1917 3152 1953 3184 et
1975 3148 2186 3193 generaliter
2210 3147 2241 3181 ei
2264 3157 2354 3181 nun-

1270 3191 1352 3226 tiari
1377 3202 1467 3236 opus
1491 3202 1621 3227 novum
1645 3197 1772 3245 potest,
1797 3193 1858 3238 qui
1881 3193 1918 3228 in
1938 3204 1976 3229 re
1998 3193 2177 3238 praesenti
2201 3191 2269 3226 fuit
2292 3191 2355 3226 do-

1271 3237 1356 3271 mini
1380 3236 1541 3281 operisve
1565 3248 1718 3280 nomine,
1743 3249 1857 3283 neque
1881 3238 2000 3280 refert,
2039 3238 2116 3282 quis
2141 3237 2187 3272 sit
2209 3237 2276 3271 iste
2299 3236 2354 3270 vel

1272 3283 1373 3316 cuius
1399 3281 1617 3317 condicionis
1642 3283 1703 3327 qui
1726 3284 1763 3318 in
1787 3294 1825 3319 re
1849 3283 2029 3328 praesenti
2052 3282 2137 3317 fuit:
2163 3291 2244 3315 nam
2269 3284 2304 3315 et
2324 3281 2353 3314 si

1272 3338 1372 3362 servo
1406 3327 1590 3361 nuntietur
1624 3328 1678 3363 vel
1709 3329 1846 3364 mulieri
1882 3329 1938 3363 vel
1974 3338 2086 3372 puero
2116 3326 2171 3361 vel
2201 3325 2352 3370 puellae,

1271 3376 1368 3406 tenet
1391 3371 1587 3408 nuntiatio:
1620 3373 1755 3408 sufficit
1787 3374 1880 3409 enim
1911 3374 1947 3407 in
1971 3384 2009 3407 re
2032 3371 2213 3416 praesenti
2237 3370 2352 3414 operis

1272 3417 1354 3452 novi
1377 3417 1634 3453 nuntiationem
1658 3418 1791 3454 factam
1815 3419 1885 3460 sic,
1922 3422 1961 3451 ut
1986 3417 2127 3451 domino
2159 3416 2274 3460 possit
2296 3425 2353 3449 re-

1274 3466 1293 3496 4
1340 3462 1508 3496 nuntiari.
1559 3463 1596 3498 Si
1620 3463 1699 3508 quis
1724 3464 1816 3499 forte
1840 3464 1876 3498 in
1900 3462 1977 3497 foro
2008 3462 2148 3496 domino
2173 3471 2262 3505 opus
2287 3470 2351 3495 no-

1274 3518 1354 3542 vum
1375 3507 1526 3550 nuntiat,
1546 3507 1641 3544 hanc
1660 3509 1919 3544 nuntiationem
1938 3507 2070 3541 nullius
2090 3515 2166 3540 esse
2184 3506 2351 3540 momenti

1273 3624 1314 3663 (5)
1341 3621 1397 3654 sed
1415 3621 1485 3654 sola
1503 3622 1574 3655 solo
1594 3623 1772 3655 coniuncta
1791 3623 1869 3653 sunt
1891 3633 1951 3652 scr.
2090 3620 2131 3659 (6»
2157 3617 2306 3650 videmus
2325 3619 2358 3651 F

1273 3671 1314 3708 (7)
1339 3667 1461 3709 autem]
1480 3670 1539 3700 aut
1554 3681 1617 3701 scr.
1722 3670 1765 3705 (8)
1791 3665 1927 3697 flumine
1946 3665 2005 3697 ins.
2109 3665 2153 3703 (9)
2179 3664 2221 3705 cf
2237 3664 2282 3695 I).
2297 3665 2351 3704 43,

1272 3719 1384 3754 25,1,4
1438 3714 1499 3755 (ιο)
1523 3713 1551 3745 si
1564 3713 1667 3746 om.F
1714 3712 1782 3752 (10⁸)
1808 3710 1917 3742 usuF
1964 3711 2017 3750 (11)
2042 3708 2100 3740 fiat
2112 3706 2165 3739 F2
2219 3709 2277 3749 (12)
2301 3707 2351 3740 lo-

1271 3757 1484 3790 communiF'
1560 3759 1618 3798 (13)
1641 3755 1799 3798 vicinum]
1812 3758 1991 3795 utrumque
2003 3766 2066 3786 scr.
2152 3754 2208 3790 (14)
2234 3752 2359 3786 orusF
