2528 3918
198 105 402 148 xxm4

195 229 236 263 et
264 236 330 263 aec
376 228 450 261 tam
479 225 600 260 facere
629 236 767 270 poenae
796 227 1066 273 obligationem,
1099 225 1153 261 vel
1182 225 1213 261 si
1244 235 1289 261 ex

197 274 220 308 3
265 271 336 316 stip
397 274 438 305 tu
468 274 568 315 agat,
602 269 844 317 denegandam
876 272 907 308 ei
939 270 1194 322 exceptionem.
1249 270 1289 306 Si

196 315 308 352 tundo
333 315 519 351 aestimato
552 315 590 350 in
622 315 739 352 dotem
763 317 848 353 dato
872 321 981 363 pacta
1004 319 1052 350 sit
1073 314 1211 358 mulier,
1234 319 1287 358 ut,

197 364 332 407 quanto
355 360 469 406 pluris
492 360 650 403 venierit,
674 361 711 396 id
734 361 772 397 in
795 362 879 398 dote
903 361 960 396 sit.
983 359 1082 396 Mela
1112 360 1186 395 ειίιΙ
1211 369 1286 396 ser-

198 405 365 447 vandum,
390 415 471 441 cum
504 409 541 440 et
572 415 616 440 ex
646 408 825 443 contrario
858 405 1047 443 convenire
1076 405 1211 451 possit,
1235 408 1286 447 ut,

198 454 220 486 4
267 450 298 486 si
333 450 479 485 minoris
514 450 679 494 venierit,
713 452 793 497 ipsa
828 452 966 487 debeat.
1026 449 1065 485 Si
1097 454 1208 496 pacta
1240 450 1289 485 sit

197 495 334 537 mulier,
358 499 410 537 ut,
435 495 508 530 sive
532 495 644 540 pluris
668 496 740 532 sive
762 497 907 532 minoris
923 494 1058 531 fundus
1078 495 1287 531 aestimatus

195 540 354 582 venierit,
378 540 531 585 pretium
554 544 688 586 quanto
713 552 769 577 res
793 541 942 577 venierit
959 540 997 575 in
1017 540 1101 576 dote
1120 540 1178 582 sit,
1198 540 1288 576 stari

196 595 238 621 eo
256 590 364 638 pacto
376 588 535 630 oportet:
560 585 625 621 sed
644 586 675 622 si
694 587 799 632 culpa
818 585 934 621 mariti
960 585 1107 621 minoris
1127 585 1286 627 venierit,

195 634 233 666 et
253 630 292 666 ld
314 631 324 665 i
353 640 432 666 sum
454 630 636 666 mulierem
660 632 840 676 consequi.

244 673 294 714 13
346 684 515 711 UZIANUS
556 676 648 712 libro
688 678 838 728 septimo
882 676 1020 712 decimo
1063 675 1105 710 di
1128 678 1286 711 estorum

194 720 285 756 Item
307 720 339 756 si
361 730 435 756 non
456 720 615 763 venierit,
639 721 838 756 aestimatio
862 720 1040 766 praestari
1063 719 1108 756 de
1133 720 1218 756 ebit.

243 764 295 803 14
320 764 479 801 Pavws
498 766 590 802 libro
616 767 799 813 triqesimo
820 767 946 811 quinto
969 765 1019 801 ad
1040 765 1196 801 edictum
1230 764 1287 800 De

194 810 251 847 die
274 810 477 847 reddendae
507 810 601 846 dotis
624 811 694 846 hoc
724 811 812 846 iuris
846 816 920 854 est,
944 815 986 845 ut
1008 810 1116 846 liceat
1138 810 1286 855 pacisci,

193 866 266 902 qua
278 855 336 892 die
345 855 527 898 reddatur,
539 855 623 891 dum
635 867 680 891 ne
692 856 847 891 mulieris
870 855 1025 891 deterior
1036 855 1199 891 condicio
1211 855 1285 897 fiet,

243 899 294 939 15
322 900 445 937 Gnlvs
465 901 557 936 libro
581 901 769 936 undecimo
802 901 852 936 ad
882 901 1036 937 edictum
1053 900 1285 947 provinciale

191 945 230 982 id
254 949 319 988 est,
344 951 386 981 ut
409 946 574 982 citeriore
598 945 654 981 die
677 945 867 981 reddatur:

241 989 292 1029 16
317 990 476 1027 PAvhvs
496 991 588 1027 libro
613 992 799 1037 triqcsimo
823 991 951 1037 quinto
974 990 1025 1025 ad
1047 989 1203 1026 edictum
1246 993 1287 1025 ut

190 1040 312 1073 autem
332 1036 489 1081 longiore
508 1035 564 1071 die
583 1036 743 1071 solvatur
762 1035 838 1078 dos,
853 1035 1041 1072 convenire
1060 1045 1134 1070 non
1152 1038 1285 1081 potest,

190 1092 265 1118 non
288 1081 400 1126 magis
424 1091 531 1126 quam
553 1090 600 1115 ne
622 1081 764 1116 omnino
788 1081 970 1116 reddatur.

242 1124 291 1164 17
316 1126 525 1162 Ριιοσυιυε
545 1125 638 1160 libro
670 1126 859 1162 undecimo
889 1124 1128 1172 epistularum
1181 1124 1285 1160 Atili-

189 1172 293 1208 cinus
327 1171 482 1206 Proculo
519 1181 584 1206 suo
620 1172 782 1206 salutem.
852 1170 942 1206 Cum
975 1170 1069 1205 inter
1102 1170 1215 1206 virum
1250 1173 1287 1205 et

190 1227 339 1254 uxorem
370 1220 516 1261 pactum
547 1220 759 1251 conventum
783 1219 868 1251 ante
890 1215 1036 1260 nuptias
1066 1214 1205 1251 factum
1228 1215 1285 1256 sit,

190 1266 233 1298 ut
278 1262 384 1298 uibus
410 1261 533 1295 diebus
558 1260 622 1296 dos
642 1260 728 1296 data
752 1265 856 1303 esset,
880 1260 994 1296 isdem
1012 1259 1163 1296 divortio
1187 1260 1285 1295 facto

189 1306 254 1344 red
279 1311 415 1348 eretur,
447 1309 531 1357 post
561 1305 842 1352 quinquennium
865 1315 973 1351 quam
996 1305 1143 1350 nuptiae
1165 1304 1286 1341 factae

191 1356 278 1389 sunt
308 1362 400 1387 uxor
431 1361 506 1386 viro
540 1350 658 1386 dotem
690 1350 806 1387 dedit:
841 1350 991 1386 divortio
1015 1349 1113 1386 facto
1139 1361 1284 1396 quaero,

190 1401 312 1434 utrum
359 1396 567 1441 uinquennii
597 1396 654 1432 die
683 1397 738 1432 vir
768 1396 873 1432 uxori
905 1395 1026 1431 dotem
1048 1394 1215 1431 redderet
1237 1405 1286 1430 an

190 1445 327 1479 statuto
366 1441 489 1486 egibus
522 1445 696 1486 tempore.
751 1441 928 1477 Proculus
952 1440 1155 1486 respondit:
1190 1439 1286 1486 quod

190 1487 238 1524 ad
261 1487 354 1523 diem
375 1485 579 1521 reddendae
602 1486 695 1522 dotis
720 1486 867 1528 attinet,
891 1490 999 1531 pacto
1025 1485 1187 1522 existimo
1211 1495 1284 1521 me-

188 1533 314 1569 liorem
344 1531 589 1567 condicionem
621 1531 778 1567 mulieris
808 1531 887 1567 fieri
916 1540 1042 1577 posse,
1074 1530 1286 1566 deteriorem

188 1588 261 1614 non
283 1586 410 1622 posse:
441 1576 564 1629 itaque
598 1577 630 1612 si
660 1583 806 1629 cautum
838 1580 911 1619 est,
942 1579 984 1612 ut
1006 1586 1071 1621 pro
1097 1576 1173 1611 iore
1195 1579 1284 1629 tem3

187 1632 451 1710 &3:th
471 1620 1178 1718 ιθέἓῖἒιὲἓέῗὲἓὲᾞιέἓῶῗωῖξὲ
1197 1626 1286 1701 {2²53

188 1716 345 1749 ventum.
378 1711 507 1748 cuius³
537 1712 735 1748 sententiae
767 1712 981 1748 conveniens
1013 1714 1069 1747 est
1100 1711 1229 1754 dicere,
1255 1711 1286 1747 si

188 1761 296 1805 pacto
321 1760 497 1793 convento
522 1761 667 1792 cautum
691 1760 754 1800 est,
778 1760 821 1792 ut
844 1759 980 1809 quanto
1003 1756 1140 1793 serius⁴

188 1812 259 1856 que
282 1803 343 1839 et³
363 1806 456 1883 ἔσει
479 1802 624 1855 nuptias
657 1802 742 1837 data
771 1801 902 1844 fuerit,
933 1805 1036 1837 tanto
1086 1805 1145 1837 ost
1194 1801 1284 1837 'vor-

187 1853 278 1884 ιιιιιιι
299 1847 364 1883 red
390 1851 483 1890 atur,
515 1857 547 1883 si
576 1847 762 1893 propiore,
796 1857 903 1892 quam
933 1847 972 1882 in
994 1846 1059 1882 red
1085 1845 1178 1882 enda
1201 1846 1286 1882 dote

191 1892 432 1929 constitutum
456 1894 529 1935 est,
554 1892 642 1927 data
665 1893 723 1933 sit,
750 1894 868 1928 valere
892 1897 1040 1938 pactum
1063 1899 1289 1929 conventum.

188 1937 226 1973 ai
247 1936 420 1983 longiore,
444 1947 519 1972 non
542 1937 673 1972 valere.

239 1978 316 2020 18⁶
350 1981 546 2017 IULIANUS
576 1982 668 2018 libro
711 1984 838 2017 octavo
883 1981 1022 2017 decimo
1062 1980 1285 2028 diqostorum

188 2026 293 2063 Licet
314 2029 481 2062 manente
503 2026 729 2062 matrimonio
754 2036 827 2061 non
849 2026 965 2071 possit
986 2026 1081 2061 inter
1110 2026 1226 2062 virum
1249 2029 1286 2062 et

187 2082 337 2108 uxorem
361 2071 551 2114 conveniri,
575 2076 617 2106 ut
638 2071 797 2116 longiore
821 2070 886 2107 dos
909 2070 1099 2114 reddatur,
1123 2075 1208 2116 post
1230 2070 1283 2106 di-

188 2117 342 2153 vortium
375 2121 495 2151 tamen
531 2117 562 2151 si
595 2117 692 2152 iusta
728 2126 839 2151 causa
884 2116 1128 2151 conventionis
1163 2116 1283 2158 fuerit,

189 2161 362 2198 custodiri
384 2160 422 2196 id
445 2164 591 2206 pactum
616 2160 732 2196 debet.

229 2204 318 2245 '19⁶
350 2206 535 2242 Animus
574 2206 666 2242 libro
711 2206 815 2242 tertio
850 2205 1071 2252 diqestorum
1107 2217 1130 2240 a
1165 2205 1284 2241 Paulo

189 2253 468 2299 epitomatorum
522 2250 631 2286 Aliud
663 2254 738 2293 est,
768 2250 801 2286 si
829 2254 935 2296 pater
969 2261 1036 2296 pro
1067 2250 1142 2286 filia
1165 2250 1286 2286 dotem

189 2297 364 2378 gromisit,
387 2299 429 2332 ιιι
452 2306 574 2332 annua
596 2296 692 2331 bima
713 2295 821 2331 trima
839 2295 1026 2341 quadrima
1045 2295 1169 2340 quinto
1189 2305 1284 2331 anno

215 2353 255 2379 os
280 2352 303 2378 a
326 2352 366 2378 se
387 2341 608 2383 redderetur,
629 2344 666 2376 et
683 2340 860 2383 convenit,
881 2344 923 2376 ut
938 2340 1051 2376 isdem
1070 2340 1195 2376 diebus
1220 2340 1285 2376 dos

190 2387 307 2424 soluto
331 2387 555 2423 matrimonio
579 2386 804 2422 redderetur:
836 2386 906 2421 hoc
938 2386 1032 2422 enim
1063 2390 1210 2431 pactum
1233 2386 1286 2421 ita

189 2432 294 2475 valet,
316 2433 346 2468 si
363 2432 459 2478 patri
475 2431 550 2467 filia
568 2432 673 2467 heres
697 2431 891 2467 exstitisset
910 2434 947 2466 et
967 2431 1223 2467 interveniente
1242 2441 1286 2466 ea

193 2481 342 2524 pactum
366 2481 580 2513 conventum
602 2476 723 2512 fuerit.

240 2520 294 2561 20
328 2521 386 2558 ΡΑ
394 2532 490 2558 Uws
520 2522 612 2558 libro
656 2521 838 2568 trigesimo
874 2522 1001 2567 quinto
1044 2520 1095 2556 ad
1128 2520 1284 2556 edictum

191 2567 270 2604 ⁷Ob
300 2578 359 2604 res
390 2577 461 2613 quo
487 2577 532 2603 ue
563 2566 715 2602 donatas
745 2566 801 2602 vel
833 2570 972 2602 amotas
1010 2566 1068 2601 vel
1105 2566 1285 2611 impensas

190 2613 307 2649 factas
337 2617 426 2648 tunc
473 2616 556 2647 aeta
588 2612 710 2657 pactio
740 2611 891 2654 valebit,
923 2611 962 2647 id
985 2614 1040 2646 est
1061 2614 1146 2656 post
1167 2610 1285 2647 divor-

194 2661 209 2692 ι
258 2659 358 2692 tium.
414 2657 452 2693 Si
483 2661 674 2693 extraneus
706 2656 750 2693 de
783 2667 850 2692 suo
886 2656 1037 2692 daturus
1072 2656 1120 2692 sit
1154 2656 1284 2699 dotem,

192 2702 277 2748 quid
302 2703 363 2738 uid
385 2702 461 2737 vult
483 2702 620 2747 pacisci
651 2705 687 2738 et
715 2702 904 2747 ignorante
934 2701 1099 2743 muliere,
1131 2701 1227 2737 sicut
1250 2705 1286 2738 et

192 2748 264 2793 stip
305 2748 358 2782 ari
401 2751 511 2782 otest:
536 2748 649 2792 legem
668 2747 762 2782 enim
778 2757 867 2783 suae
886 2746 939 2782 rei
957 2746 1062 2782 dicit:
1095 2743 1286 2792 postquam

191 2795 213 2828 2
260 2803 343 2828 vero
392 2792 514 2834 ederit,
534 2792 670 2837 pacisci
682 2793 927 2828 consentiente
939 2791 1085 2827 muliere
1099 2791 1215 2827 debet.
1247 2791 1286 2828 Si

194 2837 418 2879 convenerit,
450 2848 495 2872 ne
527 2848 550 2872 a
581 2837 727 2873 muliere
756 2847 845 2873 neve
869 2847 891 2872 a
914 2841 1017 2882 patre
1041 2836 1106 2872 dos
1131 2840 1284 2879 notatur,

191 2882 294 2918 heres
325 2892 398 2917 non
428 2882 574 2917 habebit
605 2883 862 2928 exceptionem.
911 2881 975 2917 sed
1005 2882 1035 2917 si
1068 2882 1283 2924 cosnenerit,

192 2937 239 2963 ne
261 2930 429 2963 manente
451 2928 675 2963 matrimonio
707 2928 785 2963 vivo
815 2930 919 2973 patre
948 2930 1111 2979 petatur,
1143 2931 1284 2963 mortuo

192 2976 295 3053 Katre
318 2972 438 3007 statim
462 2973 623 3017 exigitur,
647 2976 694 3015 et,
710 2973 740 3007 si
759 2982 833 3009 non
842 2972 987 3024 petierit
1005 2972 1166 3011 maritus,
1185 2975 1285 3008 tene-

216 3017 290 3053 itur
323 3017 430 3053 huius
466 3017 591 3062 culpae
622 3018 782 3060 nomine,
822 3028 852 3053 si
885 3017 950 3053 dos
985 3017 1076 3062 exigi
1109 3017 1284 3063 potuerit:

193 3062 262 3098 nisi
301 3061 397 3098 forte
436 3066 519 3096 ante
553 3062 764 3108 diremptum
795 3062 842 3098 sit
871 3062 1146 3104 matrimonium,
1178 3072 1286 3108 quam

192 3106 403 3143 facultatem
427 3107 570 3152 petendi
595 3107 753 3142 haberet.
779 3148 781 3150 ,

240 3150 291 3190 21
319 3151 346 3188 Ι
347 3161 512 3188 ammos
532 3152 622 3187 libro
646 3154 797 3198 septimo
821 3152 958 3188 decimo
982 3152 1203 3199 digestorum
1248 3151 1286 3187 Si

193 3198 319 3233 mulier
343 3196 436 3233 dotis
459 3206 571 3232 causa
619 3197 795 3232 remiserit
818 3202 953 3233 certam
972 3207 1146 3233 summam
1165 3200 1201 3232 et
1219 3207 1284 3242 pro

195 3243 263 3278 ea·
292 3241 472 3294 mancipia
505 3241 543 3276 in
603 3246 696 3276 otem
734 3242 869 3278 dederit
903 3252 946 3278 ea
981 3242 1211 3284 condicione,
1246 3245 1287 3277 ut

194 3287 353 3333 periculo
385 3296 461 3323 eius
491 3289 612 3322 essent
645 3290 680 3321 et
711 3287 741 3321 si
773 3287 859 3332 quid
889 3297 935 3323 ex
964 3286 1021 3322 his
1045 3291 1169 3323 natum
1192 3290 1287 3322 esset

195 3332 243 3368 ad
274 3342 353 3368 eam
386 3331 581 3378 pertineat,
615 3330 704 3366 stari
742 3336 850 3376 pacto
882 3335 1056 3368 convento
1088 3331 1284 3378 oportebit:

194 3387 279 3413 nam
302 3381 445 3413 constat
466 3386 574 3429 posse
603 3375 697 3410 inter
721 3386 868 3411 uxorem
893 3382 928 3412 et
958 3377 1071 3412 virum
1095 3376 1285 3419 conveniri,

195 3426 236 3458 ut
254 3422 332 3464 dos,
375 3431 446 3458 uae
467 3432 504 3456 ιιι
518 3420 679 3474 pecunia
698 3426 885 3456 numerata
904 3426 1009 3463 esset,
1022 3425 1288 3467 permutaretur

196 3471 233 3503 et
254 3433 494 3503 wans‘ieratur
516 3477 553 3501 ιιι
577 3475 739 3511 corpora,
765 3476 845 3500 cum
870 3467 1006 3502 mulieri
1030 3467 1186 3512 prodest.

1198 1766 1284 1792 uae·

196 3581 236 3621 (ι)
260 3578 297 3612 id
310 3580 370 3613 ins.
383 3578 441 3613 F‘
561 3581 604 3619 (2)
628 3579 703 3619 neo]
717 3587 785 3610 non
797 3578 951 3622 Krueqer
1065 3582 1108 3621 (3)
1134 3579 1190 3612 oui
1203 3580 1279 3613 deu.

197 3626 239 3665 (4)
264 3624 392 3657 servius
405 3624 439 3657 F
554 3626 598 3664 (5)
623 3624 669 3664 et]
681 3633 734 3656 res
744 3634 808 3656 scr.
946 3625 990 3665 (ο)
1015 3624 1037 3658 l.
1053 3625 1107 3658 18.
1122 3625 1163 3659 19
1177 3626 1282 3658 inver-

197 3670 312 3702 tendae
426 3670 470 3710 (7)
494 3668 537 3701 ob
549 3679 658 3701 mores
670 3671 706 3701 et
716 3667 851 3711 culpam
864 3680 925 3702 ιω.
937 3680 999 3702 κσ-
1013 3669 1050 3702 Β
1153 3671 1198 3710 (8)
1223 3679 1282 3711 pe-

197 3714 298 3746 cunia
311 3714 370 3747 im.
383 3713 435 3747 F’
504 3715 549 3755 (9)
573 3713 609 3746 in
622 3712 838 3747 matrimonio
850 3714 910 3747 im.
978 3714 1037 3754 (ιο)
1064 3713 1245 3747 decesserit
1256 3714 1289 3747 F

1268 102 1358 151 308

1983 117 2046 148 DE
2072 116 2198 148 PAO'r.
2229 116 2441 150 DOTALIB.

1402 221 1457 262 22
1491 224 1602 261 1021
1640 225 1731 262 libro
1772 225 1930 263 secundo
1972 225 2023 261 ad
2070 224 2231 262 Urseium
2273 226 2446 264 Ferocem

1357 269 1509 314 Quidam
1530 269 1682 306 fundum
1705 270 1798 306 dotis
1822 281 1933 307 causa
1963 271 2008 306 ab
2032 281 2145 307 uxore
2167 282 2235 307 sua
2257 281 2300 307 ac
2408 276 2447 308 at

1356 314 1519 360 interque
1542 325 1604 352 eos
1628 320 1853 359 convenerat,
1877 320 1919 351 ut
1940 315 2123 351 mercedes
2154 316 2230 352 eius
2259 316 2325 352 fun
2393 318 2446 353 vir

1356 360 1460 395 uxori
1483 360 1594 396 annui
1623 360 1766 396 nomine
1798 360 1918 397 daret:
1953 360 2080 396 deinde
2110 370 2191 396 eum
2221 360 2372 397 fundum
2394 363 2447 397 vir

1356 404 1461 440 matri
1483 405 1640 441 mulieris
1665 409 1764 441 certa
1781 406 1952 458 pensione
1972 404 2161 442 colendum
2182 405 2364 442 locaverat
2386 417 2445 442 ea·

1356 459 1436 503 que,
1461 459 1543 485 cum
1565 450 1747 486 mercedes
1771 461 1846 486 eius
1867 451 1970 486 fundi
1993 450 2149 493 deberet,
2185 450 2387 487 decesserat
2410 456 2446 487 et

1354 495 1465 530 nham
1495 504 1598 530 suam
1628 495 1740 531 solam
1772 495 1938 532 heredem
1967 496 2162 541 reliquerat
2192 499 2229 532 et
2259 496 2446 533 divortium

1354 539 1492 574 factum
1516 545 1613 575 erat:
1645 540 1698 575 vir
1722 540 1848 576 deinde
1868 541 2016 587 petebat
2038 551 2061 576 a
2083 540 2229 577 muliere
2251 541 2444 584 mercedes,

1380 594 1446 636 uas
1477 589 1592 621 mater
1623 584 1806 621 debuerat.
1857 586 1999 639 placuit
2029 586 2275 631 exceptionem
2309 586 2443 623 mulien·

1403 640 1434 664 ri
1457 640 1530 664 non
1554 630 1682 666 debere
1714 633 1770 666 ‘ac
1802 630 1833 666 si
1854 635 1948 666 inter
1980 642 2019 667 se
2044 635 2080 666 et
2109 631 2223 666 virum
2254 641 2328 667 non
2361 642 2444 667 con-

1356 674 1532 717 ⁴venisset,
1556 678 1598 710 ut
1627 675 1696 710 hae
1726 675 1906 711 mercedes
1929 676 1998 711 sibi
2028 675 2274 711 alimentorum
2304 676 2448 711 nomine

1357 719 1564 762 ‘darentur'‚
1589 730 1670 755 cum
1689 719 1850 756 futurum
1871 721 1929 763 sit,
1949 724 1991 756 ut
2034 720 2269 756 uodammodo
2283 720 2446 756 donatio-

1355 774 1418 800 nes
1442 764 1536 800 inter
1557 765 1671 800 virum
1695 769 1731 800 et
1752 775 1901 801 uxorem
1933 776 1975 801 co
2082 770 2204 800 entur:
2236 775 2319 801 nam
2351 765 2447 811 quod

1355 810 1467 845 annui
1489 810 1631 845 nomine
1654 809 1772 852 datur,
1796 811 1933 855 species
1958 814 2013 846 est
2036 810 2249 846 donationis.

1402 852 1455 892 23
1480 856 1708 891 Armcazws
1727 855 1818 891 libro
1849 866 1868 890 s
1916 856 2001 891 timo
2036 856 2286 901 quaestionum
2339 855 2445 891 Patet

1356 910 1437 935 cum
1461 899 1557 935 filiae
1589 910 1677 935 suae
1699 900 1842 936 nomine
1897 905 1991 936 otem
2014 900 2133 942 daret,
2165 903 2293 946 pactus
2317 904 2383 943 est,
2406 905 2449 936 ut

1355 946 1520 980 mortua⁹
1559 944 1634 980 filia
1674 955 1747 980 uno
1791 946 1997 990 pluribusve
2041 945 2162 981 liberis
2197 945 2447 991 superstitibus

1356 990 1511 1025 deducta
1534 994 1637 1035 parte
1658 990 1765 1025 tertia
1787 990 1925 1036 reliqua
1942 990 2008 1026 dos
2028 990 2098 1025 sibi
2115 993 2180 1025 aut
2197 994 2281 1036 post
2299 994 2448 1026 mortem

1355 1045 1457 1070 suam
1478 1035 1531 1070 illi
1553 1038 1618 1070 aut
1638 1035 1690 1070 illi
1711 1035 1794 1070 filiis
1819 1045 1909 1080 quos
1931 1035 1968 1070 in
1991 1039 2171 1081 potestate
2182 1035 2342 1071 habebat
2363 1035 2445 1071 red-

1355 1079 1479 1115 datur:
1512 1080 1637 1116 deinde
1659 1080 1750 1116 haec
1773 1080 1825 1115 ita
1843 1080 1921 1115 fieri
1941 1080 2133 1126 stipulatus
2153 1084 2226 1116 est:
2250 1084 2334 1126 post
2352 1091 2446 1116 mor-

1354 1129 1427 1161 tem
1450 1125 1526 1160 eius
1556 1125 1683 1161 mulier
1711 1125 1750 1160 in
1782 1125 2005 1161 matrimonio
2041 1125 2246 1161 decesserat
2258 1126 2284 1147 ¹⁰
2316 1125 2447 1161 relictis

1354 1169 1458 1206 filiis:
1491 1170 1693 1215 quaesitum
1717 1174 1789 1212 est,
1814 1180 1862 1206 an
1886 1181 1931 1206 ex
1960 1170 2191 1216 stipulatione
2214 1170 2303 1206 duas
2326 1174 2447 1216 partes

1353 1215 1405 1251 illi
1427 1218 1550 1260 petere
1568 1216 1721 1267 possint.
1768 1215 1938 1261 respondi
1959 1225 2085 1261 posse:
2118 1215 2248 1251 etenim
2278 1215 2349 1251 vim
2371 1215 2447 1251 eius

1355 1260 1597 1305 stipulatioms
1619 1260 1714 1296 hanc
1738 1271 1828 1302 esse,
1852 1265 1903 1303 ut,
1929 1261 1960 1296 si
1990 1261 2028 1296 in
2050 1260 2275 1296 matrimonio
2306 1264 2448 1296 mortua

1356 1309 1463 1348 esset,
1486 1305 1551 1341 dos
1574 1306 1710 1350 patri¹¹
1733 1305 1961 1347 redderetur,
1994 1309 2031 1341 et
2059 1305 2209 1358 perinde
2230 1305 2447 1348 habendum,

1353 1360 1398 1386 ac
1421 1350 1454 1386 si
1475 1350 1558 1386 talis
1581 1350 1765 1396 stipulatio
1789 1351 2002 1396 interposita
2022 1349 2169 1386 fuisset:
2202 1350 2245 1386 ‘si
2268 1350 2368 1386 navis
2404 1360 2446 1389 ex

1354 1395 1454 1431 ‘Asia
1484 1396 1637 1438 venerit,
1668 1396 1754 1431 mihi
1785 1400 1849 1431 aut
1881 1399 1965 1441 post
1995 1399 2146 1431 mortem
2187 1406 2302 1431 meam
2332 1395 2446 1431 Lucio

1354 1439 1462 1476 ‘Titio
1486 1440 1566 1476 dari
1590 1441 1781 1486 spondes'?
1816 1451 1900 1476 nam
1923 1445 1959 1476 et
1982 1441 2013 1476 si
2035 1445 2120 1486 post
2150 1445 2300 1477 mortem
2332 1441 2446 1486 stipu-

1351 1485 1477 1521 latoris
1501 1485 1601 1521 navis
1623 1486 1789 1528 venisset,
1812 1485 1935 1522 heredi
1958 1485 2092 1521 deberi.

1399 1528 1454 1568 24
1490 1531 1768 1566 onflsszvruws
1800 1531 1891 1567 libro
1937 1532 2041 1566 tertio
2079 1530 2341 1566 institutionum
2410 1529 2447 1566 Si

1352 1575 1445 1612 inter
1474 1575 1590 1611 virum
1628 1580 1665 1611 et
1694 1586 1842 1612 uxorem
1875 1580 2023 1621 pactum
2054 1580 2126 1618 est,
2160 1579 2203 1618 ut
2233 1579 2332 1611 certa
2362 1585 2448 1620 pars

1353 1620 1446 1657 dotis
1469 1621 1526 1656 vel
1547 1624 1627 1656 tota
1649 1621 1695 1656 ob
1718 1632 1829 1656 unum
1849 1621 1903 1656 vel
1922 1621 2042 1666 plures
2061 1621 2192 1656 liberos
2211 1620 2446 1656 intervenien-

1353 1670 1408 1702 tes
1431 1666 1628 1701 retineatur
1641 1666 1679 1708 ¹²,
1705 1666 1812 1701 etiam
1837 1676 1959 1701 eorum
1982 1666 2176 1701 liberorum
2199 1665 2362 1707 nomine,
2387 1665 2448 1710 qui

1353 1714 1438 1747 ante
1462 1711 1539 1746 nati
1562 1715 1657 1753 sunt,
1682 1721 1789 1756 quam
1808 1710 1873 1746 dos
1894 1711 2039 1746 daretur
2062 1715 2126 1746 aut
2146 1710 2347 1756 amplietur,
2361 1720 2446 1746 con-

1352 1756 1472 1792 ventio
1496 1759 1578 1791 rata
1599 1761 1672 1792 est:
1706 1766 1790 1791 nam
1820 1755 1955 1791 sufficit
1988 1766 2049 1791 eos
2080 1766 2125 1791 ex
2156 1765 2198 1791 eo
2222 1755 2446 1791 matrimonio

1352 1801 1466 1844 nasci,
1488 1801 1526 1836 in
1550 1812 1621 1846 quo
1635 1802 1663 1823 ¹³
1686 1800 1752 1837 dos
1776 1800 1862 1837 data
1886 1805 1950 1836 est.

1399 1844 1453 1884 25
1485 1845 1682 1882 ULPJANUS
1702 1846 1793 1882 libro
1821 1847 1944 1893 primo
1974 1855 2230 1892 responsorum
2275 1843 2380 1889 Quod
2403 1843 2448 1880 de

1352 1890 1535 1927 reddenda
1559 1891 1655 1934 dote,
1679 1891 1710 1927 si
1734 1891 1820 1926 data
1840 1890 1979 1933 fuisset,
1999 1894 2142 1926 mortua
2164 1890 2202 1925 in
2220 1889 2445 1926 matrimonio

1353 1936 1428 1972 filia
1468 1937 1648 1978 convenit,
1674 1936 1768 1971 idem
1798 1936 1843 1971 de
1873 1946 1945 1971 non
1975 1935 2130 1981 petenda
2163 1945 2304 1980 quoque
2336 1934 2448 1970 videri

1354 1982 1560 2017 convenisse
1595 1991 1639 2017 ac
1683 1985 1821 2027 patrem
1862 1981 1961 2026 pacti
2003 1981 2168 2016 conventi
2202 1979 2446 2026 exceptionem

1353 2030 1525 2062 nanctum
1549 2026 1596 2062 ad
1618 2026 1784 2062 heredem
1808 2037 1913 2062 suum
1935 2025 2186 2061 transmisisse.

1400 2068 1454 2109 26
1479 2071 1728 2107 Firmanus
1749 2071 1842 2107 libro
1862 2075 1994 2117 quarto
2013 2081 2269 2116 responsorum
2285 2069 2311 2091 ¹⁴
2346 2069 2446 2105 Inter

1354 2127 1519 2153 socerum
1553 2120 1591 2152 et
1623 2126 1794 2162 generum
1829 2116 2013 2158 convenit,
2050 2119 2109 2158 ut,
2141 2114 2172 2150 si
2202 2114 2277 2150 filia
2307 2118 2448 2150 mortua

1353 2161 1580 2206 superstitem
1604 2161 1812 2198 anniculum
1834 2161 1945 2196 filium
1964 2160 2160 2202 habuisset,
2185 2159 2250 2196 dos
2271 2159 2319 2195 ad
2334 2159 2447 2195 virum

1379 2207 1564 2241 ertineret:
1598 2206 1693 2252 quod
1726 2207 1756 2242 si
1785 2206 1924 2242 vivente
1955 2210 2068 2241 matre
2098 2204 2193 2241 filius
2225 2204 2370 2247 obisset,
2394 2205 2447 2239 vir

1378 2252 1446 2286 otis
1469 2251 1671 2296 portionem
1702 2261 1814 2287 uxore
1848 2251 1887 2286 in
1917 2250 2143 2286 matrimonio
2168 2249 2339 2285 defuncta
2362 2250 2446 2285 reti-

1353 2300 1465 2332 neret.
1514 2296 1640 2332 mulier
1670 2296 1856 2340 naufragio
1900 2306 1982 2332 cum
2017 2295 2184 2331 anniculo
2220 2294 2293 2330 filio
2327 2294 2444 2340 periit.

1353 2341 1438 2386 quia
1460 2341 1647 2376 verisimile
1676 2341 1865 2377 videbatur
1894 2344 1978 2376 ante
2008 2344 2157 2376 matrem
2187 2338 2360 2375 infantem
2383 2350 2449 2418 ge-

1357 2389 1371 2421 1
1421 2386 1530 2427 risse,
1561 2385 1675 2421 virum
1705 2390 1845 2431 partem
1875 2385 1970 2421 dotis
1999 2385 2152 2421 retinere
2181 2384 2327 2437 placuit.
2415 2384 2447 2419 ir

1354 2430 1484 2473 dotem,
1510 2440 1617 2475 quam
1641 2440 1684 2466 ex
1707 2435 1815 2476 pacto
1839 2430 1934 2466 filiae
1964 2430 2106 2466 nomine
2136 2434 2287 2465 retinere
2316 2430 2445 2475 potuit,

1353 2476 1385 2512 si
1413 2476 1537 2522 lapsus
1571 2486 1690 2511 errore
1721 2486 1795 2512 non
1826 2475 1992 2518 retinuit,
2023 2476 2151 2518 filiam,
2176 2484 2269 2520 quae
2291 2474 2405 2519 patris
2418 2475 2447 2495 ¹⁵

1354 2521 1443 2564 sola,
1469 2521 1575 2556 matri
1598 2531 1663 2566 pro
1687 2525 1790 2566 parte
1812 2521 1917 2557 heres
1941 2520 2127 2562 exstiterit,
2152 2519 2250 2565 apud
2273 2519 2446 2555 arbitrum

1353 2565 1534 2602 divisionis
1554 2576 1626 2602 non
1646 2566 1807 2612 improbe
1827 2565 1920 2602 dotis
1939 2575 2125 2611 perperam
2145 2575 2168 2600 a
2185 2568 2288 2611 patre
2308 2564 2446 2600 solutae

1354 2614 1374 2647 2
1421 2611 1711 2657 praeceptionem
1753 2611 1956 2647 desiderare
2000 2610 2170 2646 constitit.
2231 2608 2320 2644 Cum
2354 2610 2447 2644 inter

1379 2659 1492 2692 atrem
1516 2660 1552 2692 et
1573 2666 1742 2701 generum
1766 2656 1949 2698 convenit,
1981 2660 2023 2691 ut
2052 2656 2089 2691 in
2113 2654 2336 2690 matrimonio
2370 2654 2446 2690 sine

1369 2701 1474 2737 ‘beris
1498 2700 1670 2737 defuncta
1692 2701 1767 2736 filia
1790 2701 1856 2737 dos
1886 2700 1982 2746 patri
2011 2700 2241 2742 restituatur,
2265 2699 2303 2734 id
2326 2703 2444 2735 actum

1352 2746 1446 2782 inter
1478 2746 1734 2791 contrahentes,
1762 2746 1918 2791 intellegi
1949 2745 2074 2787 debet,
2106 2748 2148 2780 ut
2178 2744 2298 2780 liberis
2322 2754 2444 2789 super·

1354 2792 1497 2827 stitibus
1521 2791 1615 2826 filiae
1641 2790 1812 2827 defuncta
1835 2791 1899 2827 dos
1923 2791 2130 2832 retineatur,
2165 2800 2231 2825 nec
2262 2789 2443 2835 separabi-

1354 2841 1413 2873 tur
1442 2836 1558 2889 portio
1592 2836 1686 2872 dotis
1719 2836 1952 2872 additamenti
1984 2845 2094 2871 causa
2125 2834 2230 2878 data,
2260 2834 2445 2886 si·postea

1355 2885 1375 2918 3
1422 2881 1510 2917 mhil
1542 2881 1639 2917 aliud
1670 2882 1868 2917 conveniat.
1929 2880 2119 2922 Convenit,
2152 2884 2194 2915 ut
2224 2879 2350 2914 mulier
2380 2879 2444 2914 viri

1354 2926 1568 2972 sumptibus,
1593 2937 1736 2972 quoquo
1758 2926 1838 2969 iret,
1862 2926 2060 2968 veheretur,
2085 2929 2202 2977 atque·
2215 2923 2296 2960 ideo
2315 2924 2445 2977 ‘mulier

1353 2976 1500 3017 pactum
1523 2971 1570 3007 ad
1582 2972 1612 2994 ¹⁸
1640 2972 1778 3007 litteras
1802 2972 1867 3007 viri
1891 2975 2015 3006 secuta
2044 2979 2282 3016 provinciam,
2313 2980 2350 3004 m
2374 2979 2445 3014 qua

1354 3017 1515 3053 centurio
1536 3016 1706 3059 merebat,
1725 3017 1826 3062 petit.
1860 3027 1931 3052 non
1951 3020 2092 3051 servata
2110 3014 2182 3050 fide
2201 3014 2443 3051 conventionis

1353 3062 1439 3098 licet
1469 3061 1607 3097 directa
1640 3062 1734 3097 actio
1775 3061 1874 3097 nulla
1909 3060 2097 3106 competit,
2129 3059 2226 3095 utilis
2257 3063 2376 3094 tamen
2407 3060 2444 3095 in

1354 3110 1375 3142 4
1421 3106 1558 3143 factum
1582 3106 1701 3142 danda
1723 3110 1788 3142 est.
1836 3106 1929 3141 Filia
1953 3116 2034 3141 cum
2056 3116 2121 3157 pro
2146 3115 2185 3140 se
2217 3103 2336 3140 dotem
2359 3114 2443 3149 pro-

1354 3152 1527 3193 mitteret,
1561 3151 1714 3197 pepigit,
1746 3155 1807 3193 ut,
1839 3151 1870 3187 si
1900 3152 1937 3186 in
1968 3150 2191 3186 matrimonio
2224 3149 2301 3185 sine
2322 3149 2443 3184 liberis

1354 3196 1584 3238 decessisset,
1617 3196 1722 3232 matri
1761 3206 1848 3232 suae
1887 3195 1953 3231 dos
1987 3195 2155 3230 solvatur.
2204 3197 2311 3240 pacto
2349 3193 2444 3230 filiae

1354 3241 1452 3277 nulla
1474 3242 1578 3276 matri
1602 3241 1787 3286 quaeritur
1810 3241 1922 3276 actio:
1956 3240 1988 3275 si
2017 3245 2137 3275 tamen
2171 3240 2273 3275 heres
2303 3239 2444 3285 puellae
2515 3271 2518 3274 ,

1353 3286 1458 3322 matri
1489 3286 1677 3332 pecuniam
1708 3285 1802 3322 dotis
1833 3285 1994 3328 solverit,
2032 3285 2106 3320 viro
2147 3289 2273 3320 contra
2311 3283 2444 3330 placita

1354 3334 1374 3367 5
1422 3331 1558 3377 petenti
1591 3331 1710 3367 dotem
1740 3330 1900 3367 obstabit
1923 3329 2095 3375 exceptio.
2150 3329 2278 3372 Pater,
2310 3329 2342 3364 si
2370 3328 2444 3363 filia

1353 3381 1467 3422 nupta
1497 3382 1647 3412 mortem
1687 3375 1838 3418 obisset,
1878 3374 1996 3411 dotem
2027 3374 2109 3417 ,dari
2143 3374 2335 3420 stipulatus
2370 3379 2440 3409 est:

1354 3425 1543 3458 constante
1566 3421 1790 3457 matrimonio
1815 3420 1960 3466 capitali
1984 3419 2130 3455 crimine
2162 3419 2350 3455 damnatus
2376 3423 2440 3453 est.

1355 3466 1503 3503 divortio
1523 3471 1647 3502 secuto
1667 3466 1722 3502 vel
1743 3470 1856 3501 morte
1875 3465 1940 3500 viri
1960 3465 2077 3500 soluto
2090 3463 2313 3500 matrimonio
2327 3463 2440 3509 stipu-

1352 3581 1408 3620 (ιι)
1432 3579 1536 3622 patri]
1549 3589 1611 3623 pro
1623 3581 1719 3622 parte
1730 3591 1794 3613 ser.
1865 3580 1924 3619 (ιι)
1949 3578 2160 3611 retineantur
2172 3577 2207 3610 F
2270 3578 2329 3618 (1³)
2351 3575 2440 3619 quod

1351 3624 1506 3668 Kruoqer
1595 3626 1654 3665 (ιι)
1678 3623 1700 3667 5
1713 3631 1731 3659 s
1743 3640 1788 3653 —
1807 3623 1883 3667 Ulp.
1896 3624 1941 3656 D.
1957 3625 2012 3665 24,
2025 3631 2050 3664 ι,
2063 3630 2095 3658 21
2109 3633 2159 3666 pr.
2265 3623 2323 3663 (ιι)
2349 3624 2438 3664 patri

1353 3670 1428 3703 deu.
1546 3670 1606 3710 (ιθ)
1631 3679 1670 3702 ao
1682 3680 1744 3703 uec.
1759 3669 1805 3702 B.
1818 3681 1881 3702 scr.

2494 3814 2528 3918 3955<ss
2519 3771 2527 3776 ι
2519 3698 2526 3704 ,
