<?xml version="1.0" encoding="UTF-8"?>
<!DOCTYPE html PUBLIC "-//W3C//DTD XHTML 1.0 Transitional//EN"
    "http://www.w3.org/TR/xhtml1/DTD/xhtml1-transitional.dtd">
<html xmlns="http://www.w3.org/1999/xhtml" xml:lang="en" lang="en">
 <head>
  <title>
</title>
<meta http-equiv="Content-Type" content="text/html;charset=utf-8" />
  <meta name='ocr-system' content='tesseract 3.04.00' />
  <meta name='ocr-capabilities' content='ocr_page ocr_carea ocr_par ocr_line ocrx_word'/>
</head>
<body>
  <div class='ocr_page' id='page_1' title='image "./corpusjuriscivil01krueuoft_0136.png"; bbox 0 0 2528 3918; ppageno 0'>
   <div class='ocr_carea' id='block_1_1' title="bbox 202 105 300 150">
    <p class='ocr_par' dir='ltr' id='par_1_1' title="bbox 202 105 300 150">
     <span class='ocr_line' id='line_1_1' title="bbox 202 105 300 150; baseline -0.02 0"><span class='ocrx_word' id='word_1_1' title='bbox 202 105 300 150; x_wconf 86' lang='lat'><strong>114</strong></span> 
     </span>
    </p>
   </div>
   <div class='ocr_carea' id='block_1_2' title="bbox 195 225 1290 3488">
    <p class='ocr_par' dir='ltr' id='par_1_2' title="bbox 202 225 1288 451">
     <span class='ocr_line' id='line_1_2' title="bbox 202 225 1287 268; baseline -0.004 -4"><span class='ocrx_word' id='word_1_2' title='bbox 202 231 244 264; x_wconf 90' lang='lat' dir='ltr'><strong>ut</strong></span> <span class='ocrx_word' id='word_1_3' title='bbox 266 226 415 263; x_wconf 86' lang='lat' dir='ltr'><strong>Severus</strong></span> <span class='ocrx_word' id='word_1_4' title='bbox 440 227 591 268; x_wconf 85' lang='lat' dir='ltr'><strong>dicebat,</strong></span> <span class='ocrx_word' id='word_1_5' title='bbox 615 226 661 261; x_wconf 90' lang='lat' dir='ltr'><strong>ad</strong></span> <span class='ocrx_word' id='word_1_6' title='bbox 684 226 779 262; x_wconf 90' lang='lat' dir='ltr'><strong>solos</strong></span> <span class='ocrx_word' id='word_1_7' title='bbox 803 226 916 261; x_wconf 88' lang='lat' dir='ltr'><strong>iustos</strong></span> <span class='ocrx_word' id='word_1_8' title='bbox 939 226 1088 262; x_wconf 87' lang='lat' dir='ltr'><strong>liberos:</strong></span> <span class='ocrx_word' id='word_1_9' title='bbox 1114 225 1178 261; x_wconf 88' lang='lat' dir='ltr'><strong>sed</strong></span> <span class='ocrx_word' id='word_1_10' title='bbox 1202 229 1237 261; x_wconf 93' lang='lat' dir='ltr'><strong>et</strong></span> <span class='ocrx_word' id='word_1_11' title='bbox 1258 226 1287 261; x_wconf 90' lang='lat' dir='ltr'><strong>si</strong></span> 
     </span>
     <span class='ocr_line' id='line_1_3' title="bbox 204 271 1288 362; baseline -0.003 -9"><span class='ocrx_word' id='word_1_12' title='bbox 204 272 582 354; x_wconf 54' lang='grc' dir='ltr'><strong>ωὲορῖἓὲθέἔωιῗ-ῡῗῗ</strong></span> <span class='ocrx_word' id='word_1_13' title='bbox 603 271 1022 362; x_wconf 50' lang='grc' dir='ltr'><strong>ῗῗὲῗὶοωέἶῖἓὲσῖῑέω</strong></span> <span class='ocrx_word' id='word_1_14' title='bbox 1033 281 1118 360; x_wconf 61' lang='lat'><strong>{¹133</strong></span> <span class='ocrx_word' id='word_1_15' title='bbox 1132 271 1288 360; x_wconf 48' lang='lat'><strong>&amp;3323</strong></span> 
     </span>
     <span class='ocr_line' id='line_1_4' title="bbox 203 360 1287 406; baseline -0.002 -8"><span class='ocrx_word' id='word_1_16' title='bbox 203 366 302 398; x_wconf 85' lang='lat' dir='ltr'><strong>certa</strong></span> <span class='ocrx_word' id='word_1_17' title='bbox 333 365 405 403; x_wconf 92' lang='lat' dir='ltr'><strong>est,</strong></span> <span class='ocrx_word' id='word_1_18' title='bbox 437 361 543 396; x_wconf 89' lang='lat' dir='ltr'><strong>etiam</strong></span> <span class='ocrx_word' id='word_1_19' title='bbox 578 362 609 396; x_wconf 92' lang='lat' dir='ltr'><strong>si</strong></span> <span class='ocrx_word' id='word_1_20' title='bbox 637 360 741 406; x_wconf 87' lang='lat' dir='ltr'><strong>vulgo</strong></span> <span class='ocrx_word' id='word_1_21' title='bbox 767 360 989 406; x_wconf 81' lang='lat' dir='ltr'><strong>conceperit:</strong></span> <span class='ocrx_word' id='word_1_22' title='bbox 1023 364 1127 405; x_wconf 89' lang='lat' dir='ltr'><strong>pater</strong></span> <span class='ocrx_word' id='word_1_23' title='bbox 1149 370 1233 395; x_wconf 90' lang='lat' dir='ltr'><strong>vero</strong></span> <span class='ocrx_word' id='word_1_24' title='bbox 1257 360 1287 396; x_wconf 87' lang='lat' dir='ltr'><strong>is</strong></span> 
     </span>
     <span class='ocr_line' id='line_1_5' title="bbox 204 405 846 451; baseline -0.005 -8"><span class='ocrx_word' id='word_1_25' title='bbox 204 411 269 448; x_wconf 88' lang='lat' dir='ltr'><strong>est,</strong></span> <span class='ocrx_word' id='word_1_26' title='bbox 318 416 398 442; x_wconf 89' lang='lat' dir='ltr'><strong>uem</strong></span> <span class='ocrx_word' id='word_1_27' title='bbox 421 406 567 451; x_wconf 81' lang='lat' dir='ltr'><strong>nuptiae</strong></span> <span class='ocrx_word' id='word_1_28' title='bbox 591 405 846 442; x_wconf 89' lang='lat' dir='ltr'><strong>demonstrant.</strong></span> 
     </span>
    </p>

    <p class='ocr_par' dir='ltr' id='par_1_3' title="bbox 201 449 1286 577">
     <span class='ocr_line' id='line_1_6' title="bbox 249 449 1286 497; baseline -0.004 -9"><span class='ocrx_word' id='word_1_29' title='bbox 249 449 274 489; x_wconf 89' lang='lat'>6</span> <span class='ocrx_word' id='word_1_30' title='bbox 322 461 406 486; x_wconf 70' lang='lat' dir='ltr'><strong>mm</strong></span> <span class='ocrx_word' id='word_1_31' title='bbox 424 451 516 486; x_wconf 83' lang='lat' dir='ltr'><strong>libro</strong></span> <span class='ocrx_word' id='word_1_32' title='bbox 534 452 657 497; x_wconf 77' lang='lat' dir='ltr'><strong>primo</strong></span> <span class='ocrx_word' id='word_1_33' title='bbox 680 451 938 486; x_wconf 75' lang='lat' dir='ltr'><strong>sententiarum</strong></span> <span class='ocrx_word' id='word_1_34' title='bbox 984 449 1158 485; x_wconf 87' lang='lat' dir='ltr'><strong>Parentes</strong></span> <span class='ocrx_word' id='word_1_35' title='bbox 1182 453 1286 485; x_wconf 92' lang='lat' dir='ltr'><strong>natu-</strong></span> 
     </span>
     <span class='ocr_line' id='line_1_7' title="bbox 201 494 1286 541; baseline -0.003 -9"><span class='ocrx_word' id='word_1_36' title='bbox 201 497 293 532; x_wconf 88' lang='lat' dir='ltr'><strong>rales</strong></span> <span class='ocrx_word' id='word_1_37' title='bbox 316 497 354 531; x_wconf 92' lang='lat' dir='ltr'><strong>in</strong></span> <span class='ocrx_word' id='word_1_38' title='bbox 376 496 431 531; x_wconf 88' lang='lat' dir='ltr'><strong>ius</strong></span> <span class='ocrx_word' id='word_1_39' title='bbox 455 505 583 531; x_wconf 86' lang='lat' dir='ltr'><strong>vocare</strong></span> <span class='ocrx_word' id='word_1_40' title='bbox 605 505 709 532; x_wconf 85' lang='lat' dir='ltr'><strong>nemo</strong></span> <span class='ocrx_word' id='word_1_41' title='bbox 732 498 868 541; x_wconf 88' lang='lat' dir='ltr'><strong>potest:</strong></span> <span class='ocrx_word' id='word_1_42' title='bbox 892 504 965 530; x_wconf 81' lang='lat' dir='ltr'><strong>una</strong></span> <span class='ocrx_word' id='word_1_43' title='bbox 988 498 1044 530; x_wconf 87' lang='lat' dir='ltr'><strong>est</strong></span> <span class='ocrx_word' id='word_1_44' title='bbox 1063 495 1156 530; x_wconf 90' lang='lat' dir='ltr'><strong>enim</strong></span> <span class='ocrx_word' id='word_1_45' title='bbox 1176 494 1286 530; x_wconf 91' lang='lat' dir='ltr'><strong>omni-</strong></span> 
     </span>
     <span class='ocr_line' id='line_1_8' title="bbox 202 540 930 577; baseline -0.003 -1"><span class='ocrx_word' id='word_1_46' title='bbox 202 542 269 577; x_wconf 91' lang='lat' dir='ltr'><strong>bus</strong></span> <span class='ocrx_word' id='word_1_47' title='bbox 319 540 502 576; x_wconf 75' lang='lat' dir='ltr'><strong>arentibus</strong></span> <span class='ocrx_word' id='word_1_48' title='bbox 525 540 701 576; x_wconf 86' lang='lat' dir='ltr'><strong>servanda</strong></span> <span class='ocrx_word' id='word_1_49' title='bbox 722 540 930 575; x_wconf 85' lang='lat' dir='ltr'><strong>reverentia.</strong></span> 
     </span>
    </p>

    <p class='ocr_par' dir='ltr' id='par_1_4' title="bbox 202 583 1290 756">
     <span class='ocr_line' id='line_1_9' title="bbox 249 583 1288 632; baseline -0.003 -11"><span class='ocrx_word' id='word_1_50' title='bbox 249 584 272 622; x_wconf 89' lang='lat'><strong>7</strong></span> <span class='ocrx_word' id='word_1_51' title='bbox 321 595 407 620; x_wconf 61' lang='grc' dir='ltr'><strong>ΒΕΑ(</strong></span> <span class='ocrx_word' id='word_1_52' title='bbox 433 585 525 621; x_wconf 83' lang='lat' dir='ltr'><strong>libro</strong></span> <span class='ocrx_word' id='word_1_53' title='bbox 557 589 688 632; x_wconf 83' lang='lat' dir='ltr'><strong>quarto</strong></span> <span class='ocrx_word' id='word_1_54' title='bbox 712 585 762 620; x_wconf 87' lang='lat' dir='ltr'><strong>ad</strong></span> <span class='ocrx_word' id='word_1_55' title='bbox 782 585 935 620; x_wconf 72' lang='lat' dir='ltr'><strong>edictum</strong></span> <span class='ocrx_word' id='word_1_56' title='bbox 981 583 1100 619; x_wconf 87' lang='lat' dir='ltr'><strong>Patris</strong></span> <span class='ocrx_word' id='word_1_57' title='bbox 1132 583 1288 629; x_wconf 80' lang='lat' dir='ltr'>adoptivi</span> 
     </span>
     <span class='ocr_line' id='line_1_10' title="bbox 202 628 1288 676; baseline -0.002 -10"><span class='ocrx_word' id='word_1_58' title='bbox 202 634 368 676; x_wconf 86' lang='lat' dir='ltr'><strong>parentes</strong></span> <span class='ocrx_word' id='word_1_59' title='bbox 391 630 536 676; x_wconf 90' lang='lat' dir='ltr'><strong>impune</strong></span> <span class='ocrx_word' id='word_1_60' title='bbox 558 630 720 672; x_wconf 80' lang='lat' dir='ltr'><strong>vocabit,</strong></span> <span class='ocrx_word' id='word_1_61' title='bbox 757 629 924 675; x_wconf 89' lang='lat' dir='ltr'><strong>quoniam</strong></span> <span class='ocrx_word' id='word_1_62' title='bbox 954 628 992 663; x_wconf 92' lang='lat' dir='ltr'><strong>hi</strong></span> <span class='ocrx_word' id='word_1_63' title='bbox 1022 628 1098 664; x_wconf 90' lang='lat' dir='ltr'><strong>eius</strong></span> <span class='ocrx_word' id='word_1_64' title='bbox 1120 632 1288 674; x_wconf 87' lang='lat' dir='ltr'><strong>parentes</strong></span> 
     </span>
     <span class='ocr_line' id='line_1_11' title="bbox 202 673 1290 756; baseline -0.003 -45"><span class='ocrx_word' id='word_1_65' title='bbox 202 686 275 756; x_wconf 63' lang='lat' dir='ltr'><strong>rign</strong></span> <span class='ocrx_word' id='word_1_66' title='bbox 306 678 409 718; x_wconf 88' lang='lat' dir='ltr'><strong>sunt,</strong></span> <span class='ocrx_word' id='word_1_67' title='bbox 441 686 522 711; x_wconf 89' lang='lat' dir='ltr'><strong>cum</strong></span> <span class='ocrx_word' id='word_1_68' title='bbox 551 675 607 711; x_wconf 93' lang='lat' dir='ltr'><strong>his</strong></span> <span class='ocrx_word' id='word_1_69' title='bbox 637 678 777 710; x_wconf 89' lang='lat' dir='ltr'><strong>tantum</strong></span> <span class='ocrx_word' id='word_1_70' title='bbox 808 676 980 719; x_wconf 85' lang='lat' dir='ltr'><strong>cognatus</strong></span> <span class='ocrx_word' id='word_1_71' title='bbox 1011 673 1077 709; x_wconf 89' lang='lat' dir='ltr'><strong>fiat</strong></span> <span class='ocrx_word' id='word_1_72' title='bbox 1099 673 1228 719; x_wconf 89' lang='lat' dir='ltr'><strong>quibus</strong></span> <span class='ocrx_word' id='word_1_73' title='bbox 1253 677 1290 709; x_wconf 88' lang='lat' dir='ltr'><strong>et</strong></span> 
     </span>
     <span class='ocr_line' id='line_1_12' title="bbox 202 724 390 756; baseline 0.005 -1"><span class='ocrx_word' id='word_1_74' title='bbox 202 730 224 755; x_wconf 90' lang='lat' dir='ltr'><strong>a</strong></span> <span class='ocrx_word' id='word_1_75' title='bbox 297 724 390 756; x_wconf 91' lang='lat' dir='ltr'><strong>atus.</strong></span> 
     </span>
    </p>

    <p class='ocr_par' dir='ltr' id='par_1_5' title="bbox 197 762 1289 1662">
     <span class='ocr_line' id='line_1_13' title="bbox 307 762 1289 810; baseline -0.003 -9"><span class='ocrx_word' id='word_1_76' title='bbox 307 765 502 802; x_wconf 57' lang='lat' dir='ltr'><strong>[liumus</strong></span> <span class='ocrx_word' id='word_1_77' title='bbox 530 765 620 801; x_wconf 84' lang='lat' dir='ltr'><strong>libro</strong></span> <span class='ocrx_word' id='word_1_78' title='bbox 644 764 770 810; x_wconf 84' lang='lat' dir='ltr'><strong>quinto</strong></span> <span class='ocrx_word' id='word_1_79' title='bbox 794 763 844 798; x_wconf 86' lang='lat' dir='ltr'><strong>ad</strong></span> <span class='ocrx_word' id='word_1_80' title='bbox 873 763 1027 799; x_wconf 77' lang='lat' dir='ltr'><strong>edictum</strong></span> <span class='ocrx_word' id='word_1_81' title='bbox 1072 762 1289 809; x_wconf 87' lang='lat' dir='ltr'><strong>Adoptivum</strong></span> 
     </span>
     <span class='ocr_line' id='line_1_14' title="bbox 199 807 1289 856; baseline -0.004 -9"><span class='ocrx_word' id='word_1_82' title='bbox 199 815 350 856; x_wconf 87' lang='lat' dir='ltr'><strong>patrem,</strong></span> <span class='ocrx_word' id='word_1_83' title='bbox 374 810 543 856; x_wconf 84' lang='lat' dir='ltr'><strong>quamdiu</strong></span> <span class='ocrx_word' id='word_1_84' title='bbox 566 810 603 845; x_wconf 92' lang='lat' dir='ltr'><strong>in</strong></span> <span class='ocrx_word' id='word_1_85' title='bbox 626 812 804 854; x_wconf 79' lang='lat' dir='ltr'><strong>potestate</strong></span> <span class='ocrx_word' id='word_1_86' title='bbox 827 811 900 850; x_wconf 90' lang='lat' dir='ltr'><strong>est,</strong></span> <span class='ocrx_word' id='word_1_87' title='bbox 925 808 963 842; x_wconf 86' lang='lat' dir='ltr'><strong>in</strong></span> <span class='ocrx_word' id='word_1_88' title='bbox 984 807 1041 843; x_wconf 90' lang='lat' dir='ltr'><strong>ius</strong></span> <span class='ocrx_word' id='word_1_89' title='bbox 1064 818 1194 844; x_wconf 88' lang='lat' dir='ltr'><strong>vocare</strong></span> <span class='ocrx_word' id='word_1_90' title='bbox 1216 819 1289 844; x_wconf 92' lang='lat' dir='ltr'><strong>non</strong></span> 
     </span>
     <span class='ocr_line' id='line_1_15' title="bbox 200 854 1288 908; baseline -0.004 -16"><span class='ocrx_word' id='word_1_91' title='bbox 200 860 320 901; x_wconf 90' lang='lat' dir='ltr'><strong>potest</strong></span> <span class='ocrx_word' id='word_1_92' title='bbox 350 856 429 891; x_wconf 88' lang='lat' dir='ltr'><strong>iure</strong></span> <span class='ocrx_word' id='word_1_93' title='bbox 451 855 561 908; x_wconf 87' lang='lat' dir='ltr'><strong>magis</strong></span> <span class='ocrx_word' id='word_1_94' title='bbox 584 854 773 900; x_wconf 88' lang='lat' dir='ltr'><strong>potestatis</strong></span> <span class='ocrx_word' id='word_1_95' title='bbox 797 861 904 898; x_wconf 89' lang='lat' dir='ltr'><strong>quam</strong></span> <span class='ocrx_word' id='word_1_96' title='bbox 927 856 1120 898; x_wconf 87' lang='lat' dir='ltr'><strong>praecepto</strong></span> <span class='ocrx_word' id='word_1_97' title='bbox 1144 856 1288 898; x_wconf 89' lang='lat' dir='ltr'><strong>praeto·</strong></span> 
     </span>
     <span class='ocr_line' id='line_1_16' title="bbox 199 897 1287 944; baseline -0.003 -8"><span class='ocrx_word' id='word_1_98' title='bbox 199 901 268 944; x_wconf 91' lang='lat' dir='ltr'><strong>ris,</strong></span> <span class='ocrx_word' id='word_1_99' title='bbox 299 901 369 936; x_wconf 88' lang='lat' dir='ltr'><strong>nisi</strong></span> <span class='ocrx_word' id='word_1_100' title='bbox 399 900 447 936; x_wconf 87' lang='lat' dir='ltr'><strong>sit</strong></span> <span class='ocrx_word' id='word_1_101' title='bbox 474 900 569 935; x_wconf 88' lang='lat' dir='ltr'><strong>fihus</strong></span> <span class='ocrx_word' id='word_1_102' title='bbox 602 899 662 944; x_wconf 89' lang='lat' dir='ltr'><strong>qui</strong></span> <span class='ocrx_word' id='word_1_103' title='bbox 694 902 875 934; x_wconf 78' lang='lat' dir='ltr'><strong>castrense</strong></span> <span class='ocrx_word' id='word_1_104' title='bbox 906 897 1058 933; x_wconf 80' lang='lat' dir='ltr'><strong>habuit¹</strong></span> <span class='ocrx_word' id='word_1_105' title='bbox 1117 898 1287 933; x_wconf 87' lang='lat' dir='ltr'><strong>eculium:</strong></span> 
     </span>
     <span class='ocr_line' id='line_1_17' title="bbox 201 942 1287 989; baseline -0.004 -8"><span class='ocrx_word' id='word_1_106' title='bbox 201 950 291 982; x_wconf 91' lang='lat' dir='ltr'><strong>tunc</strong></span> <span class='ocrx_word' id='word_1_107' title='bbox 314 945 407 981; x_wconf 91' lang='lat' dir='ltr'><strong>enim</strong></span> <span class='ocrx_word' id='word_1_108' title='bbox 432 955 542 980; x_wconf 90' lang='lat' dir='ltr'><strong>causa</strong></span> <span class='ocrx_word' id='word_1_109' title='bbox 566 944 706 989; x_wconf 84' lang='lat' dir='ltr'><strong>cognita</strong></span> <span class='ocrx_word' id='word_1_110' title='bbox 737 942 989 988; x_wconf 82' lang='lat' dir='ltr'><strong>permittetur2</strong></span> <span class='ocrx_word' id='word_1_111' title='bbox 1048 952 1086 978; x_wconf 89' lang='lat' dir='ltr'><strong>se</strong></span> <span class='ocrx_word' id='word_1_112' title='bbox 1141 946 1287 978; x_wconf 89' lang='lat' dir='ltr'><strong>natura-</strong></span> 
     </span>
     <span class='ocr_line' id='line_1_18' title="bbox 199 986 1288 1042; baseline -0.004 -16"><span class='ocrx_word' id='word_1_113' title='bbox 199 990 269 1026; x_wconf 88' lang='lat' dir='ltr'><strong>lem</strong></span> <span class='ocrx_word' id='word_1_114' title='bbox 298 994 483 1036; x_wconf 88' lang='lat' dir='ltr'><strong>parentem</strong></span> <span class='ocrx_word' id='word_1_115' title='bbox 515 999 560 1025; x_wconf 91' lang='lat' dir='ltr'><strong>ne</strong></span> <span class='ocrx_word' id='word_1_116' title='bbox 583 989 724 1034; x_wconf 90' lang='lat' dir='ltr'><strong>quidem</strong></span> <span class='ocrx_word' id='word_1_117' title='bbox 748 987 832 1023; x_wconf 88' lang='lat' dir='ltr'><strong>dum</strong></span> <span class='ocrx_word' id='word_1_118' title='bbox 856 991 911 1023; x_wconf 87' lang='lat' dir='ltr'><strong>est</strong></span> <span class='ocrx_word' id='word_1_119' title='bbox 931 987 970 1022; x_wconf 88' lang='lat' dir='ltr'><strong>in</strong></span> <span class='ocrx_word' id='word_1_120' title='bbox 994 986 1163 1042; x_wconf 68' lang='lat' dir='ltr'><strong>adoptiva</strong></span> <span class='ocrx_word' id='word_1_121' title='bbox 1185 987 1288 1022; x_wconf 85' lang='lat' dir='ltr'><strong>fami-</strong></span> 
     </span>
     <span class='ocr_line' id='line_1_19' title="bbox 203 1028 1286 1078; baseline -0.004 -7"><span class='ocrx_word' id='word_1_122' title='bbox 203 1039 218 1071; x_wconf 91' lang='lat'>1</span> <span class='ocrx_word' id='word_1_123' title='bbox 267 1036 316 1071; x_wconf 93' lang='lat' dir='ltr'><strong>lia</strong></span> <span class='ocrx_word' id='word_1_124' title='bbox 326 1036 363 1070; x_wconf 91' lang='lat' dir='ltr'><strong>in</strong></span> <span class='ocrx_word' id='word_1_125' title='bbox 374 1036 431 1070; x_wconf 91' lang='lat' dir='ltr'><strong>ius</strong></span> <span class='ocrx_word' id='word_1_126' title='bbox 442 1034 596 1070; x_wconf 83' lang='lat' dir='ltr'><strong>vocari³.</strong></span> <span class='ocrx_word' id='word_1_127' title='bbox 642 1028 883 1075; x_wconf 84' lang='lat' dir='ltr'><strong>‘Patronum&#39;,</strong></span> <span class='ocrx_word' id='word_1_128' title='bbox 906 1032 1032 1078; x_wconf 90' lang='lat' dir='ltr'><strong>inquit,</strong></span> <span class='ocrx_word' id='word_1_129' title='bbox 1068 1030 1286 1078; x_wconf 88' lang='lat' dir='ltr'><strong>patronam‘.</strong></span> 
     </span>
     <span class='ocr_line' id='line_1_20' title="bbox 199 1077 1288 1127; baseline -0.004 -11"><span class='ocrx_word' id='word_1_130' title='bbox 199 1080 344 1127; x_wconf 90' lang='lat' dir='ltr'><strong>patroni</strong></span> <span class='ocrx_word' id='word_1_131' title='bbox 365 1080 425 1115; x_wconf 90' lang='lat' dir='ltr'><strong>hic</strong></span> <span class='ocrx_word' id='word_1_132' title='bbox 449 1078 645 1124; x_wconf 88' lang='lat' dir='ltr'><strong>accipiendi</strong></span> <span class='ocrx_word' id='word_1_133' title='bbox 668 1081 769 1119; x_wconf 91' lang='lat' dir='ltr'><strong>sunt,</strong></span> <span class='ocrx_word' id='word_1_134' title='bbox 826 1077 863 1111; x_wconf 93' lang='lat' dir='ltr'><strong>ui</strong></span> <span class='ocrx_word' id='word_1_135' title='bbox 895 1087 940 1112; x_wconf 84' lang='lat' dir='ltr'><strong>ex</strong></span> <span class='ocrx_word' id='word_1_136' title='bbox 971 1077 1140 1112; x_wconf 86' lang='lat' dir='ltr'><strong>servitute</strong></span> <span class='ocrx_word' id='word_1_137' title='bbox 1161 1087 1288 1113; x_wconf 91' lang='lat' dir='ltr'><strong>manu-</strong></span> 
     </span>
     <span class='ocr_line' id='line_1_21' title="bbox 199 1088 1287 1167; baseline -0.005 -6"><span class='ocrx_word' id='word_1_138' title='bbox 199 1125 389 1161; x_wconf 86' lang='lat' dir='ltr'><strong>miserunt:</strong></span> <span class='ocrx_word' id='word_1_139' title='bbox 413 1124 468 1159; x_wconf 89' lang='lat' dir='ltr'><strong>vel</strong></span> <span class='ocrx_word' id='word_1_140' title='bbox 491 1124 521 1159; x_wconf 86' lang='lat' dir='ltr'><strong>si</strong></span> <span class='ocrx_word' id='word_1_141' title='bbox 546 1122 777 1158; x_wconf 86' lang='lat' dir='ltr'><strong>collusionem</strong></span> <span class='ocrx_word' id='word_1_142' title='bbox 801 1088 954 1157; x_wconf 50' lang='lat' dir='ltr'><strong>detexit:</strong></span> <span class='ocrx_word' id='word_1_143' title='bbox 978 1121 1034 1157; x_wconf 89' lang='lat' dir='ltr'><strong>vel</strong></span> <span class='ocrx_word' id='word_1_144' title='bbox 1052 1122 1083 1157; x_wconf 91' lang='lat' dir='ltr'><strong>si</strong></span> <span class='ocrx_word' id='word_1_145' title='bbox 1104 1122 1166 1167; x_wconf 93' lang='lat' dir='ltr'><strong>qui</strong></span> <span class='ocrx_word' id='word_1_146' title='bbox 1183 1131 1287 1167; x_wconf 90' lang='lat' dir='ltr'><strong>prae-</strong></span> 
     </span>
     <span class='ocr_line' id='line_1_22' title="bbox 198 1166 1288 1215; baseline -0.005 -9"><span class='ocrx_word' id='word_1_147' title='bbox 198 1170 331 1206; x_wconf 89' lang='lat' dir='ltr'><strong>iudicio</strong></span> <span class='ocrx_word' id='word_1_148' title='bbox 355 1169 605 1215; x_wconf 85' lang='lat' dir='ltr'><strong>pronuntietur</strong></span> <span class='ocrx_word' id='word_1_149' title='bbox 628 1177 706 1203; x_wconf 89' lang='lat' dir='ltr'><strong>esse</strong></span> <span class='ocrx_word' id='word_1_150' title='bbox 727 1167 897 1209; x_wconf 88' lang='lat' dir='ltr'><strong>libertus,</strong></span> <span class='ocrx_word' id='word_1_151' title='bbox 932 1177 1014 1202; x_wconf 91' lang='lat' dir='ltr'><strong>cum</strong></span> <span class='ocrx_word' id='word_1_152' title='bbox 1037 1166 1193 1212; x_wconf 90' lang='lat' dir='ltr'><strong>alioquin</strong></span> <span class='ocrx_word' id='word_1_153' title='bbox 1216 1177 1288 1202; x_wconf 92' lang='lat' dir='ltr'><strong>non</strong></span> 
     </span>
     <span class='ocr_line' id='line_1_23' title="bbox 198 1211 1287 1257; baseline -0.004 -7"><span class='ocrx_word' id='word_1_154' title='bbox 198 1214 319 1256; x_wconf 81' lang='lat' dir='ltr'><strong>fuerit,</strong></span> <span class='ocrx_word' id='word_1_155' title='bbox 344 1218 407 1249; x_wconf 89' lang='lat' dir='ltr'><strong>aut</strong></span> <span class='ocrx_word' id='word_1_156' title='bbox 429 1213 460 1249; x_wconf 90' lang='lat' dir='ltr'><strong>si</strong></span> <span class='ocrx_word' id='word_1_157' title='bbox 481 1213 595 1248; x_wconf 88' lang='lat' dir='ltr'><strong>iuravi</strong></span> <span class='ocrx_word' id='word_1_158' title='bbox 618 1222 698 1247; x_wconf 90' lang='lat' dir='ltr'><strong>eum</strong></span> <span class='ocrx_word' id='word_1_159' title='bbox 720 1211 886 1247; x_wconf 88' lang='lat' dir='ltr'><strong>libertum</strong></span> <span class='ocrx_word' id='word_1_160' title='bbox 908 1221 1025 1246; x_wconf 88' lang='lat' dir='ltr'><strong>meum</strong></span> <span class='ocrx_word' id='word_1_161' title='bbox 1045 1221 1141 1247; x_wconf 87' lang='lat' dir='ltr'><strong>esse:</strong></span> <span class='ocrx_word' id='word_1_162' title='bbox 1166 1222 1287 1257; x_wconf 90' lang='lat' dir='ltr'><strong>quem-</strong></span> 
     </span>
     <span class='ocr_line' id='line_1_24' title="bbox 199 1256 1287 1303; baseline -0.004 -8"><span class='ocrx_word' id='word_1_163' title='bbox 199 1259 392 1295; x_wconf 76' lang='lat' dir='ltr'><strong>admodum</strong></span> <span class='ocrx_word' id='word_1_164' title='bbox 415 1269 479 1303; x_wconf 91' lang='lat' dir='ltr'><strong>per</strong></span> <span class='ocrx_word' id='word_1_165' title='bbox 513 1257 731 1293; x_wconf 90' lang='lat' dir='ltr'><strong>contrarium</strong></span> <span class='ocrx_word' id='word_1_166' title='bbox 753 1266 819 1301; x_wconf 89' lang='lat' dir='ltr'><strong>pro</strong></span> <span class='ocrx_word' id='word_1_167' title='bbox 842 1259 995 1301; x_wconf 89' lang='lat' dir='ltr'><strong>patrono</strong></span> <span class='ocrx_word' id='word_1_168' title='bbox 1019 1266 1093 1292; x_wconf 92' lang='lat' dir='ltr'><strong>non</strong></span> <span class='ocrx_word' id='word_1_169' title='bbox 1116 1256 1287 1299; x_wconf 88' lang='lat' dir='ltr'><strong>habebor,</strong></span> 
     </span>
     <span class='ocr_line' id='line_1_25' title="bbox 199 1300 1288 1340; baseline -0.004 0"><span class='ocrx_word' id='word_1_170' title='bbox 199 1305 231 1340; x_wconf 90' lang='lat' dir='ltr'><strong>si</strong></span> <span class='ocrx_word' id='word_1_171' title='bbox 255 1307 381 1340; x_wconf 91' lang='lat' dir='ltr'><strong>contra</strong></span> <span class='ocrx_word' id='word_1_172' title='bbox 403 1312 459 1337; x_wconf 92' lang='lat' dir='ltr'><strong>me</strong></span> <span class='ocrx_word' id='word_1_173' title='bbox 481 1302 677 1337; x_wconf 88' lang='lat' dir='ltr'><strong>iudicatum</strong></span> <span class='ocrx_word' id='word_1_174' title='bbox 701 1304 756 1336; x_wconf 89' lang='lat' dir='ltr'><strong>est</strong></span> <span class='ocrx_word' id='word_1_175' title='bbox 779 1304 843 1336; x_wconf 89' lang='lat' dir='ltr'><strong>aut</strong></span> <span class='ocrx_word' id='word_1_176' title='bbox 865 1301 896 1336; x_wconf 89' lang='lat' dir='ltr'><strong>si</strong></span> <span class='ocrx_word' id='word_1_177' title='bbox 914 1310 971 1336; x_wconf 90' lang='lat' dir='ltr'><strong>me</strong></span> <span class='ocrx_word' id='word_1_178' title='bbox 992 1300 1173 1336; x_wconf 87' lang='lat' dir='ltr'><strong>deferente</strong></span> <span class='ocrx_word' id='word_1_179' title='bbox 1191 1300 1288 1337; x_wconf 88' lang='lat' dir='ltr'><strong>iura-</strong></span> 
     </span>
     <span class='ocr_line' id='line_1_26' title="bbox 200 1345 1287 1384; baseline -0.004 0"><span class='ocrx_word' id='word_1_180' title='bbox 200 1352 220 1384; x_wconf 84' lang='lat'><strong>2</strong></span> <span class='ocrx_word' id='word_1_181' title='bbox 266 1349 356 1384; x_wconf 89' lang='lat' dir='ltr'><strong>verit</strong></span> <span class='ocrx_word' id='word_1_182' title='bbox 379 1358 418 1383; x_wconf 91' lang='lat' dir='ltr'><strong>se</strong></span> <span class='ocrx_word' id='word_1_183' title='bbox 440 1348 605 1382; x_wconf 90' lang='lat' dir='ltr'><strong>libertum</strong></span> <span class='ocrx_word' id='word_1_184' title='bbox 628 1357 701 1382; x_wconf 90' lang='lat' dir='ltr'><strong>non</strong></span> <span class='ocrx_word' id='word_1_185' title='bbox 734 1356 822 1381; x_wconf 90' lang='lat' dir='ltr'><strong>esse.</strong></span> <span class='ocrx_word' id='word_1_186' title='bbox 871 1345 942 1381; x_wconf 89' lang='lat' dir='ltr'><strong>Sed</strong></span> <span class='ocrx_word' id='word_1_187' title='bbox 972 1345 1003 1381; x_wconf 91' lang='lat' dir='ltr'><strong>si</strong></span> <span class='ocrx_word' id='word_1_188' title='bbox 1033 1345 1080 1381; x_wconf 89' lang='lat' dir='ltr'><strong>ad</strong></span> <span class='ocrx_word' id='word_1_189' title='bbox 1109 1346 1287 1381; x_wconf 90' lang='lat' dir='ltr'><strong>iusiuran-</strong></span> 
     </span>
     <span class='ocr_line' id='line_1_27' title="bbox 199 1390 1288 1438; baseline -0.004 -9"><span class='ocrx_word' id='word_1_190' title='bbox 199 1394 285 1429; x_wconf 90' lang='lat' dir='ltr'><strong>dum</strong></span> <span class='ocrx_word' id='word_1_191' title='bbox 317 1393 436 1438; x_wconf 84' lang='lat' dir='ltr'><strong>adegi,</strong></span> <span class='ocrx_word' id='word_1_192' title='bbox 468 1402 512 1427; x_wconf 91' lang='lat' dir='ltr'><strong>ne</strong></span> <span class='ocrx_word' id='word_1_193' title='bbox 535 1401 683 1427; x_wconf 88' lang='lat' dir='ltr'><strong>uxorem</strong></span> <span class='ocrx_word' id='word_1_194' title='bbox 707 1390 836 1433; x_wconf 86' lang='lat' dir='ltr'><strong>ducat,</strong></span> <span class='ocrx_word' id='word_1_195' title='bbox 867 1401 913 1426; x_wconf 93' lang='lat' dir='ltr'><strong>ne</strong></span> <span class='ocrx_word' id='word_1_196' title='bbox 936 1390 1060 1433; x_wconf 88' lang='lat' dir='ltr'><strong>nubat,</strong></span> <span class='ocrx_word' id='word_1_197' title='bbox 1083 1390 1229 1436; x_wconf 90' lang='lat' dir='ltr'><strong>impune</strong></span> <span class='ocrx_word' id='word_1_198' title='bbox 1250 1391 1288 1426; x_wconf 92' lang='lat' dir='ltr'><strong>in</strong></span> 
     </span>
     <span class='ocr_line' id='line_1_28' title="bbox 197 1435 1288 1481; baseline -0.003 -7"><span class='ocrx_word' id='word_1_199' title='bbox 197 1439 254 1474; x_wconf 91' lang='lat' dir='ltr'><strong>ius</strong></span> <span class='ocrx_word' id='word_1_200' title='bbox 286 1438 452 1473; x_wconf 91' lang='lat' dir='ltr'><strong>vocabor.</strong></span> <span class='ocrx_word' id='word_1_201' title='bbox 490 1440 526 1472; x_wconf 89' lang='lat' dir='ltr'><strong>et</strong></span> <span class='ocrx_word' id='word_1_202' title='bbox 549 1436 674 1472; x_wconf 87' lang='lat' dir='ltr'><strong>Celsus</strong></span> <span class='ocrx_word' id='word_1_203' title='bbox 698 1435 840 1481; x_wconf 88' lang='lat' dir='ltr'><strong>quidem</strong></span> <span class='ocrx_word' id='word_1_204' title='bbox 863 1436 914 1470; x_wconf 88' lang='lat' dir='ltr'><strong>ait</strong></span> <span class='ocrx_word' id='word_1_205' title='bbox 935 1435 973 1470; x_wconf 92' lang='lat' dir='ltr'><strong>in</strong></span> <span class='ocrx_word' id='word_1_206' title='bbox 995 1435 1060 1470; x_wconf 88' lang='lat' dir='ltr'><strong>tali</strong></span> <span class='ocrx_word' id='word_1_207' title='bbox 1082 1435 1209 1471; x_wconf 86' lang='lat' dir='ltr'><strong>liberto</strong></span> <span class='ocrx_word' id='word_1_208' title='bbox 1232 1435 1288 1471; x_wconf 92' lang='lat' dir='ltr'><strong>ius</strong></span> 
     </span>
     <span class='ocr_line' id='line_1_29' title="bbox 198 1480 1288 1519; baseline -0.004 0"><span class='ocrx_word' id='word_1_209' title='bbox 198 1483 246 1519; x_wconf 90' lang='lat' dir='ltr'><strong>ad</strong></span> <span class='ocrx_word' id='word_1_210' title='bbox 277 1483 388 1518; x_wconf 87' lang='lat' dir='ltr'><strong>filium</strong></span> <span class='ocrx_word' id='word_1_211' title='bbox 423 1492 542 1517; x_wconf 91' lang='lat' dir='ltr'><strong>meum</strong></span> <span class='ocrx_word' id='word_1_212' title='bbox 563 1491 620 1516; x_wconf 93' lang='lat' dir='ltr'><strong>me</strong></span> <span class='ocrx_word' id='word_1_213' title='bbox 641 1481 719 1516; x_wconf 83' lang='lat' dir='ltr'><strong>vivo</strong></span> <span class='ocrx_word' id='word_1_214' title='bbox 743 1490 817 1516; x_wconf 91' lang='lat' dir='ltr'><strong>non</strong></span> <span class='ocrx_word' id='word_1_215' title='bbox 839 1481 1010 1516; x_wconf 88' lang='lat' dir='ltr'><strong>transire:</strong></span> <span class='ocrx_word' id='word_1_216' title='bbox 1041 1480 1106 1516; x_wconf 91' lang='lat' dir='ltr'><strong>sed</strong></span> <span class='ocrx_word' id='word_1_217' title='bbox 1128 1480 1288 1516; x_wconf 92' lang='lat' dir='ltr'><strong>Iulianus</strong></span> 
     </span>
     <span class='ocr_line' id='line_1_30' title="bbox 199 1525 1287 1577; baseline -0.005 -13"><span class='ocrx_word' id='word_1_218' title='bbox 199 1531 326 1564; x_wconf 91' lang='lat' dir='ltr'><strong>contra</strong></span> <span class='ocrx_word' id='word_1_219' title='bbox 360 1527 493 1563; x_wconf 80' lang='lat' dir='ltr'><strong>scribit.</strong></span> <span class='ocrx_word' id='word_1_220' title='bbox 541 1526 700 1571; x_wconf 87' lang='lat' dir='ltr'><strong>plerique</strong></span> <span class='ocrx_word' id='word_1_221' title='bbox 731 1525 861 1560; x_wconf 88' lang='lat' dir='ltr'><strong>Iuliani</strong></span> <span class='ocrx_word' id='word_1_222' title='bbox 884 1525 1097 1561; x_wconf 83' lang='lat' dir='ltr'><strong>sententiam</strong></span> <span class='ocrx_word' id='word_1_223' title='bbox 1117 1525 1287 1577; x_wconf 88' lang='lat' dir='ltr'><strong>probant.</strong></span> 
     </span>
     <span class='ocr_line' id='line_1_31' title="bbox 200 1569 1287 1617; baseline -0.003 -9"><span class='ocrx_word' id='word_1_224' title='bbox 200 1572 395 1608; x_wconf 90' lang='lat' dir='ltr'><strong>secundum</strong></span> <span class='ocrx_word' id='word_1_225' title='bbox 408 1571 503 1617; x_wconf 90' lang='lat' dir='ltr'><strong>quod</strong></span> <span class='ocrx_word' id='word_1_226' title='bbox 515 1571 660 1613; x_wconf 89' lang='lat' dir='ltr'><strong>eveniet,</strong></span> <span class='ocrx_word' id='word_1_227' title='bbox 676 1573 718 1605; x_wconf 91' lang='lat' dir='ltr'><strong>ut</strong></span> <span class='ocrx_word' id='word_1_228' title='bbox 727 1573 901 1616; x_wconf 88' lang='lat' dir='ltr'><strong>patronus</strong></span> <span class='ocrx_word' id='word_1_229' title='bbox 914 1569 1055 1615; x_wconf 89' lang='lat' dir='ltr'><strong>quidem</strong></span> <span class='ocrx_word' id='word_1_230' title='bbox 1065 1569 1104 1605; x_wconf 91' lang='lat' dir='ltr'><strong>in</strong></span> <span class='ocrx_word' id='word_1_231' title='bbox 1114 1580 1170 1605; x_wconf 90' lang='lat' dir='ltr'><strong>1us</strong></span> <span class='ocrx_word' id='word_1_232' title='bbox 1183 1580 1287 1606; x_wconf 88' lang='lat' dir='ltr'><strong>voce-</strong></span> 
     </span>
     <span class='ocr_line' id='line_1_32' title="bbox 198 1616 985 1662; baseline -0.004 -9"><span class='ocrx_word' id='word_1_233' title='bbox 198 1621 270 1659; x_wconf 89' lang='lat' dir='ltr'><strong>tur,</strong></span> <span class='ocrx_word' id='word_1_234' title='bbox 294 1617 387 1652; x_wconf 89' lang='lat' dir='ltr'><strong>filius</strong></span> <span class='ocrx_word' id='word_1_235' title='bbox 411 1617 513 1662; x_wconf 89' lang='lat' dir='ltr'><strong>quasi</strong></span> <span class='ocrx_word' id='word_1_236' title='bbox 535 1616 707 1651; x_wconf 89' lang='lat' dir='ltr'><strong>innocens</strong></span> <span class='ocrx_word' id='word_1_237' title='bbox 731 1625 805 1651; x_wconf 92' lang='lat' dir='ltr'><strong>non</strong></span> <span class='ocrx_word' id='word_1_238' title='bbox 826 1619 985 1651; x_wconf 86' lang='lat' dir='ltr'><strong>vocetur.</strong></span> 
     </span>
    </p>

    <p class='ocr_par' dir='ltr' id='par_1_6' title="bbox 198 1659 1289 1796">
     <span class='ocr_line' id='line_1_33' title="bbox 244 1659 1289 1739; baseline -0.005 -40"><span class='ocrx_word' id='word_1_239' title='bbox 244 1659 270 1700; x_wconf 83' lang='lat'>9</span> <span class='ocrx_word' id='word_1_240' title='bbox 295 1661 403 1698; x_wconf 58' lang='lat' dir='ltr'><strong>Pam</strong></span> <span class='ocrx_word' id='word_1_241' title='bbox 411 1671 454 1696; x_wconf 69' lang='grc' dir='ltr'><strong>σε</strong></span> <span class='ocrx_word' id='word_1_242' title='bbox 475 1661 565 1697; x_wconf 84' lang='lat' dir='ltr'><strong>libro</strong></span> <span class='ocrx_word' id='word_1_243' title='bbox 591 1663 722 1713; x_wconf 80' lang='lat' dir='ltr'><strong>quarto</strong></span> <span class='ocrx_word' id='word_1_244' title='bbox 746 1659 796 1695; x_wconf 87' lang='lat' dir='ltr'><strong>ad</strong></span> <span class='ocrx_word' id='word_1_245' title='bbox 817 1659 972 1712; x_wconf 62' lang='lat' dir='ltr'><strong>edictum</strong></span> <span class='ocrx_word' id='word_1_246' title='bbox 1006 1659 1042 1695; x_wconf 91' lang='lat' dir='ltr'><strong>Is</strong></span> <span class='ocrx_word' id='word_1_247' title='bbox 1055 1669 1207 1739; x_wconf 48' lang='grc' dir='ltr'>(Ἔιοᾳιιθ,</span> <span class='ocrx_word' id='word_1_248' title='bbox 1228 1659 1289 1711; x_wconf 88' lang='lat' dir='ltr'><strong>qui</strong></span> 
     </span>
     <span class='ocr_line' id='line_1_34' title="bbox 199 1705 1288 1747; baseline -0.003 -5"><span class='ocrx_word' id='word_1_249' title='bbox 199 1717 243 1742; x_wconf 86' lang='lat' dir='ltr'><strong>ex</strong></span> <span class='ocrx_word' id='word_1_250' title='bbox 267 1717 378 1742; x_wconf 90' lang='lat' dir='ltr'><strong>causa</strong></span> <span class='ocrx_word' id='word_1_251' title='bbox 401 1705 662 1741; x_wconf 79' lang='lat' dir='ltr'><strong>fideicommissi</strong></span> <span class='ocrx_word' id='word_1_252' title='bbox 685 1705 913 1747; x_wconf 78' lang='lat' dir='ltr'><strong>manumittit,</strong></span> <span class='ocrx_word' id='word_1_253' title='bbox 935 1714 1007 1739; x_wconf 92' lang='lat' dir='ltr'><strong>non</strong></span> <span class='ocrx_word' id='word_1_254' title='bbox 1027 1705 1071 1740; x_wconf 93' lang='lat' dir='ltr'><strong>de</strong></span> <span class='ocrx_word' id='word_1_255' title='bbox 1097 1708 1132 1739; x_wconf 90' lang='lat' dir='ltr'><strong>et</strong></span> <span class='ocrx_word' id='word_1_256' title='bbox 1150 1705 1213 1739; x_wconf 78' lang='lat' dir='ltr'><strong>m⁴</strong></span> <span class='ocrx_word' id='word_1_257' title='bbox 1231 1714 1288 1740; x_wconf 80' lang='lat' dir='ltr'><strong>ius</strong></span> 
     </span>
     <span class='ocr_line' id='line_1_35' title="bbox 198 1749 1159 1796; baseline -0.003 -9"><span class='ocrx_word' id='word_1_258' title='bbox 198 1752 329 1794; x_wconf 85' lang='lat' dir='ltr'><strong>vocari,</strong></span> <span class='ocrx_word' id='word_1_259' title='bbox 354 1751 513 1796; x_wconf 88' lang='lat' dir='ltr'><strong>quamvis</strong></span> <span class='ocrx_word' id='word_1_260' title='bbox 536 1754 577 1785; x_wconf 88' lang='lat' dir='ltr'><strong>ut</strong></span> <span class='ocrx_word' id='word_1_261' title='bbox 599 1749 837 1792; x_wconf 82' lang='lat' dir='ltr'><strong>manumittat,</strong></span> <span class='ocrx_word' id='word_1_262' title='bbox 860 1749 898 1784; x_wconf 90' lang='lat' dir='ltr'><strong>in</strong></span> <span class='ocrx_word' id='word_1_263' title='bbox 920 1749 977 1784; x_wconf 92' lang='lat' dir='ltr'><strong>ius</strong></span> <span class='ocrx_word' id='word_1_264' title='bbox 1000 1752 1159 1784; x_wconf 84' lang='lat' dir='ltr'><strong>vocetur.</strong></span> 
     </span>
    </p>

    <p class='ocr_par' dir='ltr' id='par_1_7' title="bbox 197 1793 1288 1881">
     <span class='ocr_line' id='line_1_36' title="bbox 248 1793 1288 1840; baseline -0.006 -6"><span class='ocrx_word' id='word_1_265' title='bbox 248 1795 299 1834; x_wconf 91' lang='lat'><strong>10</strong></span> <span class='ocrx_word' id='word_1_266' title='bbox 330 1795 525 1832; x_wconf 76' lang='lat' dir='ltr'><strong>ULPJANUS</strong></span> <span class='ocrx_word' id='word_1_267' title='bbox 545 1795 635 1831; x_wconf 84' lang='lat' dir='ltr'><strong>libro</strong></span> <span class='ocrx_word' id='word_1_268' title='bbox 659 1794 784 1840; x_wconf 78' lang='lat' dir='ltr'><strong>quinto</strong></span> <span class='ocrx_word' id='word_1_269' title='bbox 808 1794 858 1829; x_wconf 86' lang='lat' dir='ltr'><strong>ad</strong></span> <span class='ocrx_word' id='word_1_270' title='bbox 879 1794 1033 1830; x_wconf 82' lang='lat' dir='ltr'><strong>edictum</strong></span> <span class='ocrx_word' id='word_1_271' title='bbox 1080 1793 1150 1828; x_wconf 91' lang='lat' dir='ltr'><strong>Sed</strong></span> <span class='ocrx_word' id='word_1_272' title='bbox 1169 1793 1199 1828; x_wconf 92' lang='lat' dir='ltr'><strong>si</strong></span> <span class='ocrx_word' id='word_1_273' title='bbox 1218 1793 1288 1828; x_wconf 89' lang='lat' dir='ltr'><strong>hac</strong></span> 
     </span>
     <span class='ocr_line' id='line_1_37' title="bbox 197 1838 1288 1881; baseline -0.003 -5"><span class='ocrx_word' id='word_1_274' title='bbox 197 1840 210 1876; x_wconf 96' lang='lat' dir='ltr'><strong>l</strong></span> <span class='ocrx_word' id='word_1_275' title='bbox 256 1851 275 1876; x_wconf 89' lang='lat' dir='ltr'><strong>e</strong></span> <span class='ocrx_word' id='word_1_276' title='bbox 310 1841 378 1876; x_wconf 92' lang='lat' dir='ltr'><strong>emi</strong></span> <span class='ocrx_word' id='word_1_277' title='bbox 410 1844 451 1875; x_wconf 88' lang='lat' dir='ltr'><strong>ut</strong></span> <span class='ocrx_word' id='word_1_278' title='bbox 480 1839 744 1881; x_wconf 87' lang='lat' dir='ltr'><strong>manumittam‚</strong></span> <span class='ocrx_word' id='word_1_279' title='bbox 782 1841 817 1874; x_wconf 89' lang='lat' dir='ltr'><strong>et</strong></span> <span class='ocrx_word' id='word_1_280' title='bbox 852 1848 896 1873; x_wconf 85' lang='lat' dir='ltr'><strong>ex</strong></span> <span class='ocrx_word' id='word_1_281' title='bbox 928 1838 1183 1874; x_wconf 89' lang='lat' dir='ltr'><strong>constitutione</strong></span> <span class='ocrx_word' id='word_1_282' title='bbox 1218 1838 1288 1873; x_wconf 89' lang='lat' dir='ltr'><strong>divi</strong></span> 
     </span>
    </p>

    <p class='ocr_par' dir='ltr' id='par_1_8' title="bbox 197 1883 1289 2681">
     <span class='ocr_line' id='line_1_38' title="bbox 239 1883 1287 1935; baseline -0.003 -14"><span class='ocrx_word' id='word_1_283' title='bbox 239 1886 315 1921; x_wconf 88' lang='lat' dir='ltr'><strong>arci</strong></span> <span class='ocrx_word' id='word_1_284' title='bbox 349 1885 445 1920; x_wconf 88' lang='lat' dir='ltr'><strong>venit</strong></span> <span class='ocrx_word' id='word_1_285' title='bbox 480 1884 525 1919; x_wconf 88' lang='lat' dir='ltr'><strong>ad</strong></span> <span class='ocrx_word' id='word_1_286' title='bbox 559 1884 780 1919; x_wconf 91' lang='lat' dir='ltr'><strong>libertatem:</strong></span> <span class='ocrx_word' id='word_1_287' title='bbox 817 1894 898 1935; x_wconf 84' lang='lat' dir='ltr'><strong>cum</strong></span> <span class='ocrx_word' id='word_1_288' title='bbox 928 1883 1019 1935; x_wconf 76' lang='lat' dir='ltr'><strong>sim⁵</strong></span> <span class='ocrx_word' id='word_1_289' title='bbox 1041 1886 1225 1935; x_wconf 69' lang='lat' dir='ltr'><strong>patronus,</strong></span> <span class='ocrx_word' id='word_1_290' title='bbox 1250 1883 1287 1918; x_wconf 92' lang='lat' dir='ltr'><strong>in</strong></span> 
     </span>
     <span class='ocr_line' id='line_1_39' title="bbox 198 1928 1288 2026; baseline -0.002 -17"><span class='ocrx_word' id='word_1_291' title='bbox 198 1941 253 2009; x_wconf 75' lang='lat'>¹1¹¹⁸</span> <span class='ocrx_word' id='word_1_292' title='bbox 265 1928 860 2026; x_wconf 47' lang='lat' dir='ltr'><strong>fifi‘zfflrggffpssz’tgsstoffssdngss</strong></span> <span class='ocrx_word' id='word_1_293' title='bbox 882 1931 1288 2024; x_wconf 54' lang='lat' dir='ltr'><strong>iffiefffflssossffiuffi</strong></span> 
     </span>
     <span class='ocr_line' id='line_1_40' title="bbox 199 2017 1286 2064; baseline -0.002 -9"><span class='ocrx_word' id='word_1_294' title='bbox 199 2023 326 2055; x_wconf 87' lang='lat' dir='ltr'><strong>contra</strong></span> <span class='ocrx_word' id='word_1_295' title='bbox 356 2019 468 2064; x_wconf 89' lang='lat' dir='ltr'><strong>legem</strong></span> <span class='ocrx_word' id='word_1_296' title='bbox 498 2018 710 2054; x_wconf 80' lang='lat' dir='ltr'><strong>venditmnis</strong></span> <span class='ocrx_word' id='word_1_297' title='bbox 741 2017 958 2052; x_wconf 77' lang='lat' dir='ltr'><strong>venditorem</strong></span> <span class='ocrx_word' id='word_1_298' title='bbox 987 2017 1134 2052; x_wconf 82' lang='lat' dir='ltr'><strong>habebit</strong></span> <span class='ocrx_word' id='word_1_299' title='bbox 1164 2020 1286 2063; x_wconf 90' lang='lat' dir='ltr'><strong>patro-</strong></span> 
     </span>
     <span class='ocr_line' id='line_1_41' title="bbox 198 2061 1289 2108; baseline -0.002 -9"><span class='ocrx_word' id='word_1_300' title='bbox 198 2075 294 2106; x_wconf 91' lang='lat' dir='ltr'><strong>num,</strong></span> <span class='ocrx_word' id='word_1_301' title='bbox 318 2064 349 2099; x_wconf 93' lang='lat' dir='ltr'><strong>si</strong></span> <span class='ocrx_word' id='word_1_302' title='bbox 367 2064 437 2099; x_wconf 91' lang='lat' dir='ltr'><strong>hac</strong></span> <span class='ocrx_word' id='word_1_303' title='bbox 455 2064 532 2108; x_wconf 91' lang='lat' dir='ltr'><strong>lege</strong></span> <span class='ocrx_word' id='word_1_304' title='bbox 552 2063 721 2104; x_wconf 87' lang='lat' dir='ltr'><strong>venierat,</strong></span> <span class='ocrx_word' id='word_1_305' title='bbox 741 2066 783 2097; x_wconf 94' lang='lat' dir='ltr'><strong>ut</strong></span> <span class='ocrx_word' id='word_1_306' title='bbox 801 2063 832 2097; x_wconf 92' lang='lat' dir='ltr'><strong>si</strong></span> <span class='ocrx_word' id='word_1_307' title='bbox 850 2062 1043 2107; x_wconf 90' lang='lat' dir='ltr'><strong>prostituta</strong></span> <span class='ocrx_word' id='word_1_308' title='bbox 1062 2065 1166 2105; x_wconf 90' lang='lat' dir='ltr'><strong>esset,</strong></span> <span class='ocrx_word' id='word_1_309' title='bbox 1187 2061 1289 2098; x_wconf 89' lang='lat' dir='ltr'><strong>fieret</strong></span> 
     </span>
     <span class='ocr_line' id='line_1_42' title="bbox 197 2107 1286 2152; baseline -0.002 -8"><span class='ocrx_word' id='word_1_310' title='bbox 197 2109 321 2144; x_wconf 88' lang='lat' dir='ltr'><strong>libera.</strong></span> <span class='ocrx_word' id='word_1_311' title='bbox 369 2112 408 2143; x_wconf 89' lang='lat' dir='ltr'><strong>at</strong></span> <span class='ocrx_word' id='word_1_312' title='bbox 430 2109 461 2143; x_wconf 89' lang='lat' dir='ltr'><strong>si</strong></span> <span class='ocrx_word' id='word_1_313' title='bbox 483 2108 662 2150; x_wconf 87' lang='lat' dir='ltr'><strong>venditor,</strong></span> <span class='ocrx_word' id='word_1_314' title='bbox 697 2107 759 2152; x_wconf 91' lang='lat' dir='ltr'><strong>qui</strong></span> <span class='ocrx_word' id='word_1_315' title='bbox 781 2117 909 2142; x_wconf 88' lang='lat' dir='ltr'><strong>manus</strong></span> <span class='ocrx_word' id='word_1_316' title='bbox 931 2107 1159 2143; x_wconf 88' lang='lat' dir='ltr'><strong>iniectionem</strong></span> <span class='ocrx_word' id='word_1_317' title='bbox 1183 2117 1286 2143; x_wconf 88' lang='lat' dir='ltr'><strong>exce-</strong></span> 
     </span>
     <span class='ocr_line' id='line_1_43' title="bbox 197 2151 1286 2199; baseline -0.003 -10"><span class='ocrx_word' id='word_1_318' title='bbox 197 2154 261 2199; x_wconf 88' lang='lat' dir='ltr'><strong>pit,</strong></span> <span class='ocrx_word' id='word_1_319' title='bbox 284 2154 362 2199; x_wconf 90' lang='lat' dir='ltr'><strong>ipse</strong></span> <span class='ocrx_word' id='word_1_320' title='bbox 372 2153 565 2198; x_wconf 83' lang='lat' dir='ltr'><strong>prostituit,</strong></span> <span class='ocrx_word' id='word_1_321' title='bbox 587 2192 589 2194; x_wconf 17' lang='lat' dir='ltr'>v</span> <span class='ocrx_word' id='word_1_322' title='bbox 609 2152 753 2188; x_wconf 85' lang='lat' dir='ltr'><strong>uoniam</strong></span> <span class='ocrx_word' id='word_1_323' title='bbox 773 2155 809 2187; x_wconf 91' lang='lat' dir='ltr'><strong>et</strong></span> <span class='ocrx_word' id='word_1_324' title='bbox 826 2152 916 2187; x_wconf 87' lang='lat' dir='ltr'><strong>haec</strong></span> <span class='ocrx_word' id='word_1_325' title='bbox 935 2152 1096 2197; x_wconf 89' lang='lat' dir='ltr'><strong>pervenit</strong></span> <span class='ocrx_word' id='word_1_326' title='bbox 1114 2151 1161 2186; x_wconf 90' lang='lat' dir='ltr'><strong>ad</strong></span> <span class='ocrx_word' id='word_1_327' title='bbox 1179 2152 1286 2187; x_wconf 87' lang='lat' dir='ltr'><strong>liber-</strong></span> 
     </span>
     <span class='ocr_line' id='line_1_44' title="bbox 198 2195 1286 2243; baseline -0.003 -9"><span class='ocrx_word' id='word_1_328' title='bbox 198 2201 319 2241; x_wconf 89' lang='lat' dir='ltr'><strong>tatem,</strong></span> <span class='ocrx_word' id='word_1_329' title='bbox 344 2198 411 2232; x_wconf 94' lang='lat' dir='ltr'><strong>sub</strong></span> <span class='ocrx_word' id='word_1_330' title='bbox 435 2198 495 2233; x_wconf 86' lang='lat' dir='ltr'><strong>illo</strong></span> <span class='ocrx_word' id='word_1_331' title='bbox 520 2197 579 2243; x_wconf 93' lang='lat' dir='ltr'><strong>qui</strong></span> <span class='ocrx_word' id='word_1_332' title='bbox 606 2207 672 2238; x_wconf 85' lang='lat' dir='ltr'><strong>em,</strong></span> <span class='ocrx_word' id='word_1_333' title='bbox 697 2197 759 2242; x_wconf 92' lang='lat' dir='ltr'><strong>qui</strong></span> <span class='ocrx_word' id='word_1_334' title='bbox 781 2195 948 2239; x_wconf 81' lang='lat' dir='ltr'><strong>vendidit,</strong></span> <span class='ocrx_word' id='word_1_335' title='bbox 973 2196 1176 2232; x_wconf 90' lang='lat' dir='ltr'><strong>libertatem</strong></span> <span class='ocrx_word' id='word_1_336' title='bbox 1201 2207 1286 2232; x_wconf 88' lang='lat' dir='ltr'><strong>con-</strong></span> 
     </span>
     <span class='ocr_line' id='line_1_45' title="bbox 197 2241 1288 2330; baseline -0.003 -7"><span class='ocrx_word' id='word_1_337' title='bbox 197 2241 1288 2330; x_wconf 49' lang='lat' dir='ltr'><strong>{eqssss‘iia’rssffiu}⁰1¹i²1?53¹2uhssbffieiiofflfflssffiss³²pffl</strong></span> 
     </span>
     <span class='ocr_line' id='line_1_46' title="bbox 198 2331 1286 2377; baseline -0.003 -9"><span class='ocrx_word' id='word_1_338' title='bbox 198 2336 341 2368; x_wconf 84' lang='lat' dir='ltr'><strong>tronum</strong></span> <span class='ocrx_word' id='word_1_339' title='bbox 364 2335 483 2368; x_wconf 89' lang='lat' dir='ltr'><strong>autem</strong></span> <span class='ocrx_word' id='word_1_340' title='bbox 507 2332 700 2377; x_wconf 83' lang='lat' dir='ltr'><strong>accipimus</strong></span> <span class='ocrx_word' id='word_1_341' title='bbox 724 2331 831 2367; x_wconf 89' lang='lat' dir='ltr'><strong>etiam</strong></span> <span class='ocrx_word' id='word_1_342' title='bbox 855 2331 886 2366; x_wconf 91' lang='lat' dir='ltr'><strong>si</strong></span> <span class='ocrx_word' id='word_1_343' title='bbox 909 2331 1027 2375; x_wconf 88' lang='lat' dir='ltr'><strong>capite</strong></span> <span class='ocrx_word' id='word_1_344' title='bbox 1045 2331 1202 2366; x_wconf 90' lang='lat' dir='ltr'><strong>minutus</strong></span> <span class='ocrx_word' id='word_1_345' title='bbox 1222 2331 1286 2366; x_wconf 88' lang='lat' dir='ltr'><strong>sit:</strong></span> 
     </span>
     <span class='ocr_line' id='line_1_47' title="bbox 197 2375 1288 2422; baseline -0.002 -10"><span class='ocrx_word' id='word_1_346' title='bbox 197 2377 252 2412; x_wconf 87' lang='lat' dir='ltr'><strong>vel</strong></span> <span class='ocrx_word' id='word_1_347' title='bbox 282 2377 313 2412; x_wconf 91' lang='lat' dir='ltr'><strong>si</strong></span> <span class='ocrx_word' id='word_1_348' title='bbox 343 2377 491 2412; x_wconf 87' lang='lat' dir='ltr'><strong>libertus</strong></span> <span class='ocrx_word' id='word_1_349' title='bbox 524 2377 642 2422; x_wconf 86' lang='lat' dir='ltr'><strong>capite</strong></span> <span class='ocrx_word' id='word_1_350' title='bbox 671 2376 828 2411; x_wconf 86' lang='lat' dir='ltr'><strong>minutus</strong></span> <span class='ocrx_word' id='word_1_351' title='bbox 842 2376 868 2418; x_wconf 76' lang='lat'><strong>⁰,</strong></span> <span class='ocrx_word' id='word_1_352' title='bbox 892 2375 976 2410; x_wconf 92' lang='lat' dir='ltr'><strong>dum</strong></span> <span class='ocrx_word' id='word_1_353' title='bbox 1008 2375 1201 2420; x_wconf 89' lang='lat' dir='ltr'><strong>adrogetur</strong></span> <span class='ocrx_word' id='word_1_354' title='bbox 1222 2386 1288 2421; x_wconf 94' lang='lat' dir='ltr'><strong>per</strong></span> 
     </span>
     <span class='ocr_line' id='line_1_48' title="bbox 197 2420 1286 2467; baseline -0.002 -10"><span class='ocrx_word' id='word_1_355' title='bbox 197 2422 452 2467; x_wconf 81' lang='lat' dir='ltr'><strong>obreptionem.</strong></span> <span class='ocrx_word' id='word_1_356' title='bbox 500 2431 582 2457; x_wconf 90' lang='lat' dir='ltr'><strong>cum</strong></span> <span class='ocrx_word' id='word_1_357' title='bbox 605 2421 698 2456; x_wconf 89' lang='lat' dir='ltr'><strong>enim</strong></span> <span class='ocrx_word' id='word_1_358' title='bbox 728 2420 799 2456; x_wconf 92' lang='lat' dir='ltr'><strong>hoc</strong></span> <span class='ocrx_word' id='word_1_359' title='bbox 828 2420 926 2466; x_wconf 91' lang='lat' dir='ltr'><strong>ipso,</strong></span> <span class='ocrx_word' id='word_1_360' title='bbox 962 2421 1058 2465; x_wconf 90' lang='lat' dir='ltr'><strong>quo⁷</strong></span> <span class='ocrx_word' id='word_1_361' title='bbox 1083 2420 1286 2465; x_wconf 84' lang='lat' dir='ltr'><strong>adrogatur,</strong></span> 
     </span>
     <span class='ocr_line' id='line_1_49' title="bbox 198 2464 1286 2508; baseline -0.002 -6"><span class='ocrx_word' id='word_1_362' title='bbox 198 2467 292 2502; x_wconf 89' lang='lat' dir='ltr'><strong>celat</strong></span> <span class='ocrx_word' id='word_1_363' title='bbox 308 2466 564 2508; x_wconf 92' lang='lat' dir='ltr'><strong>condicionem,</strong></span> <span class='ocrx_word' id='word_1_364' title='bbox 589 2476 662 2502; x_wconf 93' lang='lat' dir='ltr'><strong>non</strong></span> <span class='ocrx_word' id='word_1_365' title='bbox 683 2464 722 2500; x_wconf 86' lang='lat' dir='ltr'><strong>id</strong></span> <span class='ocrx_word' id='word_1_366' title='bbox 744 2468 866 2501; x_wconf 88' lang='lat' dir='ltr'><strong>actum</strong></span> <span class='ocrx_word' id='word_1_367' title='bbox 887 2464 1029 2501; x_wconf 85' lang='lat' dir='ltr'><strong>videtur</strong></span> <span class='ocrx_word' id='word_1_368' title='bbox 1051 2469 1093 2500; x_wconf 89' lang='lat' dir='ltr'><strong>ut</strong></span> <span class='ocrx_word' id='word_1_369' title='bbox 1113 2465 1215 2500; x_wconf 86' lang='lat' dir='ltr'><strong>fieret</strong></span> <span class='ocrx_word' id='word_1_370' title='bbox 1231 2465 1286 2500; x_wconf 90' lang='lat' dir='ltr'><strong>in-</strong></span> 
     </span>
     <span class='ocr_line' id='line_1_50' title="bbox 198 2509 1287 2557; baseline -0.002 -10"><span class='ocrx_word' id='word_1_371' title='bbox 198 2514 218 2547; x_wconf 81' lang='lat'><strong>3</strong></span> <span class='ocrx_word' id='word_1_372' title='bbox 264 2521 412 2557; x_wconf 86' lang='lat' dir='ltr'><strong>genuus.</strong></span> <span class='ocrx_word' id='word_1_373' title='bbox 460 2510 556 2546; x_wconf 82' lang='lat' dir='ltr'><strong>Sed⁸</strong></span> <span class='ocrx_word' id='word_1_374' title='bbox 579 2511 610 2546; x_wconf 88' lang='lat' dir='ltr'><strong>si</strong></span> <span class='ocrx_word' id='word_1_375' title='bbox 631 2511 688 2546; x_wconf 90' lang='lat' dir='ltr'><strong>ius</strong></span> <span class='ocrx_word' id='word_1_376' title='bbox 712 2510 901 2546; x_wconf 87' lang='lat' dir='ltr'><strong>anulorum</strong></span> <span class='ocrx_word' id='word_1_377' title='bbox 923 2509 1073 2555; x_wconf 90' lang='lat' dir='ltr'><strong>accepit,</strong></span> <span class='ocrx_word' id='word_1_378' title='bbox 1098 2513 1185 2555; x_wconf 86' lang='lat' dir='ltr'><strong>puto</strong></span> <span class='ocrx_word' id='word_1_379' title='bbox 1206 2520 1287 2545; x_wconf 92' lang='lat' dir='ltr'><strong>eum</strong></span> 
     </span>
     <span class='ocr_line' id='line_1_51' title="bbox 197 2555 1288 2601; baseline -0.001 -10"><span class='ocrx_word' id='word_1_380' title='bbox 197 2556 428 2592; x_wconf 83' lang='lat' dir='ltr'><strong>reverentiam</strong></span> <span class='ocrx_word' id='word_1_381' title='bbox 450 2559 602 2601; x_wconf 89' lang='lat' dir='ltr'><strong>patrono</strong></span> <span class='ocrx_word' id='word_1_382' title='bbox 627 2555 794 2591; x_wconf 88' lang='lat' dir='ltr'><strong>exhibere</strong></span> <span class='ocrx_word' id='word_1_383' title='bbox 817 2555 961 2598; x_wconf 89' lang='lat' dir='ltr'><strong>debere,</strong></span> <span class='ocrx_word' id='word_1_384' title='bbox 986 2555 1146 2600; x_wconf 86' lang='lat' dir='ltr'><strong>quamvis</strong></span> <span class='ocrx_word' id='word_1_385' title='bbox 1170 2555 1288 2590; x_wconf 89' lang='lat' dir='ltr'><strong>omnia</strong></span> 
     </span>
     <span class='ocr_line' id='line_1_52' title="bbox 197 2599 1285 2681; baseline -0.001 -45"><span class='ocrx_word' id='word_1_386' title='bbox 197 2601 425 2681; x_wconf 46' lang='lat' dir='ltr'><strong>{ngenlifflatis</strong></span> <span class='ocrx_word' id='word_1_387' title='bbox 448 2601 570 2636; x_wconf 89' lang='lat' dir='ltr'><strong>munia</strong></span> <span class='ocrx_word' id='word_1_388' title='bbox 593 2601 713 2653; x_wconf 82' lang='lat' dir='ltr'><strong>habet.</strong></span> <span class='ocrx_word' id='word_1_389' title='bbox 729 2644 738 2653; x_wconf 37' lang='lat'><em>⁶</em></span> <span class='ocrx_word' id='word_1_390' title='bbox 761 2599 860 2636; x_wconf 87' lang='lat' dir='ltr'><strong>aliud</strong></span> <span class='ocrx_word' id='word_1_391' title='bbox 890 2600 921 2636; x_wconf 94' lang='lat' dir='ltr'><strong>si</strong></span> <span class='ocrx_word' id='word_1_392' title='bbox 935 2599 1140 2680; x_wconf 46' lang='lat' dir='ltr'><strong>fnatalibus.</strong></span> <span class='ocrx_word' id='word_1_393' title='bbox 1159 2600 1219 2679; x_wconf 41' lang='lat' dir='ltr'><strong>sit),</strong></span> <span class='ocrx_word' id='word_1_394' title='bbox 1229 2610 1285 2635; x_wconf 88' lang='lat' dir='ltr'><strong>re-</strong></span> 
     </span>
    </p>

    <p class='ocr_par' dir='ltr' id='par_1_9' title="bbox 195 2655 1287 3488">
     <span class='ocr_line' id='line_1_53' title="bbox 266 2655 1285 2681; baseline -0.002 0"><span class='ocrx_word' id='word_1_395' title='bbox 266 2656 283 2681; x_wconf 91' lang='lat' dir='ltr'><strong>s</strong></span> <span class='ocrx_word' id='word_1_396' title='bbox 369 2655 537 2681; x_wconf 78' lang='lat' dir='ltr'><strong>usznam</strong></span> <span class='ocrx_word' id='word_1_397' title='bbox 574 2655 672 2681; x_wconf 89' lang='lat' dir='ltr'><strong>rmce</strong></span> <span class='ocrx_word' id='word_1_398' title='bbox 699 2655 716 2680; x_wconf 92' lang='lat' dir='ltr'><strong>s</strong></span> <span class='ocrx_word' id='word_1_399' title='bbox 788 2655 919 2680; x_wconf 87' lang='lat' dir='ltr'><strong>enuum</strong></span> <span class='ocrx_word' id='word_1_400' title='bbox 953 2655 1036 2680; x_wconf 77' lang='lat' dir='ltr'><strong>aci.</strong></span> <span class='ocrx_word' id='word_1_401' title='bbox 1104 2655 1195 2680; x_wconf 84' lang='lat' dir='ltr'><strong>mm</strong></span> <span class='ocrx_word' id='word_1_402' title='bbox 1220 2655 1285 2679; x_wconf 93' lang='lat' dir='ltr'><strong>nu-</strong></span> 
     </span>
     <span class='ocr_line' id='line_1_54' title="bbox 197 2655 1287 2735; baseline -0.001 -10"><span class='ocrx_word' id='word_1_403' title='bbox 197 2690 349 2725; x_wconf 88' lang='lat' dir='ltr'><strong>mittitur</strong></span> <span class='ocrx_word' id='word_1_404' title='bbox 379 2701 402 2725; x_wconf 92' lang='lat' dir='ltr'><strong>a</strong></span> <span class='ocrx_word' id='word_1_405' title='bbox 437 2656 586 2735; x_wconf 52' lang='lat' dir='ltr'><strong>corpolpe</strong></span> <span class='ocrx_word' id='word_1_406' title='bbox 619 2655 829 2735; x_wconf 49' lang='lat' dir='ltr'><strong>alitfuffiel</strong></span> <span class='ocrx_word' id='word_1_407' title='bbox 860 2689 1007 2735; x_wconf 88' lang='lat' dir='ltr'><strong>collegio</strong></span> <span class='ocrx_word' id='word_1_408' title='bbox 1042 2700 1064 2725; x_wconf 89' lang='lat' dir='ltr'><strong>v</strong></span> <span class='ocrx_word' id='word_1_409' title='bbox 1133 2689 1287 2732; x_wconf 83' lang='lat' dir='ltr'><strong>civitate,</strong></span> 
     </span>
     <span class='ocr_line' id='line_1_55' title="bbox 196 2734 1285 2780; baseline 0 -10"><span class='ocrx_word' id='word_1_410' title='bbox 196 2735 354 2780; x_wconf 87' lang='lat' dir='ltr'><strong>singulos</strong></span> <span class='ocrx_word' id='word_1_411' title='bbox 377 2736 415 2770; x_wconf 91' lang='lat' dir='ltr'><strong>in</strong></span> <span class='ocrx_word' id='word_1_412' title='bbox 437 2735 494 2770; x_wconf 92' lang='lat' dir='ltr'><strong>ius</strong></span> <span class='ocrx_word' id='word_1_413' title='bbox 517 2735 678 2770; x_wconf 89' lang='lat' dir='ltr'><strong>vocabit:</strong></span> <span class='ocrx_word' id='word_1_414' title='bbox 702 2745 786 2770; x_wconf 89' lang='lat' dir='ltr'><strong>nam</strong></span> <span class='ocrx_word' id='word_1_415' title='bbox 804 2745 879 2771; x_wconf 88' lang='lat' dir='ltr'><strong>non</strong></span> <span class='ocrx_word' id='word_1_416' title='bbox 891 2738 946 2770; x_wconf 91' lang='lat' dir='ltr'><strong>est</strong></span> <span class='ocrx_word' id='word_1_417' title='bbox 962 2734 1105 2770; x_wconf 91' lang='lat' dir='ltr'><strong>illorum</strong></span> <span class='ocrx_word' id='word_1_418' title='bbox 1124 2734 1285 2770; x_wconf 86' lang='lat' dir='ltr'><strong>libertus.</strong></span> 
     </span>
     <span class='ocr_line' id='line_1_56' title="bbox 197 2778 1286 2832; baseline 0 -17"><span class='ocrx_word' id='word_1_419' title='bbox 197 2780 260 2816; x_wconf 87' lang='lat' dir='ltr'><strong>sed</strong></span> <span class='ocrx_word' id='word_1_420' title='bbox 283 2780 335 2815; x_wconf 87' lang='lat' dir='ltr'><strong>rei</strong></span> <span class='ocrx_word' id='word_1_421' title='bbox 383 2780 524 2832; x_wconf 81' lang='lat' dir='ltr'><strong>ublicae</strong></span> <span class='ocrx_word' id='word_1_422' title='bbox 547 2781 724 2832; x_wconf 47' lang='lat' dir='ltr'><strong>honorem·</strong></span> <span class='ocrx_word' id='word_1_423' title='bbox 735 2779 869 2815; x_wconf 87' lang='lat' dir='ltr'><strong>habere</strong></span> <span class='ocrx_word' id='word_1_424' title='bbox 885 2779 991 2832; x_wconf 81' lang='lat' dir='ltr'><strong>debet</strong></span> <span class='ocrx_word' id='word_1_425' title='bbox 1010 2782 1046 2815; x_wconf 90' lang='lat' dir='ltr'><strong>et</strong></span> <span class='ocrx_word' id='word_1_426' title='bbox 1064 2778 1286 2832; x_wconf 55' lang='lat' dir='ltr'><strong>siadversus</strong></span> 
     </span>
     <span class='ocr_line' id='line_1_57' title="bbox 196 2824 1287 2914; baseline -0.001 -9"><span class='ocrx_word' id='word_1_427' title='bbox 196 2824 1128 2914; x_wconf 51' lang='grc' dir='ltr'><strong>ἒῗιῗὲἶὲιὲέζωᾱἔξέιῗωέἓῗὲῗὲθῖἔιίῗέἒὲῗὲώ</strong></span> <span class='ocrx_word' id='word_1_428' title='bbox 1147 2833 1287 2905; x_wconf 58' lang='grc' dir='ltr'>ἷὲἳέιῗ</span> 
     </span>
     <span class='ocr_line' id='line_1_58' title="bbox 197 2914 1286 2967; baseline 0 -17"><span class='ocrx_word' id='word_1_429' title='bbox 197 2917 218 2950; x_wconf 82' lang='grc'><strong>5</strong></span> <span class='ocrx_word' id='word_1_430' title='bbox 264 2917 382 2949; x_wconf 88' lang='lat' dir='ltr'><strong>tutum</strong></span> <span class='ocrx_word' id='word_1_431' title='bbox 403 2914 442 2949; x_wconf 91' lang='lat' dir='ltr'><strong>in</strong></span> <span class='ocrx_word' id='word_1_432' title='bbox 463 2914 519 2949; x_wconf 92' lang='lat' dir='ltr'><strong>ius</strong></span> <span class='ocrx_word' id='word_1_433' title='bbox 543 2914 590 2949; x_wconf 91' lang='lat' dir='ltr'><strong>sit</strong></span> <span class='ocrx_word' id='word_1_434' title='bbox 611 2917 815 2950; x_wconf 88' lang='lat' dir='ltr'><strong>vocaturus.</strong></span> <span class='ocrx_word' id='word_1_435' title='bbox 862 2914 1013 2950; x_wconf 89' lang='lat' dir='ltr'><strong>Liberos</strong></span> <span class='ocrx_word' id='word_1_436' title='bbox 1046 2918 1215 2967; x_wconf 87' lang='lat' dir='ltr'><strong>parentes</strong></span> <span class='ocrx_word' id='word_1_437' title='bbox 1239 2924 1286 2950; x_wconf 93' lang='lat' dir='ltr'><strong>ue</strong></span> 
     </span>
     <span class='ocr_line' id='line_1_59' title="bbox 196 2958 1285 3005; baseline 0.001 -11"><span class='ocrx_word' id='word_1_438' title='bbox 196 2959 341 3004; x_wconf 89' lang='lat' dir='ltr'><strong>patroni</strong></span> <span class='ocrx_word' id='word_1_439' title='bbox 363 2962 608 3004; x_wconf 87' lang='lat' dir='ltr'><strong>patronaeque</strong></span> <span class='ocrx_word' id='word_1_440' title='bbox 631 2959 817 3004; x_wconf 87' lang='lat' dir='ltr'><strong>utriusque</strong></span> <span class='ocrx_word' id='word_1_441' title='bbox 840 2968 946 2995; x_wconf 85' lang='lat' dir='ltr'><strong>sexus</strong></span> <span class='ocrx_word' id='word_1_442' title='bbox 978 2969 1144 3005; x_wconf 81' lang='lat' dir='ltr'><strong>accipere</strong></span> <span class='ocrx_word' id='word_1_443' title='bbox 1178 2958 1223 2995; x_wconf 89' lang='lat' dir='ltr'><strong>de</strong></span> <span class='ocrx_word' id='word_1_444' title='bbox 1249 2969 1285 2995; x_wconf 89' lang='lat' dir='ltr'><strong>e-</strong></span> 
     </span>
     <span class='ocr_line' id='line_1_60' title="bbox 197 3002 1285 3050; baseline -0.001 -10"><span class='ocrx_word' id='word_1_445' title='bbox 197 3007 219 3040; x_wconf 81' lang='lat'><strong>6</strong></span> <span class='ocrx_word' id='word_1_446' title='bbox 264 3013 355 3039; x_wconf 90' lang='lat' dir='ltr'><strong>mus.</strong></span> <span class='ocrx_word' id='word_1_447' title='bbox 403 3002 475 3039; x_wconf 85' lang='lat' dir='ltr'><strong>Sed</strong></span> <span class='ocrx_word' id='word_1_448' title='bbox 508 3004 540 3038; x_wconf 90' lang='lat' dir='ltr'><strong>si</strong></span> <span class='ocrx_word' id='word_1_449' title='bbox 575 3014 640 3049; x_wconf 91' lang='lat' dir='ltr'><strong>per</strong></span> <span class='ocrx_word' id='word_1_450' title='bbox 669 3014 823 3050; x_wconf 91' lang='lat' dir='ltr'><strong>poenam</strong></span> <span class='ocrx_word' id='word_1_451' title='bbox 854 3003 1113 3049; x_wconf 85' lang='lat' dir='ltr'><strong>deportationis</strong></span> <span class='ocrx_word' id='word_1_452' title='bbox 1145 3003 1193 3039; x_wconf 87' lang='lat' dir='ltr'><strong>ad</strong></span> <span class='ocrx_word' id='word_1_453' title='bbox 1221 3014 1285 3050; x_wconf 86' lang='lat' dir='ltr'><strong>pe-</strong></span> 
     </span>
     <span class='ocr_line' id='line_1_61' title="bbox 196 3048 1285 3102; baseline -0.001 -17"><span class='ocrx_word' id='word_1_454' title='bbox 196 3048 438 3094; x_wconf 84' lang='lat' dir='ltr'><strong>regrinitatem</strong></span> <span class='ocrx_word' id='word_1_455' title='bbox 466 3048 633 3084; x_wconf 87' lang='lat' dir='ltr'><strong>redactus</strong></span> <span class='ocrx_word' id='word_1_456' title='bbox 673 3049 721 3084; x_wconf 91' lang='lat' dir='ltr'><strong>sit</strong></span> <span class='ocrx_word' id='word_1_457' title='bbox 757 3051 950 3094; x_wconf 90' lang='lat' dir='ltr'><strong>patronus,</strong></span> <span class='ocrx_word' id='word_1_458' title='bbox 992 3051 1098 3102; x_wconf 91' lang='lat' dir='ltr'><strong>putat</strong></span> <span class='ocrx_word' id='word_1_459' title='bbox 1129 3048 1285 3094; x_wconf 91' lang='lat' dir='ltr'><strong>Pompo-</strong></span> 
     </span>
     <span class='ocr_line' id='line_1_62' title="bbox 196 3093 1284 3130; baseline -0.001 -1"><span class='ocrx_word' id='word_1_460' title='bbox 196 3093 279 3129; x_wconf 86' lang='lat' dir='ltr'><strong>nius</strong></span> <span class='ocrx_word' id='word_1_461' title='bbox 310 3093 415 3129; x_wconf 83' lang='lat' dir='ltr'><strong>eum⁹</strong></span> <span class='ocrx_word' id='word_1_462' title='bbox 448 3093 608 3128; x_wconf 88' lang='lat' dir='ltr'><strong>amisisse</strong></span> <span class='ocrx_word' id='word_1_463' title='bbox 638 3094 820 3129; x_wconf 88' lang='lat' dir='ltr'><strong>honorem.</strong></span> <span class='ocrx_word' id='word_1_464' title='bbox 867 3093 931 3129; x_wconf 92' lang='lat' dir='ltr'><strong>sed</strong></span> <span class='ocrx_word' id='word_1_465' title='bbox 972 3103 1004 3129; x_wconf 79' lang='lat' dir='ltr'><strong>si</strong></span> <span class='ocrx_word' id='word_1_466' title='bbox 1036 3093 1147 3130; x_wconf 88' lang='lat' dir='ltr'><strong>fuerit</strong></span> <span class='ocrx_word' id='word_1_467' title='bbox 1180 3093 1284 3130; x_wconf 87' lang='lat' dir='ltr'><strong>resti-</strong></span> 
     </span>
     <span class='ocr_line' id='line_1_63' title="bbox 196 3138 1284 3181; baseline 0 -7"><span class='ocrx_word' id='word_1_468' title='bbox 196 3141 317 3181; x_wconf 82' lang='lat' dir='ltr'><strong>tutus,</strong></span> <span class='ocrx_word' id='word_1_469' title='bbox 361 3138 429 3173; x_wconf 83' lang='lat' dir='ltr'><strong>erit</strong></span> <span class='ocrx_word' id='word_1_470' title='bbox 462 3138 495 3172; x_wconf 87' lang='lat' dir='ltr'><strong>ei</strong></span> <span class='ocrx_word' id='word_1_471' title='bbox 531 3138 636 3173; x_wconf 90' lang='lat' dir='ltr'><strong>etiam</strong></span> <span class='ocrx_word' id='word_1_472' title='bbox 670 3138 776 3174; x_wconf 90' lang='lat' dir='ltr'><strong>huius</strong></span> <span class='ocrx_word' id='word_1_473' title='bbox 813 3138 919 3174; x_wconf 90' lang='lat' dir='ltr'><strong>edicti</strong></span> <span class='ocrx_word' id='word_1_474' title='bbox 954 3138 1178 3175; x_wconf 90' lang='lat' dir='ltr'><strong>commodum</strong></span> <span class='ocrx_word' id='word_1_475' title='bbox 1212 3138 1284 3174; x_wconf 86' lang='lat' dir='ltr'><strong>sal·</strong></span> 
     </span>
     <span class='ocr_line' id='line_1_64' title="bbox 198 3182 1284 3228; baseline 0 -10"><span class='ocrx_word' id='word_1_476' title='bbox 198 3186 217 3218; x_wconf 86' lang='grc'><strong>7</strong></span> <span class='ocrx_word' id='word_1_477' title='bbox 263 3193 359 3218; x_wconf 84' lang='lat' dir='ltr'><strong>vum.</strong></span> <span class='ocrx_word' id='word_1_478' title='bbox 405 3182 578 3218; x_wconf 87' lang='lat' dir='ltr'><strong>Parentes</strong></span> <span class='ocrx_word' id='word_1_479' title='bbox 609 3183 751 3228; x_wconf 85' lang='lat' dir='ltr'><strong>patroni</strong></span> <span class='ocrx_word' id='word_1_480' title='bbox 782 3183 889 3219; x_wconf 90' lang='lat' dir='ltr'><strong>etiam</strong></span> <span class='ocrx_word' id='word_1_481' title='bbox 920 3182 989 3218; x_wconf 90' lang='lat' dir='ltr'><strong>ado</strong></span> <span class='ocrx_word' id='word_1_482' title='bbox 1015 3183 1078 3218; x_wconf 85' lang='lat' dir='ltr'><strong>tivi</strong></span> <span class='ocrx_word' id='word_1_483' title='bbox 1101 3183 1284 3228; x_wconf 85' lang='lat' dir='ltr'><strong>excipiun-</strong></span> 
     </span>
     <span class='ocr_line' id='line_1_65' title="bbox 197 3226 1284 3273; baseline 0 -9"><span class='ocrx_word' id='word_1_484' title='bbox 197 3230 218 3264; x_wconf 85' lang='lat'><em>8</em></span> <span class='ocrx_word' id='word_1_485' title='bbox 264 3230 343 3263; x_wconf 84' lang='lat' dir='ltr'><strong>tur:</strong></span> <span class='ocrx_word' id='word_1_486' title='bbox 366 3226 430 3263; x_wconf 87' lang='lat' dir='ltr'><strong>sed</strong></span> <span class='ocrx_word' id='word_1_487' title='bbox 452 3227 589 3263; x_wconf 88' lang='lat' dir='ltr'><strong>tamdiu</strong></span> <span class='ocrx_word' id='word_1_488' title='bbox 613 3227 783 3272; x_wconf 89' lang='lat' dir='ltr'><strong>quamdiu</strong></span> <span class='ocrx_word' id='word_1_489' title='bbox 806 3227 952 3273; x_wconf 83' lang='lat' dir='ltr'><strong>adoptio</strong></span> <span class='ocrx_word' id='word_1_490' title='bbox 1001 3231 1093 3263; x_wconf 90' lang='lat' dir='ltr'><strong>urat.</strong></span> <span class='ocrx_word' id='word_1_491' title='bbox 1141 3227 1179 3263; x_wconf 90' lang='lat' dir='ltr'><strong>Si</strong></span> <span class='ocrx_word' id='word_1_492' title='bbox 1189 3227 1284 3264; x_wconf 86' lang='lat' dir='ltr'><strong>filius</strong></span> 
     </span>
     <span class='ocr_line' id='line_1_66' title="bbox 196 3271 1283 3317; baseline 0 -9"><span class='ocrx_word' id='word_1_493' title='bbox 196 3282 297 3308; x_wconf 85' lang='lat' dir='ltr'><strong>meus</strong></span> <span class='ocrx_word' id='word_1_494' title='bbox 320 3272 358 3308; x_wconf 92' lang='lat' dir='ltr'><strong>in</strong></span> <span class='ocrx_word' id='word_1_495' title='bbox 381 3271 609 3317; x_wconf 87' lang='lat' dir='ltr'><strong>adoptionem</strong></span> <span class='ocrx_word' id='word_1_496' title='bbox 633 3272 737 3307; x_wconf 87' lang='lat' dir='ltr'><strong>datus</strong></span> <span class='ocrx_word' id='word_1_497' title='bbox 761 3272 829 3315; x_wconf 91' lang='lat' dir='ltr'><strong>sit,</strong></span> <span class='ocrx_word' id='word_1_498' title='bbox 863 3273 986 3308; x_wconf 88' lang='lat' dir='ltr'><strong>vocari</strong></span> <span class='ocrx_word' id='word_1_499' title='bbox 1008 3283 1032 3308; x_wconf 90' lang='lat' dir='ltr'><strong>a</strong></span> <span class='ocrx_word' id='word_1_500' title='bbox 1053 3272 1180 3309; x_wconf 83' lang='lat' dir='ltr'><strong>liberto</strong></span> <span class='ocrx_word' id='word_1_501' title='bbox 1203 3282 1283 3308; x_wconf 89' lang='lat' dir='ltr'><strong>meo</strong></span> 
     </span>
     <span class='ocr_line' id='line_1_67' title="bbox 196 3316 1285 3363; baseline 0 -10"><span class='ocrx_word' id='word_1_502' title='bbox 196 3317 307 3353; x_wconf 85' lang='lat' dir='ltr'><strong>iuius</strong></span> <span class='ocrx_word' id='word_1_503' title='bbox 322 3327 396 3353; x_wconf 90' lang='lat' dir='ltr'><strong>non</strong></span> <span class='ocrx_word' id='word_1_504' title='bbox 411 3317 563 3363; x_wconf 84' lang='lat' dir='ltr'><strong>poterit:</strong></span> <span class='ocrx_word' id='word_1_505' title='bbox 587 3316 651 3352; x_wconf 88' lang='lat' dir='ltr'><strong>sed</strong></span> <span class='ocrx_word' id='word_1_506' title='bbox 673 3327 740 3352; x_wconf 92' lang='lat' dir='ltr'><strong>nec</strong></span> <span class='ocrx_word' id='word_1_507' title='bbox 762 3327 874 3362; x_wconf 89' lang='lat' dir='ltr'><strong>nepos</strong></span> <span class='ocrx_word' id='word_1_508' title='bbox 895 3317 934 3352; x_wconf 93' lang='lat' dir='ltr'><strong>in</strong></span> <span class='ocrx_word' id='word_1_509' title='bbox 957 3317 1126 3363; x_wconf 85' lang='lat' dir='ltr'><strong>adoptiva</strong></span> <span class='ocrx_word' id='word_1_510' title='bbox 1147 3317 1285 3353; x_wconf 85' lang='lat' dir='ltr'><strong>familia</strong></span> 
     </span>
     <span class='ocr_line' id='line_1_68' title="bbox 197 3360 1283 3408; baseline -0.001 -10"><span class='ocrx_word' id='word_1_511' title='bbox 197 3365 397 3407; x_wconf 86' lang='lat' dir='ltr'><strong>susceptus.</strong></span> <span class='ocrx_word' id='word_1_512' title='bbox 443 3360 508 3398; x_wconf 89' lang='lat' dir='ltr'><strong>sed</strong></span> <span class='ocrx_word' id='word_1_513' title='bbox 530 3360 563 3398; x_wconf 83' lang='lat' dir='ltr'><strong>si</strong></span> <span class='ocrx_word' id='word_1_514' title='bbox 591 3360 686 3396; x_wconf 83' lang='lat' dir='ltr'><strong>filius</strong></span> <span class='ocrx_word' id='word_1_515' title='bbox 717 3371 817 3397; x_wconf 90' lang='lat' dir='ltr'><strong>meus</strong></span> <span class='ocrx_word' id='word_1_516' title='bbox 853 3361 1099 3407; x_wconf 86' lang='lat' dir='ltr'><strong>emancipatus</strong></span> <span class='ocrx_word' id='word_1_517' title='bbox 1131 3361 1283 3408; x_wconf 87' lang='lat' dir='ltr'><strong>adopta-</strong></span> 
     </span>
     <span class='ocr_line' id='line_1_69' title="bbox 195 3406 1284 3452; baseline 0 -10"><span class='ocrx_word' id='word_1_518' title='bbox 195 3407 287 3443; x_wconf 80' lang='lat' dir='ltr'><strong>verit</strong></span> <span class='ocrx_word' id='word_1_519' title='bbox 316 3406 447 3450; x_wconf 85' lang='lat' dir='ltr'><strong>filium,</strong></span> <span class='ocrx_word' id='word_1_520' title='bbox 482 3406 542 3442; x_wconf 88' lang='lat' dir='ltr'><strong>hic</strong></span> <span class='ocrx_word' id='word_1_521' title='bbox 571 3415 683 3451; x_wconf 87' lang='lat' dir='ltr'><strong>nepos</strong></span> <span class='ocrx_word' id='word_1_522' title='bbox 714 3406 752 3441; x_wconf 91' lang='lat' dir='ltr'><strong>in</strong></span> <span class='ocrx_word' id='word_1_523' title='bbox 782 3406 838 3441; x_wconf 91' lang='lat' dir='ltr'><strong>ius</strong></span> <span class='ocrx_word' id='word_1_524' title='bbox 870 3407 993 3442; x_wconf 89' lang='lat' dir='ltr'><strong>vocari</strong></span> <span class='ocrx_word' id='word_1_525' title='bbox 1015 3407 1165 3452; x_wconf 86' lang='lat' dir='ltr'><strong>poterit:</strong></span> <span class='ocrx_word' id='word_1_526' title='bbox 1200 3416 1284 3442; x_wconf 88' lang='lat' dir='ltr'><strong>nam</strong></span> 
     </span>
     <span class='ocr_line' id='line_1_70' title="bbox 196 3450 1283 3488; baseline 0 -1"><span class='ocrx_word' id='word_1_527' title='bbox 196 3454 218 3487; x_wconf 82' lang='grc'>9</span> <span class='ocrx_word' id='word_1_528' title='bbox 265 3452 350 3487; x_wconf 90' lang='lat' dir='ltr'><strong>mihi</strong></span> <span class='ocrx_word' id='word_1_529' title='bbox 374 3451 512 3488; x_wconf 86' lang='lat' dir='ltr'><strong>alienus</strong></span> <span class='ocrx_word' id='word_1_530' title='bbox 545 3454 611 3486; x_wconf 72' lang='lat' dir='ltr'><strong>est,</strong></span> <span class='ocrx_word' id='word_1_531' title='bbox 658 3450 808 3486; x_wconf 89' lang='lat' dir='ltr'><strong>Liberos</strong></span> <span class='ocrx_word' id='word_1_532' title='bbox 831 3455 951 3487; x_wconf 86' lang='lat' dir='ltr'><strong>autem</strong></span> <span class='ocrx_word' id='word_1_533' title='bbox 975 3451 1172 3487; x_wconf 89' lang='lat' dir='ltr'><strong>secundum</strong></span> <span class='ocrx_word' id='word_1_534' title='bbox 1195 3451 1283 3487; x_wconf 83' lang='lat' dir='ltr'><strong>Cas·</strong></span> 
     </span>
    </p>
   </div>
   <div class='ocr_carea' id='block_1_3' title="bbox 197 3606 1281 3740">
    <p class='ocr_par' dir='ltr' id='par_1_10' title="bbox 197 3606 1281 3740">
     <span class='ocr_line' id='line_1_71' title="bbox 198 3606 1281 3652; baseline -0.001 -9"><span class='ocrx_word' id='word_1_535' title='bbox 198 3612 238 3650; x_wconf 79' lang='lat'><strong>(1)</strong></span> <span class='ocrx_word' id='word_1_536' title='bbox 262 3607 383 3642; x_wconf 82' lang='lat' dir='ltr'><strong>habeat</strong></span> <span class='ocrx_word' id='word_1_537' title='bbox 394 3609 469 3643; x_wconf 83' lang='lat' dir='ltr'><strong>Hal</strong></span> <span class='ocrx_word' id='word_1_538' title='bbox 475 3632 483 3641; x_wconf 90' lang='lat'>.</span> <span class='ocrx_word' id='word_1_539' title='bbox 552 3608 598 3651; x_wconf 80' lang='lat'><strong>(2)</strong></span> <span class='ocrx_word' id='word_1_540' title='bbox 619 3606 735 3650; x_wconf 64' lang='lat' dir='ltr'><strong>sicffi,</strong></span> <span class='ocrx_word' id='word_1_541' title='bbox 747 3608 958 3651; x_wconf 80' lang='lat' dir='ltr'><strong>permittitur</strong></span> <span class='ocrx_word' id='word_1_542' title='bbox 966 3609 1044 3643; x_wconf 63' lang='grc' dir='ltr'><strong>ΡΒ</strong></span> <span class='ocrx_word' id='word_1_543' title='bbox 1118 3610 1161 3652; x_wconf 85' lang='grc'><strong>(3)</strong></span> <span class='ocrx_word' id='word_1_544' title='bbox 1185 3619 1281 3642; x_wconf 83' lang='lat' dir='ltr'><strong>voca-</strong></span> 
     </span>
     <span class='ocr_line' id='line_1_72' title="bbox 197 3652 1279 3697; baseline 0 -11"><span class='ocrx_word' id='word_1_545' title='bbox 197 3652 250 3686; x_wconf 82' lang='lat' dir='ltr'><strong>bit</strong></span> <span class='ocrx_word' id='word_1_546' title='bbox 262 3654 335 3687; x_wconf 77' lang='lat' dir='ltr'><strong>deu.</strong></span> <span class='ocrx_word' id='word_1_547' title='bbox 350 3665 418 3687; x_wconf 80' lang='lat' dir='ltr'><strong>cum</strong></span> <span class='ocrx_word' id='word_1_548' title='bbox 431 3654 477 3696; x_wconf 85' lang='lat' dir='ltr'><strong>B,</strong></span> <span class='ocrx_word' id='word_1_549' title='bbox 490 3653 622 3687; x_wconf 85' lang='lat' dir='ltr'><strong>vocarei</strong></span> <span class='ocrx_word' id='word_1_550' title='bbox 635 3655 667 3697; x_wconf 81' lang='grc' dir='ltr'><strong>(ο</strong></span> <span class='ocrx_word' id='word_1_551' title='bbox 682 3654 759 3693; x_wconf 72' lang='lat' dir='ltr'><strong>del.)</strong></span> <span class='ocrx_word' id='word_1_552' title='bbox 772 3653 807 3686; x_wconf 79' lang='lat' dir='ltr'><em>F</em></span> <span class='ocrx_word' id='word_1_553' title='bbox 859 3654 902 3696; x_wconf 74' lang='grc'><strong>(4)</strong></span> <span class='ocrx_word' id='word_1_554' title='bbox 915 3653 952 3686; x_wconf 88' lang='lat' dir='ltr'><strong>in</strong></span> <span class='ocrx_word' id='word_1_555' title='bbox 966 3655 1043 3687; x_wconf 81' lang='lat' dir='ltr'><strong>add.</strong></span> <span class='ocrx_word' id='word_1_556' title='bbox 1056 3653 1104 3687; x_wconf 61' lang='grc' dir='ltr'><strong>ΙΝ</strong></span> <span class='ocrx_word' id='word_1_557' title='bbox 1161 3654 1204 3695; x_wconf 74' lang='grc'><strong>(5)</strong></span> <span class='ocrx_word' id='word_1_558' title='bbox 1217 3654 1279 3686; x_wconf 79' lang='lat' dir='ltr'><strong>sim</strong></span> 
     </span>
     <span class='ocr_line' id='line_1_73' title="bbox 199 3696 1278 3740; baseline 0.002 -9"><span class='ocrx_word' id='word_1_559' title='bbox 199 3696 282 3738; x_wconf 70' lang='lat' dir='ltr'><strong>F’S,</strong></span> <span class='ocrx_word' id='word_1_560' title='bbox 294 3698 377 3731; x_wconf 70' lang='lat' dir='ltr'><strong>niffl</strong></span> <span class='ocrx_word' id='word_1_561' title='bbox 447 3700 491 3738; x_wconf 71' lang='lat' dir='ltr'><strong>(a)</strong></span> <span class='ocrx_word' id='word_1_562' title='bbox 517 3699 630 3733; x_wconf 75' lang='lat' dir='ltr'><strong>sitim.</strong></span> <span class='ocrx_word' id='word_1_563' title='bbox 700 3698 744 3739; x_wconf 76' lang='grc' dir='ltr'><strong>(τ)</strong></span> <span class='ocrx_word' id='word_1_564' title='bbox 770 3698 859 3740; x_wconf 86' lang='lat' dir='ltr'><strong>qnod</strong></span> <span class='ocrx_word' id='word_1_565' title='bbox 872 3699 947 3732; x_wconf 74' lang='lat' dir='ltr'><strong>dete.</strong></span> <span class='ocrx_word' id='word_1_566' title='bbox 1013 3700 1058 3739; x_wconf 81' lang='lat'><strong>(8)</strong></span> <span class='ocrx_word' id='word_1_567' title='bbox 1083 3698 1140 3731; x_wconf 85' lang='lat' dir='ltr'><strong>sed</strong></span> <span class='ocrx_word' id='word_1_568' title='bbox 1150 3701 1184 3731; x_wconf 83' lang='lat' dir='ltr'><strong>et</strong></span> <span class='ocrx_word' id='word_1_569' title='bbox 1195 3698 1278 3733; x_wconf 84' lang='lat' dir='ltr'><strong>Hal.</strong></span> 
     </span>
    </p>
   </div>
   <div class='ocr_carea' id='block_1_4' title="bbox 1293 100 1347 148">
    <p class='ocr_par' dir='ltr' id='par_1_11' title="bbox 1293 100 1347 148">
     <span class='ocr_line' id='line_1_74' title="bbox 1293 100 1347 148; baseline 0 0"><span class='ocrx_word' id='word_1_570' title='bbox 1293 100 1347 148; x_wconf 80' lang='lat'><strong>20</strong></span> 
     </span>
    </p>
   </div>
   <div class='ocr_carea' id='block_1_5' title="bbox 1955 116 2438 151">
    <p class='ocr_par' dir='ltr' id='par_1_12' title="bbox 1955 116 2438 151">
     <span class='ocr_line' id='line_1_75' title="bbox 1955 116 2438 151; baseline 0.006 -3"><span class='ocrx_word' id='word_1_571' title='bbox 1955 117 2017 148; x_wconf 82' lang='lat' dir='ltr'><strong>DE</strong></span> <span class='ocrx_word' id='word_1_572' title='bbox 2046 118 2095 150; x_wconf 73' lang='lat' dir='ltr'><strong>m</strong></span> <span class='ocrx_word' id='word_1_573' title='bbox 2121 117 2192 150; x_wconf 85' lang='lat' dir='ltr'><strong>ms</strong></span> <span class='ocrx_word' id='word_1_574' title='bbox 2220 116 2438 151; x_wconf 66' lang='lat' dir='ltr'><strong>vocnmo</strong></span> 
     </span>
    </p>
   </div>
   <div class='ocr_carea' id='block_1_6' title="bbox 1352 226 2499 3183">
    <p class='ocr_par' dir='ltr' id='par_1_13' title="bbox 1353 226 2442 988">
     <span class='ocr_line' id='line_1_76' title="bbox 1355 226 2437 278; baseline 0.003 -18"><span class='ocrx_word' id='word_1_575' title='bbox 1355 226 1466 268; x_wconf 88' lang='lat' dir='ltr'><strong>sium,</strong></span> <span class='ocrx_word' id='word_1_576' title='bbox 1490 228 1531 260; x_wconf 88' lang='lat' dir='ltr'><strong>nt</strong></span> <span class='ocrx_word' id='word_1_577' title='bbox 1551 226 1590 260; x_wconf 91' lang='lat' dir='ltr'><strong>in</strong></span> <span class='ocrx_word' id='word_1_578' title='bbox 1611 226 1839 278; x_wconf 87' lang='lat' dir='ltr'><strong>parentibus,</strong></span> <span class='ocrx_word' id='word_1_579' title='bbox 1873 229 1909 262; x_wconf 92' lang='lat' dir='ltr'><strong>et</strong></span> <span class='ocrx_word' id='word_1_580' title='bbox 1938 227 2034 262; x_wconf 87' lang='lat' dir='ltr'><strong>ultra</strong></span> <span class='ocrx_word' id='word_1_581' title='bbox 2063 226 2276 272; x_wconf 88' lang='lat' dir='ltr'><strong>trinepotem</strong></span> <span class='ocrx_word' id='word_1_582' title='bbox 2306 227 2437 272; x_wconf 89' lang='lat' dir='ltr'><strong>accipi-</strong></span> 
     </span>
     <span class='ocr_line' id='line_1_77' title="bbox 1358 269 2438 316; baseline 0.003 -11"><span class='ocrx_word' id='word_1_583' title='bbox 1358 273 1399 305; x_wconf 85' lang='lat'><strong>10</strong></span> <span class='ocrx_word' id='word_1_584' title='bbox 1445 279 1535 305; x_wconf 87' lang='lat' dir='ltr'><strong>mus.</strong></span> <span class='ocrx_word' id='word_1_585' title='bbox 1582 269 1621 305; x_wconf 83' lang='lat' dir='ltr'><strong>Si</strong></span> <span class='ocrx_word' id='word_1_586' title='bbox 1642 270 1771 306; x_wconf 89' lang='lat' dir='ltr'><strong>liberta</strong></span> <span class='ocrx_word' id='word_1_587' title='bbox 1794 281 1838 307; x_wconf 87' lang='lat' dir='ltr'><strong>ex</strong></span> <span class='ocrx_word' id='word_1_588' title='bbox 1860 275 2013 316; x_wconf 87' lang='lat' dir='ltr'><strong>patrono</strong></span> <span class='ocrx_word' id='word_1_589' title='bbox 2036 271 2144 307; x_wconf 86' lang='lat' dir='ltr'><strong>fuerit</strong></span> <span class='ocrx_word' id='word_1_590' title='bbox 2167 271 2291 314; x_wconf 89' lang='lat' dir='ltr'><strong>enixa,</strong></span> <span class='ocrx_word' id='word_1_591' title='bbox 2314 275 2438 308; x_wconf 91' lang='lat' dir='ltr'><strong>mutuo</strong></span> 
     </span>
     <span class='ocr_line' id='line_1_78' title="bbox 1359 314 2439 367; baseline 0.002 -17"><span class='ocrx_word' id='word_1_592' title='bbox 1359 318 1396 350; x_wconf 88' lang='lat'><strong>11</strong></span> <span class='ocrx_word' id='word_1_593' title='bbox 1446 325 1486 350; x_wconf 91' lang='lat' dir='ltr'><strong>se</strong></span> <span class='ocrx_word' id='word_1_594' title='bbox 1507 314 1587 367; x_wconf 86' lang='lat' dir='ltr'><strong>ipsa</strong></span> <span class='ocrx_word' id='word_1_595' title='bbox 1610 318 1647 350; x_wconf 88' lang='lat' dir='ltr'><strong>et</strong></span> <span class='ocrx_word' id='word_1_596' title='bbox 1667 315 1762 351; x_wconf 91' lang='lat' dir='ltr'><strong>filius</strong></span> <span class='ocrx_word' id='word_1_597' title='bbox 1786 316 1861 352; x_wconf 89' lang='lat' dir='ltr'><strong>eius</strong></span> <span class='ocrx_word' id='word_1_598' title='bbox 1884 317 1922 351; x_wconf 91' lang='lat' dir='ltr'><strong>in</strong></span> <span class='ocrx_word' id='word_1_599' title='bbox 1951 317 2007 352; x_wconf 91' lang='lat' dir='ltr'><strong>ius</strong></span> <span class='ocrx_word' id='word_1_600' title='bbox 2037 327 2110 352; x_wconf 91' lang='lat' dir='ltr'><strong>non</strong></span> <span class='ocrx_word' id='word_1_601' title='bbox 2139 316 2329 352; x_wconf 87' lang='lat' dir='ltr'><strong>vocabunt.</strong></span> <span class='ocrx_word' id='word_1_602' title='bbox 2376 316 2439 352; x_wconf 89' lang='lat' dir='ltr'><strong>Sin</strong></span> 
     </span>
     <span class='ocr_line' id='line_1_79' title="bbox 1356 359 2439 413; baseline 0.001 -18"><span class='ocrx_word' id='word_1_603' title='bbox 1356 363 1475 395; x_wconf 88' lang='lat' dir='ltr'><strong>autem</strong></span> <span class='ocrx_word' id='word_1_604' title='bbox 1508 359 1611 395; x_wconf 78' lang='lat' dir='ltr'><strong>liberi</strong></span> <span class='ocrx_word' id='word_1_605' title='bbox 1644 361 1792 413; x_wconf 76' lang='lat' dir='ltr'><strong>patroni</strong></span> <span class='ocrx_word' id='word_1_606' title='bbox 1822 361 1949 406; x_wconf 90' lang='lat' dir='ltr'><strong>capitis</strong></span> <span class='ocrx_word' id='word_1_607' title='bbox 1981 364 2242 397; x_wconf 88' lang='lat' dir='ltr'><strong>accusaverunt</strong></span> <span class='ocrx_word' id='word_1_608' title='bbox 2273 360 2439 413; x_wconf 76' lang='lat' dir='ltr'><strong>libertum</strong></span> 
     </span>
     <span class='ocr_line' id='line_1_80' title="bbox 1355 404 2439 451; baseline 0.002 -12"><span class='ocrx_word' id='word_1_609' title='bbox 1355 408 1544 450; x_wconf 90' lang='lat' dir='ltr'><strong>paternum</strong></span> <span class='ocrx_word' id='word_1_610' title='bbox 1565 404 1621 439; x_wconf 83' lang='lat' dir='ltr'><strong>vel</strong></span> <span class='ocrx_word' id='word_1_611' title='bbox 1642 415 1680 439; x_wconf 91' lang='lat' dir='ltr'><strong>m</strong></span> <span class='ocrx_word' id='word_1_612' title='bbox 1703 408 1907 441; x_wconf 77' lang='lat' dir='ltr'><strong>servitutem</strong></span> <span class='ocrx_word' id='word_1_613' title='bbox 1929 406 2126 451; x_wconf 85' lang='lat' dir='ltr'><strong>petierunt,</strong></span> <span class='ocrx_word' id='word_1_614' title='bbox 2158 406 2277 441; x_wconf 89' lang='lat' dir='ltr'><strong>nullus</strong></span> <span class='ocrx_word' id='word_1_615' title='bbox 2301 415 2352 441; x_wconf 76' lang='lat' dir='ltr'><strong>eis</strong></span> <span class='ocrx_word' id='word_1_616' title='bbox 2374 406 2439 442; x_wconf 89' lang='lat' dir='ltr'><strong>ho-</strong></span> 
     </span>
     <span class='ocr_line' id='line_1_81' title="bbox 1359 448 2440 503; baseline 0.002 -19"><span class='ocrx_word' id='word_1_617' title='bbox 1359 452 1399 484; x_wconf 91' lang='lat'><strong>12</strong></span> <span class='ocrx_word' id='word_1_618' title='bbox 1446 459 1513 484; x_wconf 88' lang='lat' dir='ltr'><strong>nor</strong></span> <span class='ocrx_word' id='word_1_619' title='bbox 1536 448 1696 485; x_wconf 88' lang='lat' dir='ltr'><strong>debetur.</strong></span> <span class='ocrx_word' id='word_1_620' title='bbox 1741 450 1894 487; x_wconf 88' lang='lat' dir='ltr'><strong>Praetor</strong></span> <span class='ocrx_word' id='word_1_621' title='bbox 1925 451 1992 486; x_wconf 87' lang='lat' dir='ltr'><strong>ait:</strong></span> <span class='ocrx_word' id='word_1_622' title='bbox 2021 448 2072 486; x_wconf 87' lang='lat' dir='ltr'><strong>‘in</strong></span> <span class='ocrx_word' id='word_1_623' title='bbox 2093 451 2150 487; x_wconf 91' lang='lat' dir='ltr'><strong>ius</strong></span> <span class='ocrx_word' id='word_1_624' title='bbox 2173 451 2243 486; x_wconf 86' lang='lat' dir='ltr'><strong>nisi</strong></span> <span class='ocrx_word' id='word_1_625' title='bbox 2264 450 2440 503; x_wconf 85' lang='lat' dir='ltr'><strong>permissu</strong></span> 
     </span>
     <span class='ocr_line' id='line_1_82' title="bbox 1353 490 2441 540; baseline 0.002 -11"><span class='ocrx_word' id='word_1_626' title='bbox 1353 494 1442 530; x_wconf 84' lang='lat' dir='ltr'><strong>‘meo</strong></span> <span class='ocrx_word' id='word_1_627' title='bbox 1458 504 1503 529; x_wconf 91' lang='lat' dir='ltr'><strong>ne</strong></span> <span class='ocrx_word' id='word_1_628' title='bbox 1526 493 1604 539; x_wconf 91' lang='lat' dir='ltr'><strong>quis</strong></span> <span class='ocrx_word' id='word_1_629' title='bbox 1627 490 1759 530; x_wconf 85' lang='lat' dir='ltr'><strong>vocet&#39;.</strong></span> <span class='ocrx_word' id='word_1_630' title='bbox 1794 495 2031 540; x_wconf 85' lang='lat' dir='ltr'><strong>permissurus</strong></span> <span class='ocrx_word' id='word_1_631' title='bbox 2051 495 2144 531; x_wconf 88' lang='lat' dir='ltr'><strong>enim</strong></span> <span class='ocrx_word' id='word_1_632' title='bbox 2164 499 2228 539; x_wconf 88' lang='lat' dir='ltr'><strong>est,</strong></span> <span class='ocrx_word' id='word_1_633' title='bbox 2252 505 2284 531; x_wconf 78' lang='lat' dir='ltr'><strong>si</strong></span> <span class='ocrx_word' id='word_1_634' title='bbox 2301 494 2441 531; x_wconf 89' lang='lat' dir='ltr'><strong>famosa</strong></span> 
     </span>
     <span class='ocr_line' id='line_1_83' title="bbox 1356 538 2439 586; baseline 0.001 -12"><span class='ocrx_word' id='word_1_635' title='bbox 1356 539 1449 574; x_wconf 90' lang='lat' dir='ltr'><strong>actio</strong></span> <span class='ocrx_word' id='word_1_636' title='bbox 1473 548 1546 574; x_wconf 90' lang='lat' dir='ltr'><strong>non</strong></span> <span class='ocrx_word' id='word_1_637' title='bbox 1569 538 1616 574; x_wconf 89' lang='lat' dir='ltr'><strong>sit</strong></span> <span class='ocrx_word' id='word_1_638' title='bbox 1637 539 1692 574; x_wconf 84' lang='lat' dir='ltr'><strong>vel</strong></span> <span class='ocrx_word' id='word_1_639' title='bbox 1714 540 1886 585; x_wconf 89' lang='lat' dir='ltr'><strong>pudorem</strong></span> <span class='ocrx_word' id='word_1_640' title='bbox 1909 550 1981 576; x_wconf 93' lang='lat' dir='ltr'><strong>non</strong></span> <span class='ocrx_word' id='word_1_641' title='bbox 2013 540 2184 586; x_wconf 79' lang='lat' dir='ltr'><strong>suggilat,</strong></span> <span class='ocrx_word' id='word_1_642' title='bbox 2238 550 2287 575; x_wconf 93' lang='lat' dir='ltr'><strong>ua</strong></span> <span class='ocrx_word' id='word_1_643' title='bbox 2316 543 2439 585; x_wconf 86' lang='lat' dir='ltr'><strong>patro-</strong></span> 
     </span>
     <span class='ocr_line' id='line_1_84' title="bbox 1355 583 2442 638; baseline 0.002 -20"><span class='ocrx_word' id='word_1_644' title='bbox 1355 593 1423 619; x_wconf 91' lang='lat' dir='ltr'><strong>nus</strong></span> <span class='ocrx_word' id='word_1_645' title='bbox 1450 583 1668 636; x_wconf 75' lang='lat' dir='ltr'><strong>⁸convenitur</strong></span> <span class='ocrx_word' id='word_1_646' title='bbox 1701 585 1756 620; x_wconf 87' lang='lat' dir='ltr'><strong>vel</strong></span> <span class='ocrx_word' id='word_1_647' title='bbox 1787 588 1963 638; x_wconf 80' lang='lat' dir='ltr'><strong>parentes.</strong></span> <span class='ocrx_word' id='word_1_648' title='bbox 2011 589 2047 621; x_wconf 88' lang='lat' dir='ltr'><strong>et</strong></span> <span class='ocrx_word' id='word_1_649' title='bbox 2074 588 2191 638; x_wconf 84' lang='lat' dir='ltr'><strong>totum</strong></span> <span class='ocrx_word' id='word_1_650' title='bbox 2251 595 2295 621; x_wconf 90' lang='lat' dir='ltr'><strong>oc</strong></span> <span class='ocrx_word' id='word_1_651' title='bbox 2331 594 2442 621; x_wconf 90' lang='lat' dir='ltr'><strong>causa</strong></span> 
     </span>
     <span class='ocr_line' id='line_1_85' title="bbox 1355 627 2442 726; baseline 0.002 -18"><span class='ocrx_word' id='word_1_652' title='bbox 1355 632 1505 726; x_wconf 57' lang='grc' dir='ltr'><strong>ἓὲἑῖἑὲ,</strong></span> <span class='ocrx_word' id='word_1_653' title='bbox 1523 627 2442 726; x_wconf 50' lang='lat' dir='ltr'><strong>{ibfflgffssfitffimpeffigss}d‘ifflpfg‘fflffi</strong></span> 
     </span>
     <span class='ocr_line' id='line_1_86' title="bbox 1355 719 2440 765; baseline 0.001 -12"><span class='ocrx_word' id='word_1_654' title='bbox 1355 729 1392 753; x_wconf 84' lang='grc' dir='ltr'><strong>ιιι</strong></span> <span class='ocrx_word' id='word_1_655' title='bbox 1414 728 1471 753; x_wconf 80' lang='lat' dir='ltr'><strong>lus</strong></span> <span class='ocrx_word' id='word_1_656' title='bbox 1494 728 1615 753; x_wconf 74' lang='lat' dir='ltr'><strong>vocari</strong></span> <span class='ocrx_word' id='word_1_657' title='bbox 1637 728 1660 753; x_wconf 86' lang='lat' dir='ltr'><strong>a</strong></span> <span class='ocrx_word' id='word_1_658' title='bbox 1681 719 1828 755; x_wconf 78' lang='lat' dir='ltr'><strong>liberto:</strong></span> <span class='ocrx_word' id='word_1_659' title='bbox 1852 720 1884 755; x_wconf 90' lang='lat' dir='ltr'><strong>si</strong></span> <span class='ocrx_word' id='word_1_660' title='bbox 1904 730 1985 754; x_wconf 91' lang='lat' dir='ltr'><strong>eum</strong></span> <span class='ocrx_word' id='word_1_661' title='bbox 2002 719 2210 765; x_wconf 85' lang='lat' dir='ltr'><strong>gravissima</strong></span> <span class='ocrx_word' id='word_1_662' title='bbox 2228 719 2361 755; x_wconf 75' lang='lat' dir='ltr'><strong>iniuria</strong></span> <span class='ocrx_word' id='word_1_663' title='bbox 2378 719 2440 754; x_wconf 93' lang='lat' dir='ltr'><strong>ad-</strong></span> 
     </span>
     <span class='ocr_line' id='line_1_87' title="bbox 1359 762 2441 810; baseline 0.002 -13"><span class='ocrx_word' id='word_1_664' title='bbox 1359 765 1400 798; x_wconf 86' lang='lat'><strong>13</strong></span> <span class='ocrx_word' id='word_1_665' title='bbox 1446 762 1544 805; x_wconf 87' lang='lat' dir='ltr'><strong>fecit,</strong></span> <span class='ocrx_word' id='word_1_666' title='bbox 1566 762 1714 808; x_wconf 84' lang='lat' dir='ltr'><strong>flagellis</strong></span> <span class='ocrx_word' id='word_1_667' title='bbox 1736 763 1830 800; x_wconf 85' lang='lat' dir='ltr'><strong>forte</strong></span> <span class='ocrx_word' id='word_1_668' title='bbox 1854 764 1993 800; x_wconf 88' lang='lat' dir='ltr'><strong>cecidit.</strong></span> <span class='ocrx_word' id='word_1_669' title='bbox 2034 764 2180 810; x_wconf 87' lang='lat' dir='ltr'><strong>Semper</strong></span> <span class='ocrx_word' id='word_1_670' title='bbox 2203 766 2323 800; x_wconf 88' lang='lat' dir='ltr'><strong>autem</strong></span> <span class='ocrx_word' id='word_1_671' title='bbox 2344 764 2441 799; x_wconf 91' lang='lat' dir='ltr'><strong>hunc</strong></span> 
     </span>
     <span class='ocr_line' id='line_1_88' title="bbox 1356 808 2440 855; baseline 0.003 -13"><span class='ocrx_word' id='word_1_672' title='bbox 1356 808 1526 843; x_wconf 89' lang='lat' dir='ltr'><strong>honorem</strong></span> <span class='ocrx_word' id='word_1_673' title='bbox 1542 811 1693 853; x_wconf 89' lang='lat' dir='ltr'><strong>patrono</strong></span> <span class='ocrx_word' id='word_1_674' title='bbox 1713 809 1927 852; x_wconf 90' lang='lat' dir='ltr'><strong>habendum,</strong></span> <span class='ocrx_word' id='word_1_675' title='bbox 1941 812 1978 844; x_wconf 93' lang='lat' dir='ltr'><strong>et</strong></span> <span class='ocrx_word' id='word_1_676' title='bbox 1992 809 2024 844; x_wconf 92' lang='lat' dir='ltr'><strong>si</strong></span> <span class='ocrx_word' id='word_1_677' title='bbox 2043 809 2146 855; x_wconf 90' lang='lat' dir='ltr'><strong>quasi</strong></span> <span class='ocrx_word' id='word_1_678' title='bbox 2162 811 2261 845; x_wconf 89' lang='lat' dir='ltr'><strong>tutor</strong></span> <span class='ocrx_word' id='word_1_679' title='bbox 2270 808 2326 844; x_wconf 86' lang='lat' dir='ltr'><strong>vel</strong></span> <span class='ocrx_word' id='word_1_680' title='bbox 2337 818 2440 845; x_wconf 89' lang='lat' dir='ltr'><strong>cura-</strong></span> 
     </span>
     <span class='ocr_line' id='line_1_89' title="bbox 1356 851 2442 899; baseline 0.002 -12"><span class='ocrx_word' id='word_1_681' title='bbox 1356 856 1414 888; x_wconf 91' lang='lat' dir='ltr'><strong>tor</strong></span> <span class='ocrx_word' id='word_1_682' title='bbox 1435 852 1491 888; x_wconf 90' lang='lat' dir='ltr'><strong>vel</strong></span> <span class='ocrx_word' id='word_1_683' title='bbox 1514 851 1680 888; x_wconf 86' lang='lat' dir='ltr'><strong>defensor</strong></span> <span class='ocrx_word' id='word_1_684' title='bbox 1701 854 1757 889; x_wconf 88' lang='lat' dir='ltr'><strong>vel</strong></span> <span class='ocrx_word' id='word_1_685' title='bbox 1780 857 1882 889; x_wconf 90' lang='lat' dir='ltr'><strong>actor</strong></span> <span class='ocrx_word' id='word_1_686' title='bbox 1903 854 2116 890; x_wconf 88' lang='lat' dir='ltr'><strong>interveniat</strong></span> <span class='ocrx_word' id='word_1_687' title='bbox 2145 856 2331 899; x_wconf 90' lang='lat' dir='ltr'><strong>patronus.</strong></span> <span class='ocrx_word' id='word_1_688' title='bbox 2379 853 2442 889; x_wconf 88' lang='lat' dir='ltr'><strong>sed</strong></span> 
     </span>
     <span class='ocr_line' id='line_1_90' title="bbox 1357 897 2442 951; baseline 0.002 -19"><span class='ocrx_word' id='word_1_689' title='bbox 1357 898 1387 932; x_wconf 90' lang='lat' dir='ltr'><strong>si</strong></span> <span class='ocrx_word' id='word_1_690' title='bbox 1410 897 1554 950; x_wconf 79' lang='lat' dir='ltr'><strong>patroni</strong></span> <span class='ocrx_word' id='word_1_691' title='bbox 1576 900 1675 933; x_wconf 91' lang='lat' dir='ltr'><strong>tutor</strong></span> <span class='ocrx_word' id='word_1_692' title='bbox 1693 899 1749 933; x_wconf 91' lang='lat' dir='ltr'><strong>vel</strong></span> <span class='ocrx_word' id='word_1_693' title='bbox 1767 902 1913 934; x_wconf 89' lang='lat' dir='ltr'><strong>curator</strong></span> <span class='ocrx_word' id='word_1_694' title='bbox 1930 899 2151 942; x_wconf 85' lang='lat' dir='ltr'><strong>interveniat,</strong></span> <span class='ocrx_word' id='word_1_695' title='bbox 2174 899 2320 951; x_wconf 86' lang='lat' dir='ltr'><strong>impune</strong></span> <span class='ocrx_word' id='word_1_696' title='bbox 2335 908 2442 944; x_wconf 90' lang='lat' dir='ltr'><strong>posse</strong></span> 
     </span>
     <span class='ocr_line' id='line_1_91' title="bbox 1358 943 2374 988; baseline 0.001 -11"><span class='ocrx_word' id='word_1_697' title='bbox 1358 952 1418 978; x_wconf 90' lang='lat' dir='ltr'><strong>eos</strong></span> <span class='ocrx_word' id='word_1_698' title='bbox 1440 953 1478 977; x_wconf 87' lang='lat' dir='ltr'><strong>m</strong></span> <span class='ocrx_word' id='word_1_699' title='bbox 1501 952 1557 978; x_wconf 82' lang='lat' dir='ltr'><strong>ius</strong></span> <span class='ocrx_word' id='word_1_700' title='bbox 1579 943 1700 979; x_wconf 85' lang='lat' dir='ltr'><strong>vocari</strong></span> <span class='ocrx_word' id='word_1_701' title='bbox 1721 943 1940 988; x_wconf 90' lang='lat' dir='ltr'><strong>Pomponius</strong></span> <span class='ocrx_word' id='word_1_702' title='bbox 1964 944 2088 980; x_wconf 85' lang='lat' dir='ltr'><strong>scribit</strong></span> <span class='ocrx_word' id='word_1_703' title='bbox 2110 947 2147 979; x_wconf 90' lang='lat' dir='ltr'><strong>et</strong></span> <span class='ocrx_word' id='word_1_704' title='bbox 2167 953 2284 979; x_wconf 85' lang='lat' dir='ltr'><strong>venus</strong></span> <span class='ocrx_word' id='word_1_705' title='bbox 2308 947 2374 979; x_wconf 90' lang='lat' dir='ltr'><strong>est.</strong></span> 
     </span>
    </p>

    <p class='ocr_par' dir='ltr' id='par_1_14' title="bbox 1355 985 2442 1291">
     <span class='ocr_line' id='line_1_92' title="bbox 1406 985 2441 1068; baseline -0.001 -44"><span class='ocrx_word' id='word_1_706' title='bbox 1406 985 1452 1024; x_wconf 93' lang='lat'><strong>11</strong></span> <span class='ocrx_word' id='word_1_707' title='bbox 1481 986 1640 1023; x_wconf 58' lang='lat' dir='ltr'><strong>Pano-s</strong></span> <span class='ocrx_word' id='word_1_708' title='bbox 1667 988 1759 1024; x_wconf 79' lang='lat' dir='ltr'><strong>libro</strong></span> <span class='ocrx_word' id='word_1_709' title='bbox 1789 993 1920 1034; x_wconf 84' lang='lat' dir='ltr'><strong>quarto</strong></span> <span class='ocrx_word' id='word_1_710' title='bbox 1935 990 1963 1010; x_wconf 92' lang='lat'><strong>¹⁰</strong></span> <span class='ocrx_word' id='word_1_711' title='bbox 1994 989 2044 1024; x_wconf 85' lang='lat' dir='ltr'><strong>ad</strong></span> <span class='ocrx_word' id='word_1_712' title='bbox 2074 988 2228 1024; x_wconf 83' lang='lat' dir='ltr'><strong>edictum</strong></span> <span class='ocrx_word' id='word_1_713' title='bbox 2271 988 2441 1068; x_wconf 53' lang='lat' dir='ltr'><strong>gamm</strong></span> 
     </span>
     <span class='ocr_line' id='line_1_93' title="bbox 1356 1031 2440 1079; baseline 0.002 -13"><span class='ocrx_word' id='word_1_714' title='bbox 1356 1042 1430 1068; x_wconf 91' lang='lat' dir='ltr'><strong>non</strong></span> <span class='ocrx_word' id='word_1_715' title='bbox 1460 1031 1593 1067; x_wconf 86' lang='lat' dir='ltr'><strong>adiciat</strong></span> <span class='ocrx_word' id='word_1_716' title='bbox 1622 1036 1766 1078; x_wconf 89' lang='lat' dir='ltr'><strong>praetor</strong></span> <span class='ocrx_word' id='word_1_717' title='bbox 1799 1043 1910 1069; x_wconf 88' lang='lat' dir='ltr'><strong>causa</strong></span> <span class='ocrx_word' id='word_1_718' title='bbox 1941 1034 2084 1079; x_wconf 85' lang='lat' dir='ltr'><strong>cognita</strong></span> <span class='ocrx_word' id='word_1_719' title='bbox 2116 1043 2155 1069; x_wconf 92' lang='lat' dir='ltr'><strong>se</strong></span> <span class='ocrx_word' id='word_1_720' title='bbox 2176 1042 2271 1078; x_wconf 91' lang='lat' dir='ltr'><strong>poen</strong></span> <span class='ocrx_word' id='word_1_721' title='bbox 2308 1043 2328 1069; x_wconf 90' lang='lat' dir='ltr'><strong>e</strong></span> <span class='ocrx_word' id='word_1_722' title='bbox 2349 1032 2440 1068; x_wconf 89' lang='lat' dir='ltr'><strong>indi-</strong></span> 
     </span>
     <span class='ocr_line' id='line_1_94' title="bbox 1357 1075 2440 1120; baseline 0.002 -9"><span class='ocrx_word' id='word_1_723' title='bbox 1357 1077 1450 1112; x_wconf 93' lang='lat' dir='ltr'><strong>cium</strong></span> <span class='ocrx_word' id='word_1_724' title='bbox 1484 1075 1668 1120; x_wconf 87' lang='lat' dir='ltr'><strong>daturum,</strong></span> <span class='ocrx_word' id='word_1_725' title='bbox 1699 1081 1820 1113; x_wconf 90' lang='lat' dir='ltr'><strong>tamen</strong></span> <span class='ocrx_word' id='word_1_726' title='bbox 1842 1077 1964 1114; x_wconf 87' lang='lat' dir='ltr'><strong>Labeo</strong></span> <span class='ocrx_word' id='word_1_727' title='bbox 1988 1079 2040 1113; x_wconf 89' lang='lat' dir='ltr'><strong>ait</strong></span> <span class='ocrx_word' id='word_1_728' title='bbox 2060 1077 2313 1114; x_wconf 85' lang='lat' dir='ltr'><strong>moderandam</strong></span> <span class='ocrx_word' id='word_1_729' title='bbox 2335 1077 2440 1113; x_wconf 84' lang='lat' dir='ltr'><strong>iuris-</strong></span> 
     </span>
     <span class='ocr_line' id='line_1_95' title="bbox 1357 1121 2442 1168; baseline 0.001 -12"><span class='ocrx_word' id='word_1_730' title='bbox 1357 1121 1565 1157; x_wconf 91' lang='lat' dir='ltr'><strong>dictionem:</strong></span> <span class='ocrx_word' id='word_1_731' title='bbox 1594 1122 1704 1158; x_wconf 89' lang='lat' dir='ltr'><strong>veluti</strong></span> <span class='ocrx_word' id='word_1_732' title='bbox 1734 1123 1765 1158; x_wconf 90' lang='lat' dir='ltr'><strong>si</strong></span> <span class='ocrx_word' id='word_1_733' title='bbox 1795 1124 1977 1168; x_wconf 89' lang='lat' dir='ltr'><strong>paeniteat</strong></span> <span class='ocrx_word' id='word_1_734' title='bbox 2007 1123 2175 1159; x_wconf 90' lang='lat' dir='ltr'><strong>libertum</strong></span> <span class='ocrx_word' id='word_1_735' title='bbox 2207 1126 2243 1158; x_wconf 91' lang='lat' dir='ltr'><strong>et</strong></span> <span class='ocrx_word' id='word_1_736' title='bbox 2265 1123 2442 1158; x_wconf 89' lang='lat' dir='ltr'><strong>actionem</strong></span> 
     </span>
     <span class='ocr_line' id='line_1_96' title="bbox 1355 1166 2442 1212; baseline 0.001 -11"><span class='ocrx_word' id='word_1_737' title='bbox 1355 1166 1531 1201; x_wconf 86' lang='lat' dir='ltr'><strong>remittat:</strong></span> <span class='ocrx_word' id='word_1_738' title='bbox 1553 1167 1608 1202; x_wconf 86' lang='lat' dir='ltr'><strong>vel</strong></span> <span class='ocrx_word' id='word_1_739' title='bbox 1631 1167 1662 1203; x_wconf 91' lang='lat' dir='ltr'><strong>si</strong></span> <span class='ocrx_word' id='word_1_740' title='bbox 1683 1170 1856 1212; x_wconf 89' lang='lat' dir='ltr'><strong>patronus</strong></span> <span class='ocrx_word' id='word_1_741' title='bbox 1878 1172 2027 1204; x_wconf 91' lang='lat' dir='ltr'><strong>vocatus</strong></span> <span class='ocrx_word' id='word_1_742' title='bbox 2051 1178 2124 1204; x_wconf 90' lang='lat' dir='ltr'><strong>non</strong></span> <span class='ocrx_word' id='word_1_743' title='bbox 2145 1167 2299 1203; x_wconf 84' lang='lat' dir='ltr'><strong>venerit:</strong></span> <span class='ocrx_word' id='word_1_744' title='bbox 2324 1171 2389 1203; x_wconf 89' lang='lat' dir='ltr'><strong>aut</strong></span> <span class='ocrx_word' id='word_1_745' title='bbox 2410 1167 2442 1202; x_wconf 89' lang='lat' dir='ltr'><strong>si</strong></span> 
     </span>
     <span class='ocr_line' id='line_1_97' title="bbox 1356 1211 2441 1291; baseline 0.002 -45"><span class='ocrx_word' id='word_1_746' title='bbox 1356 1211 1582 1291; x_wconf 43' lang='lat' dir='ltr'><strong>&amp;ntuli-Vitas</strong></span> <span class='ocrx_word' id='word_1_747' title='bbox 1603 1216 1753 1248; x_wconf 89' lang='lat' dir='ltr'><strong>vocatus</strong></span> <span class='ocrx_word' id='word_1_748' title='bbox 1785 1213 1851 1255; x_wconf 88' lang='lat' dir='ltr'><strong>sit,</strong></span> <span class='ocrx_word' id='word_1_749' title='bbox 1883 1212 1967 1249; x_wconf 90' lang='lat' dir='ltr'><strong>licet</strong></span> <span class='ocrx_word' id='word_1_750' title='bbox 1998 1213 2106 1248; x_wconf 91' lang='lat' dir='ltr'><strong>edicti</strong></span> <span class='ocrx_word' id='word_1_751' title='bbox 2134 1213 2244 1248; x_wconf 89' lang='lat' dir='ltr'><strong>verba</strong></span> <span class='ocrx_word' id='word_1_752' title='bbox 2273 1222 2347 1248; x_wconf 89' lang='lat' dir='ltr'><strong>uon</strong></span> <span class='ocrx_word' id='word_1_753' title='bbox 2376 1222 2441 1258; x_wconf 86' lang='lat' dir='ltr'><strong>pa·</strong></span> 
     </span>
    </p>

    <p class='ocr_par' dir='ltr' id='par_1_15' title="bbox 1385 1266 1502 1291">
     <span class='ocr_line' id='line_1_98' title="bbox 1385 1266 1502 1291; baseline 0 0"><span class='ocrx_word' id='word_1_754' title='bbox 1385 1266 1431 1291; x_wconf 90' lang='lat' dir='ltr'><strong>an</strong></span> <span class='ocrx_word' id='word_1_755' title='bbox 1494 1283 1502 1291; x_wconf 89' lang='lat'><strong>.</strong></span> 
     </span>
    </p>

    <p class='ocr_par' dir='ltr' id='par_1_16' title="bbox 1355 1298 2444 1623">
     <span class='ocr_line' id='line_1_99' title="bbox 1406 1298 2444 1349; baseline -0.001 -12"><span class='ocrx_word' id='word_1_756' title='bbox 1406 1298 1457 1337; x_wconf 89' lang='lat'><strong>12</strong></span> <span class='ocrx_word' id='word_1_757' title='bbox 1488 1300 1683 1337; x_wconf 61' lang='lat' dir='ltr'><strong>Uzmzvos</strong></span> <span class='ocrx_word' id='word_1_758' title='bbox 1722 1301 1813 1338; x_wconf 82' lang='lat' dir='ltr'><strong>libro</strong></span> <span class='ocrx_word' id='word_1_759' title='bbox 1849 1302 2172 1349; x_wconf 77' lang='lat' dir='ltr'><strong>quinquaqensimo</strong></span> <span class='ocrx_word' id='word_1_760' title='bbox 2207 1302 2359 1348; x_wconf 77' lang='lat' dir='ltr'><strong>septimo</strong></span> <span class='ocrx_word' id='word_1_761' title='bbox 2394 1301 2444 1336; x_wconf 83' lang='lat' dir='ltr'><strong>ad</strong></span> 
     </span>
     <span class='ocr_line' id='line_1_100' title="bbox 1357 1345 2442 1391; baseline 0 -10"><span class='ocrx_word' id='word_1_762' title='bbox 1357 1345 1511 1382; x_wconf 79' lang='lat' dir='ltr'><strong>edictum</strong></span> <span class='ocrx_word' id='word_1_763' title='bbox 1546 1345 1583 1381; x_wconf 91' lang='lat' dir='ltr'><strong>Si</strong></span> <span class='ocrx_word' id='word_1_764' title='bbox 1605 1346 1754 1382; x_wconf 88' lang='lat' dir='ltr'><strong>libertus</strong></span> <span class='ocrx_word' id='word_1_765' title='bbox 1776 1346 1813 1382; x_wconf 92' lang='lat' dir='ltr'><strong>in</strong></span> <span class='ocrx_word' id='word_1_766' title='bbox 1835 1347 1891 1382; x_wconf 91' lang='lat' dir='ltr'><strong>ius</strong></span> <span class='ocrx_word' id='word_1_767' title='bbox 1914 1347 2095 1382; x_wconf 87' lang='lat' dir='ltr'><strong>vocaverit</strong></span> <span class='ocrx_word' id='word_1_768' title='bbox 2117 1349 2243 1382; x_wconf 88' lang='lat' dir='ltr'><strong>contra</strong></span> <span class='ocrx_word' id='word_1_769' title='bbox 2265 1346 2442 1391; x_wconf 86' lang='lat' dir='ltr'><strong>praetoris</strong></span> 
     </span>
     <span class='ocr_line' id='line_1_101' title="bbox 1358 1390 2442 1437; baseline 0.001 -12"><span class='ocrx_word' id='word_1_770' title='bbox 1358 1390 1513 1426; x_wconf 90' lang='lat' dir='ltr'><strong>edictum</strong></span> <span class='ocrx_word' id='word_1_771' title='bbox 1535 1390 1646 1426; x_wconf 90' lang='lat' dir='ltr'><strong>filium</strong></span> <span class='ocrx_word' id='word_1_772' title='bbox 1669 1392 1812 1436; x_wconf 89' lang='lat' dir='ltr'><strong>patroni</strong></span> <span class='ocrx_word' id='word_1_773' title='bbox 1842 1391 1919 1435; x_wconf 90' lang='lat' dir='ltr'><strong>sui,</strong></span> <span class='ocrx_word' id='word_1_774' title='bbox 1954 1402 2059 1437; x_wconf 90' lang='lat' dir='ltr'><strong>quem</strong></span> <span class='ocrx_word' id='word_1_775' title='bbox 2093 1391 2169 1437; x_wconf 90' lang='lat' dir='ltr'><strong>ipse</strong></span> <span class='ocrx_word' id='word_1_776' title='bbox 2200 1394 2373 1437; x_wconf 84' lang='lat' dir='ltr'><strong>patronus</strong></span> <span class='ocrx_word' id='word_1_777' title='bbox 2403 1391 2442 1426; x_wconf 93' lang='lat' dir='ltr'><strong>in</strong></span> 
     </span>
     <span class='ocr_line' id='line_1_102' title="bbox 1356 1435 2441 1481; baseline 0 -10"><span class='ocrx_word' id='word_1_778' title='bbox 1356 1438 1534 1480; x_wconf 89' lang='lat' dir='ltr'><strong>potestate</strong></span> <span class='ocrx_word' id='word_1_779' title='bbox 1556 1436 1686 1471; x_wconf 86' lang='lat' dir='ltr'><strong>habet:</strong></span> <span class='ocrx_word' id='word_1_780' title='bbox 1743 1436 1943 1472; x_wconf 89' lang='lat' dir='ltr'><strong>robandum</strong></span> <span class='ocrx_word' id='word_1_781' title='bbox 1975 1440 2030 1472; x_wconf 91' lang='lat' dir='ltr'><strong>est</strong></span> <span class='ocrx_word' id='word_1_782' title='bbox 2060 1436 2208 1471; x_wconf 86' lang='lat' dir='ltr'><strong>absente</strong></span> <span class='ocrx_word' id='word_1_783' title='bbox 2229 1439 2334 1481; x_wconf 89' lang='lat' dir='ltr'><strong>patre</strong></span> <span class='ocrx_word' id='word_1_784' title='bbox 2357 1435 2441 1471; x_wconf 90' lang='lat' dir='ltr'><strong>sub-</strong></span> 
     </span>
     <span class='ocr_line' id='line_1_103' title="bbox 1356 1480 2442 1527; baseline 0.001 -12"><span class='ocrx_word' id='word_1_785' title='bbox 1356 1480 1571 1516; x_wconf 89' lang='lat' dir='ltr'><strong>veniendum</strong></span> <span class='ocrx_word' id='word_1_786' title='bbox 1602 1490 1681 1516; x_wconf 87' lang='lat' dir='ltr'><strong>esse</strong></span> <span class='ocrx_word' id='word_1_787' title='bbox 1754 1481 1785 1517; x_wconf 86' lang='lat' dir='ltr'><strong>&#39;o</strong></span> <span class='ocrx_word' id='word_1_788' title='bbox 1821 1481 1882 1526; x_wconf 87' lang='lat' dir='ltr'><strong>qui</strong></span> <span class='ocrx_word' id='word_1_789' title='bbox 1903 1481 1942 1516; x_wconf 91' lang='lat' dir='ltr'><strong>in</strong></span> <span class='ocrx_word' id='word_1_790' title='bbox 1964 1484 2143 1527; x_wconf 87' lang='lat' dir='ltr'><strong>potestate</strong></span> <span class='ocrx_word' id='word_1_791' title='bbox 2166 1484 2221 1517; x_wconf 90' lang='lat' dir='ltr'><strong>est</strong></span> <span class='ocrx_word' id='word_1_792' title='bbox 2243 1483 2279 1516; x_wconf 91' lang='lat' dir='ltr'><strong>et</strong></span> <span class='ocrx_word' id='word_1_793' title='bbox 2302 1481 2335 1516; x_wconf 88' lang='lat' dir='ltr'><strong>ei</strong></span> <span class='ocrx_word' id='word_1_794' title='bbox 2357 1490 2442 1526; x_wconf 90' lang='lat' dir='ltr'><strong>poe-</strong></span> 
     </span>
     <span class='ocr_line' id='line_1_104' title="bbox 1356 1524 2441 1571; baseline 0.002 -12"><span class='ocrx_word' id='word_1_795' title='bbox 1356 1525 1472 1560; x_wconf 84' lang='lat' dir='ltr'><strong>nalem</strong></span> <span class='ocrx_word' id='word_1_796' title='bbox 1494 1524 1533 1559; x_wconf 90' lang='lat' dir='ltr'><strong>in</strong></span> <span class='ocrx_word' id='word_1_797' title='bbox 1554 1524 1691 1560; x_wconf 91' lang='lat' dir='ltr'><strong>factum</strong></span> <span class='ocrx_word' id='word_1_798' title='bbox 1715 1526 1901 1568; x_wconf 87' lang='lat' dir='ltr'><strong>actionem,</strong></span> <span class='ocrx_word' id='word_1_799' title='bbox 1923 1526 1961 1561; x_wconf 90' lang='lat' dir='ltr'><strong>id</strong></span> <span class='ocrx_word' id='word_1_800' title='bbox 1984 1529 2038 1561; x_wconf 89' lang='lat' dir='ltr'><strong>est</strong></span> <span class='ocrx_word' id='word_1_801' title='bbox 2049 1526 2304 1571; x_wconf 88' lang='lat' dir='ltr'><strong>quinquaginta</strong></span> <span class='ocrx_word' id='word_1_802' title='bbox 2315 1535 2441 1561; x_wconf 89' lang='lat' dir='ltr'><strong>aureo-</strong></span> 
     </span>
     <span class='ocr_line' id='line_1_105' title="bbox 1355 1569 2069 1623; baseline 0.003 -19"><span class='ocrx_word' id='word_1_803' title='bbox 1355 1579 1434 1604; x_wconf 91' lang='lat' dir='ltr'><strong>rum</strong></span> <span class='ocrx_word' id='word_1_804' title='bbox 1471 1569 1640 1606; x_wconf 78' lang='lat' dir='ltr'><strong>adversus</strong></span> <span class='ocrx_word' id='word_1_805' title='bbox 1663 1570 1832 1606; x_wconf 91' lang='lat' dir='ltr'><strong>libertum</strong></span> <span class='ocrx_word' id='word_1_806' title='bbox 1858 1574 2069 1623; x_wconf 83' lang='lat' dir='ltr'><strong>competere.</strong></span> 
     </span>
    </p>

    <p class='ocr_par' dir='ltr' id='par_1_17' title="bbox 1356 1595 2443 1750">
     <span class='ocr_line' id='line_1_106' title="bbox 1405 1595 2442 1667; baseline -0.001 -16"><span class='ocrx_word' id='word_1_807' title='bbox 1405 1595 1454 1651; x_wconf 63' lang='lat'><strong>13</strong></span> <span class='ocrx_word' id='word_1_808' title='bbox 1479 1613 1734 1650; x_wconf 65' lang='lat' dir='ltr'><strong>Monsssrmvs</strong></span> <span class='ocrx_word' id='word_1_809' title='bbox 1754 1615 1845 1652; x_wconf 80' lang='lat' dir='ltr'><strong>libro</strong></span> <span class='ocrx_word' id='word_1_810' title='bbox 1869 1615 2005 1667; x_wconf 68' lang='lat' dir='ltr'><strong>decemo</strong></span> <span class='ocrx_word' id='word_1_811' title='bbox 2022 1615 2290 1662; x_wconf 82' lang='lat' dir='ltr'><strong>pandectarum</strong></span> <span class='ocrx_word' id='word_1_812' title='bbox 2327 1614 2442 1650; x_wconf 86' lang='lat' dir='ltr'><strong>Gene-</strong></span> 
     </span>
     <span class='ocr_line' id='line_1_107' title="bbox 1356 1659 2443 1706; baseline 0.002 -13"><span class='ocrx_word' id='word_1_813' title='bbox 1356 1659 1480 1694; x_wconf 89' lang='lat' dir='ltr'><strong>rahter</strong></span> <span class='ocrx_word' id='word_1_814' title='bbox 1512 1669 1573 1694; x_wconf 89' lang='lat' dir='ltr'><strong>eas</strong></span> <span class='ocrx_word' id='word_1_815' title='bbox 1603 1669 1795 1705; x_wconf 88' lang='lat' dir='ltr'><strong>personas,</strong></span> <span class='ocrx_word' id='word_1_816' title='bbox 1831 1660 1959 1706; x_wconf 79' lang='lat' dir='ltr'><strong>quibus</strong></span> <span class='ocrx_word' id='word_1_817' title='bbox 1994 1661 2192 1696; x_wconf 86' lang='lat' dir='ltr'><strong>reverentia</strong></span> <span class='ocrx_word' id='word_1_818' title='bbox 2227 1659 2443 1705; x_wconf 87' lang='lat' dir='ltr'><strong>praestanda</strong></span> 
     </span>
     <span class='ocr_line' id='line_1_108' title="bbox 1356 1704 2441 1750; baseline 0.001 -12"><span class='ocrx_word' id='word_1_819' title='bbox 1356 1707 1421 1746; x_wconf 91' lang='lat' dir='ltr'><strong>est,</strong></span> <span class='ocrx_word' id='word_1_820' title='bbox 1446 1704 1523 1739; x_wconf 90' lang='lat' dir='ltr'><strong>sine</strong></span> <span class='ocrx_word' id='word_1_821' title='bbox 1544 1704 1646 1739; x_wconf 91' lang='lat' dir='ltr'><strong>iussu</strong></span> <span class='ocrx_word' id='word_1_822' title='bbox 1667 1705 1841 1749; x_wconf 88' lang='lat' dir='ltr'><strong>praetoris</strong></span> <span class='ocrx_word' id='word_1_823' title='bbox 1863 1705 1902 1740; x_wconf 89' lang='lat' dir='ltr'><strong>in</strong></span> <span class='ocrx_word' id='word_1_824' title='bbox 1923 1705 1979 1741; x_wconf 90' lang='lat' dir='ltr'><strong>ius</strong></span> <span class='ocrx_word' id='word_1_825' title='bbox 2001 1715 2132 1741; x_wconf 89' lang='lat' dir='ltr'><strong>vocare</strong></span> <span class='ocrx_word' id='word_1_826' title='bbox 2147 1716 2219 1741; x_wconf 91' lang='lat' dir='ltr'><strong>non</strong></span> <span class='ocrx_word' id='word_1_827' title='bbox 2238 1714 2441 1750; x_wconf 87' lang='lat' dir='ltr'><strong>possumus.</strong></span> 
     </span>
    </p>

    <p class='ocr_par' dir='ltr' id='par_1_18' title="bbox 1355 1747 2444 1963">
     <span class='ocr_line' id='line_1_109' title="bbox 1406 1747 2441 1803; baseline -0.001 -18"><span class='ocrx_word' id='word_1_828' title='bbox 1406 1747 1457 1785; x_wconf 87' lang='lat'><strong>14</strong></span> <span class='ocrx_word' id='word_1_829' title='bbox 1480 1748 1728 1785; x_wconf 67' lang='lat' dir='ltr'><em>PAFJNIANUS</em></span> <span class='ocrx_word' id='word_1_830' title='bbox 1756 1750 1848 1785; x_wconf 79' lang='lat' dir='ltr'><strong>libro</strong></span> <span class='ocrx_word' id='word_1_831' title='bbox 1865 1751 1991 1803; x_wconf 80' lang='lat' dir='ltr'><strong>primo</strong></span> <span class='ocrx_word' id='word_1_832' title='bbox 2013 1760 2270 1803; x_wconf 78' lang='lat' dir='ltr'><strong>responsorum</strong></span> <span class='ocrx_word' id='word_1_833' title='bbox 2315 1749 2441 1785; x_wconf 90' lang='lat' dir='ltr'><strong>Liber·</strong></span> 
     </span>
     <span class='ocr_line' id='line_1_110' title="bbox 1356 1793 2442 1840; baseline 0.001 -12"><span class='ocrx_word' id='word_1_834' title='bbox 1356 1797 1415 1828; x_wconf 90' lang='lat' dir='ltr'><strong>tus</strong></span> <span class='ocrx_word' id='word_1_835' title='bbox 1440 1803 1462 1828; x_wconf 91' lang='lat' dir='ltr'><strong>a</strong></span> <span class='ocrx_word' id='word_1_836' title='bbox 1484 1796 1637 1838; x_wconf 90' lang='lat' dir='ltr'><strong>patrono</strong></span> <span class='ocrx_word' id='word_1_837' title='bbox 1660 1804 1743 1829; x_wconf 89' lang='lat' dir='ltr'><strong>reus</strong></span> <span class='ocrx_word' id='word_1_838' title='bbox 1768 1798 1993 1838; x_wconf 69' lang='lat' dir='ltr'><strong>consumtus,</strong></span> <span class='ocrx_word' id='word_1_839' title='bbox 2018 1806 2080 1840; x_wconf 86' lang='lat' dir='ltr'><strong>qm</strong></span> <span class='ocrx_word' id='word_1_840' title='bbox 2102 1805 2142 1830; x_wconf 90' lang='lat' dir='ltr'><strong>se</strong></span> <span class='ocrx_word' id='word_1_841' title='bbox 2165 1793 2355 1830; x_wconf 86' lang='lat' dir='ltr'><strong>defendere</strong></span> <span class='ocrx_word' id='word_1_842' title='bbox 2377 1804 2442 1839; x_wconf 92' lang='lat' dir='ltr'><strong>pa·</strong></span> 
     </span>
     <span class='ocr_line' id='line_1_111' title="bbox 1355 1838 2444 1884; baseline 0.002 -12"><span class='ocrx_word' id='word_1_843' title='bbox 1355 1841 1455 1873; x_wconf 88' lang='lat' dir='ltr'><strong>ratus</strong></span> <span class='ocrx_word' id='word_1_844' title='bbox 1511 1848 1551 1873; x_wconf 93' lang='lat' dir='ltr'><strong>ro</strong></span> <span class='ocrx_word' id='word_1_845' title='bbox 1582 1838 1753 1874; x_wconf 85' lang='lat' dir='ltr'><strong>tribunali</strong></span> <span class='ocrx_word' id='word_1_846' title='bbox 1783 1839 1984 1884; x_wconf 88' lang='lat' dir='ltr'><strong>praesidem</strong></span> <span class='ocrx_word' id='word_1_847' title='bbox 2014 1839 2218 1884; x_wconf 89' lang='lat' dir='ltr'><strong>provinciae</strong></span> <span class='ocrx_word' id='word_1_848' title='bbox 2239 1838 2444 1884; x_wconf 85' lang='lat' dir='ltr'><strong>frequenter</strong></span> 
     </span>
     <span class='ocr_line' id='line_1_112' title="bbox 1355 1883 2444 1928; baseline 0.002 -11"><span class='ocrx_word' id='word_1_849' title='bbox 1355 1883 1492 1927; x_wconf 92' lang='lat' dir='ltr'><strong>interpe</strong></span> <span class='ocrx_word' id='word_1_850' title='bbox 1519 1886 1567 1925; x_wconf 87' lang='lat' dir='ltr'><strong>at,</strong></span> <span class='ocrx_word' id='word_1_851' title='bbox 1591 1887 1782 1928; x_wconf 88' lang='lat' dir='ltr'><strong>patronum</strong></span> <span class='ocrx_word' id='word_1_852' title='bbox 1806 1887 2052 1921; x_wconf 87' lang='lat' dir='ltr'><strong>accusatorem</strong></span> <span class='ocrx_word' id='word_1_853' title='bbox 2074 1884 2112 1919; x_wconf 90' lang='lat' dir='ltr'><strong>in</strong></span> <span class='ocrx_word' id='word_1_854' title='bbox 2134 1884 2190 1919; x_wconf 90' lang='lat' dir='ltr'><strong>ius</strong></span> <span class='ocrx_word' id='word_1_855' title='bbox 2213 1894 2287 1919; x_wconf 91' lang='lat' dir='ltr'><strong>non</strong></span> <span class='ocrx_word' id='word_1_856' title='bbox 2304 1883 2444 1919; x_wconf 85' lang='lat' dir='ltr'><strong>videtur</strong></span> 
     </span>
     <span class='ocr_line' id='line_1_113' title="bbox 1355 1938 1495 1963; baseline 0 0"><span class='ocrx_word' id='word_1_857' title='bbox 1355 1938 1495 1963; x_wconf 87' lang='lat' dir='ltr'><strong>vocare.</strong></span> 
     </span>
    </p>

    <p class='ocr_par' dir='ltr' id='par_1_19' title="bbox 1354 1971 2443 2288">
     <span class='ocr_line' id='line_1_114' title="bbox 1404 1971 2441 2009; baseline -0.001 0"><span class='ocrx_word' id='word_1_858' title='bbox 1404 1971 1455 2009; x_wconf 90' lang='lat'><strong>15</strong></span> <span class='ocrx_word' id='word_1_859' title='bbox 1479 1972 1639 2008; x_wconf 56' lang='lat' dir='ltr'><strong>Pavws</strong></span> <span class='ocrx_word' id='word_1_860' title='bbox 1658 1973 1749 2009; x_wconf 81' lang='lat' dir='ltr'><strong>libro</strong></span> <span class='ocrx_word' id='word_1_861' title='bbox 1800 1975 1891 2009; x_wconf 81' lang='lat' dir='ltr'><strong>rimo</strong></span> <span class='ocrx_word' id='word_1_862' title='bbox 1939 1973 2164 2008; x_wconf 81' lang='lat' dir='ltr'><strong>uaestiouum</strong></span> <span class='ocrx_word' id='word_1_863' title='bbox 2197 1972 2366 2008; x_wconf 89' lang='lat' dir='ltr'><strong>Libertus</strong></span> <span class='ocrx_word' id='word_1_864' title='bbox 2378 1972 2441 2008; x_wconf 90' lang='lat' dir='ltr'><strong>ad-</strong></span> 
     </span>
     <span class='ocr_line' id='line_1_115' title="bbox 1354 2017 2443 2062; baseline 0.001 -10"><span class='ocrx_word' id='word_1_865' title='bbox 1354 2027 1478 2053; x_wconf 89' lang='lat' dir='ltr'><strong>versus</strong></span> <span class='ocrx_word' id='word_1_866' title='bbox 1510 2021 1701 2062; x_wconf 89' lang='lat' dir='ltr'><strong>patronum</strong></span> <span class='ocrx_word' id='word_1_867' title='bbox 1724 2018 1768 2054; x_wconf 89' lang='lat' dir='ltr'><strong>de</strong></span> <span class='ocrx_word' id='word_1_868' title='bbox 1795 2019 1822 2054; x_wconf 86' lang='lat' dir='ltr'><strong>&#39;t</strong></span> <span class='ocrx_word' id='word_1_869' title='bbox 1843 2019 1892 2054; x_wconf 92' lang='lat' dir='ltr'><strong>lib</strong></span> <span class='ocrx_word' id='word_1_870' title='bbox 1941 2029 2001 2053; x_wconf 93' lang='lat' dir='ltr'><strong>um</strong></span> <span class='ocrx_word' id='word_1_871' title='bbox 2024 2028 2098 2053; x_wconf 92' lang='lat' dir='ltr'><strong>non</strong></span> <span class='ocrx_word' id='word_1_872' title='bbox 2120 2017 2340 2053; x_wconf 89' lang='lat' dir='ltr'><strong>dissimulato</strong></span> <span class='ocrx_word' id='word_1_873' title='bbox 2353 2019 2380 2039; x_wconf 88' lang='lat'><strong>¹¹</strong></span> <span class='ocrx_word' id='word_1_874' title='bbox 2404 2028 2443 2054; x_wconf 89' lang='lat' dir='ltr'><strong>se</strong></span> 
     </span>
     <span class='ocr_line' id='line_1_116' title="bbox 1354 2062 2441 2099; baseline 0.001 -2"><span class='ocrx_word' id='word_1_875' title='bbox 1354 2063 1522 2098; x_wconf 89' lang='lat' dir='ltr'><strong>libertum</strong></span> <span class='ocrx_word' id='word_1_876' title='bbox 1554 2072 1632 2098; x_wconf 90' lang='lat' dir='ltr'><strong>esse</strong></span> <span class='ocrx_word' id='word_1_877' title='bbox 1663 2063 1757 2099; x_wconf 78' lang='lat' dir='ltr'><strong>eius:</strong></span> <span class='ocrx_word' id='word_1_878' title='bbox 1790 2074 1837 2099; x_wconf 89' lang='lat' dir='ltr'><strong>an</strong></span> <span class='ocrx_word' id='word_1_879' title='bbox 1860 2064 1891 2099; x_wconf 91' lang='lat' dir='ltr'><strong>si</strong></span> <span class='ocrx_word' id='word_1_880' title='bbox 1913 2063 1959 2099; x_wconf 90' lang='lat' dir='ltr'><strong>ad</strong></span> <span class='ocrx_word' id='word_1_881' title='bbox 1982 2062 2194 2099; x_wconf 88' lang='lat' dir='ltr'><strong>desiderium</strong></span> <span class='ocrx_word' id='word_1_882' title='bbox 2217 2062 2292 2098; x_wconf 91' lang='lat' dir='ltr'><strong>eius</strong></span> <span class='ocrx_word' id='word_1_883' title='bbox 2314 2063 2441 2098; x_wconf 92' lang='lat' dir='ltr'><strong>rescri-</strong></span> 
     </span>
     <span class='ocr_line' id='line_1_117' title="bbox 1355 2107 1737 2149; baseline 0.003 -7"><span class='ocrx_word' id='word_1_884' title='bbox 1355 2108 1474 2149; x_wconf 90' lang='lat' dir='ltr'><strong>batur,</strong></span> <span class='ocrx_word' id='word_1_885' title='bbox 1499 2107 1607 2143; x_wconf 90' lang='lat' dir='ltr'><strong>etiam</strong></span> <span class='ocrx_word' id='word_1_886' title='bbox 1630 2107 1737 2144; x_wconf 90' lang='lat' dir='ltr'><strong>edicti</strong></span> 
     </span>
     <span class='ocr_line' id='line_1_118' title="bbox 1355 2152 1761 2198; baseline 0.005 -11"><span class='ocrx_word' id='word_1_887' title='bbox 1355 2152 1483 2197; x_wconf 89' lang='lat' dir='ltr'><strong>spondi</strong></span> <span class='ocrx_word' id='word_1_888' title='bbox 1515 2163 1589 2188; x_wconf 92' lang='lat' dir='ltr'><strong>non</strong></span> <span class='ocrx_word' id='word_1_889' title='bbox 1619 2156 1707 2198; x_wconf 89' lang='lat' dir='ltr'><strong>puto</strong></span> <span class='ocrx_word' id='word_1_890' title='bbox 1739 2163 1761 2189; x_wconf 92' lang='lat' dir='ltr'><strong>a</strong></span> 
     </span>
     <span class='ocr_line' id='line_1_119' title="bbox 1355 2197 2442 2244; baseline 0.001 -13"><span class='ocrx_word' id='word_1_891' title='bbox 1355 2197 1541 2242; x_wconf 87' lang='lat' dir='ltr'><strong>pertinere.</strong></span> <span class='ocrx_word' id='word_1_892' title='bbox 1574 2207 1691 2243; x_wconf 92' lang='lat' dir='ltr'><strong>neque</strong></span> <span class='ocrx_word' id='word_1_893' title='bbox 1714 2198 1807 2233; x_wconf 91' lang='lat' dir='ltr'><strong>enim</strong></span> <span class='ocrx_word' id='word_1_894' title='bbox 1830 2198 1891 2244; x_wconf 89' lang='lat' dir='ltr'><strong>qui</strong></span> <span class='ocrx_word' id='word_1_895' title='bbox 1913 2198 2070 2233; x_wconf 86' lang='lat' dir='ltr'><strong>libellum</strong></span> <span class='ocrx_word' id='word_1_896' title='bbox 2117 2197 2244 2243; x_wconf 89' lang='lat' dir='ltr'><strong>rincipi</strong></span> <span class='ocrx_word' id='word_1_897' title='bbox 2265 2198 2320 2233; x_wconf 84' lang='lat' dir='ltr'><strong>vel</strong></span> <span class='ocrx_word' id='word_1_898' title='bbox 2338 2207 2442 2242; x_wconf 91' lang='lat' dir='ltr'><strong>prae-</strong></span> 
     </span>
     <span class='ocr_line' id='line_1_120' title="bbox 1355 2241 2201 2288; baseline 0.001 -12"><span class='ocrx_word' id='word_1_899' title='bbox 1355 2241 1423 2276; x_wconf 90' lang='lat' dir='ltr'><strong>sidi</strong></span> <span class='ocrx_word' id='word_1_900' title='bbox 1446 2241 1520 2285; x_wconf 90' lang='lat' dir='ltr'><strong>dat,</strong></span> <span class='ocrx_word' id='word_1_901' title='bbox 1543 2242 1581 2277; x_wconf 93' lang='lat' dir='ltr'><strong>in</strong></span> <span class='ocrx_word' id='word_1_902' title='bbox 1603 2242 1660 2278; x_wconf 89' lang='lat' dir='ltr'><strong>ius</strong></span> <span class='ocrx_word' id='word_1_903' title='bbox 1683 2253 1813 2278; x_wconf 86' lang='lat' dir='ltr'><strong>vocare</strong></span> <span class='ocrx_word' id='word_1_904' title='bbox 1835 2246 2027 2288; x_wconf 89' lang='lat' dir='ltr'><strong>patronum</strong></span> <span class='ocrx_word' id='word_1_905' title='bbox 2048 2242 2083 2277; x_wconf 93' lang='lat' dir='ltr'><strong>vi</strong></span> <span class='ocrx_word' id='word_1_906' title='bbox 2109 2244 2201 2277; x_wconf 91' lang='lat' dir='ltr'><strong>etur.</strong></span> 
     </span>
    </p>

    <p class='ocr_par' dir='ltr' id='par_1_20' title="bbox 1354 2283 2444 2511">
     <span class='ocr_line' id='line_1_121' title="bbox 1404 2283 2444 2333; baseline -0.001 -10"><span class='ocrx_word' id='word_1_907' title='bbox 1404 2283 1454 2323; x_wconf 88' lang='grc'><strong>16</strong></span> <span class='ocrx_word' id='word_1_908' title='bbox 1478 2285 1589 2322; x_wconf 69' lang='lat' dir='ltr'><strong>low</strong></span> <span class='ocrx_word' id='word_1_909' title='bbox 1617 2286 1708 2323; x_wconf 82' lang='lat' dir='ltr'><strong>libro</strong></span> <span class='ocrx_word' id='word_1_910' title='bbox 1743 2287 1901 2323; x_wconf 81' lang='lat' dir='ltr'><strong>secundo</strong></span> <span class='ocrx_word' id='word_1_911' title='bbox 1932 2296 2188 2333; x_wconf 80' lang='lat' dir='ltr'><strong>responsorum</strong></span> <span class='ocrx_word' id='word_1_912' title='bbox 2235 2285 2444 2330; x_wconf 79' lang='lat' dir='ltr'><strong>Quaesitum</strong></span> 
     </span>
     <span class='ocr_line' id='line_1_122' title="bbox 1356 2331 2444 2377; baseline 0.001 -11"><span class='ocrx_word' id='word_1_913' title='bbox 1356 2334 1429 2373; x_wconf 89' lang='lat' dir='ltr'><strong>est,</strong></span> <span class='ocrx_word' id='word_1_914' title='bbox 1464 2341 1512 2366; x_wconf 87' lang='lat' dir='ltr'><strong>an</strong></span> <span class='ocrx_word' id='word_1_915' title='bbox 1544 2334 1645 2367; x_wconf 90' lang='lat' dir='ltr'><strong>tutor</strong></span> <span class='ocrx_word' id='word_1_916' title='bbox 1677 2332 1803 2377; x_wconf 91' lang='lat' dir='ltr'><strong>pupilli</strong></span> <span class='ocrx_word' id='word_1_917' title='bbox 1836 2332 1979 2367; x_wconf 87' lang='lat' dir='ltr'><strong>nomine</strong></span> <span class='ocrx_word' id='word_1_918' title='bbox 2011 2334 2200 2376; x_wconf 89' lang='lat' dir='ltr'><strong>patronam</strong></span> <span class='ocrx_word' id='word_1_919' title='bbox 2233 2340 2335 2366; x_wconf 90' lang='lat' dir='ltr'><strong>suam</strong></span> <span class='ocrx_word' id='word_1_920' title='bbox 2367 2331 2444 2367; x_wconf 88' lang='lat' dir='ltr'><strong>sine</strong></span> 
     </span>
     <span class='ocr_line' id='line_1_123' title="bbox 1355 2374 2443 2422; baseline 0.001 -11"><span class='ocrx_word' id='word_1_921' title='bbox 1355 2374 1530 2421; x_wconf 83' lang='lat' dir='ltr'><strong>permissu</strong></span> <span class='ocrx_word' id='word_1_922' title='bbox 1553 2377 1728 2421; x_wconf 87' lang='lat' dir='ltr'><strong>praetoris</strong></span> <span class='ocrx_word' id='word_1_923' title='bbox 1750 2386 1880 2412; x_wconf 87' lang='lat' dir='ltr'><strong>vocare</strong></span> <span class='ocrx_word' id='word_1_924' title='bbox 1902 2376 2027 2422; x_wconf 73' lang='lat' dir='ltr'><strong>possit,</strong></span> <span class='ocrx_word' id='word_1_925' title='bbox 2074 2374 2244 2421; x_wconf 90' lang='lat' dir='ltr'><strong>respondi</strong></span> <span class='ocrx_word' id='word_1_926' title='bbox 2267 2385 2366 2418; x_wconf 91' lang='lat' dir='ltr'><strong>eum,</strong></span> <span class='ocrx_word' id='word_1_927' title='bbox 2399 2375 2443 2412; x_wconf 87' lang='lat' dir='ltr'><strong>de</strong></span> 
     </span>
     <span class='ocr_line' id='line_1_124' title="bbox 1356 2420 2443 2466; baseline 0 -10"><span class='ocrx_word' id='word_1_928' title='bbox 1356 2431 1426 2466; x_wconf 92' lang='lat' dir='ltr'><strong>quo</strong></span> <span class='ocrx_word' id='word_1_929' title='bbox 1463 2421 1664 2466; x_wconf 86' lang='lat' dir='ltr'><strong>quaeritur,</strong></span> <span class='ocrx_word' id='word_1_930' title='bbox 1696 2421 1823 2466; x_wconf 90' lang='lat' dir='ltr'><strong>pupilli</strong></span> <span class='ocrx_word' id='word_1_931' title='bbox 1852 2421 1995 2457; x_wconf 87' lang='lat' dir='ltr'><strong>nomine</strong></span> <span class='ocrx_word' id='word_1_932' title='bbox 2031 2420 2138 2456; x_wconf 87' lang='lat' dir='ltr'><strong>etiam</strong></span> <span class='ocrx_word' id='word_1_933' title='bbox 2168 2420 2206 2455; x_wconf 91' lang='lat' dir='ltr'><strong>in</strong></span> <span class='ocrx_word' id='word_1_934' title='bbox 2234 2420 2291 2456; x_wconf 91' lang='lat' dir='ltr'><strong>ius</strong></span> <span class='ocrx_word' id='word_1_935' title='bbox 2314 2430 2443 2456; x_wconf 87' lang='lat' dir='ltr'><strong>vocare</strong></span> 
     </span>
     <span class='ocr_line' id='line_1_125' title="bbox 1354 2465 2360 2511; baseline 0 -11"><span class='ocrx_word' id='word_1_936' title='bbox 1354 2468 1544 2510; x_wconf 87' lang='lat' dir='ltr'><strong>patronam</strong></span> <span class='ocrx_word' id='word_1_937' title='bbox 1566 2475 1668 2501; x_wconf 91' lang='lat' dir='ltr'><strong>suam</strong></span> <span class='ocrx_word' id='word_1_938' title='bbox 1691 2466 1852 2511; x_wconf 87' lang='lat' dir='ltr'><strong>potuisse</strong></span> <span class='ocrx_word' id='word_1_939' title='bbox 1875 2466 1951 2502; x_wconf 92' lang='lat' dir='ltr'><strong>sine</strong></span> <span class='ocrx_word' id='word_1_940' title='bbox 1974 2465 2151 2511; x_wconf 88' lang='lat' dir='ltr'><strong>permissu</strong></span> <span class='ocrx_word' id='word_1_941' title='bbox 2198 2465 2360 2501; x_wconf 86' lang='lat' dir='ltr'><strong>raetoris.</strong></span> 
     </span>
    </p>

    <p class='ocr_par' dir='ltr' id='par_1_21' title="bbox 1355 2476 2442 2698">
     <span class='ocr_line' id='line_1_126' title="bbox 1403 2476 2441 2558; baseline -0.002 -11"><span class='ocrx_word' id='word_1_942' title='bbox 1403 2507 1454 2547; x_wconf 93' lang='lat'><strong>17</strong></span> <span class='ocrx_word' id='word_1_943' title='bbox 1478 2509 1588 2546; x_wconf 68' lang='lat' dir='ltr'><strong>[mu</strong></span> <span class='ocrx_word' id='word_1_944' title='bbox 1605 2511 1697 2547; x_wconf 77' lang='lat' dir='ltr'><strong>libro</strong></span> <span class='ocrx_word' id='word_1_945' title='bbox 1714 2512 1838 2558; x_wconf 78' lang='lat' dir='ltr'><strong>primo</strong></span> <span class='ocrx_word' id='word_1_946' title='bbox 1861 2511 2118 2546; x_wconf 82' lang='lat' dir='ltr'><strong>sententiarum</strong></span> <span class='ocrx_word' id='word_1_947' title='bbox 2151 2476 2257 2553; x_wconf 65' lang='lat' dir='ltr'><strong>Epum,</strong></span> <span class='ocrx_word' id='word_1_948' title='bbox 2280 2521 2345 2555; x_wconf 93' lang='lat' dir='ltr'><strong>pro</strong></span> <span class='ocrx_word' id='word_1_949' title='bbox 2370 2520 2441 2555; x_wconf 91' lang='lat' dir='ltr'><strong>quo</strong></span> 
     </span>
     <span class='ocr_line' id='line_1_127' title="bbox 1355 2555 2442 2601; baseline -0.001 -10"><span class='ocrx_word' id='word_1_950' title='bbox 1355 2555 1434 2600; x_wconf 88' lang='lat' dir='ltr'><strong>quis</strong></span> <span class='ocrx_word' id='word_1_951' title='bbox 1457 2555 1554 2601; x_wconf 87' lang='lat' dir='ltr'><strong>apud</strong></span> <span class='ocrx_word' id='word_1_952' title='bbox 1577 2555 1735 2591; x_wconf 87' lang='lat' dir='ltr'><strong>officium</strong></span> <span class='ocrx_word' id='word_1_953' title='bbox 1759 2556 1861 2598; x_wconf 86' lang='lat' dir='ltr'><strong>cavit,</strong></span> <span class='ocrx_word' id='word_1_954' title='bbox 1887 2555 2053 2591; x_wconf 82' lang='lat' dir='ltr'><strong>exhibere</strong></span> <span class='ocrx_word' id='word_1_955' title='bbox 2076 2555 2223 2600; x_wconf 89' lang='lat' dir='ltr'><strong>cogitur.</strong></span> <span class='ocrx_word' id='word_1_956' title='bbox 2254 2555 2338 2590; x_wconf 89' lang='lat' dir='ltr'><strong>item</strong></span> <span class='ocrx_word' id='word_1_957' title='bbox 2362 2565 2442 2590; x_wconf 89' lang='lat' dir='ltr'><strong>eum</strong></span> 
     </span>
     <span class='ocr_line' id='line_1_128' title="bbox 1355 2599 2441 2645; baseline 0 -10"><span class='ocrx_word' id='word_1_958' title='bbox 1355 2600 1415 2645; x_wconf 88' lang='lat' dir='ltr'><strong>qui</strong></span> <span class='ocrx_word' id='word_1_959' title='bbox 1430 2600 1458 2621; x_wconf 82' lang='lat'><strong>¹²</strong></span> <span class='ocrx_word' id='word_1_960' title='bbox 1489 2610 1511 2634; x_wconf 91' lang='lat' dir='ltr'><strong>a</strong></span> <span class='ocrx_word' id='word_1_961' title='bbox 1536 2600 1587 2636; x_wconf 91' lang='lat' dir='ltr'><strong>ud</strong></span> <span class='ocrx_word' id='word_1_962' title='bbox 1609 2605 1693 2636; x_wconf 91' lang='lat' dir='ltr'><strong>acta</strong></span> <span class='ocrx_word' id='word_1_963' title='bbox 1717 2601 1955 2636; x_wconf 86' lang='lat' dir='ltr'><strong>exhibiturum</strong></span> <span class='ocrx_word' id='word_1_964' title='bbox 1978 2610 2017 2636; x_wconf 90' lang='lat' dir='ltr'><strong>se</strong></span> <span class='ocrx_word' id='word_1_965' title='bbox 2041 2610 2119 2635; x_wconf 89' lang='lat' dir='ltr'><strong>esse</strong></span> <span class='ocrx_word' id='word_1_966' title='bbox 2142 2609 2246 2644; x_wconf 89' lang='lat' dir='ltr'><strong>quem</strong></span> <span class='ocrx_word' id='word_1_967' title='bbox 2268 2599 2441 2645; x_wconf 85' lang='lat' dir='ltr'><strong>promisit,</strong></span> 
     </span>
     <span class='ocr_line' id='line_1_129' title="bbox 1356 2644 2439 2698; baseline 0 -18"><span class='ocrx_word' id='word_1_968' title='bbox 1356 2648 1391 2698; x_wconf 78' lang='lat' dir='ltr'><strong>et</strong></span> <span class='ocrx_word' id='word_1_969' title='bbox 1414 2645 1446 2681; x_wconf 91' lang='lat' dir='ltr'><strong>si</strong></span> <span class='ocrx_word' id='word_1_970' title='bbox 1469 2655 1490 2680; x_wconf 92' lang='lat' dir='ltr'><strong>o</strong></span> <span class='ocrx_word' id='word_1_971' title='bbox 1534 2645 1588 2681; x_wconf 93' lang='lat' dir='ltr'><strong>cio</strong></span> <span class='ocrx_word' id='word_1_972' title='bbox 1612 2656 1684 2682; x_wconf 90' lang='lat' dir='ltr'><strong>non</strong></span> <span class='ocrx_word' id='word_1_973' title='bbox 1716 2649 1860 2688; x_wconf 86' lang='lat' dir='ltr'><strong>caveat,</strong></span> <span class='ocrx_word' id='word_1_974' title='bbox 1896 2645 1943 2681; x_wconf 92' lang='lat' dir='ltr'><strong>ad</strong></span> <span class='ocrx_word' id='word_1_975' title='bbox 1966 2644 2203 2680; x_wconf 76' lang='lat' dir='ltr'><strong>exhibendum</strong></span> <span class='ocrx_word' id='word_1_976' title='bbox 2226 2647 2346 2680; x_wconf 90' lang='lat' dir='ltr'><strong>tamen</strong></span> <span class='ocrx_word' id='word_1_977' title='bbox 2379 2655 2439 2680; x_wconf 91' lang='lat' dir='ltr'><strong>co-</strong></span> 
     </span>
    </p>

    <p class='ocr_par' dir='ltr' id='par_1_22' title="bbox 1352 2693 2497 2957">
     <span class='ocr_line' id='line_1_130' title="bbox 1389 2693 1459 2725; baseline 0.014 -1"><span class='ocrx_word' id='word_1_978' title='bbox 1389 2693 1459 2725; x_wconf 89' lang='lat' dir='ltr'><strong>tur.</strong></span> 
     </span>
     <span class='ocr_line' id='line_1_131' title="bbox 1353 2701 2439 2782; baseline -0.005 -9"><span class='ocrx_word' id='word_1_979' title='bbox 1353 2701 1389 2735; x_wconf 60' lang='lat' dir='ltr'><strong>gl</strong></span> <span class='ocrx_word' id='word_1_980' title='bbox 1403 2731 1454 2773; x_wconf 87' lang='lat'><strong>18</strong></span> <span class='ocrx_word' id='word_1_981' title='bbox 1482 2734 1606 2771; x_wconf 60' lang='lat' dir='ltr'><strong>Gaws</strong></span> <span class='ocrx_word' id='word_1_982' title='bbox 1625 2734 1717 2771; x_wconf 81' lang='lat' dir='ltr'><strong>libro</strong></span> <span class='ocrx_word' id='word_1_983' title='bbox 1734 2735 1859 2782; x_wconf 78' lang='lat' dir='ltr'><strong>primo</strong></span> <span class='ocrx_word' id='word_1_984' title='bbox 1883 2733 1933 2770; x_wconf 85' lang='lat' dir='ltr'><strong>ad</strong></span> <span class='ocrx_word' id='word_1_985' title='bbox 1954 2733 1987 2769; x_wconf 86' lang='lat' dir='ltr'><strong>le</strong></span> <span class='ocrx_word' id='word_1_986' title='bbox 2012 2744 2067 2768; x_wconf 84' lang='lat' dir='ltr'><strong>em</strong></span> <span class='ocrx_word' id='word_1_987' title='bbox 2090 2733 2278 2769; x_wconf 78' lang='lat' dir='ltr'><strong>duodecim</strong></span> <span class='ocrx_word' id='word_1_988' title='bbox 2302 2732 2439 2769; x_wconf 81' lang='lat' dir='ltr'><strong>tabula—</strong></span> 
     </span>
     <span class='ocr_line' id='line_1_132' title="bbox 1353 2777 2440 2826; baseline -0.002 -11"><span class='ocrx_word' id='word_1_989' title='bbox 1353 2791 1434 2815; x_wconf 86' lang='lat' dir='ltr'><strong>rum</strong></span> <span class='ocrx_word' id='word_1_990' title='bbox 1479 2780 1574 2815; x_wconf 89' lang='lat' dir='ltr'><strong>Pleri</strong></span> <span class='ocrx_word' id='word_1_991' title='bbox 1599 2790 1646 2815; x_wconf 94' lang='lat' dir='ltr'><strong>ue</strong></span> <span class='ocrx_word' id='word_1_992' title='bbox 1674 2782 1892 2826; x_wconf 89' lang='lat' dir='ltr'><strong>putaverunt</strong></span> <span class='ocrx_word' id='word_1_993' title='bbox 1924 2789 1948 2814; x_wconf 91' lang='lat' dir='ltr'><strong>n</strong></span> <span class='ocrx_word' id='word_1_994' title='bbox 2000 2789 2061 2813; x_wconf 90' lang='lat' dir='ltr'><strong>um</strong></span> <span class='ocrx_word' id='word_1_995' title='bbox 2091 2778 2136 2813; x_wconf 90' lang='lat' dir='ltr'><strong>de</strong></span> <span class='ocrx_word' id='word_1_996' title='bbox 2167 2777 2272 2813; x_wconf 91' lang='lat' dir='ltr'><strong>domo</strong></span> <span class='ocrx_word' id='word_1_997' title='bbox 2303 2787 2371 2813; x_wconf 90' lang='lat' dir='ltr'><strong>sua</strong></span> <span class='ocrx_word' id='word_1_998' title='bbox 2402 2777 2440 2813; x_wconf 89' lang='lat' dir='ltr'><strong>in</strong></span> 
     </span>
     <span class='ocr_line' id='line_1_133' title="bbox 1352 2791 2439 2870; baseline -0.003 -10"><span class='ocrx_word' id='word_1_999' title='bbox 1352 2825 1409 2860; x_wconf 91' lang='lat' dir='ltr'><strong>ius</strong></span> <span class='ocrx_word' id='word_1_1000' title='bbox 1431 2824 1554 2860; x_wconf 86' lang='lat' dir='ltr'><strong>vocari</strong></span> <span class='ocrx_word' id='word_1_1001' title='bbox 1574 2791 1694 2868; x_wconf 58' lang='lat' dir='ltr'><strong>ficere,</strong></span> <span class='ocrx_word' id='word_1_1002' title='bbox 1718 2825 1802 2870; x_wconf 89' lang='lat' dir='ltr'><strong>quia</strong></span> <span class='ocrx_word' id='word_1_1003' title='bbox 1821 2824 1946 2860; x_wconf 90' lang='lat' dir='ltr'><strong>domus</strong></span> <span class='ocrx_word' id='word_1_1004' title='bbox 1965 2823 2180 2859; x_wconf 88' lang='lat' dir='ltr'><strong>tutissimum</strong></span> <span class='ocrx_word' id='word_1_1005' title='bbox 2200 2822 2256 2858; x_wconf 91' lang='lat' dir='ltr'><strong>cui</strong></span> <span class='ocrx_word' id='word_1_1006' title='bbox 2281 2832 2327 2858; x_wconf 91' lang='lat' dir='ltr'><strong>ue</strong></span> <span class='ocrx_word' id='word_1_1007' title='bbox 2343 2821 2439 2858; x_wconf 85' lang='lat' dir='ltr'><strong>refu·</strong></span> 
     </span>
     <span class='ocr_line' id='line_1_134' title="bbox 1352 2867 2497 2915; baseline 0 -10"><span class='ocrx_word' id='word_1_1008' title='bbox 1352 2869 1448 2915; x_wconf 82' lang='lat' dir='ltr'><strong>glum</strong></span> <span class='ocrx_word' id='word_1_1009' title='bbox 1471 2873 1579 2915; x_wconf 89' lang='lat' dir='ltr'><strong>atque</strong></span> <span class='ocrx_word' id='word_1_1010' title='bbox 1599 2869 1865 2915; x_wconf 86' lang='lat' dir='ltr'><strong>receptaculum</strong></span> <span class='ocrx_word' id='word_1_1011' title='bbox 1888 2868 1945 2911; x_wconf 89' lang='lat' dir='ltr'><strong>sit,</strong></span> <span class='ocrx_word' id='word_1_1012' title='bbox 1970 2878 2120 2914; x_wconf 88' lang='lat' dir='ltr'><strong>eumque</strong></span> <span class='ocrx_word' id='word_1_1013' title='bbox 2143 2867 2206 2914; x_wconf 88' lang='lat' dir='ltr'><strong>qui</strong></span> <span class='ocrx_word' id='word_1_1014' title='bbox 2227 2867 2265 2903; x_wconf 92' lang='lat' dir='ltr'><strong>in</strong></span> <span class='ocrx_word' id='word_1_1015' title='bbox 2291 2877 2310 2903; x_wconf 88' lang='lat' dir='ltr'><strong>e</strong></span> <span class='ocrx_word' id='word_1_1016' title='bbox 2329 2867 2366 2902; x_wconf 90' lang='lat' dir='ltr'><strong>in</strong></span> <span class='ocrx_word' id='word_1_1017' title='bbox 2383 2867 2439 2903; x_wconf 88' lang='lat' dir='ltr'><strong>ius</strong></span> <span class='ocrx_word' id='word_1_1018' title='bbox 2487 2903 2497 2914; x_wconf 64' lang='lat'>„</span> 
     </span>
     <span class='ocr_line' id='line_1_135' title="bbox 1353 2913 2497 2957; baseline -0.003 -7"><span class='ocrx_word' id='word_1_1019' title='bbox 1353 2918 1500 2950; x_wconf 88' lang='lat' dir='ltr'><strong>vocaret</strong></span> <span class='ocrx_word' id='word_1_1020' title='bbox 1532 2914 1603 2949; x_wconf 86' lang='lat' dir='ltr'><strong>vim</strong></span> <span class='ocrx_word' id='word_1_1021' title='bbox 1625 2913 1757 2950; x_wconf 76' lang='lat' dir='ltr'><strong>inferre</strong></span> <span class='ocrx_word' id='word_1_1022' title='bbox 1778 2913 1900 2950; x_wconf 85' lang='lat' dir='ltr'><strong>videri.</strong></span> <span class='ocrx_word' id='word_1_1023' title='bbox 2495 2938 2497 2957; x_wconf 60' lang='lat'>3</span> 
     </span>
    </p>

    <p class='ocr_par' dir='ltr' id='par_1_23' title="bbox 1352 2940 2499 3183">
     <span class='ocr_line' id='line_1_136' title="bbox 1402 2940 2499 3010; baseline -0.005 -14"><span class='ocrx_word' id='word_1_1024' title='bbox 1402 2957 1454 2998; x_wconf 87' lang='lat'><strong>19</strong></span> <span class='ocrx_word' id='word_1_1025' title='bbox 1477 2940 1638 2995; x_wconf 66' lang='grc' dir='ltr'>ῥᾼυισε</span> <span class='ocrx_word' id='word_1_1026' title='bbox 1657 2959 1750 2996; x_wconf 74' lang='lat' dir='ltr'><strong>libro</strong></span> <span class='ocrx_word' id='word_1_1027' title='bbox 1766 2959 1891 3006; x_wconf 81' lang='lat' dir='ltr'><strong>primo</strong></span> <span class='ocrx_word' id='word_1_1028' title='bbox 1915 2957 1965 2994; x_wconf 85' lang='lat' dir='ltr'><strong>ad</strong></span> <span class='ocrx_word' id='word_1_1029' title='bbox 1986 2957 2140 2994; x_wconf 72' lang='lat' dir='ltr'><strong>edictum</strong></span> <span class='ocrx_word' id='word_1_1030' title='bbox 2175 2956 2341 3010; x_wconf 80' lang='lat' dir='ltr'><strong>Satisque</strong></span> <span class='ocrx_word' id='word_1_1031' title='bbox 2352 2966 2439 3002; x_wconf 84' lang='lat' dir='ltr'><strong>poe·</strong></span> <span class='ocrx_word' id='word_1_1032' title='bbox 2494 2960 2499 2968; x_wconf 76' lang='lat'>²</span> 
     </span>
     <span class='ocr_line' id='line_1_137' title="bbox 1353 3001 2439 3052; baseline -0.002 -13"><span class='ocrx_word' id='word_1_1033' title='bbox 1353 3014 1423 3040; x_wconf 87' lang='lat' dir='ltr'><strong>nae</strong></span> <span class='ocrx_word' id='word_1_1034' title='bbox 1445 3003 1567 3052; x_wconf 79' lang='lat' dir='ltr'><strong>subite</strong></span> <span class='ocrx_word' id='word_1_1035' title='bbox 1590 3013 1682 3047; x_wconf 90' lang='lat' dir='ltr'><strong>eum,</strong></span> <span class='ocrx_word' id='word_1_1036' title='bbox 1706 3004 1738 3039; x_wconf 91' lang='lat' dir='ltr'><strong>si</strong></span> <span class='ocrx_word' id='word_1_1037' title='bbox 1759 3014 1834 3040; x_wconf 90' lang='lat' dir='ltr'><strong>non</strong></span> <span class='ocrx_word' id='word_1_1038' title='bbox 1857 3001 2071 3039; x_wconf 84' lang='lat' dir='ltr'><strong>defendatur</strong></span> <span class='ocrx_word' id='word_1_1039' title='bbox 2093 3005 2130 3038; x_wconf 91' lang='lat' dir='ltr'><strong>et</strong></span> <span class='ocrx_word' id='word_1_1040' title='bbox 2150 3001 2277 3045; x_wconf 81' lang='lat' dir='ltr'><strong>latitet,</strong></span> <span class='ocrx_word' id='word_1_1041' title='bbox 2303 3005 2439 3037; x_wconf 85' lang='lat' dir='ltr'><strong>certum</strong></span> 
     </span>
     <span class='ocr_line' id='line_1_138' title="bbox 1354 3046 2438 3094; baseline -0.002 -10"><span class='ocrx_word' id='word_1_1042' title='bbox 1354 3052 1418 3091; x_wconf 89' lang='lat' dir='ltr'><strong>est,</strong></span> <span class='ocrx_word' id='word_1_1043' title='bbox 1441 3048 1538 3094; x_wconf 90' lang='lat' dir='ltr'><strong>quod</strong></span> <span class='ocrx_word' id='word_1_1044' title='bbox 1559 3048 1713 3084; x_wconf 88' lang='lat' dir='ltr'><strong>mittitur</strong></span> <span class='ocrx_word' id='word_1_1045' title='bbox 1734 3047 1959 3084; x_wconf 82' lang='lat' dir='ltr'><strong>adversarius</strong></span> <span class='ocrx_word' id='word_1_1046' title='bbox 1981 3048 2020 3083; x_wconf 91' lang='lat' dir='ltr'><strong>in</strong></span> <span class='ocrx_word' id='word_1_1047' title='bbox 2041 3047 2303 3094; x_wconf 83' lang='lat' dir='ltr'><strong>possessionem</strong></span> <span class='ocrx_word' id='word_1_1048' title='bbox 2325 3046 2438 3082; x_wconf 89' lang='lat' dir='ltr'><strong>bono·</strong></span> 
     </span>
     <span class='ocr_line' id='line_1_139' title="bbox 1352 3092 2438 3138; baseline -0.003 -9"><span class='ocrx_word' id='word_1_1049' title='bbox 1352 3104 1433 3129; x_wconf 87' lang='lat' dir='ltr'><strong>rum</strong></span> <span class='ocrx_word' id='word_1_1050' title='bbox 1466 3093 1553 3129; x_wconf 86' lang='lat' dir='ltr'><strong>eius.</strong></span> <span class='ocrx_word' id='word_1_1051' title='bbox 1600 3093 1663 3129; x_wconf 88' lang='lat' dir='ltr'><strong>sed</strong></span> <span class='ocrx_word' id='word_1_1052' title='bbox 1694 3093 1725 3129; x_wconf 91' lang='lat' dir='ltr'><strong>si</strong></span> <span class='ocrx_word' id='word_1_1053' title='bbox 1748 3093 1884 3129; x_wconf 86' lang='lat' dir='ltr'><strong>aditum</strong></span> <span class='ocrx_word' id='word_1_1054' title='bbox 1907 3092 1955 3128; x_wconf 90' lang='lat' dir='ltr'><strong>ad</strong></span> <span class='ocrx_word' id='word_1_1055' title='bbox 1977 3103 2016 3129; x_wconf 91' lang='lat' dir='ltr'><strong>se</strong></span> <span class='ocrx_word' id='word_1_1056' title='bbox 2036 3094 2196 3138; x_wconf 85' lang='lat' dir='ltr'><strong>praestet</strong></span> <span class='ocrx_word' id='word_1_1057' title='bbox 2218 3094 2283 3127; x_wconf 90' lang='lat' dir='ltr'><strong>aut</strong></span> <span class='ocrx_word' id='word_1_1058' title='bbox 2305 3101 2350 3127; x_wconf 84' lang='lat' dir='ltr'><strong>ex</strong></span> <span class='ocrx_word' id='word_1_1059' title='bbox 2395 3101 2438 3127; x_wconf 91' lang='lat' dir='ltr'><strong>u·</strong></span> 
     </span>
     <span class='ocr_line' id='line_1_140' title="bbox 1353 3135 2396 3183; baseline -0.002 -10"><span class='ocrx_word' id='word_1_1060' title='bbox 1353 3138 1446 3174; x_wconf 88' lang='lat' dir='ltr'><strong>blico</strong></span> <span class='ocrx_word' id='word_1_1061' title='bbox 1479 3137 1741 3183; x_wconf 88' lang='lat' dir='ltr'><strong>conspiciatur,</strong></span> <span class='ocrx_word' id='word_1_1062' title='bbox 1776 3143 1874 3174; x_wconf 89' lang='lat' dir='ltr'><strong>recte</strong></span> <span class='ocrx_word' id='word_1_1063' title='bbox 1907 3138 1946 3174; x_wconf 90' lang='lat' dir='ltr'><strong>in</strong></span> <span class='ocrx_word' id='word_1_1064' title='bbox 1978 3138 2035 3173; x_wconf 90' lang='lat' dir='ltr'><strong>ius</strong></span> <span class='ocrx_word' id='word_1_1065' title='bbox 2067 3136 2188 3173; x_wconf 82' lang='lat' dir='ltr'><strong>vocari</strong></span> <span class='ocrx_word' id='word_1_1066' title='bbox 2218 3146 2299 3172; x_wconf 90' lang='lat' dir='ltr'><strong>eum</strong></span> <span class='ocrx_word' id='word_1_1067' title='bbox 2329 3135 2348 3171; x_wconf 95' lang='lat'>1</span> <span class='ocrx_word' id='word_1_1068' title='bbox 2388 3135 2396 3143; x_wconf 86' lang='lat'><strong>‘</strong></span> 
     </span>
    </p>
   </div>
   <div class='ocr_carea' id='block_1_7' title="bbox 1354 3186 2438 3273">
    <p class='ocr_par' dir='ltr' id='par_1_24' title="bbox 1354 3186 2438 3273">
     <span class='ocr_line' id='line_1_141' title="bbox 1354 3186 2438 3273; baseline -0.005 -8"><span class='ocrx_word' id='word_1_1069' title='bbox 1354 3186 1604 3265; x_wconf 46' lang='lat' dir='ltr'><strong>nussomgdm</strong></span> <span class='ocrx_word' id='word_1_1070' title='bbox 1622 3226 1713 3263; x_wconf 76' lang='lat' dir='ltr'><strong>libro</strong></span> <span class='ocrx_word' id='word_1_1071' title='bbox 1729 3227 1854 3273; x_wconf 77' lang='lat' dir='ltr'><strong>primo</strong></span> <span class='ocrx_word' id='word_1_1072' title='bbox 1879 3226 1930 3262; x_wconf 81' lang='lat' dir='ltr'><strong>ad</strong></span> <span class='ocrx_word' id='word_1_1073' title='bbox 1951 3226 2064 3273; x_wconf 73' lang='lat' dir='ltr'><strong>leqem</strong></span> <span class='ocrx_word' id='word_1_1074' title='bbox 2086 3224 2275 3261; x_wconf 76' lang='lat' dir='ltr'><strong>duodecim</strong></span> <span class='ocrx_word' id='word_1_1075' title='bbox 2299 3223 2438 3261; x_wconf 81' lang='lat' dir='ltr'><strong>tabula—</strong></span> 
     </span>
    </p>
   </div>
   <div class='ocr_carea' id='block_1_8' title="bbox 1785 2107 2443 2198">
    <p class='ocr_par' dir='ltr' id='par_1_25' title="bbox 1785 2107 2443 2198">
     <span class='ocr_line' id='line_1_142' title="bbox 1785 2107 2442 2145; baseline -0.002 -1"><span class='ocrx_word' id='word_1_1076' title='bbox 1785 2118 1876 2145; x_wconf 88' lang='lat' dir='ltr'><strong>oena</strong></span> <span class='ocrx_word' id='word_1_1077' title='bbox 1898 2108 2047 2144; x_wconf 85' lang='lat' dir='ltr'><strong>remissa</strong></span> <span class='ocrx_word' id='word_1_1078' title='bbox 2077 2117 2156 2143; x_wconf 88' lang='lat' dir='ltr'><strong>esse</strong></span> <span class='ocrx_word' id='word_1_1079' title='bbox 2187 2107 2353 2143; x_wconf 83' lang='lat' dir='ltr'><strong>videtur?</strong></span> <span class='ocrx_word' id='word_1_1080' title='bbox 2386 2117 2442 2143; x_wconf 89' lang='lat' dir='ltr'><strong>re-</strong></span> 
     </span>
     <span class='ocr_line' id='line_1_143' title="bbox 1815 2152 2443 2198; baseline -0.002 -9"><span class='ocrx_word' id='word_1_1081' title='bbox 1815 2154 1912 2189; x_wconf 92' lang='lat' dir='ltr'><strong>hunc</strong></span> <span class='ocrx_word' id='word_1_1082' title='bbox 1945 2163 2068 2188; x_wconf 89' lang='lat' dir='ltr'><strong>casum</strong></span> <span class='ocrx_word' id='word_1_1083' title='bbox 2091 2152 2246 2188; x_wconf 91' lang='lat' dir='ltr'><strong>edictum</strong></span> <span class='ocrx_word' id='word_1_1084' title='bbox 2268 2152 2443 2198; x_wconf 89' lang='lat' dir='ltr'><strong>praetoris</strong></span> 
     </span>
    </p>
   </div>
   <div class='ocr_carea' id='block_1_9' title="bbox 1352 3269 2495 3308">
    <p class='ocr_par' dir='ltr' id='par_1_26' title="bbox 1352 3269 2495 3308">
     <span class='ocr_line' id='line_1_144' title="bbox 1352 3269 2495 3308; baseline -0.002 -1"><span class='ocrx_word' id='word_1_1085' title='bbox 1352 3283 1433 3307; x_wconf 90' lang='lat' dir='ltr'><strong>rum</strong></span> <span class='ocrx_word' id='word_1_1086' title='bbox 1479 3271 1551 3308; x_wconf 86' lang='lat' dir='ltr'><strong>Sed</strong></span> <span class='ocrx_word' id='word_1_1087' title='bbox 1586 3271 1693 3307; x_wconf 86' lang='lat' dir='ltr'><strong>etiam</strong></span> <span class='ocrx_word' id='word_1_1088' title='bbox 1727 3272 1773 3307; x_wconf 92' lang='lat' dir='ltr'><strong>ab</strong></span> <span class='ocrx_word' id='word_1_1089' title='bbox 1803 3272 1913 3307; x_wconf 86' lang='lat' dir='ltr'><strong>ianua</strong></span> <span class='ocrx_word' id='word_1_1090' title='bbox 1926 3271 1955 3294; x_wconf 83' lang='lat'><strong>¹³</strong></span> <span class='ocrx_word' id='word_1_1091' title='bbox 1989 3274 2025 3307; x_wconf 87' lang='lat' dir='ltr'><strong>et</strong></span> <span class='ocrx_word' id='word_1_1092' title='bbox 2054 3269 2195 3306; x_wconf 87' lang='lat' dir='ltr'><strong>balineo</strong></span> <span class='ocrx_word' id='word_1_1093' title='bbox 2230 3273 2267 3306; x_wconf 88' lang='lat' dir='ltr'><strong>et</strong></span> <span class='ocrx_word' id='word_1_1094' title='bbox 2295 3269 2436 3305; x_wconf 87' lang='lat' dir='ltr'><strong>theatro</strong></span> <span class='ocrx_word' id='word_1_1095' title='bbox 2490 3289 2495 3292; x_wconf 76' lang='lat'><em>-</em></span> 
     </span>
    </p>
   </div>
   <div class='ocr_carea' id='block_1_10' title="bbox 1351 3315 2436 3487">
    <p class='ocr_par' dir='ltr' id='par_1_27' title="bbox 1351 3315 2436 3487">
     <span class='ocr_line' id='line_1_145' title="bbox 1352 3315 2043 3353; baseline -0.001 -1"><span class='ocrx_word' id='word_1_1096' title='bbox 1352 3327 1455 3353; x_wconf 88' lang='lat' dir='ltr'><strong>nemo</strong></span> <span class='ocrx_word' id='word_1_1097' title='bbox 1480 3316 1622 3352; x_wconf 91' lang='lat' dir='ltr'><strong>dubitat</strong></span> <span class='ocrx_word' id='word_1_1098' title='bbox 1642 3317 1681 3352; x_wconf 92' lang='lat' dir='ltr'><strong>in</strong></span> <span class='ocrx_word' id='word_1_1099' title='bbox 1702 3315 1759 3352; x_wconf 89' lang='lat' dir='ltr'><strong>ius</strong></span> <span class='ocrx_word' id='word_1_1100' title='bbox 1781 3317 1902 3352; x_wconf 84' lang='lat' dir='ltr'><strong>vocari</strong></span> <span class='ocrx_word' id='word_1_1101' title='bbox 1923 3316 2043 3352; x_wconf 87' lang='lat' dir='ltr'><strong>licere.</strong></span> 
     </span>
     <span class='ocr_line' id='line_1_146' title="bbox 1398 3356 2436 3408; baseline -0.005 -10"><span class='ocrx_word' id='word_1_1102' title='bbox 1398 3359 1448 3399; x_wconf 90' lang='lat'><strong>21</strong></span> <span class='ocrx_word' id='word_1_1103' title='bbox 1466 3362 1494 3383; x_wconf 83' lang='lat'><strong>¹⁴</strong></span> <span class='ocrx_word' id='word_1_1104' title='bbox 1516 3361 1677 3397; x_wconf 56' lang='lat' dir='ltr'><strong>Panos</strong></span> <span class='ocrx_word' id='word_1_1105' title='bbox 1696 3361 1788 3397; x_wconf 76' lang='lat' dir='ltr'><strong>libro</strong></span> <span class='ocrx_word' id='word_1_1106' title='bbox 1804 3362 1928 3408; x_wconf 66' lang='lat' dir='ltr'><strong>primo</strong></span> <span class='ocrx_word' id='word_1_1107' title='bbox 1951 3360 2002 3396; x_wconf 87' lang='lat' dir='ltr'><strong>ad</strong></span> <span class='ocrx_word' id='word_1_1108' title='bbox 2021 3359 2176 3396; x_wconf 68' lang='lat' dir='ltr'><strong>edictvm</strong></span> <span class='ocrx_word' id='word_1_1109' title='bbox 2221 3357 2292 3394; x_wconf 88' lang='lat' dir='ltr'><strong>Sed</strong></span> <span class='ocrx_word' id='word_1_1110' title='bbox 2316 3357 2383 3394; x_wconf 85' lang='lat' dir='ltr'><strong>etsi</strong></span> <span class='ocrx_word' id='word_1_1111' title='bbox 2405 3356 2436 3393; x_wconf 84' lang='lat' dir='ltr'><strong>is</strong></span> 
     </span>
     <span class='ocr_line' id='line_1_147' title="bbox 1351 3404 2436 3486; baseline -0.004 -44"><span class='ocrx_word' id='word_1_1112' title='bbox 1351 3407 1413 3486; x_wconf 58' lang='lat' dir='ltr'><strong>gui</strong></span> <span class='ocrx_word' id='word_1_1113' title='bbox 1435 3406 1530 3442; x_wconf 91' lang='lat' dir='ltr'><strong>domi</strong></span> <span class='ocrx_word' id='word_1_1114' title='bbox 1554 3410 1609 3442; x_wconf 88' lang='lat' dir='ltr'><strong>est</strong></span> <span class='ocrx_word' id='word_1_1115' title='bbox 1630 3405 1809 3442; x_wconf 90' lang='lat' dir='ltr'><strong>interdum</strong></span> <span class='ocrx_word' id='word_1_1116' title='bbox 1838 3405 1960 3442; x_wconf 85' lang='lat' dir='ltr'><strong>vocari</strong></span> <span class='ocrx_word' id='word_1_1117' title='bbox 1990 3404 2029 3440; x_wconf 88' lang='lat' dir='ltr'><strong>in</strong></span> <span class='ocrx_word' id='word_1_1118' title='bbox 2060 3404 2117 3440; x_wconf 91' lang='lat' dir='ltr'><strong>ius</strong></span> <span class='ocrx_word' id='word_1_1119' title='bbox 2147 3406 2285 3449; x_wconf 85' lang='lat' dir='ltr'><strong>potest,</strong></span> <span class='ocrx_word' id='word_1_1120' title='bbox 2317 3406 2436 3439; x_wconf 85' lang='lat' dir='ltr'><strong>tamen</strong></span> 
     </span>
     <span class='ocr_line' id='line_1_148' title="bbox 1377 3449 2042 3487; baseline -0.005 0"><span class='ocrx_word' id='word_1_1121' title='bbox 1377 3461 1396 3486; x_wconf 89' lang='lat' dir='ltr'><strong>e</strong></span> <span class='ocrx_word' id='word_1_1122' title='bbox 1419 3451 1523 3487; x_wconf 91' lang='lat' dir='ltr'><strong>domo</strong></span> <span class='ocrx_word' id='word_1_1123' title='bbox 1547 3461 1615 3487; x_wconf 90' lang='lat' dir='ltr'><strong>sua</strong></span> <span class='ocrx_word' id='word_1_1124' title='bbox 1637 3460 1739 3487; x_wconf 90' lang='lat' dir='ltr'><strong>nemo</strong></span> <span class='ocrx_word' id='word_1_1125' title='bbox 1764 3449 1903 3486; x_wconf 84' lang='lat' dir='ltr'><strong>extrahi</strong></span> <span class='ocrx_word' id='word_1_1126' title='bbox 1926 3449 2042 3485; x_wconf 90' lang='lat' dir='ltr'><strong>debet.</strong></span> 
     </span>
    </p>
   </div>
   <div class='ocr_carea' id='block_1_11' title="bbox 1350 3603 2435 3738">
    <p class='ocr_par' dir='ltr' id='par_1_28' title="bbox 1350 3603 2435 3738">
     <span class='ocr_line' id='line_1_149' title="bbox 1351 3603 2434 3660; baseline -0.002 -20"><span class='ocrx_word' id='word_1_1127' title='bbox 1351 3609 1397 3660; x_wconf 66' lang='lat' dir='ltr'><strong>(q)</strong></span> <span class='ocrx_word' id='word_1_1128' title='bbox 1421 3606 1770 3659; x_wconf 49' lang='grc' dir='ltr'><strong>ςιιιιιῈΨδ,ιιι-,νιὶειιιιΙΡι</strong></span> <span class='ocrx_word' id='word_1_1129' title='bbox 1789 3652 1799 3660; x_wconf 35' lang='grc'><strong>0</strong></span> <span class='ocrx_word' id='word_1_1130' title='bbox 1850 3607 1910 3649; x_wconf 79' lang='grc'><strong>(10)</strong></span> <span class='ocrx_word' id='word_1_1131' title='bbox 1935 3607 2054 3660; x_wconf 56' lang='lat' dir='ltr'><strong>quinto</strong></span> <span class='ocrx_word' id='word_1_1132' title='bbox 2065 3606 2115 3641; x_wconf 61' lang='grc' dir='ltr'><strong>Γ*</strong></span> <span class='ocrx_word' id='word_1_1133' title='bbox 2210 3609 2264 3645; x_wconf 82' lang='grc'><strong>(11)</strong></span> <span class='ocrx_word' id='word_1_1134' title='bbox 2287 3603 2434 3660; x_wconf 59' lang='grc' dir='ltr'><strong>οἰοῖῑξ,</strong></span> 
     </span>
     <span class='ocr_line' id='line_1_150' title="bbox 1350 3651 2435 3738; baseline -0.001 -7"><span class='ocrx_word' id='word_1_1135' title='bbox 1350 3652 1963 3737; x_wconf 51' lang='lat' dir='ltr'><strong>ffiffizifflffiffi‘si’fflzxz</strong></span> <span class='ocrx_word' id='word_1_1136' title='bbox 1969 3662 2046 3730; x_wconf 55' lang='lat'><strong>2¹5⁰*</strong></span> <span class='ocrx_word' id='word_1_1137' title='bbox 2063 3651 2369 3738; x_wconf 59' lang='lat'><strong>553&#39;2‘53550953,</strong></span> <span class='ocrx_word' id='word_1_1138' title='bbox 2379 3661 2435 3729; x_wconf 66' lang='lat'><strong>1⁸85</strong></span> 
     </span>
    </p>
   </div>
  </div>
 </body>
</html>
