<?xml version="1.0" encoding="UTF-8"?>
<!DOCTYPE html PUBLIC "-//W3C//DTD XHTML 1.0 Transitional//EN"
    "http://www.w3.org/TR/xhtml1/DTD/xhtml1-transitional.dtd">
<html xmlns="http://www.w3.org/1999/xhtml" xml:lang="en" lang="en">
 <head>
  <title>
</title>
<meta http-equiv="Content-Type" content="text/html;charset=utf-8" />
  <meta name='ocr-system' content='tesseract 3.04.00' />
  <meta name='ocr-capabilities' content='ocr_page ocr_carea ocr_par ocr_line ocrx_word'/>
</head>
<body>
  <div class='ocr_page' id='page_1' title='image "./corpusjuriscivil01krueuoft_0429.png"; bbox 0 0 2528 3918; ppageno 0'>
   <div class='ocr_carea' id='block_1_1' title="bbox 92 150 702 183">
    <p class='ocr_par' dir='ltr' id='par_1_1' title="bbox 92 150 702 183">
     <span class='ocr_line' id='line_1_1' title="bbox 92 150 702 183; baseline 0 -1"><span class='ocrx_word' id='word_1_1' title='bbox 92 151 229 183; x_wconf 72' lang='lat' dir='ltr'>INTER</span> <span class='ocrx_word' id='word_1_2' title='bbox 256 150 400 183; x_wconf 73' lang='lat' dir='ltr'>vnum</span> <span class='ocrx_word' id='word_1_3' title='bbox 427 151 487 182; x_wconf 84' lang='grc' dir='ltr'>ΕΤ</span> <span class='ocrx_word' id='word_1_4' title='bbox 514 150 702 183; x_wconf 80' lang='lat' dir='ltr'>UXOREM</span> 
     </span>
    </p>
   </div>
   <div class='ocr_carea' id='block_1_2' title="bbox 83 260 1186 1441">
    <p class='ocr_par' dir='ltr' id='par_1_2' title="bbox 83 260 1186 1441">
     <span class='ocr_line' id='line_1_2' title="bbox 91 260 1186 309; baseline -0.001 -10"><span class='ocrx_word' id='word_1_5' title='bbox 91 263 168 306; x_wconf 89' lang='lat' dir='ltr'>erit,</span> <span class='ocrx_word' id='word_1_6' title='bbox 200 261 306 309; x_wconf 89' lang='lat' dir='ltr'>quid¹</span> <span class='ocrx_word' id='word_1_7' title='bbox 338 261 551 308; x_wconf 88' lang='lat' dir='ltr'>praestitum</span> <span class='ocrx_word' id='word_1_8' title='bbox 574 261 684 296; x_wconf 90' lang='lat' dir='ltr'>malit.</span> <span class='ocrx_word' id='word_1_9' title='bbox 725 260 819 296; x_wconf 90' lang='lat' dir='ltr'>idem</span> <span class='ocrx_word' id='word_1_10' title='bbox 849 260 937 297; x_wconf 85' lang='lat' dir='ltr'>iuris</span> <span class='ocrx_word' id='word_1_11' title='bbox 973 265 1029 297; x_wconf 89' lang='lat' dir='ltr'>est</span> <span class='ocrx_word' id='word_1_12' title='bbox 1051 266 1088 298; x_wconf 90' lang='lat' dir='ltr'>et</span> <span class='ocrx_word' id='word_1_13' title='bbox 1111 262 1142 298; x_wconf 91' lang='lat' dir='ltr'>si</span> <span class='ocrx_word' id='word_1_14' title='bbox 1165 271 1186 298; x_wconf 88' lang='lat' dir='ltr'>e</span> 
     </span>
     <span class='ocr_line' id='line_1_3' title="bbox 91 306 1182 352; baseline -0.003 -7"><span class='ocrx_word' id='word_1_15' title='bbox 91 308 270 345; x_wconf 80' lang='lat' dir='ltr'>contrario</span> <span class='ocrx_word' id='word_1_16' title='bbox 313 307 442 342; x_wconf 90' lang='lat' dir='ltr'>mulier</span> <span class='ocrx_word' id='word_1_17' title='bbox 473 306 518 342; x_wconf 90' lang='lat' dir='ltr'>de</span> <span class='ocrx_word' id='word_1_18' title='bbox 548 307 686 342; x_wconf 88' lang='lat' dir='ltr'>minore</span> <span class='ocrx_word' id='word_1_19' title='bbox 718 306 968 342; x_wconf 77' lang='lat' dir='ltr'><strong>aestimatione</strong></span> <span class='ocrx_word' id='word_1_20' title='bbox 1001 311 1182 352; x_wconf 82' lang='lat' dir='ltr'><strong>queratur.</strong></span> 
     </span>
     <span class='ocr_line' id='line_1_4' title="bbox 90 351 1185 390; baseline -0.001 -1"><span class='ocrx_word' id='word_1_21' title='bbox 90 364 157 390; x_wconf 89' lang='lat' dir='ltr'>nec</span> <span class='ocrx_word' id='word_1_22' title='bbox 187 351 285 388; x_wconf 83' lang='lat' dir='ltr'>aliud</span> <span class='ocrx_word' id='word_1_23' title='bbox 314 352 352 388; x_wconf 84' lang='lat' dir='ltr'>in</span> <span class='ocrx_word' id='word_1_24' title='bbox 393 352 617 388; x_wconf 87' lang='lat' dir='ltr'>commodato</span> <span class='ocrx_word' id='word_1_25' title='bbox 656 352 844 387; x_wconf 85' lang='lat' dir='ltr'>aestimato</span> <span class='ocrx_word' id='word_1_26' title='bbox 881 351 966 387; x_wconf 90' lang='lat' dir='ltr'>dato</span> <span class='ocrx_word' id='word_1_27' title='bbox 1002 352 1185 388; x_wconf 89' lang='lat' dir='ltr'>observari</span> 
     </span>
     <span class='ocr_line' id='line_1_5' title="bbox 90 396 1185 450; baseline -0.002 -15"><span class='ocrx_word' id='word_1_28' title='bbox 90 399 191 440; x_wconf 89' lang='lat' dir='ltr'>solet,-</span> <span class='ocrx_word' id='word_1_29' title='bbox 215 401 257 433; x_wconf 90' lang='lat' dir='ltr'>ut</span> <span class='ocrx_word' id='word_1_30' title='bbox 279 397 498 450; x_wconf 76' lang='lat' dir='ltr'>Pomponius</span> <span class='ocrx_word' id='word_1_31' title='bbox 521 397 612 433; x_wconf 90' lang='lat' dir='ltr'>libro</span> <span class='ocrx_word' id='word_1_32' title='bbox 632 400 762 442; x_wconf 86' lang='lat' dir='ltr'>quarto</span> <span class='ocrx_word' id='word_1_33' title='bbox 786 396 965 432; x_wconf 88' lang='lat' dir='ltr'>variarum</span> <span class='ocrx_word' id='word_1_34' title='bbox 989 398 1185 433; x_wconf 91' lang='lat' dir='ltr'>lectionum</span> 
     </span>
     <span class='ocr_line' id='line_1_6' title="bbox 90 441 1183 488; baseline -0.002 -8"><span class='ocrx_word' id='word_1_35' title='bbox 90 448 111 480; x_wconf 84' lang='grc'><strong>6</strong></span> <span class='ocrx_word' id='word_1_36' title='bbox 158 443 291 479; x_wconf 76' lang='lat' dir='ltr'><strong>scribit.</strong></span> <span class='ocrx_word' id='word_1_37' title='bbox 336 442 378 478; x_wconf 84' lang='lat' dir='ltr'>-Si</span> <span class='ocrx_word' id='word_1_38' title='bbox 408 453 501 478; x_wconf 87' lang='lat' dir='ltr'>uxor</span> <span class='ocrx_word' id='word_1_39' title='bbox 531 453 554 478; x_wconf 90' lang='lat' dir='ltr'>a</span> <span class='ocrx_word' id='word_1_40' title='bbox 583 441 713 478; x_wconf 72' lang='lat' dir='ltr'>marito</span> <span class='ocrx_word' id='word_1_41' title='bbox 738 452 803 478; x_wconf 86' lang='lat' dir='ltr'>suo</span> <span class='ocrx_word' id='word_1_42' title='bbox 827 442 996 487; x_wconf 86' lang='lat' dir='ltr'>praedia,</span> <span class='ocrx_word' id='word_1_43' title='bbox 1021 453 1113 488; x_wconf 90' lang='lat' dir='ltr'>quae</span> <span class='ocrx_word' id='word_1_44' title='bbox 1137 443 1183 479; x_wconf 93' lang='lat' dir='ltr'>ob</span> 
     </span>
     <span class='ocr_line' id='line_1_7' title="bbox 90 487 1183 534; baseline -0.001 -9"><span class='ocrx_word' id='word_1_45' title='bbox 90 489 209 525; x_wconf 87' lang='lat' dir='ltr'>dotem</span> <span class='ocrx_word' id='word_1_46' title='bbox 239 488 380 534; x_wconf 87' lang='lat' dir='ltr'>pignori</span> <span class='ocrx_word' id='word_1_47' title='bbox 411 491 620 533; x_wconf 85' lang='lat' dir='ltr'>acceperat,</span> <span class='ocrx_word' id='word_1_48' title='bbox 653 487 779 523; x_wconf 84' lang='lat' dir='ltr'>emerit</span> <span class='ocrx_word' id='word_1_49' title='bbox 810 497 924 533; x_wconf 89' lang='lat' dir='ltr'>eaque</span> <span class='ocrx_word' id='word_1_50' title='bbox 955 489 1086 533; x_wconf 78' lang='lat' dir='ltr'><strong>emptio</strong></span> <span class='ocrx_word' id='word_1_51' title='bbox 1121 488 1183 524; x_wconf 89' lang='lat' dir='ltr'>do-</span> 
     </span>
     <span class='ocr_line' id='line_1_8' title="bbox 89 532 1183 576; baseline 0 -7"><span class='ocrx_word' id='word_1_52' title='bbox 89 534 243 570; x_wconf 79' lang='lat' dir='ltr'>nationis</span> <span class='ocrx_word' id='word_1_53' title='bbox 269 543 380 570; x_wconf 89' lang='lat' dir='ltr'>causa</span> <span class='ocrx_word' id='word_1_54' title='bbox 402 532 501 568; x_wconf 89' lang='lat' dir='ltr'>facta</span> <span class='ocrx_word' id='word_1_55' title='bbox 525 533 684 576; x_wconf 89' lang='lat' dir='ltr'>dicatur,</span> <span class='ocrx_word' id='word_1_56' title='bbox 709 532 841 568; x_wconf 91' lang='lat' dir='ltr'>nullius</span> <span class='ocrx_word' id='word_1_57' title='bbox 874 543 952 568; x_wconf 90' lang='lat' dir='ltr'>esse</span> <span class='ocrx_word' id='word_1_58' title='bbox 976 534 1147 569; x_wconf 84' lang='lat' dir='ltr'><strong>momenti</strong></span> <span class='ocrx_word' id='word_1_59' title='bbox 1156 534 1183 576; x_wconf 79' lang='lat'>2,</span> 
     </span>
     <span class='ocr_line' id='line_1_9' title="bbox 88 577 1184 626; baseline -0.001 -11"><span class='ocrx_word' id='word_1_60' title='bbox 88 579 245 626; x_wconf 82' lang='lat' dir='ltr'>pignoris</span> <span class='ocrx_word' id='word_1_61' title='bbox 264 582 385 614; x_wconf 87' lang='lat' dir='ltr'>tamen</span> <span class='ocrx_word' id='word_1_62' title='bbox 411 579 668 624; x_wconf 76' lang='lat' dir='ltr'>obligationem</span> <span class='ocrx_word' id='word_1_63' title='bbox 697 578 828 614; x_wconf 89' lang='lat' dir='ltr'>durare</span> <span class='ocrx_word' id='word_1_64' title='bbox 853 577 1050 624; x_wconf 90' lang='lat' dir='ltr'>imperator</span> <span class='ocrx_word' id='word_1_65' title='bbox 1060 582 1184 615; x_wconf 89' lang='lat' dir='ltr'>noster</span> 
     </span>
     <span class='ocr_line' id='line_1_10' title="bbox 89 623 1181 677; baseline -0.001 -17"><span class='ocrx_word' id='word_1_66' title='bbox 89 635 170 660; x_wconf 88' lang='lat' dir='ltr'>oum</span> <span class='ocrx_word' id='word_1_67' title='bbox 193 629 297 677; x_wconf 82' lang='lat' dir='ltr'>patre</span> <span class='ocrx_word' id='word_1_68' title='bbox 320 633 386 660; x_wconf 90' lang='lat' dir='ltr'>suo</span> <span class='ocrx_word' id='word_1_69' title='bbox 410 624 605 669; x_wconf 82' lang='lat' dir='ltr'>rescripsit,</span> <span class='ocrx_word' id='word_1_70' title='bbox 631 623 732 659; x_wconf 91' lang='lat' dir='ltr'>cuius</span> <span class='ocrx_word' id='word_1_71' title='bbox 764 623 931 668; x_wconf 81' lang='lat' dir='ltr'>rescripti</span> <span class='ocrx_word' id='word_1_72' title='bbox 961 625 1071 660; x_wconf 88' lang='lat' dir='ltr'>verba</span> <span class='ocrx_word' id='word_1_73' title='bbox 1101 624 1181 660; x_wconf 93' lang='lat' dir='ltr'>ideo</span> 
     </span>
     <span class='ocr_line' id='line_1_11' title="bbox 87 668 1182 750; baseline -0.001 -44"><span class='ocrx_word' id='word_1_74' title='bbox 87 670 220 713; x_wconf 90' lang='lat' dir='ltr'>rettuli,</span> <span class='ocrx_word' id='word_1_75' title='bbox 246 674 286 705; x_wconf 92' lang='lat' dir='ltr'>ut</span> <span class='ocrx_word' id='word_1_76' title='bbox 309 673 483 750; x_wconf 46' lang='lat' dir='ltr'>appareat</span> <span class='ocrx_word' id='word_1_77' title='bbox 504 669 743 705; x_wconf 89' lang='lat' dir='ltr'>venditionem</span> <span class='ocrx_word' id='word_1_78' title='bbox 772 668 866 704; x_wconf 85' lang='lat' dir='ltr'>inter</span> <span class='ocrx_word' id='word_1_79' title='bbox 888 669 1003 705; x_wconf 85' lang='lat' dir='ltr'>virum</span> <span class='ocrx_word' id='word_1_80' title='bbox 1034 673 1070 705; x_wconf 90' lang='lat' dir='ltr'>et</span> <span class='ocrx_word' id='word_1_81' title='bbox 1092 680 1182 705; x_wconf 87' lang='lat' dir='ltr'>uxo-</span> 
     </span>
     <span class='ocr_line' id='line_1_12' title="bbox 87 714 1182 760; baseline -0.001 -9"><span class='ocrx_word' id='word_1_82' title='bbox 87 725 161 752; x_wconf 89' lang='lat' dir='ltr'>rem</span> <span class='ocrx_word' id='word_1_83' title='bbox 185 715 281 751; x_wconf 87' lang='lat' dir='ltr'>bona</span> <span class='ocrx_word' id='word_1_84' title='bbox 303 714 329 750; x_wconf 91' lang='lat' dir='ltr'><strong>fi</strong></span> <span class='ocrx_word' id='word_1_85' title='bbox 355 725 374 750; x_wconf 92' lang='lat' dir='ltr'>e</span> <span class='ocrx_word' id='word_1_86' title='bbox 396 718 534 760; x_wconf 84' lang='lat' dir='ltr'>gestam</span> <span class='ocrx_word' id='word_1_87' title='bbox 556 725 631 750; x_wconf 92' lang='lat' dir='ltr'>non</span> <span class='ocrx_word' id='word_1_88' title='bbox 653 714 855 750; x_wconf 88' lang='lat' dir='ltr'>retractari.</span> <span class='ocrx_word' id='word_1_89' title='bbox 905 714 955 750; x_wconf 88' lang='lat' dir='ltr'>‘Si</span> <span class='ocrx_word' id='word_1_90' title='bbox 986 714 1052 750; x_wconf 89' lang='lat' dir='ltr'>tibi</span> <span class='ocrx_word' id='word_1_91' title='bbox 1076 715 1182 750; x_wconf 88' lang='lat' dir='ltr'>mari-</span> 
     </span>
     <span class='ocr_line' id='line_1_13' title="bbox 88 759 1184 812; baseline -0.001 -16"><span class='ocrx_word' id='word_1_92' title='bbox 88 764 158 796; x_wconf 86' lang='lat' dir='ltr'>‘tus</span> <span class='ocrx_word' id='word_1_93' title='bbox 191 761 342 806; x_wconf 83' lang='lat' dir='ltr'>pignora</span> <span class='ocrx_word' id='word_1_94' title='bbox 375 763 523 812; x_wconf 87' lang='lat' dir='ltr'>propter</span> <span class='ocrx_word' id='word_1_95' title='bbox 558 760 678 796; x_wconf 91' lang='lat' dir='ltr'>dotem</span> <span class='ocrx_word' id='word_1_96' title='bbox 720 763 756 795; x_wconf 92' lang='lat' dir='ltr'>et</span> <span class='ocrx_word' id='word_1_97' title='bbox 784 759 976 805; x_wconf 86' lang='lat' dir='ltr'>pecuniam</span> <span class='ocrx_word' id='word_1_98' title='bbox 1011 760 1184 796; x_wconf 86' lang='lat' dir='ltr'>creditam</span> 
     </span>
     <span class='ocr_line' id='line_1_14' title="bbox 89 804 1184 850; baseline 0 -8"><span class='ocrx_word' id='word_1_99' title='bbox 89 806 211 842; x_wconf 63' lang='lat' dir='ltr'>‘data-*³</span> <span class='ocrx_word' id='word_1_100' title='bbox 235 816 308 842; x_wconf 92' lang='lat' dir='ltr'>non</span> <span class='ocrx_word' id='word_1_101' title='bbox 331 805 534 841; x_wconf 84' lang='lat' dir='ltr'>donationis</span> <span class='ocrx_word' id='word_1_102' title='bbox 559 815 670 841; x_wconf 87' lang='lat' dir='ltr'>causa</span> <span class='ocrx_word' id='word_1_103' title='bbox 692 804 862 848; x_wconf 87' lang='lat' dir='ltr'>vendidit,</span> <span class='ocrx_word' id='word_1_104' title='bbox 877 805 978 850; x_wconf 89' lang='lat' dir='ltr'>quod</span> <span class='ocrx_word' id='word_1_105' title='bbox 996 806 1094 841; x_wconf 92' lang='lat' dir='ltr'>bona</span> <span class='ocrx_word' id='word_1_106' title='bbox 1112 805 1184 842; x_wconf 90' lang='lat' dir='ltr'>fide</span> 
     </span>
     <span class='ocr_line' id='line_1_15' title="bbox 87 847 1183 931; baseline 0.001 -45"><span class='ocrx_word' id='word_1_107' title='bbox 87 854 237 916; x_wconf 60' lang='lat' dir='ltr'>:gestum</span> <span class='ocrx_word' id='word_1_108' title='bbox 261 854 327 894; x_wconf 91' lang='lat' dir='ltr'>est,</span> <span class='ocrx_word' id='word_1_109' title='bbox 352 847 511 931; x_wconf 56' lang='lat' dir='ltr'>magiebit</span> <span class='ocrx_word' id='word_1_110' title='bbox 532 854 728 931; x_wconf 40' lang='lat' dir='ltr'>ratum-gt</span> <span class='ocrx_word' id='word_1_111' title='bbox 751 850 782 886; x_wconf 90' lang='lat' dir='ltr'>si</span> <span class='ocrx_word' id='word_1_112' title='bbox 804 850 931 931; x_wconf 52' lang='lat' dir='ltr'>titglus</span> <span class='ocrx_word' id='word_1_113' title='bbox 956 850 1183 904; x_wconf 42' lang='lat' dir='ltr'>donatio-nis‘⁴</span> 
     </span>
     <span class='ocr_line' id='line_1_16' title="bbox 86 899 1184 994; baseline -0.001 -16"><span class='ocrx_word' id='word_1_114' title='bbox 86 899 409 984; x_wconf 51' lang='grc' dir='ltr'>ιὲἓεῖθῗῖῗειὲἱὲῗῗ</span> <span class='ocrx_word' id='word_1_115' title='bbox 427 901 507 994; x_wconf 57' lang='lat' dir='ltr'>13¹1}ss</span> <span class='ocrx_word' id='word_1_116' title='bbox 530 899 682 994; x_wconf 46' lang='grc' dir='ltr'>ῗξςῗῗοὲ</span> <span class='ocrx_word' id='word_1_117' title='bbox 706 905 854 977; x_wconf 57' lang='lat' dir='ltr'>33quss</span> <span class='ocrx_word' id='word_1_118' title='bbox 877 900 1184 994; x_wconf 52' lang='lat' dir='ltr'>ffiffgffiffissss</span> 
     </span>
     <span class='ocr_line' id='line_1_17' title="bbox 87 986 1184 1040; baseline 0.001 -18"><span class='ocrx_word' id='word_1_119' title='bbox 87 990 105 1022; x_wconf 83' lang='lat'>7</span> <span class='ocrx_word' id='word_1_120' title='bbox 155 990 266 1040; x_wconf 80' lang='lat' dir='ltr'>‘gram</span> <span class='ocrx_word' id='word_1_121' title='bbox 298 986 499 1023; x_wconf 89' lang='lat' dir='ltr'>obtinebis’.</span> <span class='ocrx_word' id='word_1_122' title='bbox 555 986 593 1023; x_wconf 87' lang='lat' dir='ltr'>Si</span> <span class='ocrx_word' id='word_1_123' title='bbox 623 997 715 1023; x_wconf 88' lang='lat' dir='ltr'>uxor</span> <span class='ocrx_word' id='word_1_124' title='bbox 744 997 819 1023; x_wconf 90' lang='lat' dir='ltr'>rem</span> <span class='ocrx_word' id='word_1_125' title='bbox 853 991 937 1022; x_wconf 91' lang='lat' dir='ltr'>emit</span> <span class='ocrx_word' id='word_1_126' title='bbox 968 991 1004 1023; x_wconf 91' lang='lat' dir='ltr'>et</span> <span class='ocrx_word' id='word_1_127' title='bbox 1033 988 1184 1023; x_wconf 86' lang='lat' dir='ltr'>maritus</span> 
     </span>
     <span class='ocr_line' id='line_1_18' title="bbox 85 1032 1185 1078; baseline 0.001 -10"><span class='ocrx_word' id='word_1_128' title='bbox 85 1036 238 1078; x_wconf 83' lang='lat' dir='ltr'>pretium</span> <span class='ocrx_word' id='word_1_129' title='bbox 267 1043 334 1078; x_wconf 89' lang='lat' dir='ltr'>pro</span> <span class='ocrx_word' id='word_1_130' title='bbox 367 1042 411 1068; x_wconf 87' lang='lat' dir='ltr'>ea</span> <span class='ocrx_word' id='word_1_131' title='bbox 440 1032 659 1076; x_wconf 80' lang='lat' dir='ltr'>numeravit,</span> <span class='ocrx_word' id='word_1_132' title='bbox 700 1032 880 1068; x_wconf 88' lang='lat' dir='ltr'>interdum</span> <span class='ocrx_word' id='word_1_133' title='bbox 913 1033 1104 1069; x_wconf 89' lang='lat' dir='ltr'>dicendum</span> <span class='ocrx_word' id='word_1_134' title='bbox 1128 1037 1185 1069; x_wconf 90' lang='lat' dir='ltr'>est</span> 
     </span>
     <span class='ocr_line' id='line_1_19' title="bbox 85 1078 1185 1124; baseline 0.001 -11"><span class='ocrx_word' id='word_1_135' title='bbox 85 1082 201 1114; x_wconf 89' lang='lat' dir='ltr'>totum</span> <span class='ocrx_word' id='word_1_136' title='bbox 224 1089 246 1113; x_wconf 93' lang='lat' dir='ltr'>a</span> <span class='ocrx_word' id='word_1_137' title='bbox 269 1078 415 1114; x_wconf 84' lang='lat' dir='ltr'>muliere</span> <span class='ocrx_word' id='word_1_138' title='bbox 437 1078 683 1124; x_wconf 89' lang='lat' dir='ltr'>repetendum,</span> <span class='ocrx_word' id='word_1_139' title='bbox 709 1078 811 1123; x_wconf 92' lang='lat' dir='ltr'>quasi</span> <span class='ocrx_word' id='word_1_140' title='bbox 833 1078 1048 1123; x_wconf 86' lang='lat' dir='ltr'>locupletior</span> <span class='ocrx_word' id='word_1_141' title='bbox 1072 1089 1117 1115; x_wconf 83' lang='lat' dir='ltr'>ex</span> <span class='ocrx_word' id='word_1_142' title='bbox 1141 1089 1185 1114; x_wconf 87' lang='lat' dir='ltr'>ea</span> 
     </span>
     <span class='ocr_line' id='line_1_20' title="bbox 84 1123 1184 1169; baseline 0 -10"><span class='ocrx_word' id='word_1_143' title='bbox 84 1123 122 1158; x_wconf 90' lang='lat' dir='ltr'>in</span> <span class='ocrx_word' id='word_1_144' title='bbox 146 1123 299 1159; x_wconf 91' lang='lat' dir='ltr'>solidum</span> <span class='ocrx_word' id='word_1_145' title='bbox 328 1123 428 1159; x_wconf 87' lang='lat' dir='ltr'>facta</span> <span class='ocrx_word' id='word_1_146' title='bbox 451 1123 516 1159; x_wconf 85' lang='lat' dir='ltr'>sit:</span> <span class='ocrx_word' id='word_1_147' title='bbox 548 1127 591 1159; x_wconf 94' lang='lat' dir='ltr'>ut</span> <span class='ocrx_word' id='word_1_148' title='bbox 621 1127 712 1169; x_wconf 86' lang='lat' dir='ltr'>puta</span> <span class='ocrx_word' id='word_1_149' title='bbox 742 1124 773 1159; x_wconf 90' lang='lat' dir='ltr'>si</span> <span class='ocrx_word' id='word_1_150' title='bbox 805 1123 889 1159; x_wconf 91' lang='lat' dir='ltr'>emit</span> <span class='ocrx_word' id='word_1_151' title='bbox 920 1124 1085 1169; x_wconf 62' lang='lat' dir='ltr'>quidem-⁶</span> <span class='ocrx_word' id='word_1_152' title='bbox 1108 1134 1184 1160; x_wconf 90' lang='lat' dir='ltr'>rem</span> 
     </span>
     <span class='ocr_line' id='line_1_21' title="bbox 84 1168 1183 1214; baseline 0.001 -10"><span class='ocrx_word' id='word_1_153' title='bbox 84 1169 211 1205; x_wconf 93' lang='lat' dir='ltr'>mulier</span> <span class='ocrx_word' id='word_1_154' title='bbox 234 1173 270 1204; x_wconf 92' lang='lat' dir='ltr'>et</span> <span class='ocrx_word' id='word_1_155' title='bbox 292 1168 473 1204; x_wconf 79' lang='lat' dir='ltr'>debebat⁶</span> <span class='ocrx_word' id='word_1_156' title='bbox 495 1168 704 1214; x_wconf 89' lang='lat' dir='ltr'>pecuniam,</span> <span class='ocrx_word' id='word_1_157' title='bbox 728 1168 878 1204; x_wconf 87' lang='lat' dir='ltr'>maritus</span> <span class='ocrx_word' id='word_1_158' title='bbox 910 1173 1030 1205; x_wconf 89' lang='lat' dir='ltr'>autem</span> <span class='ocrx_word' id='word_1_159' title='bbox 1054 1179 1076 1205; x_wconf 90' lang='lat' dir='ltr'>a</span> <span class='ocrx_word' id='word_1_160' title='bbox 1097 1180 1183 1205; x_wconf 85' lang='lat' dir='ltr'>ven-</span> 
     </span>
     <span class='ocr_line' id='line_1_22' title="bbox 84 1214 1184 1260; baseline 0.001 -11"><span class='ocrx_word' id='word_1_161' title='bbox 84 1214 201 1250; x_wconf 90' lang='lat' dir='ltr'>ditore</span> <span class='ocrx_word' id='word_1_162' title='bbox 233 1224 311 1250; x_wconf 89' lang='lat' dir='ltr'>eam</span> <span class='ocrx_word' id='word_1_163' title='bbox 341 1214 523 1249; x_wconf 86' lang='lat' dir='ltr'>liberavit:</span> <span class='ocrx_word' id='word_1_164' title='bbox 565 1214 651 1260; x_wconf 91' lang='lat' dir='ltr'>quid</span> <span class='ocrx_word' id='word_1_165' title='bbox 683 1214 777 1250; x_wconf 91' lang='lat' dir='ltr'>enim</span> <span class='ocrx_word' id='word_1_166' title='bbox 815 1214 984 1258; x_wconf 87' lang='lat' dir='ltr'>interest,</span> <span class='ocrx_word' id='word_1_167' title='bbox 1017 1215 1184 1251; x_wconf 85' lang='lat' dir='ltr'>creditori</span> 
     </span>
     <span class='ocr_line' id='line_1_23' title="bbox 86 1259 1183 1305; baseline 0.001 -10"><span class='ocrx_word' id='word_1_168' title='bbox 86 1261 106 1295; x_wconf 89' lang='lat'>8</span> <span class='ocrx_word' id='word_1_169' title='bbox 153 1260 268 1296; x_wconf 85' lang='lat' dir='ltr'>solvat</span> <span class='ocrx_word' id='word_1_170' title='bbox 291 1270 339 1295; x_wconf 89' lang='lat' dir='ltr'>an</span> <span class='ocrx_word' id='word_1_171' title='bbox 361 1259 562 1295; x_wconf 83' lang='lat' dir='ltr'>venditori?</span> <span class='ocrx_word' id='word_1_172' title='bbox 610 1259 744 1296; x_wconf 84' lang='lat' dir='ltr'>⁷Uxori</span> <span class='ocrx_word' id='word_1_173' title='bbox 768 1260 847 1305; x_wconf 92' lang='lat' dir='ltr'>quis</span> <span class='ocrx_word' id='word_1_174' title='bbox 872 1259 1018 1296; x_wconf 87' lang='lat' dir='ltr'>donavit</span> <span class='ocrx_word' id='word_1_175' title='bbox 1041 1271 1183 1296; x_wconf 89' lang='lat' dir='ltr'>servum</span> 
     </span>
     <span class='ocr_line' id='line_1_24' title="bbox 83 1305 1183 1348; baseline 0.001 -8"><span class='ocrx_word' id='word_1_176' title='bbox 83 1305 146 1348; x_wconf 89' lang='lat' dir='ltr'>ita,</span> <span class='ocrx_word' id='word_1_177' title='bbox 171 1309 213 1341; x_wconf 92' lang='lat' dir='ltr'>ut</span> <span class='ocrx_word' id='word_1_178' title='bbox 236 1315 316 1341; x_wconf 89' lang='lat' dir='ltr'>euni</span> <span class='ocrx_word' id='word_1_179' title='bbox 338 1305 436 1340; x_wconf 89' lang='lat' dir='ltr'>intra</span> <span class='ocrx_word' id='word_1_180' title='bbox 458 1315 593 1340; x_wconf 89' lang='lat' dir='ltr'>annum</span> <span class='ocrx_word' id='word_1_181' title='bbox 606 1305 892 1341; x_wconf 84' lang='lat' dir='ltr'>manumitteret:</span> <span class='ocrx_word' id='word_1_182' title='bbox 919 1316 977 1348; x_wconf 93' lang='lat' dir='ltr'>an,</span> <span class='ocrx_word' id='word_1_183' title='bbox 1003 1306 1034 1341; x_wconf 92' lang='lat' dir='ltr'>si</span> <span class='ocrx_word' id='word_1_184' title='bbox 1056 1305 1183 1342; x_wconf 91' lang='lat' dir='ltr'>mulier</span> 
     </span>
     <span class='ocr_line' id='line_1_25' title="bbox 84 1350 1182 1393; baseline 0.001 -7"><span class='ocrx_word' id='word_1_185' title='bbox 84 1361 157 1386; x_wconf 91' lang='lat' dir='ltr'>non</span> <span class='ocrx_word' id='word_1_186' title='bbox 181 1350 300 1387; x_wconf 92' lang='lat' dir='ltr'>obtem</span> <span class='ocrx_word' id='word_1_187' title='bbox 327 1354 402 1386; x_wconf 89' lang='lat' dir='ltr'>eret</span> <span class='ocrx_word' id='word_1_188' title='bbox 422 1350 617 1393; x_wconf 85' lang='lat' dir='ltr'>voluntati,</span> <span class='ocrx_word' id='word_1_189' title='bbox 651 1350 858 1386; x_wconf 89' lang='lat' dir='ltr'>constitutio</span> <span class='ocrx_word' id='word_1_190' title='bbox 884 1351 954 1386; x_wconf 91' lang='lat' dir='ltr'>divi</span> <span class='ocrx_word' id='word_1_191' title='bbox 976 1351 1095 1387; x_wconf 89' lang='lat' dir='ltr'>Marci</span> <span class='ocrx_word' id='word_1_192' title='bbox 1116 1351 1182 1387; x_wconf 92' lang='lat' dir='ltr'>im-</span> 
     </span>
     <span class='ocr_line' id='line_1_26' title="bbox 83 1396 1183 1441; baseline 0.001 -10"><span class='ocrx_word' id='word_1_193' title='bbox 83 1399 196 1441; x_wconf 86' lang='lat' dir='ltr'>ponat</span> <span class='ocrx_word' id='word_1_194' title='bbox 219 1396 252 1431; x_wconf 89' lang='lat' dir='ltr'>ei</span> <span class='ocrx_word' id='word_1_195' title='bbox 275 1396 300 1431; x_wconf 86' lang='lat' dir='ltr'>li</span> <span class='ocrx_word' id='word_1_196' title='bbox 328 1399 496 1439; x_wconf 88' lang='lat' dir='ltr'>ertatem,</span> <span class='ocrx_word' id='word_1_197' title='bbox 529 1396 560 1431; x_wconf 90' lang='lat' dir='ltr'>si</span> <span class='ocrx_word' id='word_1_198' title='bbox 589 1396 643 1431; x_wconf 89' lang='lat' dir='ltr'>vir</span> <span class='ocrx_word' id='word_1_199' title='bbox 673 1396 729 1431; x_wconf 90' lang='lat' dir='ltr'>vel</span> <span class='ocrx_word' id='word_1_200' title='bbox 760 1396 845 1432; x_wconf 88' lang='lat' dir='ltr'>vivit</span> <span class='ocrx_word' id='word_1_201' title='bbox 879 1397 934 1432; x_wconf 86' lang='lat' dir='ltr'>vel</span> <span class='ocrx_word' id='word_1_202' title='bbox 958 1396 1066 1432; x_wconf 88' lang='lat' dir='ltr'>etiam</span> <span class='ocrx_word' id='word_1_203' title='bbox 1090 1396 1183 1432; x_wconf 87' lang='lat' dir='ltr'>diem</span> 
     </span>
    </p>
   </div>
   <div class='ocr_carea' id='block_1_3' title="bbox 8 1419 1182 1532">
    <p class='ocr_par' dir='ltr' id='par_1_3' title="bbox 8 1419 1182 1532">
     <span class='ocr_line' id='line_1_27' title="bbox 8 1419 1182 1486; baseline 0.001 -10"><span class='ocrx_word' id='word_1_204' title='bbox 8 1419 17 1466; x_wconf 23' lang='lat' dir='ltr'>*f</span> <span class='ocrx_word' id='word_1_205' title='bbox 83 1451 187 1477; x_wconf 88' lang='lat' dir='ltr'>suum</span> <span class='ocrx_word' id='word_1_206' title='bbox 211 1441 365 1477; x_wconf 81' lang='lat' dir='ltr'>obierit?</span> <span class='ocrx_word' id='word_1_207' title='bbox 389 1445 425 1477; x_wconf 84' lang='lat' dir='ltr'>et</span> <span class='ocrx_word' id='word_1_208' title='bbox 449 1441 501 1476; x_wconf 87' lang='lat' dir='ltr'>ait</span> <span class='ocrx_word' id='word_1_209' title='bbox 522 1441 756 1486; x_wconf 83' lang='lat' dir='ltr'>Papinianus,</span> <span class='ocrx_word' id='word_1_210' title='bbox 782 1452 864 1477; x_wconf 88' lang='lat' dir='ltr'>cum</span> <span class='ocrx_word' id='word_1_211' title='bbox 885 1441 1008 1477; x_wconf 88' lang='lat' dir='ltr'>Sabini</span> <span class='ocrx_word' id='word_1_212' title='bbox 1032 1442 1079 1478; x_wconf 89' lang='lat' dir='ltr'>sit</span> <span class='ocrx_word' id='word_1_213' title='bbox 1101 1452 1182 1478; x_wconf 88' lang='lat' dir='ltr'>sen-</span> 
     </span>
     <span class='ocr_line' id='line_1_28' title="bbox 12 1486 510 1532; baseline 0.002 -11"><span class='ocrx_word' id='word_1_214' title='bbox 12 1499 16 1501; x_wconf 95' lang='lat'>·</span> <span class='ocrx_word' id='word_1_215' title='bbox 83 1486 198 1522; x_wconf 88' lang='lat' dir='ltr'>tentia</span> <span class='ocrx_word' id='word_1_216' title='bbox 228 1490 392 1532; x_wconf 88' lang='lat' dir='ltr'>recepta,</span> <span class='ocrx_word' id='word_1_217' title='bbox 425 1487 510 1532; x_wconf 87' lang='lat' dir='ltr'>qui⁸</span> 
     </span>
    </p>
   </div>
   <div class='ocr_carea' id='block_1_4' title="bbox 558 1486 1183 1532">
    <p class='ocr_par' dir='ltr' id='par_1_4' title="bbox 558 1486 1183 1532">
     <span class='ocr_line' id='line_1_29' title="bbox 558 1486 1183 1532; baseline 0.002 -10"><span class='ocrx_word' id='word_1_218' title='bbox 558 1490 664 1532; x_wconf 87' lang='lat' dir='ltr'>putat</span> <span class='ocrx_word' id='word_1_219' title='bbox 701 1490 789 1523; x_wconf 90' lang='lat' dir='ltr'>tunc</span> <span class='ocrx_word' id='word_1_220' title='bbox 824 1486 903 1522; x_wconf 86' lang='lat' dir='ltr'>fieri</span> <span class='ocrx_word' id='word_1_221' title='bbox 934 1497 1075 1524; x_wconf 84' lang='lat' dir='ltr'>servum</span> <span class='ocrx_word' id='word_1_222' title='bbox 1107 1487 1183 1523; x_wconf 89' lang='lat' dir='ltr'>eius</span> 
     </span>
    </p>
   </div>
   <div class='ocr_carea' id='block_1_5' title="bbox 10 1531 1184 1896">
    <p class='ocr_par' dir='ltr' id='par_1_5' title="bbox 10 1531 1184 1670">
     <span class='ocr_line' id='line_1_30' title="bbox 10 1531 1184 1579; baseline 0.002 -12"><span class='ocrx_word' id='word_1_223' title='bbox 10 1544 15 1562; x_wconf 83' lang='lat'>=</span> <span class='ocrx_word' id='word_1_224' title='bbox 84 1532 144 1568; x_wconf 92' lang='lat' dir='ltr'>cui</span> <span class='ocrx_word' id='word_1_225' title='bbox 174 1531 351 1575; x_wconf 89' lang='lat' dir='ltr'>donatur,</span> <span class='ocrx_word' id='word_1_226' title='bbox 384 1542 466 1568; x_wconf 90' lang='lat' dir='ltr'>cum</span> <span class='ocrx_word' id='word_1_227' title='bbox 496 1532 656 1578; x_wconf 89' lang='lat' dir='ltr'>coeperit</span> <span class='ocrx_word' id='word_1_228' title='bbox 687 1532 834 1569; x_wconf 87' lang='lat' dir='ltr'>libertas</span> <span class='ocrx_word' id='word_1_229' title='bbox 865 1532 1001 1578; x_wconf 89' lang='lat' dir='ltr'>imponi</span> <span class='ocrx_word' id='word_1_230' title='bbox 1030 1533 1184 1579; x_wconf 89' lang='lat' dir='ltr'>ideoque</span> 
     </span>
     <span class='ocr_line' id='line_1_31' title="bbox 10 1577 1182 1632; baseline 0.001 -19"><span class='ocrx_word' id='word_1_231' title='bbox 10 1589 21 1614; x_wconf 69' lang='grc' dir='ltr'>ι,</span> <span class='ocrx_word' id='word_1_232' title='bbox 83 1587 150 1613; x_wconf 92' lang='lat' dir='ltr'>nec</span> <span class='ocrx_word' id='word_1_233' title='bbox 174 1577 205 1613; x_wconf 88' lang='lat' dir='ltr'>si</span> <span class='ocrx_word' id='word_1_234' title='bbox 227 1577 314 1613; x_wconf 89' lang='lat' dir='ltr'>velit</span> <span class='ocrx_word' id='word_1_235' title='bbox 332 1578 458 1614; x_wconf 90' lang='lat' dir='ltr'>mulier</span> <span class='ocrx_word' id='word_1_236' title='bbox 479 1581 564 1623; x_wconf 90' lang='lat' dir='ltr'>post</span> <span class='ocrx_word' id='word_1_237' title='bbox 580 1581 745 1614; x_wconf 88' lang='lat' dir='ltr'>exactum</span> <span class='ocrx_word' id='word_1_238' title='bbox 760 1581 902 1624; x_wconf 89' lang='lat' dir='ltr'>tempus</span> <span class='ocrx_word' id='word_1_239' title='bbox 921 1578 1037 1632; x_wconf 81' lang='lat' dir='ltr'>possit</span> <span class='ocrx_word' id='word_1_240' title='bbox 1054 1588 1182 1614; x_wconf 90' lang='lat' dir='ltr'>manu-</span> 
     </span>
     <span class='ocr_line' id='line_1_32' title="bbox 12 1623 1182 1670; baseline 0.001 -12"><span class='ocrx_word' id='word_1_241' title='bbox 12 1641 16 1670; x_wconf 63' lang='lat'>2.</span> <span class='ocrx_word' id='word_1_242' title='bbox 83 1623 234 1666; x_wconf 87' lang='lat' dir='ltr'>mittere,</span> <span class='ocrx_word' id='word_1_243' title='bbox 258 1627 357 1659; x_wconf 88' lang='lat' dir='ltr'>recte</span> <span class='ocrx_word' id='word_1_244' title='bbox 380 1623 452 1659; x_wconf 91' lang='lat' dir='ltr'>dici</span> <span class='ocrx_word' id='word_1_245' title='bbox 485 1634 559 1659; x_wconf 93' lang='lat' dir='ltr'>non</span> <span class='ocrx_word' id='word_1_246' title='bbox 590 1632 669 1659; x_wconf 89' lang='lat' dir='ltr'>esse</span> <span class='ocrx_word' id='word_1_247' title='bbox 692 1623 942 1660; x_wconf 89' lang='lat' dir='ltr'>constitutiom</span> <span class='ocrx_word' id='word_1_248' title='bbox 972 1625 1093 1660; x_wconf 92' lang='lat' dir='ltr'>locum</span> <span class='ocrx_word' id='word_1_249' title='bbox 1114 1634 1182 1660; x_wconf 90' lang='lat' dir='ltr'>nec</span> 
     </span>
    </p>

    <p class='ocr_par' dir='ltr' id='par_1_6' title="bbox 12 1668 1183 1899">
     <span class='ocr_line' id='line_1_33' title="bbox 84 1668 1180 1714; baseline 0.001 -10"><span class='ocrx_word' id='word_1_250' title='bbox 84 1668 303 1704; x_wconf 89' lang='lat' dir='ltr'>voluntatem</span> <span class='ocrx_word' id='word_1_251' title='bbox 335 1668 455 1704; x_wconf 89' lang='lat' dir='ltr'>mariti</span> <span class='ocrx_word' id='word_1_252' title='bbox 484 1678 593 1714; x_wconf 90' lang='lat' dir='ltr'>posse</span> <span class='ocrx_word' id='word_1_253' title='bbox 624 1669 873 1705; x_wconf 84' lang='lat' dir='ltr'>constitutioni</span> <span class='ocrx_word' id='word_1_254' title='bbox 903 1669 1025 1705; x_wconf 88' lang='lat' dir='ltr'>locum</span> <span class='ocrx_word' id='word_1_255' title='bbox 1047 1669 1180 1712; x_wconf 89' lang='lat' dir='ltr'>facere,</span> 
     </span>
     <span class='ocr_line' id='line_1_34' title="bbox 85 1714 1183 1761; baseline 0.001 -11.938"><span class='ocrx_word' id='word_1_256' title='bbox 85 1724 166 1749; x_wconf 88' lang='lat' dir='ltr'>cuin</span> <span class='ocrx_word' id='word_1_257' title='bbox 207 1714 393 1760; x_wconf 86' lang='lat' dir='ltr'>proprium</span> <span class='ocrx_word' id='word_1_258' title='bbox 433 1724 574 1750; x_wconf 87' lang='lat' dir='ltr'>servum</span> <span class='ocrx_word' id='word_1_259' title='bbox 615 1714 731 1760; x_wconf 87' lang='lat' dir='ltr'>possit</span> <span class='ocrx_word' id='word_1_260' title='bbox 772 1715 1041 1751; x_wconf 86' lang='lat' dir='ltr'>manumittere:</span> <span class='ocrx_word' id='word_1_261' title='bbox 1090 1725 1183 1761; x_wconf 88' lang='lat' dir='ltr'>quae</span> 
     </span>
     <span class='ocr_line' id='line_1_35' title="bbox 12 1759 1183 1813; baseline 0.001 -19"><span class='ocrx_word' id='word_1_262' title='bbox 12 1775 18 1794; x_wconf 67' lang='lat' dir='ltr'><em>z</em></span> <span class='ocrx_word' id='word_1_263' title='bbox 85 1759 261 1796; x_wconf 87' lang='lat' dir='ltr'>sententia</span> <span class='ocrx_word' id='word_1_264' title='bbox 291 1760 376 1794; x_wconf 91' lang='lat' dir='ltr'>mihi</span> <span class='ocrx_word' id='word_1_265' title='bbox 408 1770 550 1813; x_wconf 82' lang='lat' dir='ltr'>quoque</span> <span class='ocrx_word' id='word_1_266' title='bbox 580 1760 773 1805; x_wconf 87' lang='lat' dir='ltr'>probatur,</span> <span class='ocrx_word' id='word_1_267' title='bbox 807 1760 891 1813; x_wconf 89' lang='lat' dir='ltr'>quia</span> <span class='ocrx_word' id='word_1_268' title='bbox 921 1760 1086 1797; x_wconf 87' lang='lat' dir='ltr'>venditor</span> <span class='ocrx_word' id='word_1_269' title='bbox 1109 1760 1183 1797; x_wconf 89' lang='lat' dir='ltr'>sive</span> 
     </span>
     <span class='ocr_line' id='line_1_36' title="bbox 12 1804 1182 1852; baseline 0.001 -12"><span class='ocrx_word' id='word_1_270' title='bbox 12 1808 22 1845; x_wconf 89' lang='lat'><em>5</em></span> <span class='ocrx_word' id='word_1_271' title='bbox 86 1804 237 1840; x_wconf 83' lang='lat' dir='ltr'>donator</span> <span class='ocrx_word' id='word_1_272' title='bbox 266 1815 339 1841; x_wconf 93' lang='lat' dir='ltr'>non</span> <span class='ocrx_word' id='word_1_273' title='bbox 364 1805 433 1840; x_wconf 88' lang='lat' dir='ltr'>sibi</span> <span class='ocrx_word' id='word_1_274' title='bbox 455 1805 531 1840; x_wconf 91' lang='lat' dir='ltr'>vult</span> <span class='ocrx_word' id='word_1_275' title='bbox 553 1805 666 1851; x_wconf 85' lang='lat' dir='ltr'>legem</span> <span class='ocrx_word' id='word_1_276' title='bbox 688 1805 825 1851; x_wconf 91' lang='lat' dir='ltr'>impom</span> <span class='ocrx_word' id='word_1_277' title='bbox 854 1816 922 1842; x_wconf 91' lang='lat' dir='ltr'>nec</span> <span class='ocrx_word' id='word_1_278' title='bbox 953 1809 1093 1852; x_wconf 86' lang='lat' dir='ltr'>potest,</span> <span class='ocrx_word' id='word_1_279' title='bbox 1118 1805 1182 1842; x_wconf 89' lang='lat' dir='ltr'>sed</span> 
     </span>
     <span class='ocr_line' id='line_1_37' title="bbox 86 1850 1182 1896; baseline 0.001 -9.94"><span class='ocrx_word' id='word_1_280' title='bbox 86 1850 117 1886; x_wconf 82' lang='lat' dir='ltr'>ei</span> <span class='ocrx_word' id='word_1_281' title='bbox 139 1850 201 1896; x_wconf 89' lang='lat' dir='ltr'>qui</span> <span class='ocrx_word' id='word_1_282' title='bbox 231 1850 392 1896; x_wconf 87' lang='lat' dir='ltr'>accepit:</span> <span class='ocrx_word' id='word_1_283' title='bbox 436 1850 590 1886; x_wconf 89' lang='lat' dir='ltr'>dominio</span> <span class='ocrx_word' id='word_1_284' title='bbox 622 1850 634 1885; x_wconf 95' lang='lat' dir='ltr'>i</span> <span class='ocrx_word' id='word_1_285' title='bbox 660 1850 730 1886; x_wconf 86' lang='lat' dir='ltr'>&#39;tur</span> <span class='ocrx_word' id='word_1_286' title='bbox 759 1860 871 1896; x_wconf 88' lang='lat' dir='ltr'>penes</span> <span class='ocrx_word' id='word_1_287' title='bbox 903 1862 943 1887; x_wconf 89' lang='lat' dir='ltr'>se</span> <span class='ocrx_word' id='word_1_288' title='bbox 973 1854 1182 1887; x_wconf 83' lang='lat' dir='ltr'>remanente</span> 
     </span>
    </p>
   </div>
   <div class='ocr_carea' id='block_1_6' title="bbox 88 1895 1181 1949">
    <p class='ocr_par' dir='ltr' id='par_1_7' title="bbox 88 1895 1181 1949">
     <span class='ocr_line' id='line_1_38' title="bbox 88 1895 1181 1949; baseline 0.001 -18"><span class='ocrx_word' id='word_1_289' title='bbox 88 1897 129 1948; x_wconf 47' lang='lat' dir='ltr'>B·</span> <span class='ocrx_word' id='word_1_290' title='bbox 151 1905 378 1949; x_wconf 74' lang='lat' dir='ltr'>nequaquam</span> <span class='ocrx_word' id='word_1_291' title='bbox 402 1895 569 1931; x_wconf 87' lang='lat' dir='ltr'>effectum</span> <span class='ocrx_word' id='word_1_292' title='bbox 591 1896 640 1931; x_wconf 89' lang='lat' dir='ltr'>ha</span> <span class='ocrx_word' id='word_1_293' title='bbox 667 1896 740 1932; x_wconf 91' lang='lat' dir='ltr'>ebit</span> <span class='ocrx_word' id='word_1_294' title='bbox 763 1896 984 1933; x_wconf 90' lang='lat' dir='ltr'>constitutio.</span> <span class='ocrx_word' id='word_1_295' title='bbox 1027 1896 1181 1932; x_wconf 89' lang='lat' dir='ltr'>⁷Manu-</span> 
     </span>
    </p>
   </div>
   <div class='ocr_carea' id='block_1_7' title="bbox 22 1941 1182 1985">
    <p class='ocr_par' dir='ltr' id='par_1_8' title="bbox 22 1941 1182 1985">
     <span class='ocr_line' id='line_1_39' title="bbox 22 1941 1182 1985; baseline -0.001 -6"><span class='ocrx_word' id='word_1_296' title='bbox 22 1968 29 1980; x_wconf 49' lang='lat'><em>2</em></span> <span class='ocrx_word' id='word_1_297' title='bbox 86 1951 262 1977; x_wconf 89' lang='lat' dir='ltr'>missionis</span> <span class='ocrx_word' id='word_1_298' title='bbox 295 1951 407 1977; x_wconf 88' lang='lat' dir='ltr'>causa</span> <span class='ocrx_word' id='word_1_299' title='bbox 441 1941 588 1977; x_wconf 91' lang='lat' dir='ltr'>donatio</span> <span class='ocrx_word' id='word_1_300' title='bbox 619 1941 720 1977; x_wconf 85' lang='lat' dir='ltr'>facta</span> <span class='ocrx_word' id='word_1_301' title='bbox 751 1942 865 1985; x_wconf 85' lang='lat' dir='ltr'>valet,</span> <span class='ocrx_word' id='word_1_302' title='bbox 898 1942 984 1978; x_wconf 91' lang='lat' dir='ltr'>licet</span> <span class='ocrx_word' id='word_1_303' title='bbox 1014 1952 1088 1978; x_wconf 90' lang='lat' dir='ltr'>non</span> <span class='ocrx_word' id='word_1_304' title='bbox 1110 1942 1182 1978; x_wconf 92' lang='lat' dir='ltr'>hoc</span> 
     </span>
    </p>
   </div>
   <div class='ocr_carea' id='block_1_8' title="bbox 28 1986 1181 2034">
    <p class='ocr_par' dir='ltr' id='par_1_9' title="bbox 28 1986 1181 2034">
     <span class='ocr_line' id='line_1_40' title="bbox 28 1986 1181 2034; baseline 0.003 -15"><span class='ocrx_word' id='word_1_305' title='bbox 28 2006 34 2018; x_wconf 93' lang='grc'>-.</span> <span class='ocrx_word' id='word_1_306' title='bbox 83 1990 221 2032; x_wconf 85' lang='lat' dir='ltr'>agatur,</span> <span class='ocrx_word' id='word_1_307' title='bbox 247 1990 288 2022; x_wconf 91' lang='lat' dir='ltr'>ut</span> <span class='ocrx_word' id='word_1_308' title='bbox 311 1987 432 2022; x_wconf 90' lang='lat' dir='ltr'>statim</span> <span class='ocrx_word' id='word_1_309' title='bbox 456 1986 503 2022; x_wconf 90' lang='lat' dir='ltr'>ad</span> <span class='ocrx_word' id='word_1_310' title='bbox 525 1987 739 2030; x_wconf 88' lang='lat' dir='ltr'>libertatem,</span> <span class='ocrx_word' id='word_1_311' title='bbox 772 1987 836 2023; x_wconf 90' lang='lat' dir='ltr'>sed</span> <span class='ocrx_word' id='word_1_312' title='bbox 860 1987 1077 2034; x_wconf 89' lang='lat' dir='ltr'>quandoque</span> <span class='ocrx_word' id='word_1_313' title='bbox 1099 1997 1181 2033; x_wconf 91' lang='lat' dir='ltr'>per-</span> 
     </span>
    </p>
   </div>
   <div class='ocr_carea' id='block_1_9' title="bbox 84 2031 1181 2085">
    <p class='ocr_par' dir='ltr' id='par_1_10' title="bbox 84 2031 1181 2085">
     <span class='ocr_line' id='line_1_41' title="bbox 84 2031 1181 2085; baseline 0.001 -18"><span class='ocrx_word' id='word_1_314' title='bbox 84 2031 248 2068; x_wconf 88' lang='lat' dir='ltr'>ducatur.</span> <span class='ocrx_word' id='word_1_315' title='bbox 295 2032 445 2078; x_wconf 86' lang='lat' dir='ltr'>proinde</span> <span class='ocrx_word' id='word_1_316' title='bbox 476 2032 524 2075; x_wconf 91' lang='lat' dir='ltr'>si,</span> <span class='ocrx_word' id='word_1_317' title='bbox 557 2035 599 2067; x_wconf 87' lang='lat' dir='ltr'>ut</span> <span class='ocrx_word' id='word_1_318' title='bbox 621 2035 705 2085; x_wconf 87' lang='lat' dir='ltr'>post</span> <span class='ocrx_word' id='word_1_319' title='bbox 728 2036 866 2068; x_wconf 89' lang='lat' dir='ltr'>certum</span> <span class='ocrx_word' id='word_1_320' title='bbox 888 2036 1030 2079; x_wconf 86' lang='lat' dir='ltr'>tempus</span> <span class='ocrx_word' id='word_1_321' title='bbox 1053 2043 1181 2068; x_wconf 88' lang='lat' dir='ltr'>inanu-</span> 
     </span>
    </p>
   </div>
   <div class='ocr_carea' id='block_1_10' title="bbox 18 2077 1181 2170">
    <p class='ocr_par' dir='ltr' id='par_1_11' title="bbox 18 2072 1181 2170">
     <span class='ocr_line' id='line_1_42' title="bbox 83 2077 1180 2121; baseline 0.001 -7.945"><span class='ocrx_word' id='word_1_322' title='bbox 83 2077 221 2121; x_wconf 85' lang='lat' dir='ltr'>mittat,</span> <span class='ocrx_word' id='word_1_323' title='bbox 252 2077 358 2114; x_wconf 85' lang='lat' dir='ltr'>uxori</span> <span class='ocrx_word' id='word_1_324' title='bbox 389 2088 476 2113; x_wconf 88' lang='lat' dir='ltr'>suae</span> <span class='ocrx_word' id='word_1_325' title='bbox 506 2077 673 2121; x_wconf 77' lang='lat' dir='ltr'>tradidit,</span> <span class='ocrx_word' id='word_1_326' title='bbox 704 2081 792 2113; x_wconf 90' lang='lat' dir='ltr'>tunc</span> <span class='ocrx_word' id='word_1_327' title='bbox 825 2078 968 2114; x_wconf 91' lang='lat' dir='ltr'>demum</span> <span class='ocrx_word' id='word_1_328' title='bbox 1000 2078 1076 2114; x_wconf 88' lang='lat' dir='ltr'>eius</span> <span class='ocrx_word' id='word_1_329' title='bbox 1106 2078 1180 2121; x_wconf 89' lang='lat' dir='ltr'>fiet,</span> 
     </span>
     <span class='ocr_line' id='line_1_43' title="bbox 18 2123 1181 2170; baseline 0.001 -12"><span class='ocrx_word' id='word_1_330' title='bbox 18 2156 23 2169; x_wconf 31' lang='grc' dir='ltr'>ἒ</span> <span class='ocrx_word' id='word_1_331' title='bbox 84 2133 166 2158; x_wconf 88' lang='lat' dir='ltr'>cum</span> <span class='ocrx_word' id='word_1_332' title='bbox 196 2126 357 2168; x_wconf 90' lang='lat' dir='ltr'>tempore</span> <span class='ocrx_word' id='word_1_333' title='bbox 387 2123 534 2169; x_wconf 90' lang='lat' dir='ltr'>impleto</span> <span class='ocrx_word' id='word_1_334' title='bbox 565 2123 816 2159; x_wconf 85' lang='lat' dir='ltr'>manumittere</span> <span class='ocrx_word' id='word_1_335' title='bbox 848 2124 1027 2170; x_wconf 88' lang='lat' dir='ltr'>coeperit:</span> <span class='ocrx_word' id='word_1_336' title='bbox 1069 2134 1181 2170; x_wconf 92' lang='lat' dir='ltr'>quare</span> 
     </span>
    </p>
   </div>
   <div class='ocr_carea' id='block_1_11' title="bbox 84 2168 1180 2214">
    <p class='ocr_par' dir='ltr' id='par_1_12' title="bbox 84 2168 1180 2214">
     <span class='ocr_line' id='line_1_44' title="bbox 84 2168 1180 2214; baseline 0.002 -11"><span class='ocrx_word' id='word_1_337' title='bbox 84 2172 189 2204; x_wconf 88' lang='lat' dir='ltr'>antea</span> <span class='ocrx_word' id='word_1_338' title='bbox 212 2168 494 2204; x_wconf 90' lang='lat' dir='ltr'>manumittendo</span> <span class='ocrx_word' id='word_1_339' title='bbox 525 2168 614 2204; x_wconf 93' lang='lat' dir='ltr'>nihil</span> <span class='ocrx_word' id='word_1_340' title='bbox 645 2169 728 2214; x_wconf 88' lang='lat' dir='ltr'>agit.</span> <span class='ocrx_word' id='word_1_341' title='bbox 761 2179 845 2204; x_wconf 90' lang='lat' dir='ltr'>nam</span> <span class='ocrx_word' id='word_1_342' title='bbox 877 2172 914 2205; x_wconf 92' lang='lat' dir='ltr'>et</span> <span class='ocrx_word' id='word_1_343' title='bbox 942 2169 1032 2205; x_wconf 93' lang='lat' dir='ltr'>illud</span> <span class='ocrx_word' id='word_1_344' title='bbox 1064 2169 1180 2205; x_wconf 88' lang='lat' dir='ltr'>scien-</span> 
     </span>
    </p>
   </div>
   <div class='ocr_carea' id='block_1_12' title="bbox 24 2213 1181 2303">
    <p class='ocr_par' dir='ltr' id='par_1_13' title="bbox 18 2208 1181 2303">
     <span class='ocr_line' id='line_1_45' title="bbox 28 2213 1181 2260; baseline 0 -11"><span class='ocrx_word' id='word_1_345' title='bbox 28 2219 31 2226; x_wconf 77' lang='lat'><em>&#39;</em></span> <span class='ocrx_word' id='word_1_346' title='bbox 85 2213 169 2249; x_wconf 89' lang='lat' dir='ltr'>dum</span> <span class='ocrx_word' id='word_1_347' title='bbox 189 2217 261 2249; x_wconf 89' lang='lat' dir='ltr'>est:</span> <span class='ocrx_word' id='word_1_348' title='bbox 287 2214 318 2249; x_wconf 92' lang='lat' dir='ltr'>si</span> <span class='ocrx_word' id='word_1_349' title='bbox 335 2214 441 2250; x_wconf 88' lang='lat' dir='ltr'>uxori</span> <span class='ocrx_word' id='word_1_350' title='bbox 460 2214 538 2260; x_wconf 89' lang='lat' dir='ltr'>quis</span> <span class='ocrx_word' id='word_1_351' title='bbox 561 2224 648 2249; x_wconf 90' lang='lat' dir='ltr'>suae</span> <span class='ocrx_word' id='word_1_352' title='bbox 669 2214 867 2258; x_wconf 84' lang='lat' dir='ltr'>donaverit,</span> <span class='ocrx_word' id='word_1_353' title='bbox 887 2217 930 2251; x_wconf 91' lang='lat' dir='ltr'>ut</span> <span class='ocrx_word' id='word_1_354' title='bbox 939 2214 1036 2251; x_wconf 89' lang='lat' dir='ltr'>intra</span> <span class='ocrx_word' id='word_1_355' title='bbox 1048 2225 1181 2250; x_wconf 87' lang='lat' dir='ltr'>annum</span> 
     </span>
     <span class='ocr_line' id='line_1_46' title="bbox 24 2259 1180 2303; baseline 0.001 -9"><span class='ocrx_word' id='word_1_356' title='bbox 24 2290 26 2293; x_wconf 88' lang='lat'><em>.</em></span> <span class='ocrx_word' id='word_1_357' title='bbox 83 2259 323 2302; x_wconf 87' lang='lat' dir='ltr'>manumittat,</span> <span class='ocrx_word' id='word_1_358' title='bbox 349 2259 477 2294; x_wconf 89' lang='lat' dir='ltr'>deinde</span> <span class='ocrx_word' id='word_1_359' title='bbox 490 2269 569 2295; x_wconf 69' lang='lat' dir='ltr'>vnon</span> <span class='ocrx_word' id='word_1_360' title='bbox 587 2259 834 2295; x_wconf 89' lang='lat' dir='ltr'>manumiserit</span> <span class='ocrx_word' id='word_1_361' title='bbox 857 2270 900 2296; x_wconf 87' lang='lat' dir='ltr'>ea</span> <span class='ocrx_word' id='word_1_362' title='bbox 918 2259 1015 2296; x_wconf 90' lang='lat' dir='ltr'>intra</span> <span class='ocrx_word' id='word_1_363' title='bbox 1034 2270 1180 2303; x_wconf 91' lang='lat' dir='ltr'>annum,</span> 
     </span>
    </p>
   </div>
   <div class='ocr_carea' id='block_1_13' title="bbox 30 2304 733 2351">
    <p class='ocr_par' dir='ltr' id='par_1_14' title="bbox 30 2304 733 2351">
     <span class='ocr_line' id='line_1_47' title="bbox 30 2304 733 2351; baseline 0.001 -12"><span class='ocrx_word' id='word_1_364' title='bbox 30 2314 33 2315; x_wconf 49' lang='lat'><em>⁷</em></span> <span class='ocrx_word' id='word_1_365' title='bbox 82 2307 210 2350; x_wconf 89' lang='lat' dir='ltr'>postea</span> <span class='ocrx_word' id='word_1_366' title='bbox 231 2304 513 2341; x_wconf 88' lang='lat' dir='ltr'>manumittendo</span> <span class='ocrx_word' id='word_1_367' title='bbox 537 2304 626 2339; x_wconf 91' lang='lat' dir='ltr'>nihil</span> <span class='ocrx_word' id='word_1_368' title='bbox 650 2305 733 2351; x_wconf 87' lang='lat' dir='ltr'>agit.</span> 
     </span>
    </p>
   </div>
   <div class='ocr_carea' id='block_1_14' title="bbox 129 2347 1181 2398">
    <p class='ocr_par' dir='ltr' id='par_1_15' title="bbox 129 2347 1181 2398">
     <span class='ocr_line' id='line_1_48' title="bbox 129 2347 1181 2398; baseline -0.001 -11"><span class='ocrx_word' id='word_1_369' title='bbox 129 2347 155 2387; x_wconf 89' lang='grc'>8</span> <span class='ocrx_word' id='word_1_370' title='bbox 183 2349 307 2386; x_wconf 77' lang='lat' dir='ltr'>GAws</span> <span class='ocrx_word' id='word_1_371' title='bbox 339 2350 430 2386; x_wconf 83' lang='lat' dir='ltr'>libro</span> <span class='ocrx_word' id='word_1_372' title='bbox 461 2349 652 2386; x_wconf 74' lang='lat' dir='ltr'>undecimo</span> <span class='ocrx_word' id='word_1_373' title='bbox 685 2350 736 2386; x_wconf 89' lang='lat' dir='ltr'>ad</span> <span class='ocrx_word' id='word_1_374' title='bbox 764 2350 920 2387; x_wconf 79' lang='lat' dir='ltr'>edictum</span> <span class='ocrx_word' id='word_1_375' title='bbox 947 2349 1181 2398; x_wconf 79' lang='lat' dir='ltr'>provinciale</span> 
     </span>
    </p>
   </div>
   <div class='ocr_carea' id='block_1_15' title="bbox 29 2395 1180 2441">
    <p class='ocr_par' dir='ltr' id='par_1_16' title="bbox 24 2393 1180 2441">
     <span class='ocr_line' id='line_1_49' title="bbox 29 2395 1180 2441; baseline 0.002 -10.991"><span class='ocrx_word' id='word_1_376' title='bbox 29 2428 32 2432; x_wconf 90' lang='grc'>,</span> <span class='ocrx_word' id='word_1_377' title='bbox 82 2395 132 2438; x_wconf 84' lang='lat' dir='ltr'>Si,</span> <span class='ocrx_word' id='word_1_378' title='bbox 150 2399 343 2441; x_wconf 88' lang='lat' dir='ltr'>antequam</span> <span class='ocrx_word' id='word_1_379' title='bbox 358 2405 481 2431; x_wconf 85' lang='lat' dir='ltr'>servus</span> <span class='ocrx_word' id='word_1_380' title='bbox 500 2395 786 2439; x_wconf 88' lang='lat' dir='ltr'>manumittatur,</span> <span class='ocrx_word' id='word_1_381' title='bbox 806 2399 923 2432; x_wconf 89' lang='lat' dir='ltr'>morte</span> <span class='ocrx_word' id='word_1_382' title='bbox 941 2399 1006 2432; x_wconf 90' lang='lat' dir='ltr'>aut</span> <span class='ocrx_word' id='word_1_383' title='bbox 1028 2395 1180 2432; x_wconf 87' lang='lat' dir='ltr'>divortio</span> 
     </span>
    </p>
   </div>
   <div class='ocr_carea' id='block_1_16' title="bbox 82 2440 1181 2530">
    <p class='ocr_par' dir='ltr' id='par_1_17' title="bbox 82 2440 1181 2530">
     <span class='ocr_line' id='line_1_50' title="bbox 82 2440 1180 2484; baseline 0 -8"><span class='ocrx_word' id='word_1_384' title='bbox 82 2441 239 2476; x_wconf 91' lang='lat' dir='ltr'>solutum</span> <span class='ocrx_word' id='word_1_385' title='bbox 262 2440 372 2476; x_wconf 89' lang='lat' dir='ltr'>fuerit</span> <span class='ocrx_word' id='word_1_386' title='bbox 395 2440 678 2484; x_wconf 83' lang='lat' dir='ltr'>matrimonium,</span> <span class='ocrx_word' id='word_1_387' title='bbox 711 2441 902 2477; x_wconf 85' lang='lat' dir='ltr'>resolvitur</span> <span class='ocrx_word' id='word_1_388' title='bbox 925 2441 1092 2478; x_wconf 86' lang='lat' dir='ltr'>donatio:</span> <span class='ocrx_word' id='word_1_389' title='bbox 1125 2441 1180 2476; x_wconf 91' lang='lat' dir='ltr'>in-</span> 
     </span>
     <span class='ocr_line' id='line_1_51' title="bbox 82 2485 1181 2530; baseline 0 -9"><span class='ocrx_word' id='word_1_390' title='bbox 82 2495 162 2522; x_wconf 90' lang='lat' dir='ltr'>esse</span> <span class='ocrx_word' id='word_1_391' title='bbox 198 2485 292 2521; x_wconf 88' lang='lat' dir='ltr'>enim</span> <span class='ocrx_word' id='word_1_392' title='bbox 327 2485 490 2522; x_wconf 89' lang='lat' dir='ltr'>condicio</span> <span class='ocrx_word' id='word_1_393' title='bbox 527 2486 713 2522; x_wconf 88' lang='lat' dir='ltr'>donationi</span> <span class='ocrx_word' id='word_1_394' title='bbox 746 2486 906 2530; x_wconf 85' lang='lat' dir='ltr'>videtur,</span> <span class='ocrx_word' id='word_1_395' title='bbox 941 2490 984 2523; x_wconf 91' lang='lat' dir='ltr'>ut</span> <span class='ocrx_word' id='word_1_396' title='bbox 1013 2490 1181 2523; x_wconf 91' lang='lat' dir='ltr'>manente</span> 
     </span>
    </p>
   </div>
   <div class='ocr_carea' id='block_1_17' title="bbox 34 2531 617 2576">
    <p class='ocr_par' dir='ltr' id='par_1_18' title="bbox 34 2531 617 2576">
     <span class='ocr_line' id='line_1_52' title="bbox 34 2531 617 2576; baseline -0.007 -6"><span class='ocrx_word' id='word_1_397' title='bbox 34 2543 41 2576; x_wconf 66' lang='lat' dir='ltr'>,j</span> <span class='ocrx_word' id='word_1_398' title='bbox 83 2531 309 2567; x_wconf 86' lang='lat' dir='ltr'>matrimonio</span> <span class='ocrx_word' id='word_1_399' title='bbox 332 2531 617 2567; x_wconf 86' lang='lat' dir='ltr'>manumittatur.</span> 
     </span>
    </p>
   </div>
   <div class='ocr_carea' id='block_1_18' title="bbox 129 2574 1181 2630">
    <p class='ocr_par' dir='ltr' id='par_1_19' title="bbox 129 2574 1181 2630">
     <span class='ocr_line' id='line_1_53' title="bbox 129 2574 1181 2630; baseline -0.002 -16"><span class='ocrx_word' id='word_1_400' title='bbox 129 2574 154 2614; x_wconf 82' lang='lat'>9</span> <span class='ocrx_word' id='word_1_401' title='bbox 187 2576 383 2613; x_wconf 62' lang='lat' dir='ltr'>Utmmfs</span> <span class='ocrx_word' id='word_1_402' title='bbox 403 2576 495 2613; x_wconf 78' lang='lat' dir='ltr'>libro</span> <span class='ocrx_word' id='word_1_403' title='bbox 528 2577 714 2630; x_wconf 60' lang='lat' dir='ltr'>trigesimo</span> <span class='ocrx_word' id='word_1_404' title='bbox 738 2577 898 2614; x_wconf 80' lang='lat' dir='ltr'>secundo</span> <span class='ocrx_word' id='word_1_405' title='bbox 930 2577 980 2613; x_wconf 82' lang='lat' dir='ltr'>ad</span> <span class='ocrx_word' id='word_1_406' title='bbox 1003 2576 1181 2614; x_wconf 78' lang='lat' dir='ltr'>Sabinum</span> 
     </span>
    </p>
   </div>
   <div class='ocr_carea' id='block_1_19' title="bbox 82 2621 1179 2668">
    <p class='ocr_par' dir='ltr' id='par_1_20' title="bbox 2 2617 1179 2668">
     <span class='ocr_line' id='line_1_54' title="bbox 82 2621 1179 2668; baseline -0.001 -10.068"><span class='ocrx_word' id='word_1_407' title='bbox 82 2621 121 2657; x_wconf 85' lang='lat' dir='ltr'>Si</span> <span class='ocrx_word' id='word_1_408' title='bbox 138 2631 218 2658; x_wconf 92' lang='lat' dir='ltr'>eum</span> <span class='ocrx_word' id='word_1_409' title='bbox 241 2622 346 2658; x_wconf 85' lang='lat' dir='ltr'>uxori</span> <span class='ocrx_word' id='word_1_410' title='bbox 366 2622 476 2658; x_wconf 87' lang='lat' dir='ltr'>donet</span> <span class='ocrx_word' id='word_1_411' title='bbox 500 2626 662 2665; x_wconf 87' lang='lat' dir='ltr'>maritus,</span> <span class='ocrx_word' id='word_1_412' title='bbox 679 2622 741 2668; x_wconf 87' lang='lat' dir='ltr'>qui</span> <span class='ocrx_word' id='word_1_413' title='bbox 764 2622 840 2658; x_wconf 91' lang='lat' dir='ltr'>eius</span> <span class='ocrx_word' id='word_1_414' title='bbox 858 2626 936 2658; x_wconf 92' lang='lat' dir='ltr'>erat</span> <span class='ocrx_word' id='word_1_415' title='bbox 948 2622 1179 2666; x_wconf 90' lang='lat' dir='ltr'>condicionis,</span> 
     </span>
    </p>
   </div>
   <div class='ocr_carea' id='block_1_20' title="bbox 2 2667 1182 2894">
    <p class='ocr_par' dir='ltr' id='par_1_21' title="bbox 2 2667 1182 2894">
     <span class='ocr_line' id='line_1_55' title="bbox 2 2667 1181 2721; baseline 0 -19"><span class='ocrx_word' id='word_1_416' title='bbox 2 2695 6 2715; x_wconf 53' lang='lat'>2</span> <span class='ocrx_word' id='word_1_417' title='bbox 38 2695 42 2701; x_wconf 28' lang='grc' dir='ltr'><strong><em>Δ</em></strong></span> <span class='ocrx_word' id='word_1_418' title='bbox 82 2678 128 2703; x_wconf 91' lang='lat' dir='ltr'>ne</span> <span class='ocrx_word' id='word_1_419' title='bbox 151 2678 320 2713; x_wconf 91' lang='lat' dir='ltr'>umquam</span> <span class='ocrx_word' id='word_1_420' title='bbox 344 2667 390 2703; x_wconf 91' lang='lat' dir='ltr'>ad</span> <span class='ocrx_word' id='word_1_421' title='bbox 412 2667 614 2703; x_wconf 90' lang='lat' dir='ltr'>libertatem</span> <span class='ocrx_word' id='word_1_422' title='bbox 645 2667 792 2713; x_wconf 89' lang='lat' dir='ltr'>perduci</span> <span class='ocrx_word' id='word_1_423' title='bbox 819 2668 955 2721; x_wconf 81' lang='lat' dir='ltr'>possit,</span> <span class='ocrx_word' id='word_1_424' title='bbox 990 2667 1181 2703; x_wconf 89' lang='lat' dir='ltr'>dicendum</span> 
     </span>
     <span class='ocr_line' id='line_1_56' title="bbox 85 2712 487 2749; baseline 0 -1"><span class='ocrx_word' id='word_1_425' title='bbox 85 2715 101 2747; x_wconf 92' lang='lat'>1</span> <span class='ocrx_word' id='word_1_426' title='bbox 152 2716 207 2748; x_wconf 93' lang='lat' dir='ltr'>est</span> <span class='ocrx_word' id='word_1_427' title='bbox 230 2713 373 2749; x_wconf 91' lang='lat' dir='ltr'>omnino</span> <span class='ocrx_word' id='word_1_428' title='bbox 398 2712 487 2748; x_wconf 92' lang='lat' dir='ltr'>nihil</span> 
     </span>
     <span class='ocr_line' id='line_1_57' title="bbox 21 2757 1180 2805; baseline 0.001 -12"><span class='ocrx_word' id='word_1_429' title='bbox 21 2763 43 2801; x_wconf 63' lang='grc' dir='ltr'>χ’</span> <span class='ocrx_word' id='word_1_430' title='bbox 82 2761 234 2803; x_wconf 90' lang='lat' dir='ltr'>accepta</span> <span class='ocrx_word' id='word_1_431' title='bbox 256 2758 384 2794; x_wconf 91' lang='lat' dir='ltr'>mulier</span> <span class='ocrx_word' id='word_1_432' title='bbox 402 2758 648 2794; x_wconf 90' lang='lat' dir='ltr'>manumiserit</span> <span class='ocrx_word' id='word_1_433' title='bbox 670 2758 725 2794; x_wconf 86' lang='lat' dir='ltr'>vel</span> <span class='ocrx_word' id='word_1_434' title='bbox 748 2768 878 2804; x_wconf 88' lang='lat' dir='ltr'>operas</span> <span class='ocrx_word' id='word_1_435' title='bbox 903 2758 936 2794; x_wconf 93' lang='lat' dir='ltr'>ei</span> <span class='ocrx_word' id='word_1_436' title='bbox 957 2757 1180 2805; x_wconf 85' lang='lat' dir='ltr'>imposuerit,</span> 
     </span>
     <span class='ocr_line' id='line_1_58' title="bbox 41 2803 1181 2856; baseline -0.001 -17.016"><span class='ocrx_word' id='word_1_437' title='bbox 41 2808 45 2811; x_wconf 69' lang='grc'><strong><em>’</em></strong></span> <span class='ocrx_word' id='word_1_438' title='bbox 82 2803 134 2839; x_wconf 85' lang='lat' dir='ltr'>ait</span> <span class='ocrx_word' id='word_1_439' title='bbox 145 2803 305 2839; x_wconf 91' lang='lat' dir='ltr'>Iulianus</span> <span class='ocrx_word' id='word_1_440' title='bbox 325 2814 455 2856; x_wconf 83' lang='lat' dir='ltr'>operas</span> <span class='ocrx_word' id='word_1_441' title='bbox 476 2803 617 2849; x_wconf 88' lang='lat' dir='ltr'>quidem</span> <span class='ocrx_word' id='word_1_442' title='bbox 638 2814 717 2839; x_wconf 92' lang='lat' dir='ltr'>eam</span> <span class='ocrx_word' id='word_1_443' title='bbox 735 2803 833 2840; x_wconf 90' lang='lat' dir='ltr'>licito</span> <span class='ocrx_word' id='word_1_444' title='bbox 844 2803 922 2839; x_wconf 89' lang='lat' dir='ltr'>iure</span> <span class='ocrx_word' id='word_1_445' title='bbox 932 2804 1181 2850; x_wconf 87' lang='lat' dir='ltr'>imposituram</span> 
     </span>
     <span class='ocr_line' id='line_1_59' title="bbox 22 2849 1182 2894; baseline -0.003 -7"><span class='ocrx_word' id='word_1_446' title='bbox 22 2875 24 2887; x_wconf 88' lang='lat'><em>.</em></span> <span class='ocrx_word' id='word_1_447' title='bbox 43 2879 44 2882; x_wconf 58' lang='grc'>,</span> <span class='ocrx_word' id='word_1_448' title='bbox 82 2852 120 2884; x_wconf 91' lang='lat' dir='ltr'>et</span> <span class='ocrx_word' id='word_1_449' title='bbox 142 2852 264 2884; x_wconf 89' lang='lat' dir='ltr'>tenere</span> <span class='ocrx_word' id='word_1_450' title='bbox 287 2849 539 2894; x_wconf 82' lang='lat' dir='ltr'>obligationem</span> <span class='ocrx_word' id='word_1_451' title='bbox 562 2859 630 2885; x_wconf 92' lang='lat' dir='ltr'>nec</span> <span class='ocrx_word' id='word_1_452' title='bbox 653 2849 764 2885; x_wconf 84' lang='lat' dir='ltr'>videri</span> <span class='ocrx_word' id='word_1_453' title='bbox 784 2849 968 2885; x_wconf 90' lang='lat' dir='ltr'>mulierem</span> <span class='ocrx_word' id='word_1_454' title='bbox 986 2859 1030 2885; x_wconf 85' lang='lat' dir='ltr'>ex</span> <span class='ocrx_word' id='word_1_455' title='bbox 1052 2860 1092 2885; x_wconf 91' lang='lat' dir='ltr'>re</span> <span class='ocrx_word' id='word_1_456' title='bbox 1115 2849 1182 2885; x_wconf 88' lang='lat' dir='ltr'>viri</span> 
     </span>
    </p>
   </div>
   <div class='ocr_carea' id='block_1_21' title="bbox 517 2712 1182 2759">
    <p class='ocr_par' dir='ltr' id='par_1_22' title="bbox 517 2712 1182 2759">
     <span class='ocr_line' id='line_1_60' title="bbox 517 2712 1182 2759; baseline 0 -10"><span class='ocrx_word' id='word_1_457' title='bbox 517 2714 573 2758; x_wconf 86' lang='lat' dir='ltr'>agi</span> <span class='ocrx_word' id='word_1_458' title='bbox 603 2713 673 2749; x_wconf 85' lang='lat' dir='ltr'>hac</span> <span class='ocrx_word' id='word_1_459' title='bbox 706 2712 910 2749; x_wconf 81' lang='lat' dir='ltr'>donatione.</span> <span class='ocrx_word' id='word_1_460' title='bbox 959 2712 997 2749; x_wconf 86' lang='lat' dir='ltr'>Si</span> <span class='ocrx_word' id='word_1_461' title='bbox 1026 2713 1182 2759; x_wconf 90' lang='lat' dir='ltr'>pecunia</span> 
     </span>
    </p>
   </div>
   <div class='ocr_carea' id='block_1_22' title="bbox 6 2893 1181 2940">
    <p class='ocr_par' dir='ltr' id='par_1_23' title="bbox 6 2893 1181 2940">
     <span class='ocr_line' id='line_1_61' title="bbox 6 2893 1181 2940; baseline 0 -11"><span class='ocrx_word' id='word_1_462' title='bbox 6 2907 25 2924; x_wconf 62' lang='grc' dir='ltr'><strong><em>ε</em></strong></span> <span class='ocrx_word' id='word_1_463' title='bbox 82 2893 351 2939; x_wconf 89' lang='lat' dir='ltr'>locupletiorem</span> <span class='ocrx_word' id='word_1_464' title='bbox 374 2893 462 2937; x_wconf 89' lang='lat' dir='ltr'>fieri,</span> <span class='ocrx_word' id='word_1_465' title='bbox 489 2905 571 2930; x_wconf 87' lang='lat' dir='ltr'>cum</span> <span class='ocrx_word' id='word_1_466' title='bbox 595 2904 655 2930; x_wconf 87' lang='lat' dir='ltr'>eas</span> <span class='ocrx_word' id='word_1_467' title='bbox 678 2894 829 2930; x_wconf 90' lang='lat' dir='ltr'>libertus</span> <span class='ocrx_word' id='word_1_468' title='bbox 853 2894 1058 2940; x_wconf 87' lang='lat' dir='ltr'>promittat:</span> <span class='ocrx_word' id='word_1_469' title='bbox 1085 2894 1181 2940; x_wconf 90' lang='lat' dir='ltr'>quod</span> 
     </span>
    </p>
   </div>
   <div class='ocr_carea' id='block_1_23' title="bbox 23 2938 1181 2986">
    <p class='ocr_par' dir='ltr' id='par_1_24' title="bbox 23 2938 1181 2986">
     <span class='ocr_line' id='line_1_62' title="bbox 23 2938 1181 2986; baseline 0 -12"><span class='ocrx_word' id='word_1_470' title='bbox 23 2944 25 2953; x_wconf 79' lang='lat'><em>&#39;</em></span> <span class='ocrx_word' id='word_1_471' title='bbox 82 2938 115 2975; x_wconf 90' lang='lat' dir='ltr'>si</span> <span class='ocrx_word' id='word_1_472' title='bbox 137 2939 290 2985; x_wconf 87' lang='lat' dir='ltr'>pretium</span> <span class='ocrx_word' id='word_1_473' title='bbox 313 2939 360 2975; x_wconf 93' lang='lat' dir='ltr'>ob</span> <span class='ocrx_word' id='word_1_474' title='bbox 384 2940 697 2976; x_wconf 87' lang='lat' dir='ltr'>manumissionem</span> <span class='ocrx_word' id='word_1_475' title='bbox 717 2939 898 2986; x_wconf 87' lang='lat' dir='ltr'>acceperit</span> <span class='ocrx_word' id='word_1_476' title='bbox 920 2940 1048 2975; x_wconf 91' lang='lat' dir='ltr'>mulier</span> <span class='ocrx_word' id='word_1_477' title='bbox 1071 2943 1107 2975; x_wconf 91' lang='lat' dir='ltr'>et</span> <span class='ocrx_word' id='word_1_478' title='bbox 1129 2939 1181 2975; x_wconf 90' lang='lat' dir='ltr'>sic</span> 
     </span>
    </p>
   </div>
   <div class='ocr_carea' id='block_1_24' title="bbox 83 2984 1180 3038">
    <p class='ocr_par' dir='ltr' id='par_1_25' title="bbox 8 2982 1180 3038">
     <span class='ocr_line' id='line_1_63' title="bbox 83 2984 1180 3038; baseline 0 -19"><span class='ocrx_word' id='word_1_479' title='bbox 83 2984 339 3028; x_wconf 88' lang='lat' dir='ltr'>manumiseiit,</span> <span class='ocrx_word' id='word_1_480' title='bbox 371 2984 403 3021; x_wconf 94' lang='lat' dir='ltr'>si</span> <span class='ocrx_word' id='word_1_481' title='bbox 434 2984 576 3031; x_wconf 89' lang='lat' dir='ltr'>quidem</span> <span class='ocrx_word' id='word_1_482' title='bbox 607 2994 651 3021; x_wconf 80' lang='lat' dir='ltr'>ex</span> <span class='ocrx_word' id='word_1_483' title='bbox 681 2985 820 3038; x_wconf 79' lang='lat' dir='ltr'>peculio</span> <span class='ocrx_word' id='word_1_484' title='bbox 845 2995 912 3022; x_wconf 90' lang='lat' dir='ltr'>suo</span> <span class='ocrx_word' id='word_1_485' title='bbox 944 2985 1053 3028; x_wconf 91' lang='lat' dir='ltr'>dedit,</span> <span class='ocrx_word' id='word_1_486' title='bbox 1077 2995 1180 3020; x_wconf 92' lang='lat' dir='ltr'>num-</span> 
     </span>
    </p>
   </div>
   <div class='ocr_carea' id='block_1_25' title="bbox 0 1147 71 3918">
    <p class='ocr_par' dir='ltr' id='par_1_26' title="bbox 0 1147 71 3918">
     <span class='ocr_line' id='line_1_64' title="bbox 0 1147 71 3918; baseline 0 0"><span class='ocrx_word' id='word_1_487' title='bbox 0 1147 71 3918; x_wconf 95' lang='lat' dir='ltr'> </span> 
     </span>
    </p>
   </div>
   <div class='ocr_carea' id='block_1_26' title="bbox 25 3029 1183 3207">
    <p class='ocr_par' dir='ltr' id='par_1_27' title="bbox 25 3022 1183 3199">
     <span class='ocr_line' id='line_1_65' title="bbox 83 3029 1182 3076; baseline -0.003 -9.15"><span class='ocrx_word' id='word_1_488' title='bbox 83 3039 161 3066; x_wconf 90' lang='lat' dir='ltr'>mos</span> <span class='ocrx_word' id='word_1_489' title='bbox 185 3029 304 3065; x_wconf 89' lang='lat' dir='ltr'>mariti</span> <span class='ocrx_word' id='word_1_490' title='bbox 327 3040 488 3073; x_wconf 91' lang='lat' dir='ltr'>manere,</span> <span class='ocrx_word' id='word_1_491' title='bbox 525 3030 556 3066; x_wconf 94' lang='lat' dir='ltr'>si</span> <span class='ocrx_word' id='word_1_492' title='bbox 578 3041 662 3067; x_wconf 87' lang='lat' dir='ltr'>vero</span> <span class='ocrx_word' id='word_1_493' title='bbox 687 3030 778 3066; x_wconf 85' lang='lat' dir='ltr'>alius</span> <span class='ocrx_word' id='word_1_494' title='bbox 802 3040 868 3076; x_wconf 90' lang='lat' dir='ltr'>pro</span> <span class='ocrx_word' id='word_1_495' title='bbox 894 3040 935 3066; x_wconf 87' lang='lat' dir='ltr'>eo</span> <span class='ocrx_word' id='word_1_496' title='bbox 961 3030 1069 3074; x_wconf 89' lang='lat' dir='ltr'>dedit,</span> <span class='ocrx_word' id='word_1_497' title='bbox 1093 3029 1182 3065; x_wconf 91' lang='lat' dir='ltr'>fient</span> 
     </span>
     <span class='ocr_line' id='line_1_66' title="bbox 25 3074 1183 3122; baseline -0.003 -9"><span class='ocrx_word' id='word_1_498' title='bbox 25 3074 63 3118; x_wconf 45' lang='lat'>&#39;²2</span> <span class='ocrx_word' id='word_1_499' title='bbox 84 3077 104 3111; x_wconf 83' lang='lat'>2</span> <span class='ocrx_word' id='word_1_500' title='bbox 151 3075 286 3110; x_wconf 91' lang='lat' dir='ltr'>nummi</span> <span class='ocrx_word' id='word_1_501' title='bbox 294 3075 470 3111; x_wconf 86' lang='lat' dir='ltr'>mulieris:</span> <span class='ocrx_word' id='word_1_502' title='bbox 485 3085 577 3122; x_wconf 89' lang='lat' dir='ltr'>quae</span> <span class='ocrx_word' id='word_1_503' title='bbox 589 3076 767 3112; x_wconf 87' lang='lat' dir='ltr'>sententia</span> <span class='ocrx_word' id='word_1_504' title='bbox 776 3079 875 3112; x_wconf 90' lang='lat' dir='ltr'>recte</span> <span class='ocrx_word' id='word_1_505' title='bbox 887 3085 927 3111; x_wconf 92' lang='lat' dir='ltr'>se</span> <span class='ocrx_word' id='word_1_506' title='bbox 937 3075 1059 3111; x_wconf 91' lang='lat' dir='ltr'>habet.</span> <span class='ocrx_word' id='word_1_507' title='bbox 1084 3075 1183 3110; x_wconf 85' lang='lat' dir='ltr'>Inter</span> 
     </span>
     <span class='ocr_line' id='line_1_67' title="bbox 57 3119 1182 3199; baseline 0.002 -45.948"><span class='ocrx_word' id='word_1_508' title='bbox 57 3175 59 3178; x_wconf 12' lang='grc' dir='ltr'><em>Α</em></span> <span class='ocrx_word' id='word_1_509' title='bbox 85 3119 198 3199; x_wconf 49' lang='grc' dir='ltr'>νὶιυὶιιι</span> <span class='ocrx_word' id='word_1_510' title='bbox 232 3124 268 3156; x_wconf 88' lang='lat' dir='ltr'>et</span> <span class='ocrx_word' id='word_1_511' title='bbox 298 3131 447 3156; x_wconf 88' lang='lat' dir='ltr'>uxorem</span> <span class='ocrx_word' id='word_1_512' title='bbox 478 3121 603 3157; x_wconf 91' lang='lat' dir='ltr'>mortis</span> <span class='ocrx_word' id='word_1_513' title='bbox 636 3131 748 3157; x_wconf 90' lang='lat' dir='ltr'>causa</span> <span class='ocrx_word' id='word_1_514' title='bbox 780 3121 991 3157; x_wconf 83' lang='lat' dir='ltr'>donationes</span> <span class='ocrx_word' id='word_1_515' title='bbox 1015 3123 1182 3166; x_wconf 87' lang='lat' dir='ltr'>receptae</span> 
     </span>
    </p>

    <p class='ocr_par' dir='ltr' id='par_1_28' title="bbox 84 3174 179 3207">
     <span class='ocr_line' id='line_1_68' title="bbox 84 3174 179 3207; baseline -0.021 -6"><span class='ocrx_word' id='word_1_516' title='bbox 84 3174 152 3201; x_wconf 88' lang='lat' dir='ltr'>sun</span> <span class='ocrx_word' id='word_1_517' title='bbox 169 3191 179 3207; x_wconf 95' lang='lat'>,</span> 
     </span>
    </p>
   </div>
   <div class='ocr_carea' id='block_1_27' title="bbox 134 3208 1182 3258">
    <p class='ocr_par' dir='ltr' id='par_1_29' title="bbox 134 3208 1182 3258">
     <span class='ocr_line' id='line_1_69' title="bbox 134 3208 1182 3258; baseline -0.002 -11"><span class='ocrx_word' id='word_1_518' title='bbox 134 3208 185 3249; x_wconf 87' lang='lat'>10</span> <span class='ocrx_word' id='word_1_519' title='bbox 213 3209 336 3247; x_wconf 64' lang='lat' dir='ltr'>Gams</span> <span class='ocrx_word' id='word_1_520' title='bbox 364 3211 454 3247; x_wconf 82' lang='lat' dir='ltr'>libro</span> <span class='ocrx_word' id='word_1_521' title='bbox 485 3211 674 3247; x_wconf 80' lang='lat' dir='ltr'>undecimo</span> <span class='ocrx_word' id='word_1_522' title='bbox 699 3211 749 3247; x_wconf 88' lang='lat' dir='ltr'>ad</span> <span class='ocrx_word' id='word_1_523' title='bbox 779 3211 934 3247; x_wconf 74' lang='lat' dir='ltr'>edictum</span> <span class='ocrx_word' id='word_1_524' title='bbox 951 3210 1182 3258; x_wconf 79' lang='lat' dir='ltr'>provinciale</span> 
     </span>
    </p>
   </div>
   <div class='ocr_carea' id='block_1_28' title="bbox 32 3254 1182 3479">
    <p class='ocr_par' dir='ltr' id='par_1_30' title="bbox 34 3254 1180 3337">
     <span class='ocr_line' id='line_1_70' title="bbox 84 3254 1180 3301; baseline 0.001 -11.956"><span class='ocrx_word' id='word_1_525' title='bbox 84 3255 170 3300; x_wconf 87' lang='lat' dir='ltr'>quia</span> <span class='ocrx_word' id='word_1_526' title='bbox 191 3254 230 3291; x_wconf 89' lang='lat' dir='ltr'>in</span> <span class='ocrx_word' id='word_1_527' title='bbox 251 3255 322 3291; x_wconf 92' lang='lat' dir='ltr'>hoc</span> <span class='ocrx_word' id='word_1_528' title='bbox 345 3259 485 3301; x_wconf 89' lang='lat' dir='ltr'>tempus</span> <span class='ocrx_word' id='word_1_529' title='bbox 509 3256 666 3292; x_wconf 86' lang='lat' dir='ltr'>excurrit</span> <span class='ocrx_word' id='word_1_530' title='bbox 690 3256 893 3292; x_wconf 89' lang='lat' dir='ltr'>donationis</span> <span class='ocrx_word' id='word_1_531' title='bbox 918 3259 1085 3299; x_wconf 86' lang='lat' dir='ltr'>eventus,</span> <span class='ocrx_word' id='word_1_532' title='bbox 1109 3265 1180 3301; x_wconf 92' lang='lat' dir='ltr'>quo</span> 
     </span>
     <span class='ocr_line' id='line_1_71' title="bbox 45 3299 614 3337; baseline -0.002 0"><span class='ocrx_word' id='word_1_533' title='bbox 45 3302 59 3337; x_wconf 65' lang='grc' dir='ltr'>ἑ,</span> <span class='ocrx_word' id='word_1_534' title='bbox 84 3299 138 3335; x_wconf 85' lang='lat' dir='ltr'>vir</span> <span class='ocrx_word' id='word_1_535' title='bbox 161 3304 197 3336; x_wconf 90' lang='lat' dir='ltr'>et</span> <span class='ocrx_word' id='word_1_536' title='bbox 218 3311 311 3337; x_wconf 84' lang='lat' dir='ltr'>uxor</span> <span class='ocrx_word' id='word_1_537' title='bbox 334 3311 412 3337; x_wconf 91' lang='lat' dir='ltr'>esse</span> <span class='ocrx_word' id='word_1_538' title='bbox 435 3301 614 3337; x_wconf 87' lang='lat' dir='ltr'>desinunt.</span> 
     </span>
    </p>

    <p class='ocr_par' dir='ltr' id='par_1_31' title="bbox 32 3342 1182 3479">
     <span class='ocr_line' id='line_1_72' title="bbox 32 3342 1181 3393; baseline -0.005 -7"><span class='ocrx_word' id='word_1_539' title='bbox 32 3363 38 3386; x_wconf 65' lang='grc' dir='ltr'>τ’</span> <span class='ocrx_word' id='word_1_540' title='bbox 55 3372 66 3387; x_wconf 66' lang='grc'><em>;</em></span> <span class='ocrx_word' id='word_1_541' title='bbox 135 3342 183 3383; x_wconf 91' lang='grc'>11</span> <span class='ocrx_word' id='word_1_542' title='bbox 218 3343 414 3382; x_wconf 66' lang='grc' dir='ltr'>ΠιΡΙΑΝῑῙΒ</span> <span class='ocrx_word' id='word_1_543' title='bbox 437 3347 528 3383; x_wconf 84' lang='lat' dir='ltr'>libro</span> <span class='ocrx_word' id='word_1_544' title='bbox 550 3347 733 3393; x_wconf 75' lang='lat' dir='ltr'>triqesimo</span> <span class='ocrx_word' id='word_1_545' title='bbox 754 3347 912 3382; x_wconf 79' lang='lat' dir='ltr'>secundo</span> <span class='ocrx_word' id='word_1_546' title='bbox 937 3345 988 3381; x_wconf 87' lang='lat' dir='ltr'>ad</span> <span class='ocrx_word' id='word_1_547' title='bbox 1005 3344 1181 3381; x_wconf 79' lang='lat' dir='ltr'>Sabinum</span> 
     </span>
     <span class='ocr_line' id='line_1_73' title="bbox 86 3388 1182 3427; baseline -0.001 -1.046"><span class='ocrx_word' id='word_1_548' title='bbox 86 3388 159 3426; x_wconf 85' lang='lat' dir='ltr'>Sed</span> <span class='ocrx_word' id='word_1_549' title='bbox 187 3390 329 3426; x_wconf 89' lang='lat' dir='ltr'>interim</span> <span class='ocrx_word' id='word_1_550' title='bbox 359 3402 416 3427; x_wconf 89' lang='lat' dir='ltr'>res</span> <span class='ocrx_word' id='word_1_551' title='bbox 447 3402 521 3427; x_wconf 89' lang='lat' dir='ltr'>non</span> <span class='ocrx_word' id='word_1_552' title='bbox 552 3391 673 3427; x_wconf 89' lang='lat' dir='ltr'>statim</span> <span class='ocrx_word' id='word_1_553' title='bbox 702 3390 795 3426; x_wconf 90' lang='lat' dir='ltr'>fiunt</span> <span class='ocrx_word' id='word_1_554' title='bbox 826 3390 903 3426; x_wconf 87' lang='lat' dir='ltr'>eius</span> <span class='ocrx_word' id='word_1_555' title='bbox 935 3389 993 3426; x_wconf 91' lang='lat' dir='ltr'>cui</span> <span class='ocrx_word' id='word_1_556' title='bbox 1025 3390 1182 3426; x_wconf 88' lang='lat' dir='ltr'>donatae</span> 
     </span>
     <span class='ocr_line' id='line_1_74' title="bbox 41 3434 1180 3479; baseline -0.002 -7"><span class='ocrx_word' id='word_1_557' title='bbox 41 3439 47 3458; x_wconf 47' lang='grc' dir='ltr'>’ἒ</span> <span class='ocrx_word' id='word_1_558' title='bbox 87 3438 181 3478; x_wconf 80' lang='lat' dir='ltr'>sunt,</span> <span class='ocrx_word' id='word_1_559' title='bbox 202 3435 266 3471; x_wconf 89' lang='lat' dir='ltr'>sed</span> <span class='ocrx_word' id='word_1_560' title='bbox 284 3439 372 3471; x_wconf 91' lang='lat' dir='ltr'>tunc</span> <span class='ocrx_word' id='word_1_561' title='bbox 392 3436 544 3479; x_wconf 92' lang='lat' dir='ltr'>demum,</span> <span class='ocrx_word' id='word_1_562' title='bbox 566 3447 647 3472; x_wconf 90' lang='lat' dir='ltr'>cum</span> <span class='ocrx_word' id='word_1_563' title='bbox 666 3446 762 3472; x_wconf 91' lang='lat' dir='ltr'>mors</span> <span class='ocrx_word' id='word_1_564' title='bbox 781 3435 947 3471; x_wconf 90' lang='lat' dir='ltr'>insecuta</span> <span class='ocrx_word' id='word_1_565' title='bbox 968 3438 1040 3471; x_wconf 84' lang='lat' dir='ltr'>est:</span> <span class='ocrx_word' id='word_1_566' title='bbox 1065 3434 1180 3470; x_wconf 90' lang='lat' dir='ltr'>medio</span> 
     </span>
    </p>
   </div>
   <div class='ocr_carea' id='block_1_29' title="bbox 88 3478 1181 3571">
    <p class='ocr_par' dir='ltr' id='par_1_32' title="bbox 88 3478 1181 3571">
     <span class='ocr_line' id='line_1_75' title="bbox 88 3478 1181 3526; baseline 0 -11"><span class='ocrx_word' id='word_1_567' title='bbox 88 3478 194 3525; x_wconf 71' lang='lat' dir='ltr'>[gitur</span> <span class='ocrx_word' id='word_1_568' title='bbox 226 3483 386 3526; x_wconf 90' lang='lat' dir='ltr'>tempore</span> <span class='ocrx_word' id='word_1_569' title='bbox 421 3481 615 3517; x_wconf 91' lang='lat' dir='ltr'>dominium</span> <span class='ocrx_word' id='word_1_570' title='bbox 649 3484 811 3516; x_wconf 89' lang='lat' dir='ltr'>remanet</span> <span class='ocrx_word' id='word_1_571' title='bbox 855 3481 953 3526; x_wconf 88' lang='lat' dir='ltr'>apud</span> <span class='ocrx_word' id='word_1_572' title='bbox 995 3490 1078 3515; x_wconf 92' lang='lat' dir='ltr'>eum</span> <span class='ocrx_word' id='word_1_573' title='bbox 1120 3479 1181 3525; x_wconf 92' lang='lat' dir='ltr'>qui</span> 
     </span>
     <span class='ocr_line' id='line_1_76' title="bbox 91 3524 1179 3571; baseline 0.001 -12"><span class='ocrx_word' id='word_1_574' title='bbox 91 3527 107 3559; x_wconf 85' lang='lat'>1</span> <span class='ocrx_word' id='word_1_575' title='bbox 157 3525 311 3561; x_wconf 80' lang='lat' dir='ltr'>donavit.</span> <span class='ocrx_word' id='word_1_576' title='bbox 375 3525 445 3561; x_wconf 86' lang='lat' dir='ltr'>Sed</span> <span class='ocrx_word' id='word_1_577' title='bbox 476 3525 573 3571; x_wconf 89' lang='lat' dir='ltr'>quod</span> <span class='ocrx_word' id='word_1_578' title='bbox 605 3526 736 3561; x_wconf 88' lang='lat' dir='ltr'>dicitur</span> <span class='ocrx_word' id='word_1_579' title='bbox 766 3526 891 3561; x_wconf 88' lang='lat' dir='ltr'>mortis</span> <span class='ocrx_word' id='word_1_580' title='bbox 924 3535 1035 3561; x_wconf 90' lang='lat' dir='ltr'>causa</span> <span class='ocrx_word' id='word_1_581' title='bbox 1067 3524 1179 3560; x_wconf 88' lang='lat' dir='ltr'>dona-</span> 
     </span>
    </p>
   </div>
   <div class='ocr_carea' id='block_1_30' title="bbox 1178 137 1266 186">
    <p class='ocr_par' dir='ltr' id='par_1_33' title="bbox 1178 137 1266 186">
     <span class='ocr_line' id='line_1_77' title="bbox 1178 137 1266 186; baseline 0 0"><span class='ocrx_word' id='word_1_582' title='bbox 1178 137 1266 186; x_wconf 84' lang='lat'>313</span> 
     </span>
    </p>
   </div>
   <div class='ocr_carea' id='block_1_31' title="bbox 2121 148 2344 194">
    <p class='ocr_par' dir='ltr' id='par_1_34' title="bbox 2121 148 2344 194">
     <span class='ocr_line' id='line_1_78' title="bbox 2121 148 2344 194; baseline 0.013 -3"><span class='ocrx_word' id='word_1_583' title='bbox 2121 148 2292 194; x_wconf 88' lang='lat' dir='ltr'>XXIIII</span> <span class='ocrx_word' id='word_1_584' title='bbox 2325 154 2344 193; x_wconf 90' lang='lat'>1</span> 
     </span>
    </p>
   </div>
   <div class='ocr_carea' id='block_1_32' title="bbox 1249 261 2350 3426">
    <p class='ocr_par' dir='ltr' id='par_1_35' title="bbox 1249 261 2350 2752">
     <span class='ocr_line' id='line_1_79' title="bbox 1254 261 2347 316; baseline 0.009 -19"><span class='ocrx_word' id='word_1_585' title='bbox 1254 261 1388 298; x_wconf 89' lang='lat' dir='ltr'>tionem</span> <span class='ocrx_word' id='word_1_586' title='bbox 1411 262 1505 298; x_wconf 85' lang='lat' dir='ltr'>inter</span> <span class='ocrx_word' id='word_1_587' title='bbox 1528 263 1641 298; x_wconf 84' lang='lat' dir='ltr'>virum</span> <span class='ocrx_word' id='word_1_588' title='bbox 1667 268 1703 299; x_wconf 87' lang='lat' dir='ltr'>et</span> <span class='ocrx_word' id='word_1_589' title='bbox 1726 276 1871 302; x_wconf 89' lang='lat' dir='ltr'>uxorem</span> <span class='ocrx_word' id='word_1_590' title='bbox 1894 268 2029 311; x_wconf 87' lang='lat' dir='ltr'>valere,</span> <span class='ocrx_word' id='word_1_591' title='bbox 2060 269 2112 305; x_wconf 90' lang='lat' dir='ltr'>ita</span> <span class='ocrx_word' id='word_1_592' title='bbox 2135 280 2257 307; x_wconf 86' lang='lat' dir='ltr'>verum</span> <span class='ocrx_word' id='word_1_593' title='bbox 2282 276 2347 316; x_wconf 85' lang='lat' dir='ltr'>est,</span> 
     </span>
     <span class='ocr_line' id='line_1_80' title="bbox 1254 307 2347 361; baseline 0.01 -19"><span class='ocrx_word' id='word_1_594' title='bbox 1254 310 1296 342; x_wconf 92' lang='lat' dir='ltr'>ut</span> <span class='ocrx_word' id='word_1_595' title='bbox 1318 318 1392 343; x_wconf 92' lang='lat' dir='ltr'>non</span> <span class='ocrx_word' id='word_1_596' title='bbox 1415 308 1532 344; x_wconf 92' lang='lat' dir='ltr'>solum</span> <span class='ocrx_word' id='word_1_597' title='bbox 1556 318 1600 343; x_wconf 86' lang='lat' dir='ltr'>ea</span> <span class='ocrx_word' id='word_1_598' title='bbox 1622 307 1767 346; x_wconf 86' lang='lat' dir='ltr'>donatio</span> <span class='ocrx_word' id='word_1_599' title='bbox 1799 312 1915 347; x_wconf 88' lang='lat' dir='ltr'>valeat</span> <span class='ocrx_word' id='word_1_600' title='bbox 1938 314 2134 351; x_wconf 90' lang='lat' dir='ltr'>secundum</span> <span class='ocrx_word' id='word_1_601' title='bbox 2157 316 2347 361; x_wconf 86' lang='lat' dir='ltr'>Iulianum,</span> 
     </span>
     <span class='ocr_line' id='line_1_81' title="bbox 1255 351 2347 407; baseline 0.009 -19"><span class='ocrx_word' id='word_1_602' title='bbox 1255 362 1347 398; x_wconf 89' lang='lat' dir='ltr'>quae</span> <span class='ocrx_word' id='word_1_603' title='bbox 1369 351 1440 389; x_wconf 90' lang='lat' dir='ltr'>hoc</span> <span class='ocrx_word' id='word_1_604' title='bbox 1464 353 1582 406; x_wconf 71' lang='lat' dir='ltr'>animo</span> <span class='ocrx_word' id='word_1_605' title='bbox 1607 353 1660 397; x_wconf 87' lang='lat' dir='ltr'>fit,</span> <span class='ocrx_word' id='word_1_606' title='bbox 1679 358 1719 389; x_wconf 91' lang='lat' dir='ltr'>ut</span> <span class='ocrx_word' id='word_1_607' title='bbox 1737 359 1824 391; x_wconf 86' lang='lat' dir='ltr'>tunc</span> <span class='ocrx_word' id='word_1_608' title='bbox 1844 368 1900 393; x_wconf 87' lang='lat' dir='ltr'>res</span> <span class='ocrx_word' id='word_1_609' title='bbox 1920 358 1985 394; x_wconf 89' lang='lat' dir='ltr'>fiat</span> <span class='ocrx_word' id='word_1_610' title='bbox 2002 360 2123 396; x_wconf 86' lang='lat' dir='ltr'>uxoris</span> <span class='ocrx_word' id='word_1_611' title='bbox 2141 361 2196 397; x_wconf 84' lang='lat' dir='ltr'>vel</span> <span class='ocrx_word' id='word_1_612' title='bbox 2217 362 2347 407; x_wconf 80' lang='lat' dir='ltr'>mariti,</span> 
     </span>
     <span class='ocr_line' id='line_1_82' title="bbox 1255 400 2346 445; baseline 0.012 -13"><span class='ocrx_word' id='word_1_613' title='bbox 1255 408 1337 433; x_wconf 90' lang='lat' dir='ltr'>cum</span> <span class='ocrx_word' id='word_1_614' title='bbox 1356 408 1452 434; x_wconf 93' lang='lat' dir='ltr'>mors</span> <span class='ocrx_word' id='word_1_615' title='bbox 1471 403 1690 444; x_wconf 89' lang='lat' dir='ltr'>insequetur,</span> <span class='ocrx_word' id='word_1_616' title='bbox 1712 400 1775 436; x_wconf 89' lang='lat' dir='ltr'>sed</span> <span class='ocrx_word' id='word_1_617' title='bbox 1796 403 1908 438; x_wconf 92' lang='lat' dir='ltr'>omnis</span> <span class='ocrx_word' id='word_1_618' title='bbox 1928 405 2051 441; x_wconf 88' lang='lat' dir='ltr'>mortis</span> <span class='ocrx_word' id='word_1_619' title='bbox 2066 416 2176 442; x_wconf 88' lang='lat' dir='ltr'>causa</span> <span class='ocrx_word' id='word_1_620' title='bbox 2187 406 2346 445; x_wconf 74' lang='lat' dir='ltr'>donatio.</span> 
     </span>
     <span class='ocr_line' id='line_1_83' title="bbox 1255 442 2346 495; baseline 0.012 -18"><span class='ocrx_word' id='word_1_621' title='bbox 1255 446 1274 478; x_wconf 88' lang='lat'>2</span> <span class='ocrx_word' id='word_1_622' title='bbox 1323 442 1473 487; x_wconf 81' lang='lat' dir='ltr'>Quando</span> <span class='ocrx_word' id='word_1_623' title='bbox 1504 444 1557 478; x_wconf 90' lang='lat' dir='ltr'>ita</span> <span class='ocrx_word' id='word_1_624' title='bbox 1583 454 1628 479; x_wconf 90' lang='lat' dir='ltr'>ue</span> <span class='ocrx_word' id='word_1_625' title='bbox 1662 455 1736 480; x_wconf 94' lang='lat' dir='ltr'>non</span> <span class='ocrx_word' id='word_1_626' title='bbox 1766 450 1860 482; x_wconf 87' lang='lat' dir='ltr'>retro</span> <span class='ocrx_word' id='word_1_627' title='bbox 1892 452 2018 493; x_wconf 88' lang='lat' dir='ltr'>agatur</span> <span class='ocrx_word' id='word_1_628' title='bbox 2051 450 2208 495; x_wconf 89' lang='lat' dir='ltr'>donatio,</span> <span class='ocrx_word' id='word_1_629' title='bbox 2233 462 2346 489; x_wconf 89' lang='lat' dir='ltr'>emer-</span> 
     </span>
     <span class='ocr_line' id='line_1_84' title="bbox 1253 489 2345 541; baseline 0.012 -19"><span class='ocrx_word' id='word_1_630' title='bbox 1253 492 1343 534; x_wconf 85' lang='lat' dir='ltr'>gunt</span> <span class='ocrx_word' id='word_1_631' title='bbox 1363 489 1462 532; x_wconf 82' lang='lat' dir='ltr'>vitia,</span> <span class='ocrx_word' id='word_1_632' title='bbox 1486 493 1529 524; x_wconf 91' lang='lat' dir='ltr'>ut</span> <span class='ocrx_word' id='word_1_633' title='bbox 1582 490 1734 526; x_wconf 89' lang='lat' dir='ltr'>arcellus</span> <span class='ocrx_word' id='word_1_634' title='bbox 1755 491 2002 529; x_wconf 88' lang='lat' dir='ltr'>animadvertit</span> <span class='ocrx_word' id='word_1_635' title='bbox 2025 495 2061 530; x_wconf 91' lang='lat' dir='ltr'>in</span> <span class='ocrx_word' id='word_1_636' title='bbox 2081 497 2199 541; x_wconf 86' lang='lat' dir='ltr'>specie</span> <span class='ocrx_word' id='word_1_637' title='bbox 2221 497 2345 535; x_wconf 87' lang='lat' dir='ltr'>huius·-</span> 
     </span>
     <span class='ocr_line' id='line_1_85' title="bbox 1254 534 2345 580; baseline 0.011 -12"><span class='ocrx_word' id='word_1_638' title='bbox 1254 534 1362 570; x_wconf 87' lang='lat' dir='ltr'>modi.</span> <span class='ocrx_word' id='word_1_639' title='bbox 1394 534 1544 570; x_wconf 87' lang='lat' dir='ltr'>maritus</span> <span class='ocrx_word' id='word_1_640' title='bbox 1575 535 1680 570; x_wconf 86' lang='lat' dir='ltr'>uxori</span> <span class='ocrx_word' id='word_1_641' title='bbox 1710 537 1833 572; x_wconf 86' lang='lat' dir='ltr'>mortis</span> <span class='ocrx_word' id='word_1_642' title='bbox 1866 548 1975 574; x_wconf 89' lang='lat' dir='ltr'>causa</span> <span class='ocrx_word' id='word_1_643' title='bbox 2006 540 2175 578; x_wconf 87' lang='lat' dir='ltr'>donatum</span> <span class='ocrx_word' id='word_1_644' title='bbox 2214 543 2345 580; x_wconf 73' lang='lat' dir='ltr'>voluitz</span> 
     </span>
     <span class='ocr_line' id='line_1_86' title="bbox 1253 579 2345 629; baseline 0.012 -16"><span class='ocrx_word' id='word_1_645' title='bbox 1253 579 1468 624; x_wconf 83' lang='lat' dir='ltr'>interposuit</span> <span class='ocrx_word' id='word_1_646' title='bbox 1490 579 1617 615; x_wconf 88' lang='lat' dir='ltr'>mulier</span> <span class='ocrx_word' id='word_1_647' title='bbox 1639 580 1751 616; x_wconf 87' lang='lat' dir='ltr'>filium</span> <span class='ocrx_word' id='word_1_648' title='bbox 1775 581 1927 618; x_wconf 84' lang='lat' dir='ltr'>familias</span> <span class='ocrx_word' id='word_1_649' title='bbox 1940 611 1948 626; x_wconf 92' lang='lat'>‚</span> <span class='ocrx_word' id='word_1_650' title='bbox 1981 586 2041 629; x_wconf 90' lang='lat' dir='ltr'>qui</span> <span class='ocrx_word' id='word_1_651' title='bbox 2072 596 2094 621; x_wconf 89' lang='lat' dir='ltr'>a</span> <span class='ocrx_word' id='word_1_652' title='bbox 2122 588 2249 624; x_wconf 88' lang='lat' dir='ltr'>marito</span> <span class='ocrx_word' id='word_1_653' title='bbox 2284 599 2345 625; x_wconf 84' lang='lat' dir='ltr'>ac·</span> 
     </span>
     <span class='ocr_line' id='line_1_87' title="bbox 1254 625 2345 678; baseline 0.01 -19"><span class='ocrx_word' id='word_1_654' title='bbox 1254 625 1391 670; x_wconf 87' lang='lat' dir='ltr'>ciperet</span> <span class='ocrx_word' id='word_1_655' title='bbox 1414 625 1516 677; x_wconf 85' lang='lat' dir='ltr'>eique</span> <span class='ocrx_word' id='word_1_656' title='bbox 1539 626 1715 661; x_wconf 87' lang='lat' dir='ltr'>traderet:</span> <span class='ocrx_word' id='word_1_657' title='bbox 1750 626 1886 670; x_wconf 90' lang='lat' dir='ltr'>deinde,</span> <span class='ocrx_word' id='word_1_658' title='bbox 1912 639 1992 664; x_wconf 88' lang='lat' dir='ltr'>cum</span> <span class='ocrx_word' id='word_1_659' title='bbox 2015 631 2163 667; x_wconf 91' lang='lat' dir='ltr'>moritur</span> <span class='ocrx_word' id='word_1_660' title='bbox 2185 633 2345 678; x_wconf 87' lang='lat' dir='ltr'>maritus,</span> 
     </span>
     <span class='ocr_line' id='line_1_88' title="bbox 1253 669 2347 715; baseline 0.009 -11"><span class='ocrx_word' id='word_1_661' title='bbox 1253 674 1357 715; x_wconf 88' lang='lat' dir='ltr'>pater</span> <span class='ocrx_word' id='word_1_662' title='bbox 1378 669 1534 706; x_wconf 88' lang='lat' dir='ltr'>familias</span> <span class='ocrx_word' id='word_1_663' title='bbox 1567 671 1763 707; x_wconf 86' lang='lat' dir='ltr'>invenitur:</span> <span class='ocrx_word' id='word_1_664' title='bbox 1797 682 1844 707; x_wconf 91' lang='lat' dir='ltr'>an</span> <span class='ocrx_word' id='word_1_665' title='bbox 1875 674 1992 709; x_wconf 89' lang='lat' dir='ltr'>valeat</span> <span class='ocrx_word' id='word_1_666' title='bbox 2022 676 2191 712; x_wconf 80' lang='lat' dir='ltr'>traditio?</span> <span class='ocrx_word' id='word_1_667' title='bbox 2230 682 2265 713; x_wconf 90' lang='lat' dir='ltr'>et</span> <span class='ocrx_word' id='word_1_668' title='bbox 2295 679 2347 714; x_wconf 88' lang='lat' dir='ltr'>ait</span> 
     </span>
     <span class='ocr_line' id='line_1_89' title="bbox 1254 716 2345 767; baseline 0.008 -17"><span class='ocrx_word' id='word_1_669' title='bbox 1254 725 1476 761; x_wconf 90' lang='lat' dir='ltr'>consequens</span> <span class='ocrx_word' id='word_1_670' title='bbox 1514 726 1593 751; x_wconf 88' lang='lat' dir='ltr'>esse</span> <span class='ocrx_word' id='word_1_671' title='bbox 1627 716 1697 752; x_wconf 91' lang='lat' dir='ltr'>dici</span> <span class='ocrx_word' id='word_1_672' title='bbox 1740 717 1968 754; x_wconf 87' lang='lat' dir='ltr'>traditionem</span> <span class='ocrx_word' id='word_1_673' title='bbox 2009 721 2136 765; x_wconf 87' lang='lat' dir='ltr'>valere,</span> <span class='ocrx_word' id='word_1_674' title='bbox 2172 723 2255 767; x_wconf 89' lang='lat' dir='ltr'>quia</span> <span class='ocrx_word' id='word_1_675' title='bbox 2289 724 2345 759; x_wconf 90' lang='lat' dir='ltr'>sui</span> 
     </span>
     <span class='ocr_line' id='line_1_90' title="bbox 1253 760 2344 808; baseline 0.007 -12"><span class='ocrx_word' id='word_1_676' title='bbox 1253 761 1340 796; x_wconf 88' lang='lat' dir='ltr'>iuris</span> <span class='ocrx_word' id='word_1_677' title='bbox 1365 760 1513 796; x_wconf 85' lang='lat' dir='ltr'>effectus</span> <span class='ocrx_word' id='word_1_678' title='bbox 1538 764 1592 797; x_wconf 88' lang='lat' dir='ltr'>est</span> <span class='ocrx_word' id='word_1_679' title='bbox 1616 772 1657 797; x_wconf 90' lang='lat' dir='ltr'>eo</span> <span class='ocrx_word' id='word_1_680' title='bbox 1682 765 1862 808; x_wconf 89' lang='lat' dir='ltr'>tempore,</span> <span class='ocrx_word' id='word_1_681' title='bbox 1896 764 1942 799; x_wconf 89' lang='lat' dir='ltr'>ad</span> <span class='ocrx_word' id='word_1_682' title='bbox 1988 766 2060 800; x_wconf 92' lang='lat' dir='ltr'>uod</span> <span class='ocrx_word' id='word_1_683' title='bbox 2083 767 2227 803; x_wconf 90' lang='lat' dir='ltr'>traditio</span> <span class='ocrx_word' id='word_1_684' title='bbox 2251 769 2344 804; x_wconf 90' lang='lat' dir='ltr'>redi-</span> 
     </span>
     <span class='ocr_line' id='line_1_91' title="bbox 1254 806 2343 851; baseline 0.006 -9"><span class='ocrx_word' id='word_1_685' title='bbox 1254 809 1274 842; x_wconf 86' lang='lat'><strong>3</strong></span> <span class='ocrx_word' id='word_1_686' title='bbox 1321 806 1427 851; x_wconf 86' lang='lat' dir='ltr'>gitur,</span> <span class='ocrx_word' id='word_1_687' title='bbox 1452 806 1490 842; x_wconf 88' lang='lat' dir='ltr'>id</span> <span class='ocrx_word' id='word_1_688' title='bbox 1514 810 1569 842; x_wconf 91' lang='lat' dir='ltr'>est</span> <span class='ocrx_word' id='word_1_689' title='bbox 1592 817 1675 842; x_wconf 90' lang='lat' dir='ltr'>cum</span> <span class='ocrx_word' id='word_1_690' title='bbox 1697 808 1847 844; x_wconf 86' lang='lat' dir='ltr'>maritus</span> <span class='ocrx_word' id='word_1_691' title='bbox 1871 809 1981 845; x_wconf 94' lang='lat' dir='ltr'>morie</span> <span class='ocrx_word' id='word_1_692' title='bbox 2008 814 2099 846; x_wconf 86' lang='lat' dir='ltr'>atur.</span> <span class='ocrx_word' id='word_1_693' title='bbox 2146 812 2243 847; x_wconf 91' lang='lat' dir='ltr'>Idem</span> <span class='ocrx_word' id='word_1_694' title='bbox 2276 814 2343 850; x_wconf 86' lang='lat' dir='ltr'>ait:</span> 
     </span>
     <span class='ocr_line' id='line_1_92' title="bbox 1252 851 2345 898; baseline 0.007 -12"><span class='ocrx_word' id='word_1_695' title='bbox 1252 851 1433 898; x_wconf 85' lang='lat' dir='ltr'>placuisse</span> <span class='ocrx_word' id='word_1_696' title='bbox 1457 852 1531 887; x_wconf 88' lang='lat' dir='ltr'>scio</span> <span class='ocrx_word' id='word_1_697' title='bbox 1546 851 1759 896; x_wconf 87' lang='lat' dir='ltr'>Sabinianis,</span> <span class='ocrx_word' id='word_1_698' title='bbox 1785 853 1816 889; x_wconf 92' lang='lat' dir='ltr'>si</span> <span class='ocrx_word' id='word_1_699' title='bbox 1838 853 1933 889; x_wconf 91' lang='lat' dir='ltr'>filiae</span> <span class='ocrx_word' id='word_1_700' title='bbox 1955 854 2107 891; x_wconf 87' lang='lat' dir='ltr'>familias</span> <span class='ocrx_word' id='word_1_701' title='bbox 2122 858 2225 892; x_wconf 85' lang='lat' dir='ltr'>uxori</span> <span class='ocrx_word' id='word_1_702' title='bbox 2240 859 2345 894; x_wconf 88' lang='lat' dir='ltr'>mari-</span> 
     </span>
     <span class='ocr_line' id='line_1_93' title="bbox 1253 897 2345 939; baseline 0.007 -8"><span class='ocrx_word' id='word_1_703' title='bbox 1253 900 1312 932; x_wconf 90' lang='lat' dir='ltr'>tus</span> <span class='ocrx_word' id='word_1_704' title='bbox 1336 897 1472 939; x_wconf 89' lang='lat' dir='ltr'>tradet,</span> <span class='ocrx_word' id='word_1_705' title='bbox 1506 897 1734 933; x_wconf 90' lang='lat' dir='ltr'>donationem</span> <span class='ocrx_word' id='word_1_706' title='bbox 1767 899 1842 934; x_wconf 90' lang='lat' dir='ltr'>eius</span> <span class='ocrx_word' id='word_1_707' title='bbox 1876 910 1956 935; x_wconf 92' lang='lat' dir='ltr'>cuin</span> <span class='ocrx_word' id='word_1_708' title='bbox 1989 901 2083 936; x_wconf 92' lang='lat' dir='ltr'>omni</span> <span class='ocrx_word' id='word_1_709' title='bbox 2115 912 2178 938; x_wconf 91' lang='lat' dir='ltr'>suo</span> <span class='ocrx_word' id='word_1_710' title='bbox 2212 904 2345 939; x_wconf 91' lang='lat' dir='ltr'>emolu-</span> 
     </span>
     <span class='ocr_line' id='line_1_94' title="bbox 1253 942 2347 985; baseline 0.006 -8"><span class='ocrx_word' id='word_1_711' title='bbox 1253 945 1372 978; x_wconf 90' lang='lat' dir='ltr'>mento</span> <span class='ocrx_word' id='word_1_712' title='bbox 1406 942 1485 978; x_wconf 90' lang='lat' dir='ltr'>fieri</span> <span class='ocrx_word' id='word_1_713' title='bbox 1498 969 1506 985; x_wconf 94' lang='lat'>,</span> <span class='ocrx_word' id='word_1_714' title='bbox 1543 943 1574 978; x_wconf 92' lang='lat' dir='ltr'>si</span> <span class='ocrx_word' id='word_1_715' title='bbox 1608 943 1685 979; x_wconf 87' lang='lat' dir='ltr'>vivo</span> <span class='ocrx_word' id='word_1_716' title='bbox 1723 943 1842 980; x_wconf 82' lang='lat' dir='ltr'>adhuc</span> <span class='ocrx_word' id='word_1_717' title='bbox 1875 945 2003 981; x_wconf 86' lang='lat' dir='ltr'>marito</span> <span class='ocrx_word' id='word_1_718' title='bbox 2039 946 2094 981; x_wconf 90' lang='lat' dir='ltr'>sui</span> <span class='ocrx_word' id='word_1_719' title='bbox 2123 947 2209 983; x_wconf 90' lang='lat' dir='ltr'>iuris</span> <span class='ocrx_word' id='word_1_720' title='bbox 2240 947 2347 984; x_wconf 87' lang='lat' dir='ltr'>fuerit</span> 
     </span>
     <span class='ocr_line' id='line_1_95' title="bbox 1254 987 2345 1038; baseline 0.005 -15"><span class='ocrx_word' id='word_1_721' title='bbox 1254 987 1392 1024; x_wconf 87' lang='lat' dir='ltr'>effecta.</span> <span class='ocrx_word' id='word_1_722' title='bbox 1415 987 1511 1033; x_wconf 93' lang='lat' dir='ltr'>quod</span> <span class='ocrx_word' id='word_1_723' title='bbox 1527 991 1564 1023; x_wconf 90' lang='lat' dir='ltr'>et</span> <span class='ocrx_word' id='word_1_724' title='bbox 1583 989 1742 1025; x_wconf 90' lang='lat' dir='ltr'>Iulianus</span> <span class='ocrx_word' id='word_1_725' title='bbox 1759 989 1850 1025; x_wconf 92' lang='lat' dir='ltr'>libro</span> <span class='ocrx_word' id='word_1_726' title='bbox 1864 990 2013 1035; x_wconf 88' lang='lat' dir='ltr'>septimo</span> <span class='ocrx_word' id='word_1_727' title='bbox 2040 991 2175 1027; x_wconf 91' lang='lat' dir='ltr'>decimo</span> <span class='ocrx_word' id='word_1_728' title='bbox 2194 993 2345 1038; x_wconf 83' lang='lat' dir='ltr'>digesto-</span> 
     </span>
     <span class='ocr_line' id='line_1_96' title="bbox 1253 1033 2346 1078; baseline 0.006 -11"><span class='ocrx_word' id='word_1_729' title='bbox 1253 1036 1276 1068; x_wconf 84' lang='lat'>4</span> <span class='ocrx_word' id='word_1_730' title='bbox 1321 1044 1402 1068; x_wconf 92' lang='lat' dir='ltr'>rum</span> <span class='ocrx_word' id='word_1_731' title='bbox 1436 1033 1579 1078; x_wconf 88' lang='lat' dir='ltr'>probat.</span> <span class='ocrx_word' id='word_1_732' title='bbox 1646 1034 1801 1070; x_wconf 90' lang='lat' dir='ltr'>Proinde</span> <span class='ocrx_word' id='word_1_733' title='bbox 1845 1039 1880 1070; x_wconf 90' lang='lat' dir='ltr'>et</span> <span class='ocrx_word' id='word_1_734' title='bbox 1924 1036 1955 1071; x_wconf 91' lang='lat' dir='ltr'>si</span> <span class='ocrx_word' id='word_1_735' title='bbox 1988 1047 2079 1072; x_wconf 87' lang='lat' dir='ltr'>uxor</span> <span class='ocrx_word' id='word_1_736' title='bbox 2114 1038 2238 1074; x_wconf 86' lang='lat' dir='ltr'>marito</span> <span class='ocrx_word' id='word_1_737' title='bbox 2273 1038 2346 1074; x_wconf 87' lang='lat' dir='ltr'>filio</span> 
     </span>
     <span class='ocr_line' id='line_1_97' title="bbox 1252 1078 2346 1125; baseline 0.005 -11"><span class='ocrx_word' id='word_1_738' title='bbox 1252 1078 1407 1114; x_wconf 86' lang='lat' dir='ltr'>familias</span> <span class='ocrx_word' id='word_1_739' title='bbox 1431 1079 1555 1114; x_wconf 87' lang='lat' dir='ltr'>mortis</span> <span class='ocrx_word' id='word_1_740' title='bbox 1592 1089 1703 1115; x_wconf 88' lang='lat' dir='ltr'>causa</span> <span class='ocrx_word' id='word_1_741' title='bbox 1727 1080 1854 1125; x_wconf 18' lang='lat' dir='ltr'>*tradat</span> <span class='ocrx_word' id='word_1_742' title='bbox 1884 1084 1920 1116; x_wconf 92' lang='lat' dir='ltr'>et</span> <span class='ocrx_word' id='word_1_743' title='bbox 1950 1082 2006 1116; x_wconf 81' lang='lat' dir='ltr'>is⁹</span> <span class='ocrx_word' id='word_1_744' title='bbox 2045 1081 2101 1117; x_wconf 91' lang='lat' dir='ltr'>sui</span> <span class='ocrx_word' id='word_1_745' title='bbox 2130 1082 2217 1119; x_wconf 91' lang='lat' dir='ltr'>iuris</span> <span class='ocrx_word' id='word_1_746' title='bbox 2242 1083 2346 1119; x_wconf 88' lang='lat' dir='ltr'>effec-</span> 
     </span>
     <span class='ocr_line' id='line_1_98' title="bbox 1254 1124 2347 1171; baseline 0.005 -12"><span class='ocrx_word' id='word_1_747' title='bbox 1254 1127 1273 1159; x_wconf 90' lang='lat'>5</span> <span class='ocrx_word' id='word_1_748' title='bbox 1322 1127 1380 1159; x_wconf 91' lang='lat' dir='ltr'>tus</span> <span class='ocrx_word' id='word_1_749' title='bbox 1405 1124 1463 1167; x_wconf 92' lang='lat' dir='ltr'>sit,</span> <span class='ocrx_word' id='word_1_750' title='bbox 1488 1124 1566 1160; x_wconf 90' lang='lat' dir='ltr'>sine</span> <span class='ocrx_word' id='word_1_751' title='bbox 1590 1124 1698 1160; x_wconf 92' lang='lat' dir='ltr'>dubio</span> <span class='ocrx_word' id='word_1_752' title='bbox 1724 1125 1882 1161; x_wconf 90' lang='lat' dir='ltr'>dicemus</span> <span class='ocrx_word' id='word_1_753' title='bbox 1906 1127 2018 1171; x_wconf 91' lang='lat' dir='ltr'>ipsius</span> <span class='ocrx_word' id='word_1_754' title='bbox 2042 1126 2131 1162; x_wconf 88' lang='lat' dir='ltr'>fieri.</span> <span class='ocrx_word' id='word_1_755' title='bbox 2167 1127 2238 1163; x_wconf 90' lang='lat' dir='ltr'>Per</span> <span class='ocrx_word' id='word_1_756' title='bbox 2262 1138 2347 1164; x_wconf 92' lang='lat' dir='ltr'>con-</span> 
     </span>
     <span class='ocr_line' id='line_1_99' title="bbox 1253 1170 2350 1222; baseline 0.004 -17"><span class='ocrx_word' id='word_1_757' title='bbox 1253 1170 1405 1205; x_wconf 90' lang='lat' dir='ltr'>trarium</span> <span class='ocrx_word' id='word_1_758' title='bbox 1429 1179 1571 1222; x_wconf 87' lang='lat' dir='ltr'>quoque</span> <span class='ocrx_word' id='word_1_759' title='bbox 1594 1170 1625 1206; x_wconf 92' lang='lat' dir='ltr'>si</span> <span class='ocrx_word' id='word_1_760' title='bbox 1648 1181 1740 1207; x_wconf 86' lang='lat' dir='ltr'>uxor</span> <span class='ocrx_word' id='word_1_761' title='bbox 1764 1170 1949 1207; x_wconf 83' lang='lat' dir='ltr'>donaverit</span> <span class='ocrx_word' id='word_1_762' title='bbox 1971 1172 2095 1207; x_wconf 90' lang='lat' dir='ltr'>mortis</span> <span class='ocrx_word' id='word_1_763' title='bbox 2119 1182 2230 1208; x_wconf 88' lang='lat' dir='ltr'>causa</span> <span class='ocrx_word' id='word_1_764' title='bbox 2254 1173 2350 1219; x_wconf 89' lang='lat' dir='ltr'>patri</span> 
     </span>
     <span class='ocr_line' id='line_1_100' title="bbox 1252 1214 2348 1262; baseline 0.004 -12"><span class='ocrx_word' id='word_1_765' title='bbox 1252 1214 1407 1251; x_wconf 87' lang='lat' dir='ltr'>familias</span> <span class='ocrx_word' id='word_1_766' title='bbox 1430 1218 1558 1251; x_wconf 89' lang='lat' dir='ltr'>marito</span> <span class='ocrx_word' id='word_1_767' title='bbox 1584 1219 1620 1251; x_wconf 90' lang='lat' dir='ltr'>et</span> <span class='ocrx_word' id='word_1_768' title='bbox 1642 1216 1768 1252; x_wconf 91' lang='lat' dir='ltr'>mortis</span> <span class='ocrx_word' id='word_1_769' title='bbox 1793 1216 1868 1252; x_wconf 92' lang='lat' dir='ltr'>eius</span> <span class='ocrx_word' id='word_1_770' title='bbox 1893 1220 2053 1262; x_wconf 89' lang='lat' dir='ltr'>tempore</span> <span class='ocrx_word' id='word_1_771' title='bbox 2076 1216 2171 1253; x_wconf 91' lang='lat' dir='ltr'>filius</span> <span class='ocrx_word' id='word_1_772' title='bbox 2195 1217 2348 1255; x_wconf 83' lang='lat' dir='ltr'>familias</span> 
     </span>
     <span class='ocr_line' id='line_1_101' title="bbox 1252 1260 2347 1308; baseline 0.005 -13"><span class='ocrx_word' id='word_1_773' title='bbox 1252 1260 1464 1303; x_wconf 88' lang='lat' dir='ltr'>inveniatur,</span> <span class='ocrx_word' id='word_1_774' title='bbox 1491 1261 1587 1306; x_wconf 90' lang='lat' dir='ltr'>patri</span> <span class='ocrx_word' id='word_1_775' title='bbox 1610 1262 1678 1296; x_wconf 86' lang='lat' dir='ltr'>erit</span> <span class='ocrx_word' id='word_1_776' title='bbox 1700 1272 1797 1297; x_wconf 92' lang='lat' dir='ltr'>nunc</span> <span class='ocrx_word' id='word_1_777' title='bbox 1829 1262 2104 1298; x_wconf 89' lang='lat' dir='ltr'>emolumentum</span> <span class='ocrx_word' id='word_1_778' title='bbox 2136 1264 2347 1308; x_wconf 88' lang='lat' dir='ltr'>quaesitum.</span> 
     </span>
     <span class='ocr_line' id='line_1_102' title="bbox 1254 1305 2350 1353; baseline 0.002 -11"><span class='ocrx_word' id='word_1_779' title='bbox 1254 1309 1274 1342; x_wconf 89' lang='grc'><strong>6</strong></span> <span class='ocrx_word' id='word_1_780' title='bbox 1323 1305 1591 1351; x_wconf 87' lang='lat' dir='ltr'>Gonsequenter</span> <span class='ocrx_word' id='word_1_781' title='bbox 1614 1306 1787 1342; x_wconf 86' lang='lat' dir='ltr'>Scaevola</span> <span class='ocrx_word' id='word_1_782' title='bbox 1820 1307 1917 1353; x_wconf 90' lang='lat' dir='ltr'>apud</span> <span class='ocrx_word' id='word_1_783' title='bbox 1938 1308 2151 1343; x_wconf 89' lang='lat' dir='ltr'>Marcellum</span> <span class='ocrx_word' id='word_1_784' title='bbox 2180 1312 2294 1352; x_wconf 89' lang='lat' dir='ltr'>notat,</span> <span class='ocrx_word' id='word_1_785' title='bbox 2318 1309 2350 1345; x_wconf 92' lang='lat' dir='ltr'>si</span> 
     </span>
     <span class='ocr_line' id='line_1_103' title="bbox 1253 1351 2348 1396; baseline 0.003 -9"><span class='ocrx_word' id='word_1_786' title='bbox 1253 1362 1394 1387; x_wconf 87' lang='lat' dir='ltr'>servum</span> <span class='ocrx_word' id='word_1_787' title='bbox 1430 1351 1647 1396; x_wconf 88' lang='lat' dir='ltr'>interposuit</span> <span class='ocrx_word' id='word_1_788' title='bbox 1680 1352 1806 1387; x_wconf 90' lang='lat' dir='ltr'>mulier</span> <span class='ocrx_word' id='word_1_789' title='bbox 1819 1379 1828 1395; x_wconf 93' lang='lat'><strong>‚</strong></span> <span class='ocrx_word' id='word_1_790' title='bbox 1864 1356 1906 1387; x_wconf 92' lang='lat' dir='ltr'>ut</span> <span class='ocrx_word' id='word_1_791' title='bbox 1948 1353 1980 1388; x_wconf 89' lang='lat' dir='ltr'>ei</span> <span class='ocrx_word' id='word_1_792' title='bbox 2014 1353 2180 1389; x_wconf 91' lang='lat' dir='ltr'>tradatur</span> <span class='ocrx_word' id='word_1_793' title='bbox 2223 1354 2348 1390; x_wconf 88' lang='lat' dir='ltr'>mortis</span> 
     </span>
     <span class='ocr_line' id='line_1_104' title="bbox 1255 1396 2350 1442; baseline 0.003 -10"><span class='ocrx_word' id='word_1_794' title='bbox 1255 1406 1385 1440; x_wconf 85' lang='lat' dir='ltr'>causa,</span> <span class='ocrx_word' id='word_1_795' title='bbox 1416 1396 1520 1442; x_wconf 89' lang='lat' dir='ltr'>isque</span> <span class='ocrx_word' id='word_1_796' title='bbox 1554 1397 1673 1433; x_wconf 90' lang='lat' dir='ltr'>adhuc</span> <span class='ocrx_word' id='word_1_797' title='bbox 1707 1407 1830 1434; x_wconf 87' lang='lat' dir='ltr'>servus</span> <span class='ocrx_word' id='word_1_798' title='bbox 1863 1397 2001 1433; x_wconf 89' lang='lat' dir='ltr'>dederit</span> <span class='ocrx_word' id='word_1_799' title='bbox 2030 1398 2189 1442; x_wconf 91' lang='lat' dir='ltr'>mulieri,</span> <span class='ocrx_word' id='word_1_800' title='bbox 2223 1399 2350 1436; x_wconf 91' lang='lat' dir='ltr'>deinde</span> 
     </span>
     <span class='ocr_line' id='line_1_105' title="bbox 1252 1442 2348 1487; baseline 0.003 -10"><span class='ocrx_word' id='word_1_801' title='bbox 1252 1442 1376 1478; x_wconf 89' lang='lat' dir='ltr'>mortis</span> <span class='ocrx_word' id='word_1_802' title='bbox 1399 1445 1561 1487; x_wconf 88' lang='lat' dir='ltr'>tempore</span> <span class='ocrx_word' id='word_1_803' title='bbox 1584 1442 1673 1478; x_wconf 92' lang='lat' dir='ltr'>liber</span> <span class='ocrx_word' id='word_1_804' title='bbox 1694 1442 1913 1486; x_wconf 85' lang='lat' dir='ltr'>inveniatur,</span> <span class='ocrx_word' id='word_1_805' title='bbox 1946 1443 2157 1479; x_wconf 90' lang='lat' dir='ltr'>tantundem</span> <span class='ocrx_word' id='word_1_806' title='bbox 2192 1454 2272 1480; x_wconf 87' lang='lat' dir='ltr'>esse</span> <span class='ocrx_word' id='word_1_807' title='bbox 2295 1444 2348 1480; x_wconf 89' lang='lat' dir='ltr'>di-</span> 
     </span>
     <span class='ocr_line' id='line_1_106' title="bbox 1253 1487 2347 1532; baseline 0.003 -10"><span class='ocrx_word' id='word_1_808' title='bbox 1253 1491 1272 1522; x_wconf 83' lang='lat'><strong>7</strong></span> <span class='ocrx_word' id='word_1_809' title='bbox 1321 1487 1484 1524; x_wconf 89' lang='lat' dir='ltr'>cendum.</span> <span class='ocrx_word' id='word_1_810' title='bbox 1531 1487 1630 1523; x_wconf 89' lang='lat' dir='ltr'>Idem</span> <span class='ocrx_word' id='word_1_811' title='bbox 1651 1488 1845 1524; x_wconf 88' lang='lat' dir='ltr'>Marcellus</span> <span class='ocrx_word' id='word_1_812' title='bbox 1869 1491 2022 1532; x_wconf 89' lang='lat' dir='ltr'>tractat,</span> <span class='ocrx_word' id='word_1_813' title='bbox 2047 1489 2078 1524; x_wconf 92' lang='lat' dir='ltr'>si</span> <span class='ocrx_word' id='word_1_814' title='bbox 2099 1489 2130 1524; x_wconf 93' lang='lat' dir='ltr'>is</span> <span class='ocrx_word' id='word_1_815' title='bbox 2178 1489 2216 1524; x_wconf 92' lang='lat' dir='ltr'>ui</span> <span class='ocrx_word' id='word_1_816' title='bbox 2238 1490 2347 1525; x_wconf 88' lang='lat' dir='ltr'>inter-</span> 
     </span>
     <span class='ocr_line' id='line_1_107' title="bbox 1252 1532 2349 1579; baseline 0.001 -10"><span class='ocrx_word' id='word_1_817' title='bbox 1252 1533 1391 1579; x_wconf 90' lang='lat' dir='ltr'>positus</span> <span class='ocrx_word' id='word_1_818' title='bbox 1424 1536 1497 1576; x_wconf 92' lang='lat' dir='ltr'>est,</span> <span class='ocrx_word' id='word_1_819' title='bbox 1559 1537 1769 1579; x_wconf 90' lang='lat' dir='ltr'>osteaquam</span> <span class='ocrx_word' id='word_1_820' title='bbox 1800 1532 1939 1569; x_wconf 89' lang='lat' dir='ltr'>dederit</span> <span class='ocrx_word' id='word_1_821' title='bbox 1969 1534 2129 1577; x_wconf 90' lang='lat' dir='ltr'>mulieri,</span> <span class='ocrx_word' id='word_1_822' title='bbox 2180 1535 2349 1570; x_wconf 91' lang='lat' dir='ltr'>ecesserit</span> 
     </span>
     <span class='ocr_line' id='line_1_108' title="bbox 1252 1578 2349 1625; baseline 0.003 -12"><span class='ocrx_word' id='word_1_823' title='bbox 1252 1579 1331 1614; x_wconf 88' lang='lat' dir='ltr'>vivo</span> <span class='ocrx_word' id='word_1_824' title='bbox 1368 1578 1486 1614; x_wconf 87' lang='lat' dir='ltr'>adhuc</span> <span class='ocrx_word' id='word_1_825' title='bbox 1543 1582 1711 1621; x_wconf 88' lang='lat' dir='ltr'>onatore,</span> <span class='ocrx_word' id='word_1_826' title='bbox 1744 1578 1970 1614; x_wconf 86' lang='lat' dir='ltr'>donationem</span> <span class='ocrx_word' id='word_1_827' title='bbox 2003 1589 2232 1623; x_wconf 87' lang='lat' dir='ltr'>evanescere,</span> <span class='ocrx_word' id='word_1_828' title='bbox 2264 1580 2349 1625; x_wconf 88' lang='lat' dir='ltr'>quia</span> 
     </span>
     <span class='ocr_line' id='line_1_109' title="bbox 1253 1623 2347 1669; baseline 0.001 -10"><span class='ocrx_word' id='word_1_829' title='bbox 1253 1624 1383 1660; x_wconf 90' lang='lat' dir='ltr'>debeat</span> <span class='ocrx_word' id='word_1_830' title='bbox 1406 1624 1524 1669; x_wconf 91' lang='lat' dir='ltr'>aliquo</span> <span class='ocrx_word' id='word_1_831' title='bbox 1548 1627 1727 1659; x_wconf 91' lang='lat' dir='ltr'>momento</span> <span class='ocrx_word' id='word_1_832' title='bbox 1751 1624 1960 1669; x_wconf 90' lang='lat' dir='ltr'>interposito</span> <span class='ocrx_word' id='word_1_833' title='bbox 1974 1625 2002 1645; x_wconf 85' lang='lat'>¹⁰</span> <span class='ocrx_word' id='word_1_834' title='bbox 2037 1623 2115 1660; x_wconf 88' lang='lat' dir='ltr'>fieri</span> <span class='ocrx_word' id='word_1_835' title='bbox 2151 1628 2187 1660; x_wconf 90' lang='lat' dir='ltr'>et</span> <span class='ocrx_word' id='word_1_836' title='bbox 2216 1625 2268 1661; x_wconf 90' lang='lat' dir='ltr'>sic</span> <span class='ocrx_word' id='word_1_837' title='bbox 2299 1624 2347 1660; x_wconf 83' lang='lat' dir='ltr'>ad</span> 
     </span>
     <span class='ocr_line' id='line_1_110' title="bbox 1252 1668 2346 1722; baseline 0.001 -17"><span class='ocrx_word' id='word_1_838' title='bbox 1252 1669 1435 1705; x_wconf 91' lang='lat' dir='ltr'>mulierem</span> <span class='ocrx_word' id='word_1_839' title='bbox 1458 1669 1632 1705; x_wconf 86' lang='lat' dir='ltr'>transire:</span> <span class='ocrx_word' id='word_1_840' title='bbox 1668 1668 1764 1714; x_wconf 91' lang='lat' dir='ltr'>quod</span> <span class='ocrx_word' id='word_1_841' title='bbox 1794 1669 1846 1704; x_wconf 89' lang='lat' dir='ltr'>ita</span> <span class='ocrx_word' id='word_1_842' title='bbox 1875 1669 2055 1722; x_wconf 85' lang='lat' dir='ltr'>procedit,</span> <span class='ocrx_word' id='word_1_843' title='bbox 2080 1669 2111 1705; x_wconf 95' lang='lat' dir='ltr'>si</span> <span class='ocrx_word' id='word_1_844' title='bbox 2135 1679 2178 1705; x_wconf 90' lang='lat' dir='ltr'>ea</span> <span class='ocrx_word' id='word_1_845' title='bbox 2201 1670 2259 1705; x_wconf 91' lang='lat' dir='ltr'>cui</span> <span class='ocrx_word' id='word_1_846' title='bbox 2282 1669 2346 1706; x_wconf 89' lang='lat' dir='ltr'>do-</span> 
     </span>
     <span class='ocr_line' id='line_1_111' title="bbox 1253 1714 2346 1760; baseline 0.001 -10"><span class='ocrx_word' id='word_1_847' title='bbox 1253 1716 1409 1750; x_wconf 89' lang='lat' dir='ltr'>nabatur</span> <span class='ocrx_word' id='word_1_848' title='bbox 1433 1725 1514 1750; x_wconf 91' lang='lat' dir='ltr'>eum</span> <span class='ocrx_word' id='word_1_849' title='bbox 1536 1714 1761 1760; x_wconf 87' lang='lat' dir='ltr'>interposuit,</span> <span class='ocrx_word' id='word_1_850' title='bbox 1786 1725 1860 1750; x_wconf 91' lang='lat' dir='ltr'>non</span> <span class='ocrx_word' id='word_1_851' title='bbox 1881 1725 1913 1750; x_wconf 88' lang='lat' dir='ltr'>is</span> <span class='ocrx_word' id='word_1_852' title='bbox 1937 1714 1999 1760; x_wconf 90' lang='lat' dir='ltr'>qui</span> <span class='ocrx_word' id='word_1_853' title='bbox 2022 1714 2190 1750; x_wconf 88' lang='lat' dir='ltr'>donabat.</span> <span class='ocrx_word' id='word_1_854' title='bbox 2237 1725 2346 1760; x_wconf 90' lang='lat' dir='ltr'>porro</span> 
     </span>
     <span class='ocr_line' id='line_1_112' title="bbox 1252 1760 2346 1813; baseline -0.001 -17"><span class='ocrx_word' id='word_1_855' title='bbox 1252 1761 1283 1796; x_wconf 92' lang='lat' dir='ltr'>si</span> <span class='ocrx_word' id='word_1_856' title='bbox 1314 1771 1336 1795; x_wconf 90' lang='lat' dir='ltr'>a</span> <span class='ocrx_word' id='word_1_857' title='bbox 1374 1760 1502 1795; x_wconf 90' lang='lat' dir='ltr'>marito</span> <span class='ocrx_word' id='word_1_858' title='bbox 1541 1760 1774 1805; x_wconf 89' lang='lat' dir='ltr'>interpositus</span> <span class='ocrx_word' id='word_1_859' title='bbox 1816 1763 1888 1802; x_wconf 90' lang='lat' dir='ltr'>est,</span> <span class='ocrx_word' id='word_1_860' title='bbox 1921 1764 1957 1795; x_wconf 92' lang='lat' dir='ltr'>et</span> <span class='ocrx_word' id='word_1_861' title='bbox 1994 1770 2051 1795; x_wconf 87' lang='lat' dir='ltr'>res</span> <span class='ocrx_word' id='word_1_862' title='bbox 2081 1760 2194 1813; x_wconf 84' lang='lat' dir='ltr'>ipsius</span> <span class='ocrx_word' id='word_1_863' title='bbox 2225 1760 2346 1796; x_wconf 89' lang='lat' dir='ltr'>statim</span> 
     </span>
     <span class='ocr_line' id='line_1_113' title="bbox 1250 1805 2345 1848; baseline 0 -7"><span class='ocrx_word' id='word_1_864' title='bbox 1250 1806 1350 1841; x_wconf 89' lang='lat' dir='ltr'>facta</span> <span class='ocrx_word' id='word_1_865' title='bbox 1374 1809 1430 1841; x_wconf 91' lang='lat' dir='ltr'>est</span> <span class='ocrx_word' id='word_1_866' title='bbox 1453 1808 1499 1848; x_wconf 89' lang='lat' dir='ltr'>et,</span> <span class='ocrx_word' id='word_1_867' title='bbox 1524 1805 1554 1840; x_wconf 89' lang='lat' dir='ltr'>si</span> <span class='ocrx_word' id='word_1_868' title='bbox 1578 1809 1662 1840; x_wconf 89' lang='lat' dir='ltr'>ante</span> <span class='ocrx_word' id='word_1_869' title='bbox 1685 1808 1835 1840; x_wconf 92' lang='lat' dir='ltr'>mortem</span> <span class='ocrx_word' id='word_1_870' title='bbox 1865 1805 1983 1840; x_wconf 90' lang='lat' dir='ltr'>mariti</span> <span class='ocrx_word' id='word_1_871' title='bbox 2013 1805 2201 1840; x_wconf 83' lang='lat' dir='ltr'>tradiderit</span> <span class='ocrx_word' id='word_1_872' title='bbox 2224 1809 2261 1841; x_wconf 88' lang='lat' dir='ltr'>et</span> <span class='ocrx_word' id='word_1_873' title='bbox 2283 1805 2345 1841; x_wconf 84' lang='lat' dir='ltr'>de-</span> 
     </span>
     <span class='ocr_line' id='line_1_114' title="bbox 1252 1850 2347 1895; baseline -0.002 -8"><span class='ocrx_word' id='word_1_874' title='bbox 1252 1851 1417 1893; x_wconf 89' lang='lat' dir='ltr'>cesserit,</span> <span class='ocrx_word' id='word_1_875' title='bbox 1456 1850 1600 1886; x_wconf 87' lang='lat' dir='ltr'>traditio</span> <span class='ocrx_word' id='word_1_876' title='bbox 1635 1850 1710 1886; x_wconf 90' lang='lat' dir='ltr'>eius</span> <span class='ocrx_word' id='word_1_877' title='bbox 1742 1850 1812 1895; x_wconf 85' lang='lat' dir='ltr'>egit</span> <span class='ocrx_word' id='word_1_878' title='bbox 1846 1850 1996 1895; x_wconf 86' lang='lat' dir='ltr'>aliquid,</span> <span class='ocrx_word' id='word_1_879' title='bbox 2035 1853 2077 1885; x_wconf 93' lang='lat' dir='ltr'>ut</span> <span class='ocrx_word' id='word_1_880' title='bbox 2106 1854 2226 1886; x_wconf 86' lang='lat' dir='ltr'>tamen</span> <span class='ocrx_word' id='word_1_881' title='bbox 2256 1850 2347 1886; x_wconf 87' lang='lat' dir='ltr'>haec</span> 
     </span>
     <span class='ocr_line' id='line_1_115' title="bbox 1252 1895 2347 1941; baseline 0 -10"><span class='ocrx_word' id='word_1_882' title='bbox 1252 1899 1272 1932; x_wconf 90' lang='lat'>8</span> <span class='ocrx_word' id='word_1_883' title='bbox 1319 1896 1464 1931; x_wconf 90' lang='lat' dir='ltr'>traditio</span> <span class='ocrx_word' id='word_1_884' title='bbox 1488 1896 1654 1941; x_wconf 90' lang='lat' dir='ltr'>pendeat,</span> <span class='ocrx_word' id='word_1_885' title='bbox 1681 1895 1794 1931; x_wconf 90' lang='lat' dir='ltr'>donec</span> <span class='ocrx_word' id='word_1_886' title='bbox 1826 1906 1921 1931; x_wconf 89' lang='lat' dir='ltr'>mors</span> <span class='ocrx_word' id='word_1_887' title='bbox 1955 1897 2136 1941; x_wconf 86' lang='lat' dir='ltr'>sequatur.</span> <span class='ocrx_word' id='word_1_888' title='bbox 2185 1895 2223 1931; x_wconf 88' lang='lat' dir='ltr'>Si</span> <span class='ocrx_word' id='word_1_889' title='bbox 2254 1906 2347 1931; x_wconf 86' lang='lat' dir='ltr'>uxor</span> 
     </span>
     <span class='ocr_line' id='line_1_116' title="bbox 1251 1940 2347 1983; baseline -0.001 -6"><span class='ocrx_word' id='word_1_890' title='bbox 1251 1951 1327 1977; x_wconf 90' lang='lat' dir='ltr'>rem</span> <span class='ocrx_word' id='word_1_891' title='bbox 1351 1941 1446 1976; x_wconf 90' lang='lat' dir='ltr'>Titio</span> <span class='ocrx_word' id='word_1_892' title='bbox 1471 1940 1618 1983; x_wconf 88' lang='lat' dir='ltr'>dederit,</span> <span class='ocrx_word' id='word_1_893' title='bbox 1643 1944 1685 1976; x_wconf 93' lang='lat' dir='ltr'>ut</span> <span class='ocrx_word' id='word_1_894' title='bbox 1700 1940 1731 1976; x_wconf 89' lang='lat' dir='ltr'>is</span> <span class='ocrx_word' id='word_1_895' title='bbox 1752 1941 1880 1976; x_wconf 91' lang='lat' dir='ltr'>marito</span> <span class='ocrx_word' id='word_1_896' title='bbox 1902 1941 2025 1976; x_wconf 90' lang='lat' dir='ltr'>mortis</span> <span class='ocrx_word' id='word_1_897' title='bbox 2051 1950 2162 1976; x_wconf 90' lang='lat' dir='ltr'>causa</span> <span class='ocrx_word' id='word_1_898' title='bbox 2185 1940 2347 1976; x_wconf 88' lang='lat' dir='ltr'>traderet</span> 
     </span>
     <span class='ocr_line' id='line_1_117' title="bbox 1252 1986 2345 2023; baseline -0.001 0"><span class='ocrx_word' id='word_1_899' title='bbox 1252 1997 1295 2023; x_wconf 86' lang='lat' dir='ltr'>ea</span> <span class='ocrx_word' id='word_1_900' title='bbox 1319 1996 1366 2023; x_wconf 93' lang='lat' dir='ltr'>ue</span> <span class='ocrx_word' id='word_1_901' title='bbox 1389 1986 1561 2022; x_wconf 89' lang='lat' dir='ltr'>defuncta</span> <span class='ocrx_word' id='word_1_902' title='bbox 1591 1986 1709 2021; x_wconf 82' lang='lat' dir='ltr'>invitis</span> <span class='ocrx_word' id='word_1_903' title='bbox 1741 1986 1931 2022; x_wconf 89' lang='lat' dir='ltr'>heredibus</span> <span class='ocrx_word' id='word_1_904' title='bbox 1964 1986 2040 2021; x_wconf 91' lang='lat' dir='ltr'>eius</span> <span class='ocrx_word' id='word_1_905' title='bbox 2073 1986 2189 2021; x_wconf 88' lang='lat' dir='ltr'>Titius</span> <span class='ocrx_word' id='word_1_906' title='bbox 2219 1986 2345 2022; x_wconf 88' lang='lat' dir='ltr'>marito</span> 
     </span>
     <span class='ocr_line' id='line_1_118' title="bbox 1252 1998 2345 2076; baseline -0.002 -8"><span class='ocrx_word' id='word_1_907' title='bbox 1252 1998 1400 2075; x_wconf 54' lang='lat' dir='ltr'>dederit,</span> <span class='ocrx_word' id='word_1_908' title='bbox 1439 2032 1606 2075; x_wconf 87' lang='lat' dir='ltr'>interest,</span> <span class='ocrx_word' id='word_1_909' title='bbox 1645 2034 1766 2067; x_wconf 90' lang='lat' dir='ltr'>utrum</span> <span class='ocrx_word' id='word_1_910' title='bbox 1798 2041 1820 2066; x_wconf 90' lang='lat' dir='ltr'>a</span> <span class='ocrx_word' id='word_1_911' title='bbox 1852 2031 1998 2066; x_wconf 91' lang='lat' dir='ltr'>muliere</span> <span class='ocrx_word' id='word_1_912' title='bbox 2029 2031 2076 2066; x_wconf 91' lang='lat' dir='ltr'>sit</span> <span class='ocrx_word' id='word_1_913' title='bbox 2113 2031 2345 2076; x_wconf 76' lang='lat' dir='ltr'>interpositus</span> 
     </span>
     <span class='ocr_line' id='line_1_119' title="bbox 1251 2076 2343 2113; baseline -0.002 0"><span class='ocrx_word' id='word_1_914' title='bbox 1251 2078 1368 2113; x_wconf 88' lang='lat' dir='ltr'>Titius</span> <span class='ocrx_word' id='word_1_915' title='bbox 1394 2088 1441 2112; x_wconf 90' lang='lat' dir='ltr'>an</span> <span class='ocrx_word' id='word_1_916' title='bbox 1463 2087 1547 2113; x_wconf 88' lang='lat' dir='ltr'>vero</span> <span class='ocrx_word' id='word_1_917' title='bbox 1573 2087 1596 2112; x_wconf 93' lang='lat' dir='ltr'>a</span> <span class='ocrx_word' id='word_1_918' title='bbox 1619 2077 1746 2112; x_wconf 90' lang='lat' dir='ltr'>marito</span> <span class='ocrx_word' id='word_1_919' title='bbox 1773 2076 1831 2112; x_wconf 93' lang='lat' dir='ltr'>cui</span> <span class='ocrx_word' id='word_1_920' title='bbox 1854 2076 2074 2111; x_wconf 88' lang='lat' dir='ltr'>donabatur:</span> <span class='ocrx_word' id='word_1_921' title='bbox 2101 2076 2132 2112; x_wconf 94' lang='lat' dir='ltr'>si</span> <span class='ocrx_word' id='word_1_922' title='bbox 2155 2086 2178 2111; x_wconf 92' lang='lat' dir='ltr'>a</span> <span class='ocrx_word' id='word_1_923' title='bbox 2200 2076 2343 2112; x_wconf 75' lang='lat' dir='ltr'>muliere</span> 
     </span>
     <span class='ocr_line' id='line_1_120' title="bbox 1250 2121 2341 2167; baseline -0.002 -9"><span class='ocrx_word' id='word_1_924' title='bbox 1250 2123 1324 2159; x_wconf 90' lang='lat' dir='ltr'>inte</span> <span class='ocrx_word' id='word_1_925' title='bbox 1371 2122 1484 2158; x_wconf 90' lang='lat' dir='ltr'>ositus</span> <span class='ocrx_word' id='word_1_926' title='bbox 1517 2125 1591 2165; x_wconf 88' lang='lat' dir='ltr'>est,</span> <span class='ocrx_word' id='word_1_927' title='bbox 1624 2121 1798 2167; x_wconf 85' lang='lat' dir='ltr'>obligabit</span> <span class='ocrx_word' id='word_1_928' title='bbox 1827 2131 1867 2157; x_wconf 90' lang='lat' dir='ltr'>se</span> <span class='ocrx_word' id='word_1_929' title='bbox 1899 2121 2139 2164; x_wconf 88' lang='lat' dir='ltr'>condictione,</span> <span class='ocrx_word' id='word_1_930' title='bbox 2164 2121 2195 2157; x_wconf 92' lang='lat' dir='ltr'>si</span> <span class='ocrx_word' id='word_1_931' title='bbox 2217 2121 2341 2156; x_wconf 82' lang='lat' dir='ltr'>marito</span> 
     </span>
     <span class='ocr_line' id='line_1_121' title="bbox 1251 2166 2346 2219; baseline -0.002 -16"><span class='ocrx_word' id='word_1_932' title='bbox 1251 2168 1346 2203; x_wconf 87' lang='lat' dir='ltr'>tradi</span> <span class='ocrx_word' id='word_1_933' title='bbox 1372 2167 1449 2211; x_wconf 91' lang='lat' dir='ltr'>erit,</span> <span class='ocrx_word' id='word_1_934' title='bbox 1476 2167 1506 2203; x_wconf 93' lang='lat' dir='ltr'>si</span> <span class='ocrx_word' id='word_1_935' title='bbox 1530 2170 1651 2202; x_wconf 90' lang='lat' dir='ltr'>autem</span> <span class='ocrx_word' id='word_1_936' title='bbox 1675 2177 1697 2201; x_wconf 90' lang='lat' dir='ltr'>a</span> <span class='ocrx_word' id='word_1_937' title='bbox 1719 2166 1848 2202; x_wconf 86' lang='lat' dir='ltr'>marito</span> <span class='ocrx_word' id='word_1_938' title='bbox 1874 2166 1921 2201; x_wconf 91' lang='lat' dir='ltr'>sit</span> <span class='ocrx_word' id='word_1_939' title='bbox 1943 2166 2186 2219; x_wconf 87' lang='lat' dir='ltr'>interpositus,</span> <span class='ocrx_word' id='word_1_940' title='bbox 2205 2169 2346 2201; x_wconf 85' lang='lat' dir='ltr'>mortua</span> 
     </span>
     <span class='ocr_line' id='line_1_122' title="bbox 1251 2211 2344 2256; baseline -0.003 -7"><span class='ocrx_word' id='word_1_941' title='bbox 1251 2213 1400 2249; x_wconf 85' lang='lat' dir='ltr'>muliere</span> <span class='ocrx_word' id='word_1_942' title='bbox 1424 2212 1615 2249; x_wconf 88' lang='lat' dir='ltr'>confestim</span> <span class='ocrx_word' id='word_1_943' title='bbox 1637 2211 1772 2247; x_wconf 86' lang='lat' dir='ltr'>fundus</span> <span class='ocrx_word' id='word_1_944' title='bbox 1806 2211 1980 2247; x_wconf 89' lang='lat' dir='ltr'>efficietur</span> <span class='ocrx_word' id='word_1_945' title='bbox 2011 2221 2086 2247; x_wconf 91' lang='lat' dir='ltr'>eius</span> <span class='ocrx_word' id='word_1_946' title='bbox 2110 2221 2215 2256; x_wconf 89' lang='lat' dir='ltr'>quem</span> <span class='ocrx_word' id='word_1_947' title='bbox 2238 2211 2344 2246; x_wconf 88' lang='lat' dir='ltr'>mari-</span> 
     </span>
     <span class='ocr_line' id='line_1_123' title="bbox 1250 2256 2343 2304; baseline -0.004 -10"><span class='ocrx_word' id='word_1_948' title='bbox 1250 2263 1309 2295; x_wconf 90' lang='lat' dir='ltr'>tus</span> <span class='ocrx_word' id='word_1_949' title='bbox 1333 2258 1549 2304; x_wconf 91' lang='lat' dir='ltr'>interposuit</span> <span class='ocrx_word' id='word_1_950' title='bbox 1573 2261 1609 2293; x_wconf 91' lang='lat' dir='ltr'>et</span> <span class='ocrx_word' id='word_1_951' title='bbox 1632 2257 1809 2293; x_wconf 89' lang='lat' dir='ltr'>actionem</span> <span class='ocrx_word' id='word_1_952' title='bbox 1832 2257 1910 2302; x_wconf 88' lang='lat' dir='ltr'>ipse</span> <span class='ocrx_word' id='word_1_953' title='bbox 1933 2256 2083 2292; x_wconf 89' lang='lat' dir='ltr'>maritus</span> <span class='ocrx_word' id='word_1_954' title='bbox 2108 2267 2189 2292; x_wconf 91' lang='lat' dir='ltr'>cum</span> <span class='ocrx_word' id='word_1_955' title='bbox 2213 2265 2254 2291; x_wconf 92' lang='lat' dir='ltr'>eo</span> <span class='ocrx_word' id='word_1_956' title='bbox 2278 2256 2343 2291; x_wconf 91' lang='lat' dir='ltr'>ha-</span> 
     </span>
     <span class='ocr_line' id='line_1_124' title="bbox 1251 2300 2343 2347; baseline -0.004 -8"><span class='ocrx_word' id='word_1_957' title='bbox 1251 2307 1271 2339; x_wconf 88' lang='lat'>9</span> <span class='ocrx_word' id='word_1_958' title='bbox 1319 2303 1429 2339; x_wconf 89' lang='lat' dir='ltr'>bebit.</span> <span class='ocrx_word' id='word_1_959' title='bbox 1478 2303 1516 2338; x_wconf 89' lang='lat' dir='ltr'>Si</span> <span class='ocrx_word' id='word_1_960' title='bbox 1548 2313 1642 2339; x_wconf 85' lang='lat' dir='ltr'>uxor</span> <span class='ocrx_word' id='word_1_961' title='bbox 1671 2313 1765 2345; x_wconf 92' lang='lat' dir='ltr'>rem,</span> <span class='ocrx_word' id='word_1_962' title='bbox 1798 2312 1903 2347; x_wconf 91' lang='lat' dir='ltr'>quam</span> <span class='ocrx_word' id='word_1_963' title='bbox 1935 2312 1957 2336; x_wconf 90' lang='lat' dir='ltr'>a</span> <span class='ocrx_word' id='word_1_964' title='bbox 1979 2301 2106 2336; x_wconf 86' lang='lat' dir='ltr'>marito</span> <span class='ocrx_word' id='word_1_965' title='bbox 2131 2311 2196 2336; x_wconf 90' lang='lat' dir='ltr'>suo</span> <span class='ocrx_word' id='word_1_966' title='bbox 2220 2300 2343 2336; x_wconf 85' lang='lat' dir='ltr'>mortis</span> 
     </span>
     <span class='ocr_line' id='line_1_125' title="bbox 1251 2345 2343 2394; baseline -0.005 -9"><span class='ocrx_word' id='word_1_967' title='bbox 1251 2360 1363 2386; x_wconf 88' lang='lat' dir='ltr'>causa</span> <span class='ocrx_word' id='word_1_968' title='bbox 1393 2352 1601 2394; x_wconf 87' lang='lat' dir='ltr'>acceperat,</span> <span class='ocrx_word' id='word_1_969' title='bbox 1633 2348 1712 2384; x_wconf 83' lang='lat' dir='ltr'>vivo</span> <span class='ocrx_word' id='word_1_970' title='bbox 1737 2358 1778 2383; x_wconf 92' lang='lat' dir='ltr'>eo</span> <span class='ocrx_word' id='word_1_971' title='bbox 1811 2346 1872 2382; x_wconf 85' lang='lat' dir='ltr'>alii</span> <span class='ocrx_word' id='word_1_972' title='bbox 1894 2346 2090 2389; x_wconf 91' lang='lat' dir='ltr'>tradiderit,</span> <span class='ocrx_word' id='word_1_973' title='bbox 2115 2345 2202 2381; x_wconf 92' lang='lat' dir='ltr'>nihil</span> <span class='ocrx_word' id='word_1_974' title='bbox 2226 2345 2343 2391; x_wconf 85' lang='lat' dir='ltr'>agitur</span> 
     </span>
     <span class='ocr_line' id='line_1_126' title="bbox 1251 2390 2340 2439; baseline -0.006 -9"><span class='ocrx_word' id='word_1_975' title='bbox 1251 2405 1294 2431; x_wconf 91' lang='lat' dir='ltr'>ea</span> <span class='ocrx_word' id='word_1_976' title='bbox 1317 2394 1520 2437; x_wconf 87' lang='lat' dir='ltr'>traditione,</span> <span class='ocrx_word' id='word_1_977' title='bbox 1545 2394 1631 2439; x_wconf 89' lang='lat' dir='ltr'>quia</span> <span class='ocrx_word' id='word_1_978' title='bbox 1660 2403 1733 2429; x_wconf 92' lang='lat' dir='ltr'>non</span> <span class='ocrx_word' id='word_1_979' title='bbox 1767 2395 1849 2427; x_wconf 90' lang='lat' dir='ltr'>ante</span> <span class='ocrx_word' id='word_1_980' title='bbox 1883 2392 2045 2426; x_wconf 90' lang='lat' dir='ltr'>ultimum</span> <span class='ocrx_word' id='word_1_981' title='bbox 2078 2390 2172 2426; x_wconf 87' lang='lat' dir='ltr'>vitae</span> <span class='ocrx_word' id='word_1_982' title='bbox 2201 2393 2340 2435; x_wconf 89' lang='lat' dir='ltr'>tempus</span> 
     </span>
     <span class='ocr_line' id='line_1_127' title="bbox 1249 2435 2341 2485; baseline -0.006 -9"><span class='ocrx_word' id='word_1_983' title='bbox 1249 2440 1407 2476; x_wconf 90' lang='lat' dir='ltr'>mulieris</span> <span class='ocrx_word' id='word_1_984' title='bbox 1438 2439 1518 2475; x_wconf 86' lang='lat' dir='ltr'>fuit.</span> <span class='ocrx_word' id='word_1_985' title='bbox 1552 2439 1661 2485; x_wconf 91' lang='lat' dir='ltr'>plane</span> <span class='ocrx_word' id='word_1_986' title='bbox 1691 2438 1728 2473; x_wconf 92' lang='lat' dir='ltr'>in</span> <span class='ocrx_word' id='word_1_987' title='bbox 1761 2437 1890 2483; x_wconf 90' lang='lat' dir='ltr'>quibus</span> <span class='ocrx_word' id='word_1_988' title='bbox 1915 2436 2057 2471; x_wconf 91' lang='lat' dir='ltr'>casibus</span> <span class='ocrx_word' id='word_1_989' title='bbox 2081 2435 2223 2480; x_wconf 88' lang='lat' dir='ltr'>placeat</span> <span class='ocrx_word' id='word_1_990' title='bbox 2246 2438 2341 2470; x_wconf 88' lang='lat' dir='ltr'>retro</span> 
     </span>
     <span class='ocr_line' id='line_1_128' title="bbox 1251 2479 2342 2532; baseline -0.006 -11"><span class='ocrx_word' id='word_1_991' title='bbox 1251 2486 1309 2531; x_wconf 89' lang='lat' dir='ltr'>agi</span> <span class='ocrx_word' id='word_1_992' title='bbox 1343 2485 1573 2521; x_wconf 90' lang='lat' dir='ltr'>donationem</span> <span class='ocrx_word' id='word_1_993' title='bbox 1586 2511 1595 2527; x_wconf 95' lang='lat'>,</span> <span class='ocrx_word' id='word_1_994' title='bbox 1632 2483 1738 2518; x_wconf 90' lang='lat' dir='ltr'>etiam</span> <span class='ocrx_word' id='word_1_995' title='bbox 1773 2491 1923 2527; x_wconf 91' lang='lat' dir='ltr'>sequens</span> <span class='ocrx_word' id='word_1_996' title='bbox 1959 2480 2104 2516; x_wconf 88' lang='lat' dir='ltr'>traditio</span> <span class='ocrx_word' id='word_1_997' title='bbox 2139 2490 2162 2515; x_wconf 88' lang='lat' dir='ltr'>a</span> <span class='ocrx_word' id='word_1_998' title='bbox 2195 2479 2342 2532; x_wconf 73' lang='lat' dir='ltr'>muliere</span> 
     </span>
     <span class='ocr_line' id='line_1_129' title="bbox 1253 2525 2342 2575; baseline -0.007 -8"><span class='ocrx_word' id='word_1_999' title='bbox 1253 2534 1295 2567; x_wconf 90' lang='lat'>10</span> <span class='ocrx_word' id='word_1_1000' title='bbox 1341 2530 1441 2566; x_wconf 89' lang='lat' dir='ltr'>facta</span> <span class='ocrx_word' id='word_1_1001' title='bbox 1471 2530 1508 2565; x_wconf 89' lang='lat' dir='ltr'>in</span> <span class='ocrx_word' id='word_1_1002' title='bbox 1540 2528 1711 2575; x_wconf 89' lang='lat' dir='ltr'>pendenti</span> <span class='ocrx_word' id='word_1_1003' title='bbox 1741 2527 1942 2563; x_wconf 90' lang='lat' dir='ltr'>habebitur.</span> <span class='ocrx_word' id='word_1_1004' title='bbox 1998 2525 2036 2560; x_wconf 87' lang='lat' dir='ltr'>Si</span> <span class='ocrx_word' id='word_1_1005' title='bbox 2066 2525 2214 2560; x_wconf 88' lang='lat' dir='ltr'>maritus</span> <span class='ocrx_word' id='word_1_1006' title='bbox 2239 2534 2342 2560; x_wconf 87' lang='lat' dir='ltr'>uxori</span> 
     </span>
     <span class='ocr_line' id='line_1_130' title="bbox 1251 2568 2339 2624; baseline -0.007 -12"><span class='ocrx_word' id='word_1_1007' title='bbox 1251 2575 1437 2612; x_wconf 90' lang='lat' dir='ltr'>donaverit</span> <span class='ocrx_word' id='word_1_1008' title='bbox 1466 2575 1590 2610; x_wconf 90' lang='lat' dir='ltr'>mortis</span> <span class='ocrx_word' id='word_1_1009' title='bbox 1620 2583 1730 2609; x_wconf 88' lang='lat' dir='ltr'>causa</span> <span class='ocrx_word' id='word_1_1010' title='bbox 1762 2582 1873 2624; x_wconf 88' lang='lat' dir='ltr'>eaque</span> <span class='ocrx_word' id='word_1_1011' title='bbox 1904 2569 2100 2622; x_wconf 72' lang='lat' dir='ltr'>diverterit,</span> <span class='ocrx_word' id='word_1_1012' title='bbox 2134 2580 2180 2605; x_wconf 90' lang='lat' dir='ltr'>an</span> <span class='ocrx_word' id='word_1_1013' title='bbox 2213 2568 2339 2622; x_wconf 83' lang='lat' dir='ltr'>dissol-</span> 
     </span>
     <span class='ocr_line' id='line_1_131' title="bbox 1249 2614 2340 2662; baseline -0.008 -5"><span class='ocrx_word' id='word_1_1014' title='bbox 1249 2625 1355 2657; x_wconf 90' lang='lat' dir='ltr'>vatur</span> <span class='ocrx_word' id='word_1_1015' title='bbox 1378 2620 1550 2656; x_wconf 79' lang='lat' dir='ltr'>donatio?</span> <span class='ocrx_word' id='word_1_1016' title='bbox 1573 2619 1732 2655; x_wconf 90' lang='lat' dir='ltr'>Iulianus</span> <span class='ocrx_word' id='word_1_1017' title='bbox 1757 2616 1900 2662; x_wconf 89' lang='lat' dir='ltr'>scripsit</span> <span class='ocrx_word' id='word_1_1018' title='bbox 1920 2615 2092 2650; x_wconf 89' lang='lat' dir='ltr'>infirmari</span> <span class='ocrx_word' id='word_1_1019' title='bbox 2113 2614 2340 2651; x_wconf 85' lang='lat' dir='ltr'>donationem</span> 
     </span>
     <span class='ocr_line' id='line_1_132' title="bbox 1253 2659 2341 2711; baseline -0.007 -9"><span class='ocrx_word' id='word_1_1020' title='bbox 1253 2670 1291 2701; x_wconf 93' lang='lat'>11</span> <span class='ocrx_word' id='word_1_1021' title='bbox 1342 2676 1408 2702; x_wconf 94' lang='lat' dir='ltr'>nec</span> <span class='ocrx_word' id='word_1_1022' title='bbox 1442 2664 1697 2711; x_wconf 87' lang='lat' dir='ltr'>impendere¹¹.</span> <span class='ocrx_word' id='word_1_1023' title='bbox 1753 2661 1850 2697; x_wconf 90' lang='lat' dir='ltr'>Idem</span> <span class='ocrx_word' id='word_1_1024' title='bbox 1884 2661 1953 2703; x_wconf 87' lang='lat' dir='ltr'>ait,</span> <span class='ocrx_word' id='word_1_1025' title='bbox 1988 2660 2020 2696; x_wconf 88' lang='lat' dir='ltr'>si</span> <span class='ocrx_word' id='word_1_1026' title='bbox 2054 2659 2195 2695; x_wconf 86' lang='lat' dir='ltr'>divortii</span> <span class='ocrx_word' id='word_1_1027' title='bbox 2230 2667 2341 2695; x_wconf 84' lang='lat' dir='ltr'>causa</span> 
     </span>
     <span class='ocr_line' id='line_1_133' title="bbox 1249 2709 1763 2752; baseline -0.01 -5"><span class='ocrx_word' id='word_1_1028' title='bbox 1249 2711 1349 2747; x_wconf 87' lang='lat' dir='ltr'>facta</span> <span class='ocrx_word' id='word_1_1029' title='bbox 1373 2711 1420 2747; x_wconf 92' lang='lat' dir='ltr'>sit</span> <span class='ocrx_word' id='word_1_1030' title='bbox 1443 2710 1600 2752; x_wconf 90' lang='lat' dir='ltr'>donatio,</span> <span class='ocrx_word' id='word_1_1031' title='bbox 1624 2709 1763 2745; x_wconf 84' lang='lat' dir='ltr'>valere:</span> 
     </span>
    </p>

    <p class='ocr_par' dir='ltr' id='par_1_36' title="bbox 1250 2750 2340 2892">
     <span class='ocr_line' id='line_1_134' title="bbox 1299 2750 2340 2802; baseline -0.01 -9"><span class='ocrx_word' id='word_1_1032' title='bbox 1299 2755 1351 2794; x_wconf 89' lang='lat'>12</span> <span class='ocrx_word' id='word_1_1033' title='bbox 1376 2755 1433 2791; x_wconf 76' lang='grc' dir='ltr'>ΡΑ</span> <span class='ocrx_word' id='word_1_1034' title='bbox 1441 2765 1536 2791; x_wconf 60' lang='lat' dir='ltr'>Utus</span> <span class='ocrx_word' id='word_1_1035' title='bbox 1549 2755 1639 2790; x_wconf 82' lang='lat' dir='ltr'>libro</span> <span class='ocrx_word' id='word_1_1036' title='bbox 1655 2754 1805 2799; x_wconf 80' lang='lat' dir='ltr'>septimo</span> <span class='ocrx_word' id='word_1_1037' title='bbox 1826 2751 1876 2787; x_wconf 86' lang='lat' dir='ltr'>ad</span> <span class='ocrx_word' id='word_1_1038' title='bbox 1895 2750 2069 2787; x_wconf 81' lang='lat' dir='ltr'>Sabinum</span> <span class='ocrx_word' id='word_1_1039' title='bbox 2105 2758 2203 2802; x_wconf 43' lang='lat' dir='ltr'>quae·</span> <span class='ocrx_word' id='word_1_1040' title='bbox 2219 2751 2340 2802; x_wconf 80' lang='lat' dir='ltr'>tamen</span> 
     </span>
     <span class='ocr_line' id='line_1_135' title="bbox 1250 2797 2340 2843; baseline -0.008 -6"><span class='ocrx_word' id='word_1_1041' title='bbox 1250 2802 1317 2838; x_wconf 90' lang='lat' dir='ltr'>sub</span> <span class='ocrx_word' id='word_1_1042' title='bbox 1348 2802 1361 2836; x_wconf 92' lang='lat' dir='ltr'>i</span> <span class='ocrx_word' id='word_1_1043' title='bbox 1388 2811 1427 2836; x_wconf 92' lang='lat' dir='ltr'>so</span> <span class='ocrx_word' id='word_1_1044' title='bbox 1459 2799 1600 2836; x_wconf 88' lang='lat' dir='ltr'>divortii</span> <span class='ocrx_word' id='word_1_1045' title='bbox 1630 2802 1808 2843; x_wconf 90' lang='lat' dir='ltr'>tempore,</span> <span class='ocrx_word' id='word_1_1046' title='bbox 1841 2806 1913 2832; x_wconf 89' lang='lat' dir='ltr'>non</span> <span class='ocrx_word' id='word_1_1047' title='bbox 1945 2805 2036 2841; x_wconf 88' lang='lat' dir='ltr'>quae</span> <span class='ocrx_word' id='word_1_1048' title='bbox 2060 2805 2105 2831; x_wconf 84' lang='lat' dir='ltr'>ex</span> <span class='ocrx_word' id='word_1_1049' title='bbox 2128 2797 2340 2839; x_wconf 81' lang='lat' dir='ltr'>cogitatione</span> 
     </span>
     <span class='ocr_line' id='line_1_136' title="bbox 1251 2842 1891 2892; baseline -0.009 -10"><span class='ocrx_word' id='word_1_1050' title='bbox 1251 2857 1347 2892; x_wconf 90' lang='lat' dir='ltr'>quan</span> <span class='ocrx_word' id='word_1_1051' title='bbox 1373 2857 1464 2890; x_wconf 90' lang='lat' dir='ltr'>oque</span> <span class='ocrx_word' id='word_1_1052' title='bbox 1486 2845 1598 2880; x_wconf 90' lang='lat' dir='ltr'>futuri</span> <span class='ocrx_word' id='word_1_1053' title='bbox 1622 2843 1765 2879; x_wconf 69' lang='lat' dir='ltr'>divortii⁴</span> <span class='ocrx_word' id='word_1_1054' title='bbox 1784 2842 1891 2877; x_wconf 87' lang='lat' dir='ltr'>fiant:</span> 
     </span>
    </p>

    <p class='ocr_par' dir='ltr' id='par_1_37' title="bbox 1249 2883 2338 3426">
     <span class='ocr_line' id='line_1_137' title="bbox 1299 2883 2338 2934; baseline -0.011 -6"><span class='ocrx_word' id='word_1_1055' title='bbox 1299 2889 1348 2929; x_wconf 90' lang='lat'>13</span> <span class='ocrx_word' id='word_1_1056' title='bbox 1382 2891 1578 2927; x_wconf 60' lang='lat' dir='ltr'>Uimiws</span> <span class='ocrx_word' id='word_1_1057' title='bbox 1596 2889 1687 2924; x_wconf 84' lang='lat' dir='ltr'>libro</span> <span class='ocrx_word' id='word_1_1058' title='bbox 1712 2888 1896 2934; x_wconf 64' lang='lat' dir='ltr'>myos-imo</span> <span class='ocrx_word' id='word_1_1059' title='bbox 1919 2885 2077 2922; x_wconf 81' lang='lat' dir='ltr'>secundo</span> <span class='ocrx_word' id='word_1_1060' title='bbox 2097 2884 2147 2920; x_wconf 87' lang='lat' dir='ltr'>ad</span> <span class='ocrx_word' id='word_1_1061' title='bbox 2165 2883 2338 2920; x_wconf 80' lang='lat' dir='ltr'>Sabinum</span> 
     </span>
     <span class='ocr_line' id='line_1_138' title="bbox 1250 2930 2337 2976; baseline -0.009 -3"><span class='ocrx_word' id='word_1_1062' title='bbox 1250 2937 1314 2973; x_wconf 88' lang='lat' dir='ltr'>sed</span> <span class='ocrx_word' id='word_1_1063' title='bbox 1337 2937 1367 2972; x_wconf 91' lang='lat' dir='ltr'>si</span> <span class='ocrx_word' id='word_1_1064' title='bbox 1390 2946 1485 2971; x_wconf 90' lang='lat' dir='ltr'>mors</span> <span class='ocrx_word' id='word_1_1065' title='bbox 1509 2935 1556 2970; x_wconf 91' lang='lat' dir='ltr'>sit</span> <span class='ocrx_word' id='word_1_1066' title='bbox 1577 2934 1759 2976; x_wconf 88' lang='lat' dir='ltr'>insecuta,</span> <span class='ocrx_word' id='word_1_1067' title='bbox 1791 2942 1864 2968; x_wconf 93' lang='lat' dir='ltr'>non</span> <span class='ocrx_word' id='word_1_1068' title='bbox 1895 2930 2006 2967; x_wconf 85' lang='lat' dir='ltr'>videri</span> <span class='ocrx_word' id='word_1_1069' title='bbox 2040 2930 2157 2966; x_wconf 90' lang='lat' dir='ltr'>factas</span> <span class='ocrx_word' id='word_1_1070' title='bbox 2180 2939 2237 2964; x_wconf 89' lang='lat' dir='ltr'>res</span> <span class='ocrx_word' id='word_1_1071' title='bbox 2261 2938 2337 2963; x_wconf 91' lang='lat' dir='ltr'>mu-</span> 
     </span>
     <span class='ocr_line' id='line_1_139' title="bbox 1253 2972 2336 3026; baseline -0.01 -8"><span class='ocrx_word' id='word_1_1072' title='bbox 1253 2986 1268 3017; x_wconf 89' lang='lat'>1</span> <span class='ocrx_word' id='word_1_1073' title='bbox 1318 2982 1425 3024; x_wconf 89' lang='lat' dir='ltr'>lieris,</span> <span class='ocrx_word' id='word_1_1074' title='bbox 1451 2980 1536 3026; x_wconf 90' lang='lat' dir='ltr'>quia</span> <span class='ocrx_word' id='word_1_1075' title='bbox 1558 2978 1703 3014; x_wconf 89' lang='lat' dir='ltr'>donatio</span> <span class='ocrx_word' id='word_1_1076' title='bbox 1723 2978 1761 3013; x_wconf 93' lang='lat' dir='ltr'>in</span> <span class='ocrx_word' id='word_1_1077' title='bbox 1777 2977 1886 3013; x_wconf 92' lang='lat' dir='ltr'>alium</span> <span class='ocrx_word' id='word_1_1078' title='bbox 1908 2985 2029 3012; x_wconf 87' lang='lat' dir='ltr'>casum</span> <span class='ocrx_word' id='word_1_1079' title='bbox 2048 2974 2148 3010; x_wconf 87' lang='lat' dir='ltr'>facta</span> <span class='ocrx_word' id='word_1_1080' title='bbox 2160 2977 2224 3010; x_wconf 89' lang='lat' dir='ltr'>est.</span> <span class='ocrx_word' id='word_1_1081' title='bbox 2249 2972 2336 3008; x_wconf 85' lang='lat' dir='ltr'>Pro-</span> 
     </span>
     <span class='ocr_line' id='line_1_140' title="bbox 1249 3018 2336 3064; baseline -0.01 -1"><span class='ocrx_word' id='word_1_1082' title='bbox 1249 3027 1332 3063; x_wconf 92' lang='lat' dir='ltr'>inde</span> <span class='ocrx_word' id='word_1_1083' title='bbox 1357 3029 1393 3062; x_wconf 89' lang='lat' dir='ltr'>et</span> <span class='ocrx_word' id='word_1_1084' title='bbox 1416 3026 1446 3061; x_wconf 90' lang='lat' dir='ltr'>si</span> <span class='ocrx_word' id='word_1_1085' title='bbox 1469 3024 1592 3060; x_wconf 88' lang='lat' dir='ltr'>mortis</span> <span class='ocrx_word' id='word_1_1086' title='bbox 1618 3033 1728 3059; x_wconf 88' lang='lat' dir='ltr'>causa</span> <span class='ocrx_word' id='word_1_1087' title='bbox 1751 3022 1856 3058; x_wconf 85' lang='lat' dir='ltr'>uxori</span> <span class='ocrx_word' id='word_1_1088' title='bbox 1887 3021 2072 3057; x_wconf 87' lang='lat' dir='ltr'>donaverit</span> <span class='ocrx_word' id='word_1_1089' title='bbox 2102 3023 2138 3055; x_wconf 91' lang='lat' dir='ltr'>et</span> <span class='ocrx_word' id='word_1_1090' title='bbox 2174 3018 2336 3064; x_wconf 84' lang='lat' dir='ltr'>deporta-</span> 
     </span>
     <span class='ocr_line' id='line_1_141' title="bbox 1249 3064 2336 3116; baseline -0.011 -8"><span class='ocrx_word' id='word_1_1091' title='bbox 1249 3073 1382 3108; x_wconf 89' lang='lat' dir='ltr'>tionem</span> <span class='ocrx_word' id='word_1_1092' title='bbox 1405 3080 1534 3116; x_wconf 89' lang='lat' dir='ltr'>passus</span> <span class='ocrx_word' id='word_1_1093' title='bbox 1566 3072 1640 3111; x_wconf 91' lang='lat' dir='ltr'>est,</span> <span class='ocrx_word' id='word_1_1094' title='bbox 1673 3078 1721 3103; x_wconf 91' lang='lat' dir='ltr'>an</span> <span class='ocrx_word' id='word_1_1095' title='bbox 1753 3066 1899 3103; x_wconf 90' lang='lat' dir='ltr'>donatio</span> <span class='ocrx_word' id='word_1_1096' title='bbox 1922 3066 2050 3108; x_wconf 83' lang='lat' dir='ltr'>valeat,</span> <span class='ocrx_word' id='word_1_1097' title='bbox 2074 3064 2265 3116; x_wconf 80' lang='lat' dir='ltr'>videamus.</span> <span class='ocrx_word' id='word_1_1098' title='bbox 2302 3064 2336 3096; x_wconf 89' lang='lat' dir='ltr'>et</span> 
     </span>
     <span class='ocr_line' id='line_1_142' title="bbox 1250 3106 2334 3162; baseline -0.012 -9"><span class='ocrx_word' id='word_1_1099' title='bbox 1250 3118 1339 3153; x_wconf 89' lang='lat' dir='ltr'>alias</span> <span class='ocrx_word' id='word_1_1100' title='bbox 1370 3116 1490 3162; x_wconf 88' lang='lat' dir='ltr'>placet</span> <span class='ocrx_word' id='word_1_1101' title='bbox 1520 3115 1557 3149; x_wconf 95' lang='lat' dir='ltr'>in</span> <span class='ocrx_word' id='word_1_1102' title='bbox 1582 3124 1705 3149; x_wconf 86' lang='lat' dir='ltr'>casum</span> <span class='ocrx_word' id='word_1_1103' title='bbox 1729 3111 1985 3158; x_wconf 87' lang='lat' dir='ltr'>deportationis</span> <span class='ocrx_word' id='word_1_1104' title='bbox 2010 3111 2237 3160; x_wconf 77' lang='lat' dir='ltr'>donationem</span> <span class='ocrx_word' id='word_1_1105' title='bbox 2258 3106 2334 3141; x_wconf 88' lang='lat' dir='ltr'>fac-</span> 
     </span>
     <span class='ocr_line' id='line_1_143' title="bbox 1249 3155 2334 3205; baseline -0.013 -7"><span class='ocrx_word' id='word_1_1106' title='bbox 1249 3167 1323 3198; x_wconf 90' lang='lat' dir='ltr'>tam</span> <span class='ocrx_word' id='word_1_1107' title='bbox 1347 3161 1475 3203; x_wconf 86' lang='lat' dir='ltr'>valere,</span> <span class='ocrx_word' id='word_1_1108' title='bbox 1501 3158 1798 3205; x_wconf 88' lang='lat' dir='ltr'>quemadmodum</span> <span class='ocrx_word' id='word_1_1109' title='bbox 1814 3157 1853 3192; x_wconf 93' lang='lat' dir='ltr'>in</span> <span class='ocrx_word' id='word_1_1110' title='bbox 1873 3166 2018 3192; x_wconf 90' lang='lat' dir='ltr'>causam</span> <span class='ocrx_word' id='word_1_1111' title='bbox 2031 3156 2059 3176; x_wconf 80' lang='lat'>¹²</span> <span class='ocrx_word' id='word_1_1112' title='bbox 2082 3155 2229 3189; x_wconf 89' lang='lat' dir='ltr'>divortn.</span> <span class='ocrx_word' id='word_1_1113' title='bbox 2255 3160 2334 3186; x_wconf 90' lang='lat' dir='ltr'>cum</span> 
     </span>
     <span class='ocr_line' id='line_1_144' title="bbox 1249 3196 2334 3258; baseline -0.014 -15"><span class='ocrx_word' id='word_1_1114' title='bbox 1249 3208 1356 3254; x_wconf 83' lang='lat' dir='ltr'>igitur</span> <span class='ocrx_word' id='word_1_1115' title='bbox 1368 3207 1396 3228; x_wconf 85' lang='lat'>¹³</span> <span class='ocrx_word' id='word_1_1116' title='bbox 1420 3204 1665 3258; x_wconf 84' lang='lat' dir='ltr'>deportatione</span> <span class='ocrx_word' id='word_1_1117' title='bbox 1688 3202 1950 3238; x_wconf 91' lang='lat' dir='ltr'>matrimonium</span> <span class='ocrx_word' id='word_1_1118' title='bbox 1968 3200 2109 3236; x_wconf 89' lang='lat' dir='ltr'>minime</span> <span class='ocrx_word' id='word_1_1119' title='bbox 2125 3196 2334 3233; x_wconf 83' lang='lat' dir='ltr'>dissolvatur</span> 
     </span>
     <span class='ocr_line' id='line_1_145' title="bbox 1250 3239 2331 3290; baseline -0.014 -2"><span class='ocrx_word' id='word_1_1120' title='bbox 1250 3257 1286 3289; x_wconf 91' lang='lat' dir='ltr'>et</span> <span class='ocrx_word' id='word_1_1121' title='bbox 1309 3251 1396 3287; x_wconf 92' lang='lat' dir='ltr'>nihil</span> <span class='ocrx_word' id='word_1_1122' title='bbox 1419 3251 1541 3286; x_wconf 89' lang='lat' dir='ltr'>vitium</span> <span class='ocrx_word' id='word_1_1123' title='bbox 1563 3248 1720 3284; x_wconf 90' lang='lat' dir='ltr'>mulieris</span> <span class='ocrx_word' id='word_1_1124' title='bbox 1743 3247 1904 3290; x_wconf 88' lang='lat' dir='ltr'>incurrit,</span> <span class='ocrx_word' id='word_1_1125' title='bbox 1928 3247 2119 3281; x_wconf 90' lang='lat' dir='ltr'>humanum</span> <span class='ocrx_word' id='word_1_1126' title='bbox 2146 3245 2199 3277; x_wconf 86' lang='lat' dir='ltr'>est</span> <span class='ocrx_word' id='word_1_1127' title='bbox 2222 3239 2331 3290; x_wconf 43' lang='lat' dir='ltr'>dona-</span> 
     </span>
     <span class='ocr_line' id='line_1_146' title="bbox 1249 3283 2332 3340; baseline -0.015 -7"><span class='ocrx_word' id='word_1_1128' title='bbox 1249 3298 1401 3339; x_wconf 89' lang='lat' dir='ltr'>tionem,</span> <span class='ocrx_word' id='word_1_1129' title='bbox 1434 3304 1526 3340; x_wconf 87' lang='lat' dir='ltr'>quae</span> <span class='ocrx_word' id='word_1_1130' title='bbox 1557 3294 1681 3329; x_wconf 87' lang='lat' dir='ltr'>mortis</span> <span class='ocrx_word' id='word_1_1131' title='bbox 1714 3303 1825 3329; x_wconf 90' lang='lat' dir='ltr'>causa</span> <span class='ocrx_word' id='word_1_1132' title='bbox 1855 3292 1900 3327; x_wconf 87' lang='lat' dir='ltr'>ab</span> <span class='ocrx_word' id='word_1_1133' title='bbox 1932 3290 2031 3326; x_wconf 90' lang='lat' dir='ltr'>initio</span> <span class='ocrx_word' id='word_1_1134' title='bbox 2063 3289 2160 3340; x_wconf 76' lang='lat' dir='ltr'>facta</span> <span class='ocrx_word' id='word_1_1135' title='bbox 2183 3288 2246 3326; x_wconf 86' lang='lat' dir='ltr'>est,</span> <span class='ocrx_word' id='word_1_1136' title='bbox 2270 3283 2332 3317; x_wconf 83' lang='lat' dir='ltr'>tali</span> 
     </span>
     <span class='ocr_line' id='line_1_147' title="bbox 1251 3334 2331 3381; baseline -0.013 -3"><span class='ocrx_word' id='word_1_1137' title='bbox 1251 3342 1354 3379; x_wconf 86' lang='lat' dir='ltr'>exilio</span> <span class='ocrx_word' id='word_1_1138' title='bbox 1380 3341 1572 3377; x_wconf 88' lang='lat' dir='ltr'>subsecuto</span> <span class='ocrx_word' id='word_1_1139' title='bbox 1599 3338 1814 3380; x_wconf 89' lang='lat' dir='ltr'>confirmari,</span> <span class='ocrx_word' id='word_1_1140' title='bbox 1838 3340 2019 3381; x_wconf 88' lang='lat' dir='ltr'>tamquam</span> <span class='ocrx_word' id='word_1_1141' title='bbox 2043 3344 2072 3368; x_wconf 83' lang='lat' dir='ltr'>si</span> <span class='ocrx_word' id='word_1_1142' title='bbox 2096 3334 2233 3381; x_wconf 75' lang='lat' dir='ltr'>mortuo</span> <span class='ocrx_word' id='word_1_1143' title='bbox 2257 3337 2331 3362; x_wconf 82' lang='lat' dir='ltr'>ma·</span> 
     </span>
     <span class='ocr_line' id='line_1_148' title="bbox 1250 3373 2333 3426; baseline -0.018 -3"><span class='ocrx_word' id='word_1_1144' title='bbox 1250 3388 1320 3423; x_wconf 90' lang='lat' dir='ltr'>rito</span> <span class='ocrx_word' id='word_1_1145' title='bbox 1360 3389 1441 3421; x_wconf 87' lang='lat' dir='ltr'>rata</span> <span class='ocrx_word' id='word_1_1146' title='bbox 1469 3384 1691 3426; x_wconf 89' lang='lat' dir='ltr'>habebatur,</span> <span class='ocrx_word' id='word_1_1147' title='bbox 1725 3383 1777 3418; x_wconf 90' lang='lat' dir='ltr'>ita</span> <span class='ocrx_word' id='word_1_1148' title='bbox 1815 3386 1955 3423; x_wconf 88' lang='lat' dir='ltr'>tamen,</span> <span class='ocrx_word' id='word_1_1149' title='bbox 1987 3382 2027 3414; x_wconf 91' lang='lat' dir='ltr'>ut</span> <span class='ocrx_word' id='word_1_1150' title='bbox 2057 3387 2126 3412; x_wconf 93' lang='lat' dir='ltr'>non</span> <span class='ocrx_word' id='word_1_1151' title='bbox 2159 3373 2333 3409; x_wconf 84' lang='lat' dir='ltr'>adimatur</span> 
     </span>
    </p>
   </div>
   <div class='ocr_carea' id='block_1_33' title="bbox 1249 3419 2331 3523">
    <p class='ocr_par' dir='ltr' id='par_1_38' title="bbox 1249 3419 2331 3523">
     <span class='ocr_line' id='line_1_149' title="bbox 1249 3419 2331 3471; baseline -0.017 -4"><span class='ocrx_word' id='word_1_1152' title='bbox 1249 3431 1394 3468; x_wconf 86' lang='lat' dir='ltr'>licentia</span> <span class='ocrx_word' id='word_1_1153' title='bbox 1416 3431 1544 3465; x_wconf 90' lang='lat' dir='ltr'>marito</span> <span class='ocrx_word' id='word_1_1154' title='bbox 1569 3439 1648 3465; x_wconf 92' lang='lat' dir='ltr'>eam</span> <span class='ocrx_word' id='word_1_1155' title='bbox 1671 3437 1849 3469; x_wconf 88' lang='lat' dir='ltr'>revocare,</span> <span class='ocrx_word' id='word_1_1156' title='bbox 1875 3425 1958 3471; x_wconf 88' lang='lat' dir='ltr'>quia</span> <span class='ocrx_word' id='word_1_1157' title='bbox 1989 3427 2023 3458; x_wconf 88' lang='lat' dir='ltr'>et</span> <span class='ocrx_word' id='word_1_1158' title='bbox 2055 3430 2147 3455; x_wconf 92' lang='lat' dir='ltr'>mors</span> <span class='ocrx_word' id='word_1_1159' title='bbox 2173 3419 2246 3469; x_wconf 73' lang='lat' dir='ltr'>eius</span> <span class='ocrx_word' id='word_1_1160' title='bbox 2271 3426 2331 3451; x_wconf 83' lang='lat' dir='ltr'>ex·</span> 
     </span>
     <span class='ocr_line' id='line_1_150' title="bbox 1250 3463 2330 3523; baseline -0.018 -11"><span class='ocrx_word' id='word_1_1161' title='bbox 1250 3475 1448 3523; x_wconf 89' lang='lat' dir='ltr'>spectanda</span> <span class='ocrx_word' id='word_1_1162' title='bbox 1468 3477 1533 3518; x_wconf 89' lang='lat' dir='ltr'>est,</span> <span class='ocrx_word' id='word_1_1163' title='bbox 1551 3477 1593 3510; x_wconf 93' lang='lat' dir='ltr'>ut</span> <span class='ocrx_word' id='word_1_1164' title='bbox 1603 3477 1690 3509; x_wconf 91' lang='lat' dir='ltr'>tunc</span> <span class='ocrx_word' id='word_1_1165' title='bbox 1736 3472 1947 3508; x_wconf 85' lang='lat' dir='ltr'>lenissimam</span> <span class='ocrx_word' id='word_1_1166' title='bbox 1971 3467 2102 3503; x_wconf 89' lang='lat' dir='ltr'>habeat</span> <span class='ocrx_word' id='word_1_1167' title='bbox 2120 3463 2330 3503; x_wconf 80' lang='lat' dir='ltr'>firmitatem,</span> 
     </span>
    </p>
   </div>
   <div class='ocr_carea' id='block_1_34' title="bbox 1251 3508 2314 3569">
    <p class='ocr_par' dir='ltr' id='par_1_39' title="bbox 1251 3508 2314 3569">
     <span class='ocr_line' id='line_1_151' title="bbox 1251 3508 2314 3569; baseline -0.019 -11"><span class='ocrx_word' id='word_1_1168' title='bbox 1251 3521 1392 3569; x_wconf 89' lang='lat' dir='ltr'>quando</span> <span class='ocrx_word' id='word_1_1169' title='bbox 1417 3520 1462 3555; x_wconf 89' lang='lat' dir='ltr'>ab</span> <span class='ocrx_word' id='word_1_1170' title='bbox 1494 3520 1564 3555; x_wconf 91' lang='lat' dir='ltr'>hac</span> <span class='ocrx_word' id='word_1_1171' title='bbox 1595 3519 1675 3554; x_wconf 89' lang='lat' dir='ltr'>luce</span> <span class='ocrx_word' id='word_1_1172' title='bbox 1722 3518 1814 3552; x_wconf 87' lang='lat' dir='ltr'>uerit</span> <span class='ocrx_word' id='word_1_1173' title='bbox 1837 3516 2056 3553; x_wconf 89' lang='lat' dir='ltr'>subtractus,</span> <span class='ocrx_word' id='word_1_1174' title='bbox 2081 3509 2152 3544; x_wconf 87' lang='lat' dir='ltr'>sive</span> <span class='ocrx_word' id='word_1_1175' title='bbox 2165 3508 2191 3528; x_wconf 83' lang='lat'>¹⁴</span> <span class='ocrx_word' id='word_1_1176' title='bbox 2215 3515 2314 3540; x_wconf 83' lang='lat' dir='ltr'>rever</span> 
     </span>
    </p>
   </div>
   <div class='ocr_carea' id='block_1_35' title="bbox 99 3580 2330 3608">
    <p class='ocr_par' dir='ltr' id='par_1_40' title="bbox 99 3580 2330 3608">
     <span class='ocr_line' id='line_1_152' title="bbox 99 3580 2330 3608; baseline 0 -21"><span class='ocrx_word' id='word_1_1177' title='bbox 99 3580 2330 3608; x_wconf 50' lang='lat' dir='ltr'>M</span> 
     </span>
    </p>
   </div>
   <div class='ocr_carea' id='block_1_36' title="bbox 77 3638 889 3814">
    <p class='ocr_par' dir='ltr' id='par_1_41' title="bbox 89 3638 769 3682">
     <span class='ocr_line' id='line_1_153' title="bbox 89 3638 769 3682; baseline 0 -10"><span class='ocrx_word' id='word_1_1178' title='bbox 89 3638 129 3679; x_wconf 84' lang='grc'><strong>(1)</strong></span> <span class='ocrx_word' id='word_1_1179' title='bbox 155 3639 259 3680; x_wconf 82' lang='lat' dir='ltr'>quiF</span> <span class='ocrx_word' id='word_1_1180' title='bbox 415 3639 458 3682; x_wconf 80' lang='lat'>(2)</span> <span class='ocrx_word' id='word_1_1181' title='bbox 484 3639 688 3681; x_wconf 86' lang='lat' dir='ltr'>emptionem</span> <span class='ocrx_word' id='word_1_1182' title='bbox 709 3639 769 3672; x_wconf 78' lang='lat' dir='ltr'>ins.</span> 
     </span>
    </p>

    <p class='ocr_par' dir='ltr' id='par_1_42' title="bbox 77 3683 889 3814">
     <span class='ocr_line' id='line_1_154' title="bbox 90 3683 889 3726; baseline 0.003 -10"><span class='ocrx_word' id='word_1_1183' title='bbox 90 3683 133 3723; x_wconf 81' lang='grc'>(4)</span> <span class='ocrx_word' id='word_1_1184' title='bbox 159 3683 337 3717; x_wconf 82' lang='lat' dir='ltr'>donationi</span> <span class='ocrx_word' id='word_1_1185' title='bbox 355 3684 438 3718; x_wconf 86' lang='lat' dir='ltr'>Hal.</span> <span class='ocrx_word' id='word_1_1186' title='bbox 609 3685 652 3726; x_wconf 81' lang='lat'>(5)</span> <span class='ocrx_word' id='word_1_1187' title='bbox 677 3684 808 3726; x_wconf 90' lang='lat' dir='ltr'>pridem</span> <span class='ocrx_word' id='word_1_1188' title='bbox 821 3696 889 3718; x_wconf 83' lang='lat' dir='ltr'>scr.</span> 
     </span>
     <span class='ocr_line' id='line_1_155' title="bbox 89 3725 875 3771; baseline 0.004 -11"><span class='ocrx_word' id='word_1_1189' title='bbox 89 3725 169 3760; x_wconf 72' lang='lat' dir='ltr'>heat</span> <span class='ocrx_word' id='word_1_1190' title='bbox 178 3727 232 3762; x_wconf 70' lang='lat'>17²</span> <span class='ocrx_word' id='word_1_1191' title='bbox 370 3730 413 3771; x_wconf 81' lang='lat'>(7)</span> <span class='ocrx_word' id='word_1_1192' title='bbox 441 3733 457 3768; x_wconf 63' lang='grc' dir='ltr'><strong>ἓ</strong></span> <span class='ocrx_word' id='word_1_1193' title='bbox 474 3736 490 3763; x_wconf 81' lang='grc'>9</span> <span class='ocrx_word' id='word_1_1194' title='bbox 505 3729 699 3763; x_wconf 81' lang='lat' dir='ltr'>collocanda</span> <span class='ocrx_word' id='word_1_1195' title='bbox 720 3736 795 3763; x_wconf 80' lang='lat' dir='ltr'>ante</span> <span class='ocrx_word' id='word_1_1196' title='bbox 818 3733 834 3769; x_wconf 82' lang='lat'><strong>§</strong></span> <span class='ocrx_word' id='word_1_1197' title='bbox 858 3736 875 3763; x_wconf 87' lang='lat'>8</span> 
     </span>
     <span class='ocr_line' id='line_1_156' title="bbox 77 3771 547 3814; baseline -0.002 -8"><span class='ocrx_word' id='word_1_1198' title='bbox 77 3812 79 3814; x_wconf 35' lang='grc'>,</span> <span class='ocrx_word' id='word_1_1199' title='bbox 91 3771 137 3814; x_wconf 74' lang='grc' dir='ltr'>(ο)</span> <span class='ocrx_word' id='word_1_1200' title='bbox 161 3772 238 3806; x_wconf 80' lang='lat' dir='ltr'>viva</span> <span class='ocrx_word' id='word_1_1201' title='bbox 250 3773 359 3806; x_wconf 87' lang='lat' dir='ltr'>adhuc</span> <span class='ocrx_word' id='word_1_1202' title='bbox 371 3784 474 3806; x_wconf 89' lang='lat' dir='ltr'>uxore</span> <span class='ocrx_word' id='word_1_1203' title='bbox 488 3775 547 3807; x_wconf 83' lang='lat' dir='ltr'>ins.</span> 
     </span>
    </p>
   </div>
   <div class='ocr_carea' id='block_1_37' title="bbox 1055 3682 1180 3725">
    <p class='ocr_par' dir='ltr' id='par_1_43' title="bbox 1055 3682 1180 3725">
     <span class='ocr_line' id='line_1_157' title="bbox 1055 3682 1180 3725; baseline -0.016 -9"><span class='ocrx_word' id='word_1_1204' title='bbox 1055 3684 1098 3725; x_wconf 72' lang='grc' dir='ltr'>(ε)</span> <span class='ocrx_word' id='word_1_1205' title='bbox 1124 3682 1180 3714; x_wconf 74' lang='lat' dir='ltr'>de-</span> 
     </span>
    </p>
   </div>
   <div class='ocr_carea' id='block_1_38' title="bbox 951 3638 1186 3680">
    <p class='ocr_par' dir='ltr' id='par_1_44' title="bbox 951 3638 1186 3680">
     <span class='ocr_line' id='line_1_158' title="bbox 951 3638 1186 3680; baseline -0.009 -8"><span class='ocrx_word' id='word_1_1206' title='bbox 951 3641 994 3680; x_wconf 85' lang='grc'>(3)</span> <span class='ocrx_word' id='word_1_1207' title='bbox 1019 3639 1131 3670; x_wconf 86' lang='lat' dir='ltr'>datam</span> <span class='ocrx_word' id='word_1_1208' title='bbox 1152 3638 1186 3670; x_wconf 87' lang='lat' dir='ltr'><em>F</em></span> 
     </span>
    </p>
   </div>
   <div class='ocr_carea' id='block_1_39' title="bbox 675 3726 1187 3816">
    <p class='ocr_par' dir='ltr' id='par_1_45' title="bbox 675 3726 1187 3816">
     <span class='ocr_line' id='line_1_159' title="bbox 1015 3726 1187 3770; baseline -0.017 -8"><span class='ocrx_word' id='word_1_1209' title='bbox 1015 3729 1059 3770; x_wconf 87' lang='lat'>(8)</span> <span class='ocrx_word' id='word_1_1210' title='bbox 1085 3727 1141 3760; x_wconf 88' lang='lat' dir='ltr'>cui</span> <span class='ocrx_word' id='word_1_1211' title='bbox 1153 3726 1187 3760; x_wconf 85' lang='lat' dir='ltr'><em>F</em></span> 
     </span>
     <span class='ocr_line' id='line_1_160' title="bbox 675 3771 1183 3816; baseline -0.006 -9"><span class='ocrx_word' id='word_1_1212' title='bbox 675 3773 733 3815; x_wconf 92' lang='lat'>(10)</span> <span class='ocrx_word' id='word_1_1213' title='bbox 759 3773 954 3816; x_wconf 81' lang='lat' dir='ltr'>interpositi</span> <span class='ocrx_word' id='word_1_1214' title='bbox 968 3773 1023 3806; x_wconf 84' lang='lat' dir='ltr'>Sc.</span> <span class='ocrx_word' id='word_1_1215' title='bbox 1042 3771 1183 3806; x_wconf 76' lang='lat' dir='ltr'>Gentilis</span> 
     </span>
    </p>
   </div>
   <div class='ocr_carea' id='block_1_40' title="bbox 1252 3624 2331 3721">
    <p class='ocr_par' dir='ltr' id='par_1_46' title="bbox 1252 3624 2331 3721">
     <span class='ocr_line' id='line_1_161' title="bbox 1252 3624 2329 3676; baseline -0.019 -8"><span class='ocrx_word' id='word_1_1216' title='bbox 1252 3638 1307 3676; x_wconf 81' lang='grc' dir='ltr'>(ιι)</span> <span class='ocrx_word' id='word_1_1217' title='bbox 1340 3632 1547 3675; x_wconf 86' lang='lat' dir='ltr'>impendere]</span> <span class='ocrx_word' id='word_1_1218' title='bbox 1572 3632 1639 3664; x_wconf 88' lang='lat' dir='ltr'>iam</span> <span class='ocrx_word' id='word_1_1219' title='bbox 1660 3630 1803 3673; x_wconf 83' lang='lat' dir='ltr'>pendere</span> <span class='ocrx_word' id='word_1_1220' title='bbox 1817 3639 1878 3659; x_wconf 69' lang='lat' dir='ltr'>ser.</span> <span class='ocrx_word' id='word_1_1221' title='bbox 2046 3624 2103 3661; x_wconf 77' lang='lat'><strong>(12)</strong></span> <span class='ocrx_word' id='word_1_1222' title='bbox 2136 3628 2329 3671; x_wconf 32' lang='lat' dir='ltr'>casnmtscr.</span> 
     </span>
     <span class='ocr_line' id='line_1_162' title="bbox 1252 3664 2331 3721; baseline -0.019 -7"><span class='ocrx_word' id='word_1_1223' title='bbox 1252 3681 1309 3721; x_wconf 83' lang='lat'>(13)</span> <span class='ocrx_word' id='word_1_1224' title='bbox 1343 3678 1576 3721; x_wconf 81' lang='lat' dir='ltr'>compilatores,</span> <span class='ocrx_word' id='word_1_1225' title='bbox 1603 3688 1734 3720; x_wconf 81' lang='lat' dir='ltr'>quorum</span> <span class='ocrx_word' id='word_1_1226' title='bbox 1756 3675 1834 3706; x_wconf 76' lang='lat' dir='ltr'>haec</span> <span class='ocrx_word' id='word_1_1227' title='bbox 1852 3677 1933 3712; x_wconf 77' lang='lat' dir='ltr'>sunt,</span> <span class='ocrx_word' id='word_1_1228' title='bbox 1955 3674 2036 3701; x_wconf 82' lang='lat' dir='ltr'>certe</span> <span class='ocrx_word' id='word_1_1229' title='bbox 2065 3668 2173 3697; x_wconf 81' lang='lat' dir='ltr'>autem</span> <span class='ocrx_word' id='word_1_1230' title='bbox 2192 3664 2331 3696; x_wconf 68' lang='lat' dir='ltr'>scribere</span> 
     </span>
    </p>
   </div>
   <div class='ocr_carea' id='block_1_41' title="bbox 1251 3721 2053 3844">
    <p class='ocr_par' dir='ltr' id='par_1_47' title="bbox 1251 3721 2053 3844">
     <span class='ocr_line' id='line_1_163' title="bbox 1251 3721 1685 3762; baseline -0.016 -3"><span class='ocrx_word' id='word_1_1231' title='bbox 1251 3726 1411 3759; x_wconf 83' lang='lat' dir='ltr'>debebant</span> <span class='ocrx_word' id='word_1_1232' title='bbox 1524 3723 1582 3762; x_wconf 81' lang='grc'><strong>(14)</strong></span> <span class='ocrx_word' id='word_1_1233' title='bbox 1608 3721 1637 3754; x_wconf 90' lang='lat' dir='ltr'>si</span> <span class='ocrx_word' id='word_1_1234' title='bbox 1651 3721 1685 3753; x_wconf 83' lang='lat' dir='ltr'><em>F</em></span> 
     </span>
     <span class='ocr_line' id='line_1_164' title="bbox 2011 3813 2053 3844; baseline -0.024 0"><span class='ocrx_word' id='word_1_1235' title='bbox 2011 3813 2053 3844; x_wconf 80' lang='lat'>40</span> 
     </span>
    </p>
   </div>
  </div>
 </body>
</html>
