2528 3918
201 100 246 144 11
278 102 296 140 1
1296 93 1348 143 18

2024 112 2088 146 ns
2114 111 2449 146 mmsmcnorm

1068 483 1249 536 LIBER
1277 483 1588 536 SECUNDUS.

746 624 756 644 Ι

520 687 584 722 ΒΕ
608 624 965 722 mRIgD'ICTIoNE.

250 752 270 791 1
304 753 500 791 Usmws
519 754 612 791 libro
636 756 761 802 primo
791 754 1002 802 reqularum
1048 754 1110 791 Ius
1140 754 1291 791 dicentis

200 798 360 836 officium
380 799 592 836 latissimum
624 803 695 836 est:
728 811 813 835 nam
837 803 873 835 et
895 799 1071 836 bonorum
1092 800 1290 846 possessio-

200 853 283 880 nem
305 843 393 881 dare
413 848 534 897 potest
554 848 593 880 et
614 845 653 880 in
675 845 939 898 possessionem
960 844 1121 898 mittere,
1135 844 1290 898 ‘pupillis

200 899 274 970 ἴση
292 889 512 970 ἓὲθηιὼιιε
535 893 675 926 tutores
699 893 937 934 constituere,
957 889 1097 926 iudices
1119 889 1289 935 litiganti-

225 944 268 970 us
359 944 391 970 e.

245 977 272 1016 2
294 978 344 1015 11
351 988 523 1016 rou-ros
536 979 628 1016 ubre
646 982 754 1016 sexto
772 989 825 1016 ex
839 978 960 1016 Cassio
1005 979 1073 1016 Oui
1091 979 1289 1016 iurisdictio

199 1024 287 1060 data
310 1027 376 1067 est,
401 1035 444 1061 ea
465 1035 608 1070 quoque
627 1034 800 1061 concessa
817 1034 896 1061 esse
910 1024 1087 1068 videntur,
1111 1025 1188 1061 sine
1211 1025 1289 1071 qui-

198 1069 267 1106 bus
290 1069 488 1106 iur'ndictio
513 1080 557 1105 ex
581 1069 684 1106 licari
704 1080 780 1106 non
801 1069 930 1136 potuit.

244 1111 270 1153 3
302 1114 499 1151 vamum
518 1115 546 1151 li
566 1126 610 1151 ro
633 1114 794 1151 secundo
849 1114 895 1151 de
923 1115 1052 1161 officio
1086 1115 1292 1161 quaestoris

198 1159 391 1205 Imperium
415 1163 480 1195 aut
502 1170 639 1196 merum
661 1163 727 1195 aut
748 1159 900 1196 mixtum
927 1163 996 1196 est.
1042 1170 1181 1196 merum
1213 1158 1292 1195 est³

197 1204 1290 1295 fflfiffffdissss'sss„gssffifflffifflfflae‘ffi

196 1294 363 1347 penam.
409 1295 559 1330 mixtum
582 1298 637 1331 est
658 1276 857 1341 immitium,
881 1295 941 1331 cui
961 1295 1071 1331 etiam
1091 1261 1290 1331 iurisdictio

196 1343 321 1420 rue-st(ii
342 1340 440 1392 quod
457 1340 500 1420 tiu
523 1340 644 1393 danda
663 1340 843 1421 glorior-Em
891 1340 1091 1421 ofisessione
1113 1340 1289 1377 consistit.

195 1395 283 1482 mas
293 1389 402 1483 1222
408 1388 883 1483 Ζῗῗζοθωρήηιοιῖιαάωσεάἐσαῐῖῃι
915 1389 1052 1483 1ῧίιὲῗὲ
1054 1413 1175 1483 caveri
1185 1441 1289 1483 prae:

196 1477 291 1511 tona
320 1475 551 1520 stipulatione
582 1479 619 1512 et
640 1487 680 1511 m
701 1485 965 1529 possessxonem
987 1478 1129 1512 mttere
1151 1485 1291 1521 imper-u

195 1530 232 1555 m
279 1520 287 1527 “
332 1524 387 1556 est
409 1530 517 1566 quam
538 1520 804 1557 iurisdictionis.

233 1530 488 1602 Qunam
515 1565 607 1602 libro
624 1567 749 1613 primo
773 1566 995 1612 diqestorum
1040 1565 1146 1602 More
1176 1565 1288 1601 maio-

195 1620 275 1646 rum
297 1610 350 1646 ita
373 1614 621 1656 comparatum
644 1614 709 1654 est,
733 1614 775 1647 ut
796 1611 827 1647 is
852 1611 993 1647 demum
1010 1610 1289 1647 iurisdictionem

195 1655 378 1735 ffandffei,
387 1656 520 1722 P⁰³⁸⁸it⁹
545 1656 607 1701 qui
631 1666 710 1692 eam
733 1666 799 1692 suo
822 1656 918 1699 iure,
942 1666 1016 1691 nou
1038 1656 1155 1692 alieno
1179 1655 1288 1692 bene-

225 1700 281 1736 cio
332 1710 355 1735 a
381 1703 418 1735 et
450 1713 460 1736 ε

241 1742 267 1782 6
291 1745 349 1780 ΡΑ
357 1754 454 1781 aas
471 1745 565 1781 libro
587 1745 747 1782 secundo
766 1745 817 1781 ad
835 1745 988 1782 edictum
1022 1746 1095 1780 et⁵·
1113 1746 1198 1791 quia
1220 1754 1289 1781 uec

219 1790 441 1835 rincipaliter
472 1790 505 1826 ei
533 1790 732 1826 iurisdictio
764 1790 850 1825 data
873 1791 928 1827 est
950 1799 1017 1825 nec
1038 1789 1121 1835 ipsa
1141 1790 1203 1826 lex
1226 1790 1287 1826 de-

193 1800 283 1878 fert,
306 1835 370 1870 sed
393 1834 584 1871 confirmat
616 1835 823 1871 mandatam
853 1834 1142 1871 iurisdictionem.
1188 1835 1287 1871 ideo-

194 1890 265 1926 que
299 1880 331 1916 si
362 1880 414 1923 is,
445 1880 509 1926 qui
539 1880 721 1916 mandavit
749 1880 1048 1923 iurisdictionem,
1083 1879 1287 1922 decesserit,

193 1928 387 1970 antequam
404 1935 463 1961 res
482 1925 528 1960 ab
550 1935 603 1968 eo,
628 1925 687 1960 cui
708 1925 879 1961 mandata
902 1928 957 1961 est
979 1925 1190 1968 iurisdictio,
1212 1926 1286 1970 geri

195 1970 364 2023 coeperit,
388 1970 478 2006 solvi
500 1969 711 2006 mandatum
732 1970 856 2006 Labeo
880 1970 942 2013 ait,
966 1970 1060 2005 sicut
1081 1970 1120 2006 in
1142 1970 1286 2016 reliquis

195 2025 326 2051 caus1s.

241 2058 265 2097 7
298 2059 494 2096 ULPJANUS
524 2059 615 2096 libro
647 2060 753 2096 tertio
777 2059 828 2095 ad
849 2059 1006 2096 edictum
1053 2059 1091 2095 Si
1149 2059 1203 2095 uis
1237 2059 1286 2103 id,

194 2105 290 2151 quod
310 2105 567 2141 iurisdictionis
681 2108 786 2141 etuae
809 2115 938 2148 causa,
963 2115 1037 2140 non
1083 2115 1108 2140 u
1178 2108 1289 2150 prout

191 2160 250 2187 res
273 2150 417 2193 incidit,
449 2150 488 2185 in
511 2150 592 2186 albo
616 2160 659 2186 ve
693 2150 733 2185 in
756 2149 882 2186 charta
903 2149 959 2185 vel
981 2150 1019 2185 in
1091 2160 1115 2185 a
1136 2149 1288 2185 materia

191 2196 416 2242 propositum
439 2195 524 2238 erit,
549 2195 631 2231 dolo
655 2195 749 2230 malo
773 2195 989 2240 corruperit:
1013 2193 1122 2230 datur
1142 2194 1182 2229 in
1205 2204 1287 2230 eum

193 2239 884 2331 lffissffrssffiqissoesstmffifliiffffi’
899 2238 1070 2320 &3233ss
1087 2239 1284 2319 ·¹0²{1”301‘}{1‘2

193 2333 343 2366 uenture
377 2330 441 2366 sed
473 2333 510 2366 et
538 2333 732 2375 utrumque
763 2339 888 2365 sexum
910 2332 1057 2374 praetor
1079 2329 1285 2374 complexus

193 2378 214 2411 2
262 2379 327 2411 est.
375 2374 481 2419 Quod
504 2374 537 2411 si
559 2374 644 2410 dum
674 2385 742 2420 pro
793 2374 891 2409 nitur
917 2374 975 2409 vel
1006 2377 1090 2409 ante
1121 2375 1284 2419 proposi-

192 2421 326 2456 tionem
356 2420 436 2466 quis
469 2419 686 2465 corruperit,
719 2430 740 2455 e
767 2419 828 2455 ‘cti
863 2418 1004 2464 quidem
1033 2419 1144 2454 verba
1166 2428 1285 2455 cessa-

193 2466 302 2508 bunt,
324 2465 545 2511 Pomponius
568 2467 689 2500 autem
711 2464 999 2500 ait‘sentenfiam
1030 2463 1139 2504 edicti
1167 2464 1284 2517 porri-

193 2513 213 2546 3
259 2510 413 2556 gentiam
436 2520 515 2546 esse
538 2509 586 2545 ad
607 2510 709 2545 haee.
755 2509 799 2544 In
822 2518 943 2545 servos
975 2511 1115 2552 autem,
1145 2519 1178 2544 si
1211 2519 1284 2545 non

193 2554 436 2591 defenduntur
466 2565 489 2591 a
519 2554 691 2598 dominis,
721 2557 760 2590 et
793 2563 854 2590 eos
884 2554 945 2599 qui
973 2553 1097 2599 inopia
1117 2553 1286 2590 laborant

193 2603 214 2636 4
261 2610 393 2646 corpus
415 2599 655 2645 torquendum
678 2603 743 2635 est.
789 2599 874 2635 Doli
895 2599 980 2634 mali
999 2602 1125 2634 autem
1145 2599 1227 2635 ideo
1246 2598 1284 2634 in

192 2645 310 2681 verbis
334 2645 441 2680 edicti
462 2645 504 2681 fit
526 2645 682 2688 mentio,
712 2644 828 2690 quod,
851 2643 884 2679 si
905 2654 971 2690 per
991 2643 1206 2690 imperitiam
1228 2644 1284 2679 vel

192 2690 429 2726 rusticitatem
451 2690 507 2725 vel
530 2690 575 2725 ab
598 2690 678 2735 ipso
700 2693 867 2735 praetore
888 2689 1008 2726 iussus
1030 2688 1087 2725 vel
1109 2699 1198 2725 casu
1217 2689 1282 2724 ali-

192 2737 213 2770 5
261 2735 340 2780 quis
362 2734 506 2777 fecerit,
536 2745 610 2770 non
631 2737 785 2770 tenetur.
832 2734 911 2770 Hoc
934 2744 1019 2770 vero
1042 2733 1159 2769 edicto
1182 2737 1281 2770 tene-

191 2783 252 2832 tur
275 2783 311 2815 et
334 2779 396 2825 qui
417 2779 530 2822 tollit,
586 2779 724 2815 uamvis
755 2790 827 2832 non
851 2779 1070 2832 corruperit:
1104 2779 1190 2815 item
1222 2780 1282 2832 et‘}

216 2835 254 2860 ui
277 2824 352 2860 suis
382 2825 547 2860 manibus
787 2835 826 2860 u1
858 2823 920 2860 alu
950 2823 1107 2859 mandat.
1153 2824 1218 2860 sed
1252 2834 1282 2859 si

230 2869 283 2905 ‘us
307 2869 384 2905 sine
406 2869 488 2905 dolo
511 2870 606 2905 malo
628 2869 726 2912 fecit,
787 2870 840 2905 'us
864 2869 947 2905 dolo
970 2869 1065 2904 malo
1088 2869 1280 2912 mandavit,

193 2914 458 2995 quibngdagit
478 2915 675 2994 tenebitur:
699 2915 732 2994 s}
753 2913 1009 3005 uteglqlqgsdplo
1032 2914 1125 2994 mago
1143 2913 1280 2995 fficerit,

192 2969 298 2996 amo
360 2969 783 2996 neunurznamesi
966 2969 1143 2996 ecerinv
1200 2969 1279 2995 cor-

190 3015 235 3041 ru
261 3004 355 3040 erint
375 3004 432 3040 vel
454 3004 710 3047 mandaverint,
736 3014 860 3041 omnes
882 3004 1121 3040 tenebuntur:

291 3049 416 3086 GAws
436 3048 528 3085 libro
545 3050 669 3095 primo
693 3049 743 3085 ad
759 3049 914 3086 edictum
926 3048 1156 3096 provincia&
1189 3048 1280 3085 adeo

190 3094 352 3141 quidem,
375 3097 418 3130 ut
439 3103 512 3129 non
535 3093 693 3129 sufficiat
715 3105 826 3130 unum
850 3104 973 3130 eorum
1022 3103 1148 3130 oenam
1170 3093 1278 3129 luere.

237 3137 263 3178 9
287 3139 345 3176 ΡΑ
353 3148 449 3175 nos
468 3139 559 3174 libro
585 3140 689 3174 tertio
712 3139 763 3174 ad
785 3139 940 3175 edictum
1013 3138 1022 3147 ”
1054 3138 1192 3174 familia
1214 3137 1278 3174 ali-

191 3184 294 3221 cuius
317 3184 439 3220 album
463 3183 679 3235 corruperit,
703 3194 777 3219 non
800 3183 961 3220 similiter
981 3183 1042 3219 hic
1064 3183 1217 3219 edicitur
1239 3186 1281 3218 ut

189 3229 228 3266 in
247 3228 360 3272 furto,
384 3238 431 3264 ne
451 3228 491 3263 in
511 3228 666 3274 rehquos
690 3229 784 3264 actio
809 3228 924 3272 detur,
948 3228 980 3265 si
1002 3231 1143 3264 tantum
1165 3227 1278 3264 domi-

189 3283 270 3318 nus,
295 3284 377 3310 cum
400 3271 590 3309 defendere
610 3273 733 3316 voluit,
756 3273 862 3308 unius
885 3273 1029 3309 nomine
1156 3272 1279 3316 fiterit,

191 3322 365 3365 quantum
388 3318 479 3354 liber
501 3321 723 3362 praestaret:
755 3317 910 3354 fortasse
940 3318 1027 3364 quia
1077 3318 1109 3354 'c
1132 3321 1170 3354 et
1190 3327 1277 3354 con·

190 3369 264 3400 tem
289 3367 328 3399 ta
357 3363 527 3399 maiestas
556 3362 733 3408 praetoris
764 3362 965 3398 vindicatur
995 3366 1032 3399 et
1053 3362 1160 3408 plura
1180 3362 1280 3398 facta

189 3409 628 3490 maffridi?
621 3405 796 3488 amm&
826 3406 1279 3498 ἕεᾝιὲζξῗῐῖιέιᾟὲἓὲ

849 3495 851 3498 ,
1009 3478 1019 3495 2

594 2825 667 2860 acit
697 2827 733 2861 et

237 3564 279 3609 (ι)
291 3564 357 3599 Ed.
370 3572 399 3599 2.
413 3572 440 3599 4.
455 3571 552 3600 0...12.
564 3570 622 3604 τος
633 3563 717 3597 Sat.
727 3570 751 3597 ι.
761 3571 789 3598 s.
803 3569 906 3616 israe
916 3573 925 3602 ς
937 3563 1024 3616 Pqp.
1036 3571 1069 3619 ι..
1078 3571 1125 3618 ιο..
1136 3564 1277 3599 -Βω,

191 3609 260 3694 2⁷35:
270 3609 716 3696 “···’ῗ3ῐῑὲξς,σζέἰὲέζ,ι
728 3607 1277 3687 exsufflemus&

191 3708 319 3732 merum
331 3702 382 3732 est
395 3699 438 3732 Ρ*
485 3699 580 3742 (sliu
593 3699 654 3733 im.
668 3698 743 3732 dott-
791 3698 836 3736 (ὅ)
847 3696 986 3731 haberet
996 3697 1040 3730 F¹
1100 3700 1156 3740 (δ’)
1169 3701 1204 3731 ot
1211 3678 1276 3732 dol

1358 620 1459 657 facta
1481 624 1584 664 sunt.
1620 632 1693 658 non
1715 626 1757 659 ut
1784 623 1822 658 in
1851 622 1949 659 furto
1982 633 2103 658 unum.
2152 623 2354 660 octavenus
2389 624 2449 661 hic

1359 675 1501 746 auoque
1535 665 1677 703 domino
1713 666 1993 703 succurrendum
2023 667 2092 703 ait:
2128 667 2192 704 sed
2226 668 2295 704 hoc
2329 672 2450 714 potest
2511 683 2521 700 >-

1386 711 1440 754 ’ci,
1465 710 1497 746 si
1521 710 1601 747 dolo
1625 712 1718 748 malo
1744 712 1967 755 curaverint,
1990 715 2033 747 ut
2055 712 2101 747 ab
2126 712 2197 748 alio
2221 713 2342 749 album
2367 724 2446 750 cor·
2512 718 2524 755 ἴ,

1358 758 1594 801 rumperetur,
1642 757 1703 793 uia
1724 760 1811 793 tunc
1835 768 1947 792 unum
1967 757 2153 793 eonsilium
2171 757 2229 801 sit,
2253 769 2327 795 non
2345 758 2450 804 plura
2506 775 2513 782 ι

1357 800 1468 836 facta.
1515 801 1610 838 idem
1618 767 1721 838 cff‘om
1747 802 1851 838 onius
1873 802 1965 838 libro
1992 801 2128 838 decimo
2151 805 2266 838 notat.
2512 807 2514 810 ’

1408 844 1459 884 10
1491 845 1686 883 Uzpulws
1734 847 1804 883 'bro
1837 848 1941 882 tertio
1972 847 2023 882 ad
2044 847 2199 883 edictum

1358 890 1508 927 dictioni
1646 895 1698 935 st,
1733 902 1849 945 neque
1879 892 1948 927 sibi
1977 892 2033 927 ius
2065 891 2185 928 dicere
2204 891 2313 929 debet
2335 902 2452 939 neque

1358 935 1463 972 uxori
1484 947 1506 972 v
1561 936 1682 975 liberis
1705 947 1779 973 sms
1803 946 1919 982 neque
1941 936 2078 973 libertis
2100 937 2156 973 vel
2180 937 2325 981 ceteris,
2358 948 2449 984 quos

1359 985 1721 1064 Εθῗὶωθιωέἔῶνο
1738 1027 1863 1074 primo
1886 1026 1937 1063 ad
1958 1025 2118 1063 edictum
2134 1027 2363 1074 provinciale
2408 1027 2447 1064 Si
2508 1059 2521 1072 ‚-

1357 1070 1452 1108 idem
1475 1081 1558 1107 cum
1581 1071 1705 1108 eodem
1734 1072 1899 1117 pluribus
1929 1071 2132 1108 actionibus
2165 1075 2266 1118 agat,
2322 1083 2450 1109 uarum

1357 1116 1580 1162 singularum
1612 1117 1796 1163 quantitas
1825 1117 1922 1152 intra
1952 1116 2234 1153 iurisdicuonem
2255 1117 2269 1153 i
2322 1117 2449 1154 'cantis
2506 1136 2510 1154 ς

1358 1162 1424 1204 sit,
1461 1162 1685 1198 coeca-vatio
1716 1172 1799 1198 vero
1822 1162 1980 1198 omnium
2003 1161 2154 1198 excedat
2176 1162 2322 1198 modum
2343 1162 2449 1199 iuris-
2509 1173 2512 1179 ·

1356 1206 1522 1242 dictionis
1558 1207 1653 1243 eius:
1690 1207 1788 1252 apud
1821 1216 1902 1242 eum
1933 1206 1991 1252 agi
2020 1216 2127 1252 posse
2157 1206 2291 1244 Sabino
2322 1206 2449 1244 Cassio

1358 1251 1514 1288 Proculo
1534 1251 1690 1297 placuit:
1715 1261 1809 1297 quae
1832 1252 2010 1288 sententia
2030 1251 2205 1298 rescripto
2224 1252 2450 1298 imperatoris

1361 1300 1377 1332 1
1425 1297 1601 1332 Antonini
1633 1296 1844 1333 confirmata
1874 1300 1941 1333 est.
1988 1295 2060 1332 Sed
2082 1300 2120 1332 et
2142 1297 2174 1333 si
2196 1300 2343 1334 mutuae
2364 1300 2449 1334 sunt

1359 1342 1518 1378 actiones
1542 1345 1578 1378 et
1601 1342 1692 1378 alter
1722 1342 1896 1378 minorem
1953 1341 2183 1384 uantitatem,
2216 1342 2310 1378 alter
2336 1343 2448 1378 maio-

1357 1397 1434 1423 rem
1456 1390 1567 1432 petat‚
1592 1387 1690 1432 apud
1713 1386 1864 1423 eundem
1886 1386 1925 1422 iu
1951 1387 2041 1423 ’cem
2063 1386 2240 1432 agendum
2261 1390 2317 1424 est
2337 1388 2370 1423 ei
2388 1387 2450 1433 qui

1359 1432 1596 1478 quantitatem
1617 1432 1813 1468 minorem⁷
1842 1431 1950 1478 petit,
1980 1441 2026 1467 ne
2048 1431 2087 1467 in
2108 1435 2289 1477 potestate
2313 1433 2448 1469 calum·

1358 1477 1461 1513 niosa
1487 1477 1682 1513 adversarii
1706 1477 1777 1512 mei
1803 1477 1864 1520 sit,
1889 1487 1937 1512 an
1956 1476 2054 1522 apud
2073 1477 2180 1512 eum‘
2206 1476 2346 1523 litigare
2363 1487 2448 1523 pos-

1358 1524 1379 1557 2
1425 1521 1503 1558 sim.
1552 1521 1591 1557 Si
1621 1532 1695 1557 una
1725 1522 1820 1557 actio
1844 1522 2041 1558 communis
2071 1521 2120 1557 sit
2147 1522 2304 1568 plurium
2325 1532 2448 1568 perso-

1357 1577 1503 1610 narum,
1537 1567 1648 1603 veluti
1677 1566 1835 1602 familiae
1862 1566 2114 1610 erciscundae,
2151 1567 2330 1603 communi
2359 1567 2447 1603 divi·
2510 1580 2511 1583 ¹

1357 1611 1498 1655 dundo,
1529 1611 1655 1647 finium
1684 1623 1704 1647 r
1797 1612 1945 1654 dorum,
1976 1615 2097 1647 utrum
2130 1612 2292 1658 singulae
2325 1615 2448 1658 partes

1354 1656 1576 1702 spectandae
1596 1660 1684 1692 sunt
1708 1667 1805 1693 circa
1827 1657 2108 1693 iurisdictionem
2131 1656 2208 1693 eius
2229 1657 2293 1703 qui
2315 1667 2449 1703 cogno-

1356 1702 1438 1744 scit,
1461 1701 1557 1747 quod
1582 1701 1687 1738 Ofilio
1710 1705 1746 1738 et
1764 1702 1919 1738 Proculo
1942 1703 2072 1747 placet,
2096 1702 2181 1747 quia
2202 1703 2450 1748 unusquisque
2502 1718 2504 1721 ·

1356 1746 1402 1782 de
1423 1750 1527 1792 parte
1549 1756 1618 1782 sua
1638 1746 1770 1792 litigat:
1796 1756 1844 1782 an
1866 1747 1988 1792 potius
2009 1749 2088 1782 tota
2110 1756 2179 1789 res,
2204 1747 2288 1793 quia
2311 1750 2347 1783 et
2368 1750 2451 1784 tota

1355 1802 1412 1827 res
1434 1792 1473 1827 in
1494 1791 1667 1828 iudicium
1688 1791 1808 1827 venit⁹
1831 1795 1867 1828 et
1888 1792 1945 1827 vel
1966 1791 2030 1827 uui
2052 1791 2250 1828 adiudicari
2265 1793 2294 1814 ¹⁰
2315 1795 2449 1838 potest,

1356 1836 1453 1882 quod
1476 1836 1600 1873 Cassio
1625 1839 1662 1872 et
1683 1836 1821 1882 Pegaso
1845 1837 1982 1883 placet:
2008 1837 2083 1872 et¹¹
2107 1847 2195 1873 sane
2218 1847 2342 1874 eonun
2364 1847 2442 1874 sen-

1355 1881 1444 1918 teut‘
1516 1882 1690 1918 robabilis
1714 1885 1779 1918 est.

1403 1924 1455 1964 12
1514 1936 1682 1962 truffas
1696 1926 1787 1963 libro
1807 1930 1933 1963 octavo
1952 1926 2090 1963 deobno
2109 1927 2160 1963 ad
2176 1926 2331 1964 edicam
2364 1927 2446 1963 Ma·

1354 1971 1562 2017 gistratibus
1585 1971 1858 2017 municipalibus
1881 1971 2096 2024 supplicium
2118 1982 2142 2008 a
2172 1982 2275 2008 servo
2307 1982 2450 2009 sumere

1355 2017 1544 2097 nondlicet‚
1568 2016 1710 2053 modica
1732 2020 1854 2053 autem
1878 2017 2064 2063 castigatio
2089 2017 2140 2053 eis
2162 2028 2235 2054 non
2260 2021 2315 2054 est
2338 2017 2446 2054 dene·

1378 2072 1425 2097 an
1452 2072 1484 2097 a.

1354 2073 1378 2107 g
1404 2103 1455 2144 13
1479 2106 1589 2142 loru
1607 2106 1700 2143 libro
1721 2107 1788 2153 qui
1835 2106 2046 2154 uaqemimo
2059 2107 2183 2153 primo
2203 2107 2253 2142 ad
2271 2105 2445 2143 Sabinum

1354 2151 1450 2187 Eum
1485 2151 1547 2197 qui
1580 2151 1740 2188 iudicare
1769 2152 1807 2187 iu
1834 2154 1869 2187 et
1902 2151 2148 2196 magistratum
2183 2161 2261 2188 esse
2292 2155 2444 2198 oportet.
2496 2192 2497 2195 Ἴ

1357 2199 1373 2231 1
1423 2196 1657 2242 Magistratus
1687 2199 1808 2232 autem
1838 2195 1895 2231 vel
1923 2196 1955 2231 is
1979 2196 2041 2242 qui
2062 2196 2100 2231 in
2122 2199 2303 2242 potestate
2325 2197 2446 2242 aliqua

1354 2241 1412 2284 sit,
1435 2244 1478 2276 ut
1498 2244 1589 2287 puta
1611 2241 1806 2287 proconsul
1827 2241 1885 2276 vel
1906 2244 2051 2286 praetor
2063 2241 2092 2262 ¹²
2113 2241 2170 2277 vel
2191 2241 2254 2277 alii
2276 2241 2338 2287 qui
2359 2252 2444 2294 pro-

1352 2285 1489 2366 {1}an
1491 2286 1879 2373 eslsegnuff’ogu‘figgffn
1879 2285 2012 2364 tiubere
2042 2295 2083 2321 eo
2109 2286 2186 2329 die,
2222 2297 2292 2332 quo
2315 2287 2448 2334 pnvat'i
2502 2336 2505 2339 Δ

1646 2342 1670 2365 n
1897 2357 1906 2365 .
2488 2341 2501 2364 ,ι’

1359 2401 1362 2403 -
1403 2374 1455 2412 14
1478 2375 1588 2411 Inest
1605 2375 1696 2412 libro
1728 2341 1937 2422 teiqcmimo
1968 2385 2065 2411 nono
2096 2374 2147 2410 ad
2173 2375 2330 2412 edictum
2375 2375 2445 2412 Est
2487 2376 2502 2418 ζ’.

1353 2423 1537 2465 receptum
1560 2430 1674 2472 eoque
1704 2419 1783 2455 iure
1812 2419 1964 2462 utimur,
1997 2423 2040 2455 ut
2068 2419 2101 2456 si
2129 2419 2209 2466 quis
2244 2420 2359 2456 maior
2387 2420 2443 2456 vel
2495 2422 2503 2461 ζ

1353 2465 1513 2510 aequalis
1536 2465 1691 2501 subiciat
1713 2475 1752 2500 se
1774 2464 2010 2500 iurisdictioni
2033 2465 2190 2508 alterius,
2215 2466 2330 2511 possit
2352 2465 2384 2501 ei
2407 2469 2443 2501 et

1353 2510 1524 2546 adversus
1549 2520 1631 2545 eum
1652 2510 1708 2545 ius
1734 2509 1815 2545 dici.

1402 2553 1452 2592 15
1476 2554 1584 2590 Imm
1611 2554 1703 2590 libro
1733 2554 1892 2590 secundo
1926 2553 1972 2590 de
2005 2554 2169 2590 omnibus
2203 2555 2444 2593 tribunalibus

1353 2599 1392 2653 Si
1421 2610 1487 2679 ffer-
1518 2609 1673 2635 errorem
1703 2599 1794 2635 alius
1824 2609 1889 2644 pro
1913 2598 1984 2635 alio
2007 2602 2153 2644 praetor
2174 2597 2285 2635 fuerit
2307 2599 2440 2645 aditus,
2492 2609 2501 2636 i„

1461 2644 1593 2680 valebit
1615 2643 1712 2690 quod
1734 2647 1854 2680 actum
1878 2647 1942 2680 est.
1989 2653 2057 2679 nec
2081 2644 2173 2679 enim
2195 2643 2364 2680 ferendus
2387 2647 2444 2681 est
2492 2652 2500 2659 '·

1351 2700 1414 2770 Pu
1439 2689 1537 2726 dicat
1568 2689 1792 2726 consensisse
1826 2699 1888 2725 eos
1917 2688 1955 2724 in
1981 2688 2184 2740 praesidem
2197 2690 2236 2732 ¹⁸,
2268 2700 2369 2732 cum,
2400 2692 2442 2726 ut
2494 2697 2502 2723 ὲ

1369 2735 1512 2770 ulianus
1546 2734 1688 2777 scribit,
1723 2745 1797 2771 non
1830 2736 2056 2770 consentiant
2088 2734 2150 2779 qui
2180 2738 2318 2770 err-emt
2354 2734 2439 2780 quid
2495 2780 2497 2782 Ι

1351 2780 1445 2816 enim
1465 2782 1542 2815 tam
1564 2779 1784 2815 contrarium
1807 2778 1998 2815 consensui
2020 2781 2076 2814 est
2097 2787 2205 2824 quam
2228 2788 2346 2822 error,
2378 2779 2439 2825 qui

1348 2824 1561 2907 imperitiam
1584 2824 1741 2870 detegit?
2489 2832 2492 2834 ’

1424 2867 1449 2907 6
1474 2868 1584 2905 Ιωῑι
1599 2869 1692 2905 libro
1702 2869 1808 2905 tertio
1821 2868 1866 2904 dc
1877 2867 2044 2904 omnibus
2062 2868 2305 2904 tribunal-&bus
2339 2867 2439 2905 Solet
2486 2859 2504 2908 §t

1373 2917 1494 2950 raetor
1515 2914 1795 2950 iurisdictionem
1816 2912 2004 2948 mandare:
2029 2916 2066 2948 et
2087 2916 2152 2948 aut
2174 2923 2314 2950 omnem
2334 2923 2438 2949 man·

1374 2963 1412 3039 ’ἓ
1425 2962 1498 3040 1¹²¹*
1520 2959 1823 3039 ⁸⁹⁰⁰⁵⁸³²0¹²ffl¹²
1838 2957 2437 3046 uitssffiufflfflffiffiffiffl

1349 3014 1448 3086 esst
1496 3014 1688 3084 angl-ligno
1698 3013 2053 3095 primoqopinionum
2086 3047 2344 3084 Praetu-sieut
2354 3048 2435 3084 uni-
2496 3080 2498 3082 ,

1346 3103 1486 3130 versam
1507 3092 1788 3129 iurisdictionem
1810 3092 1981 3128 mandare
2003 3092 2065 3128 alii
2085 3095 2224 3138 potest,
2255 3093 2309 3128 ita
2340 3097 2377 3129 et
2397 3093 2436 3129 in

1347 3146 1519 3184 personas
1542 3141 1662 3174 certas
1692 3137 1748 3174 vel
1782 3137 1826 3174 de
1855 3147 1929 3173 una
1958 3137 2080 3183 specie
2107 3140 2249 3182 potest,
2370 3138 2378 3146 ‘

1348 3192 1429 3219 cum
1458 3183 1591 3218 iustam
1614 3192 1761 3219 causam
1782 3186 1971 3227 susceptae
1994 3185 2078 3219 ante
2098 3182 2348 3227 magistratum
2370 3182 2434 3218 ad·

1346 3227 1543 3264 vocationis
1567 3227 1714 3264 alterius
1824 3228 1831 3235 '
1873 3227 2060 3263 habuerat.
2495 3256 2498 3258 .

1395 3269 1446 3311 18
1470 3273 1696 3309 Ammws
1715 3272 1740 3309 le
1783 3283 1806 3308 o
1827 3272 1978 3320 septimo
1997 3271 2250 3324 quaesfiongp
2273 3270 2325 3324 si
2347 3281 2433 3307 con·
2490 3306 2494 3310 .

1344 3318 1491 3360 venerit,
1510 3321 1553 3353 ut
1570 3317 1662 3354 alius
1680 3321 1838 3363 praetor,
1857 3326 1966 3363 quam
1987 3325 2089 3352 cums
2107 3315 2306 3352 iurisdictio
2327 3319 2432 3358 aaa,

1344 3362 1401 3398 ius
1436 3362 1570 3398 diceret
1601 3366 1637 3398 et
1666 3362 1873 3408 priusquam
1903 3361 2062 3397 adiretur
2095 3363 2235 3396 mutata
2267 3360 2434 3397 voluntas
2484 3400 2486 3404 ,

1345 3406 1465 3450 fuerit,
1489 3407 1616 3460 procul
1640 3406 1749 3443 dubio
1772 3416 1874 3443 nemo
1899 3404 2130 3451 compelletur
2153 3405 2325 3441 eiusmodi
2342 3415 2432 3441 con·

1345 3452 1503 3488 ventiom
1525 3455 1633 3487 stare.

1337 3564 1439 3605 (Oet
1453 3563 1569 3597 anal*
1601 3562 2121 3606 (¹1)n⁸cFoenB,naim-em1²¹
2159 3562 2433 3606 (nond-nl*

1345 3609 1390 3650 (ο)
1415 3607 1539 3642 velitF
1601 3608 1662 3649 (ιο)
1687 3607 1882 3641 adium-11?
1944 3610 1998 3650 (n)
2023 3607 2183 3642 ποιῶ
2251 3609 2310 3649 (1²)
2332 3616 2432 3651 pra·-

1344 3655 1398 3686 tor
1409 3652 1459 3686 vel
1468 3652 1649 3696 proconsul
1659 3665 1721 3687 scr.
1792 3653 1850 3694 (28)
1874 3652 1911 3685 in
1920 3655 2129 3696 praesentem
2145 3653 2299 3687 aarum·

2244 847 2315 892 Qui
2343 848 2448 884 iuris-
2515 869 2521 873 ,
