2528 3918
165 127 400 170 XXXXIII
434 129 498 170 19.
523 129 578 170 20

165 251 354 331 interdiglttp³
376 260 510 286 usurus
533 254 606 292 est,
637 249 683 286 de
712 249 798 286 vitio
829 249 949 296 operis
979 259 1106 285 cavere
1130 249 1255 285 adver-

164 296 261 333 sario
310 306 331 332 e
358 300 405 332 et.

211 339 237 379 6
269 340 430 377 Panos
464 341 556 377 libro
590 341 846 388 seaeayensae'mo
877 343 983 375 :exto
1022 338 1072 375 ad
1102 339 1256 375 edictum

165 387 267 422 Sicut
296 397 368 422 non
397 390 505 422 nocet
532 385 585 430 ei,
617 386 680 432 qui
709 385 787 422 8180
817 385 902 422 vitio
935 395 1032 438 usus·
1054 388 1127 426 est,
1161 384 1258 437 quod

166 432 289 468 eodem
313 442 409 468 anno
432 431 560 467 vitiose
583 442 672 468 usus
695 435 766 474 081,
799 431 851 466 118
882 435 1034 475 emptori
1063 429 1258 475 hered1que

165 487 238 513 non
261 477 424 519 nocebit,
457 476 554 522 quod
583 477 653 522 ipsi
682 476 808 513 vitiose
837 475 893 512 usi
915 478 1017 519 sunt,
1050 475 1081 510 si
1103 479 1258 511 testator

166 521 370 558 venditorve
392 526 491 558 recte
513 521 571 558 usi
595 526 690 558 sunt.

212 565 236 604 7
273 567 419 603 Cusus
446 567 538 604 libro
567 567 758 603 vicensimo
813 566 913 601 nimo
943 564 1165 611 digestorum
1219 564 1258 600 Si

165 622 231 658 per
253 612 405 648 fundum
427 616 531 648 tuum
552 622 620 648 nec
638 612 673 648 vi
691 622 757 647 nec
779 576 871 647 gam
888 620 956 646 nec
972 610 1137 656 precario
1160 621 1256 646 com-

166 658 296 693 meavit
318 657 459 710 aliquis,
483 668 558 694 non
578 661 699 693 tamen
723 661 797 692 tam
822 666 907 692 11818
928 655 967 691 111
982 666 1048 709 suo
1064 656 1143 708 iure
1158 655 1256 691 face-

166 707 232 745 ret,
257 702 331 746 sed,
356 714 387 739 81
410 703 673 748 prohiberetur,
698 712 770 737 non
809 706 969 745 acturus,
996 701 1122 737 inutile
1146 705 1202 737 est
1224 701 1258 737 ei

166 748 397 784 interdictum
427 747 471 784 de
502 748 630 783 itinere
654 751 829 793 actuque:
861 757 946 782 nam
976 749 1018 781 ut
1045 746 1115 782 hoc
1145 746 1256 782 inter-

167 793 301 829 dictum
324 796 514 840 competat,
538 793 595 829 ius
619 792 742 828 fundi¹
766 791 971 838 possedisse
994 795 1147 837 oportet.

743 929 760 951 2

298 997 361 1030 DE
384 997 507 1035 AQUA
532 930 813 1030 ΟΟΤΤΙΞΘΧΙΑΝΑ
835 995 896 1029 ΕΤ
920 995 1127 1029 AESTIVA.

218 1062 235 1100 l
271 1062 467 1099 Uzmws
487 1063 578 1099 libro
601 1063 894 1109 septuaqensimo
917 1062 968 1098 ad
990 1062 1144 1098 edictum
1196 1062 1259 1098 Ait

166 1112 330 1154 praetor:
363 1108 434 1144 ‘Uti
458 1109 527 1144 hoc
551 1118 646 1143 anno
670 1118 816 1153 aquam,
848 1118 920 1153 qua
948 1107 993 1143 de
1016 1107 1151 1153 agitur,
1184 1119 1258 1144 non

167 1155 212 1190 ‘vi
234 1164 307 1190 non
332 1154 423 1189 clam
446 1164 519 1189 non
540 1153 704 1199 precario
729 1154 775 1189 ab
798 1152 858 1189 1110
879 1153 1023 1197 duxisti,
1049 1164 1120 1198 quo
1140 1153 1257 1189 minus

172 1203 185 1234 1
235 1200 298 1234 ‘ita
322 1199 444 1241 ducas,
468 1198 539 1234 vim
561 1198 642 1234 fieri
662 1199 768 1234 veto’.
814 1198 895 1234 Hoc
918 1198 1149 1234 interdictum
1173 1209 1256 1243 pro-

166 1244 375 1280 hibitorium
403 1248 440 1279 et
470 1243 651 1279 interdum
679 1243 941 1280 restitutorium
964 1247 1020 1279 est
1044 1247 1080 1278 et
1101 1243 1258 1288 pertinet

167 1293 187 1325 2
235 1289 282 1325 ad
312 1299 443 1334 aquam
475 1288 717 1326 cottidianam.
773 1289 976 1325 Cottidiana
1011 1292 1132 1324 autem
1162 1299 1258 1334 aqua

166 1346 240 1370 non
261 1335 324 1370 illa
347 1338 413 1377 est,
439 1345 532 1380 quae
556 1334 704 1370 cottidie
728 1334 881 1377 ducitur,
911 1334 975 1370 sed
1000 1344 1054 1376 ea,
1082 1344 1154 1379 qua
1177 1334 1257 1379 quis

168 1379 313 1415 cottidie
336 1379 452 1425 possit
476 1380 539 1422 uti,
564 1379 596 1415 si
618 1380 741 1415 vellet:
776 1389 992 1425 quamquam
1024 1379 1257 1415 cottidianam

147 1443 151 1445 ·
166 1425 343 1461 interdum
360 1425 475 1460 hieme
491 1425 623 1460 ducere
638 1436 711 1461 non
727 1425 904 1470 expediat,
922 1425 990 1460 etsi
1004 1424 1121 1470 possit
1136 1424 1220 1460 duci
1230 1426 1256 1460 ³.

168 1476 187 1504 3
235 1470 317 1505 Duo
342 1474 463 1506 autem
485 1480 618 1515 genera
641 1475 727 1506 sunt
750 1480 943 1516 aquarum:
969 1474 1025 1506 est
1049 1470 1256 1513 cottidiana,

167 1520 223 1551 est
244 1519 282 1551 et
304 1516 450 1551 aestiva.
490 1515 687 1551 cottidiana
711 1516 757 1551 ab
782 1515 918 1551 aestiva
940 1526 1009 1552 usu
1029 1515 1160 1558 differt,
1184 1527 1257 1552 non

167 1561 255 1597 iure.
303 1561 502 1596 cottidiana
523 1571 569 1597 ea
591 1565 665 1605 est,
690 1571 783 1606 quae
807 1561 891 1597 duci
914 1560 1063 1597 adsidue
1087 1561 1179 1597 solet
1202 1561 1258 1597 vel

167 1606 303 1642 aestivo
326 1611 487 1652 tempore
509 1606 567 1642 vel
587 1606 751 1649 hiberno,
776 1606 916 1642 etiamsi
935 1605 1128 1652 aliquando
1148 1606 1258 1642 ducta

167 1663 240 1688 non
263 1655 336 1687 est:
361 1662 406 1687 ea
429 1661 571 1697 quoque
591 1651 723 1687 dicitur
747 1651 953 1694 cottidiana,
979 1651 1082 1688 cuius
1106 1652 1257 1688 servitus

164 1697 429 1732 intermissione
451 1697 624 1743 temporis
648 1697 760 1733 divisa
785 1701 850 1733 est.
897 1698 1034 1733 aestiva
1064 1701 1185 1733 autem
1214 1708 1258 1733 ea

168 1747 232 1786 est,
258 1752 330 1788 qua
353 1746 489 1778 aestate
513 1742 591 1778 sola
613 1743 667 1778 uti
683 1742 836 1788 expedit,
861 1742 968 1778 sicuti
984 1743 1133 1778 dicimus
1149 1743 1257 1779 vesti-

167 1793 288 1823 menta
311 1788 457 1831 aestiva,
483 1788 598 1824 saltus
621 1788 787 1830 aestivos,
812 1791 933 1824 castra
956 1788 1102 1831 aestiva,
1128 1788 1257 1833 quibus

166 1833 345 1869 interdum
368 1833 476 1869 etiam
499 1833 626 1876 hieme,
650 1833 860 1878 plerumque
883 1837 1004 1869 autem
1021 1837 1160 1870 aestate
1177 1838 1257 1870 uta-

166 1889 257 1914 mur.
305 1888 372 1924 080
402 1882 490 1924 puto
521 1878 749 1924 probandum
778 1889 823 1914 ex
853 1879 1039 1925 proposito
1064 1879 1198 1914 utentis
1224 1883 1260 1915 et

166 1934 212 1960 ex
234 1927 366 1959 natura
388 1923 551 1960 locorum
574 1934 706 1970 aquam
729 1924 901 1960 aestivam
924 1934 948 1959 a
967 1924 1166 1960 cottidiana
1186 1925 1258 1960 dis-

168 1969 284 2005 cerni:
308 1979 392 2005 nam
415 1969 447 2005 si
470 1969 517 2004 sit
535 1979 578 2004 ea
595 1979 701 2014 aqua,
726 1979 818 2014 quae
834 1973 1010 2015 perpetuo
1029 1969 1113 2005 duci
1129 1971 1257 2016 possit,

167 2025 232 2060 ego
255 2018 377 2050 tamen
401 2018 539 2050 aestate
562 2014 641 2050 sola
663 2025 707 2051 ea
730 2019 829 2057 utar,
861 2015 1051 2050 dicendum
1079 2019 1135 2051 est
1164 2015 1258 2051 hanc

167 2070 299 2106 aquam
329 2069 410 2096 esse
438 2060 627 2095 aestivam:
658 2071 801 2096 rursum
823 2059 856 2096 si
878 2070 922 2096 ea
946 2061 992 2096 sit
1021 2070 1134 2106 aqua,
1167 2071 1259 2106 quae

166 2115 240 2141 non
268 2104 337 2141 nisi
366 2108 504 2141 aestate
533 2104 616 2140 duci
644 2105 776 2150 possit,
807 2105 942 2141 aestiva
972 2105 1130 2141 dicetur:
1162 2110 1198 2141 et
1227 2107 1259 2142 si

166 2160 211 2186 ea
234 2151 306 2186 sint
327 2150 426 2193 loca,
452 2160 544 2196 01180
567 2154 698 2186 natura
721 2161 795 2186 non
818 2150 1011 2186 admittant
1035 2161 1166 2196 aquam
1189 2152 1259 2187 nisi

168 2199 187 2230 4
236 2198 386 2238 aestate,
411 2195 602 2231 dicendum
625 2195 693 2232 erit
714 2199 814 2232 recte
837 2197 1009 2232 aestivam
1033 2196 1115 2232 dici.
1155 2196 1259 2241 Quod

167 2244 288 2277 autem
318 2241 494 2286 scriptum
523 2244 579 2276 est
615 2241 678 2276 in⁴
713 2241 924 2277 interdicto:
964 2241 1029 2277 ‘uti
1061 2242 1131 2278 hoc
1162 2252 1258 2278 anno

168 2290 177 2306 ‘
226 2296 311 2322 uam
334 2286 478 2322 duxisti’
502 2286 572 2322 hoc
597 2291 669 2322 est:
702 2297 775 2322 non
799 2286 956 2329 cottidie,
982 2287 1045 2322 sed
1068 2287 1139 2323 hoc
1163 2298 1257 2323 anno

167 2342 209 2367 ve
245 2342 318 2367 una
342 2332 398 2367 die
420 2332 477 2367 vel
499 2335 617 2367 nocte.
665 2341 749 2377 ergo
775 2331 973 2367 cottidiana
1020 2332 1139 2368 uidem
1163 2343 1258 2378 aqua

167 2377 238 2413 alia
268 2380 340 2420 est,
381 2387 473 2423 quae
512 2377 658 2413 cottidie
689 2376 782 2412 duci*
803 2378 933 2422 possit,
971 2388 1013 2413 ve
1057 2378 1172 2413 hieme
1203 2379 1259 2414 vel

168 2426 322 2465 aestate,
366 2423 434 2458 etsi
469 2422 589 2468 aliquo
625 2425 805 2458 momento
841 2422 1013 2467 temporis
1052 2423 1162 2458 ducta
1200 2424 1257 2466 sit,

167 2468 303 2504 aestiva
334 2477 393 2510 ea,
427 2470 543 2513 quae⁵
574 2467 721 2504 cottidie
753 2467 893 2513 quidem
925 2467 1008 2504 duci
1038 2468 1171 2513 possit,
1203 2470 1259 2504 vel

168 2513 246 2548 sola
269 2517 422 2557 aestate,
453 2513 607 2548 ducatur
631 2519 751 2549 autem
774 2516 914 2549 aestate
936 2517 1093 2556 tantum,
1125 2524 1199 2550 non
1223 2519 1260 2550 et

167 2559 299 2601 hieme,
331 2569 405 2595 808
428 2559 512 2604 quia
534 2569 607 2594 non
630 2558 745 2603 possit
769 2563 805 2593 et
827 2559 959 2602 hieme,
993 2559 1056 2595 sed
1081 2560 1163 2604 quia
1186 2570 1258 2595 non

168 2607 188 2639 5
237 2604 330 2639 80101
339 2604 365 2638 ⁶.
401 2604 456 2640 Lo
483 2604 579 2639 uitur
602 2608 723 2639 autem
745 2608 891 2649 praetor
913 2604 952 2639 in
975 2605 1044 2640 hoc
1068 2604 1257 2640 interdicto

169 2649 213 2685 de
236 2659 280 2685 ea
303 2659 398 2695 aqua
421 2659 462 2685 so
477 2659 517 2693 a,
543 2659 635 2694 quae
657 2649 826 2694 perennis
849 2653 921 2685 est:
946 2649 1047 2685 nulla
1071 2650 1164 2685 enim
1187 2650 1259 2685 alia

169 2697 190 2730 6
237 2704 334 2739 aqua
357 2694 439 2730 duci
463 2698 593 2740 potest,
618 2694 686 2730 nisi
710 2704 802 2740 quae
825 2694 991 2748 perennis
1015 2698 1080 2730 est.
1126 2695 1257 2739 Quam-

170 2740 300 2785 quam⁷
323 2739 370 2775 ad
394 2750 569 2785 perennes
593 2749 706 2785 aquas
730 2739 924 2775 dixemus
942 2740 1011 2776 hoc
1029 2739 1259 2776 interdictum

169 2785 358 2830 pertinere,
383 2785 430 2820 ad
454 2795 514 2821 eas
533 2789 655 2820 tamen
675 2795 851 2830 perennes
870 2785 1037 2830 pertinet,
1062 2795 1154 2831 quae
1175 2785 1259 2821 duci

169 2834 333 2875 possunt.
372 2834 529 2866 ceterum
551 2835 636 2866 sunt
659 2830 845 2876 quaedam,
870 2840 973 2875 quae,
997 2831 1064 2866 etsi
1084 2841 1258 2876 perennes

170 2879 271 2918 sunt,
303 2875 386 2910 duci
414 2879 535 2911 tamen
563 2886 636 2911 non
658 2879 829 2921 possunt,
859 2879 901 2911 ut
923 2880 1013 2921 puta
1035 2876 1199 2921 puteales
1223 2881 1260 2912 et

171 2929 263 2966 quae
285 2920 338 2955 ita
361 2925 446 2955 sunt
468 2931 704 2964 summersae,
735 2925 777 2956 ut
806 2920 963 2956 defluere
995 2926 1098 2957 extra
1125 2926 1259 2957 terram

171 2970 207 3001 et
228 2965 311 3002 usui
335 2975 414 3001 esse
437 2976 509 3001 non
532 2966 683 3011 possint.
719 2965 785 3002 sed
802 2966 1007 3002 huiusmodi
1027 2967 1141 3012 aquis,
1166 2977 1260 3012 quae

171 3011 253 3047 duci
286 3021 360 3047 non
394 3011 550 3056 possint,
588 3011 741 3047 haustus
778 3011 927 3047 servitus
961 3012 1097 3057 imponi
1127 3017 1257 3057 potest.

172 3060 190 3090 7
238 3056 340 3092 Haec
362 3055 553 3091 interdicta
576 3056 620 3092 de
644 3066 756 3101 aqua,
789 3056 874 3092 item
906 3056 950 3091 de
980 3056 1081 3093 fonte
1111 3057 1157 3093 ad
1181 3068 1260 3094 eam

171 3112 301 3154 aquam
324 3100 504 3147 pertinere
527 3101 702 3143 videntur,
726 3111 819 3147 quae
837 3111 860 3136 a
874 3102 991 3147 capite
1007 3102 1163 3146 ducitur,
1187 3113 1260 3139 non

171 3147 332 3183 ahunde:
372 3146 500 3182 harum
528 3146 622 3182 enim
653 3157 829 3192 aquarum
858 3146 968 3182 011818
997 3148 1150 3183 servitus
1181 3149 1260 3184 iure

172 3195 191 3226 8
240 3192 334 3227 civili
371 3191 542 3228 constitui
578 3195 709 3237 potest.
766 3192 884 3238 Caput
917 3202 1033 3237 aquae
1068 3192 1158 3228 illud
1192 3198 1258 3236 est,

172 3237 267 3272 unde
290 3247 312 3272 a
338 3247 385 3272 118
408 3236 588 3272 nascitur:
613 3236 645 3273 si
668 3246 710 3272 ex
734 3237 833 3273 fonte
854 3240 1037 3280 nascatur,
1060 3238 1138 3283 ipse
1156 3238 1257 3274 fons:

172 3282 203 3318 81
233 3292 278 3318 ex
308 3248 455 3318 flumine
482 3282 537 3318 vel
568 3281 668 3324 18011,
701 3282 817 3327 prima
845 3282 968 3318 incilia
997 3282 1053 3318 vel
1082 3283 1259 3328 principia

172 3327 368 3370 fossarum,
400 3327 531 3373 quibus
561 3328 701 3373 aquae*
732 3337 777 3362 ex
801 3327 948 3364 flumine
969 3327 1025 3363 vel
1048 3338 1094 3364 ex
1117 3328 1198 3364 lacu
1221 3329 1259 3364 in

171 3372 325 3417 primum
348 3372 463 3408 rivum
486 3372 651 3418 compelli
673 3371 800 3408 solent.
845 3373 953 3417 plane
977 3372 1007 3408 si
1031 3383 1126 3418 aqua
1150 3373 1257 3410 sudo-

171 3417 271 3453 ribus
302 3417 480 3453 manando
511 3417 549 3453 111
585 3417 737 3464 aliquem
773 3417 927 3462 primum
962 3418 1080 3453 locum
1111 3418 1259 3455 effluere

173 3535 214 3573 (1)
239 3530 343 3564 eundi
354 3543 417 3565 cer.

219 3578 263 3618 (2)
287 3576 352 3611 Ed.
375 3584 406 3616 ις
432 3575 512 3610 Sub.
534 3582 625 3615 2...ο;
651 3575 737 3620 Pap.
759 3583 794 3615 ⁷3
818 3577 905 3620 App.
929 3583 957 3610 8.
977 3594 1024 3601 —
1044 3577 1126 3610 Bas.
1146 3577 1201 3618 58,
1224 3584 1260 3611 20

173 3623 216 3663 (³)
241 3631 341 3663 quam
353 3621 571 3655 cottidianam
582 3620 703 3655 ducere
715 3631 783 3655 non
795 3620 960 3664 expediat,
981 3621 1042 3653 etsi
1060 3621 1163 3664 possit
1181 3621 1260 3655 duci

172 3678 235 3700 ner.
318 3669 360 3709 (4)
384 3666 422 3699 18
435 3668 497 3700 del.
512 3667 564 3700 Ρ
644 3668 688 3709 (5)
714 3665 860 3709 eaquae]
872 3675 961 3708 aqua
973 3665 1024 3699 Ρ
1109 3667 1156 3709 (a)
1179 3677 1261 3710 ergo

173 3711 357 3744 cottidiana
369 3737 378 3745 .
388 3736 397 3744 .
407 3736 415 3744 .
429 3711 486 3745 sed
497 3712 578 3754 quia
588 3722 657 3744 11011
668 3711 753 3745 solet
765 3713 827 3746 del.

173 3757 219 3798 (8)
243 3756 360 3799 aquae]
374 3767 459 3799 01180
474 3757 534 3799 F¹,
555 3767 620 3800 que
634 3756 688 3789 F²
803 3758 847 3799 (ο)
872 3754 1164 3799 qualiterqualiter
1177 3757 1257 3791 Hal.

1241 123 1327 172 694

1466 0 1571 129 ἡ

1893 141 1956 171 ΒΕ
1984 141 2106 180 AQUA
2135 140 2410 173 COTTIDIANA

1324 252 1433 295 atque
1460 249 1512 285 ibi
1541 259 1717 295 apparere
1744 250 1886 295 incipit,
1916 251 1993 286 eius
2016 251 2086 287 hoc
2111 255 2221 296 caput
2243 251 2412 295 dicemus,

1325 297 1346 330 9
1391 294 1456 330 ubi
1478 293 1632 340 primum
1650 297 1806 341 emergit.
1843 295 1895 330 Et
1912 295 2091 340 qualiter⁹
2114 296 2162 332 sit
2181 297 2413 333 constitutum

1324 339 1380 420 {¹3⁸
1403 348 1539 420 ‘iffi’
1561 339 1940 431 ἓέἓθὲῗεῖῗηὲῗὲξῧί
1954 341 2415 424 iffi‘hissffirbssffihssi

1505 411 1514 419 “
2349 414 2357 430 2

1326 433 1447 466 tamen
1469 430 1547 465 iure
1571 430 1702 466 ducere
1724 441 1763 467 se
1813 432 1943 474 utavit,
1970 442 2052 467 cum
2075 442 2149 467 non
2170 432 2209 467 in
2229 432 2326 477 iure,
2351 433 2414 469 sed

1325 475 1364 510 in
1386 474 1485 510 facto
1509 474 1652 518 erravit,
1677 475 1780 511 dicen
1804 487 1864 512 um
1888 481 1943 512 est
1966 487 2080 522 eoque
2102 477 2179 512 iure
2202 477 2345 522 utimur,
2375 483 2415 513 ut

1325 519 1515 556 interdicto
1547 520 1618 556 hoc
1648 520 1703 556 uti
1733 522 1865 567 possit:
1901 521 2037 558 sufficit
2068 522 2176 566 enim,
2208 522 2240 559 si
2269 522 2347 559 iure
2376 534 2414 559 se

1327 565 1457 601 ducere
1514 564 1628 600 utavit
1655 575 1724 601 nec
1753 566 1788 601 vi
1817 577 1884 602 nec
1908 567 2000 603 clam
2023 577 2090 603 nec
2113 567 2276 612 precario
2301 568 2412 603 duxit.

1330 614 1366 646 11
1417 610 1486 645 11111
1534 610 1728 663 0118011181,
1753 614 1874 647 utrum
1893 622 1936 648 08
1954 616 2095 648 18811118
2114 623 2209 658 aqua
2226 614 2282 648 his
2303 613 2414 649 inter-

1326 655 1431 692 dictis
1456 659 1699 699 contineatur,
1729 667 1822 702 quae
1851 657 1897 693 ad
1928 668 2053 703 agrum
2083 658 2302 703 irrigandum
2332 669 2414 704 per-

1325 701 1434 745 tinet,
1460 711 1507 736 811
1531 711 1615 737 vero
1639 702 1771 746 omnis,
1796 702 1904 738 etiam
1927 712 1989 745 ea,
2013 713 2107 748 quae
2128 703 2177 739 ad
2199 714 2303 739 usum
2327 715 2415 749 quo-

1327 757 1396 792 que
1421 750 1457 782 et
1481 745 1707 782 commodum
1728 752 1901 783 nostrum.
1950 752 1986 783 et
2008 748 2079 784 hoc
2102 749 2179 784 iure
2202 749 2350 793 utimur,
2375 753 2417 784 ut

1326 792 1416 828 haec
1441 801 1583 837 quoque
1607 792 1843 828 contineatur.
1890 796 2039 839 propter
2069 793 2165 839 quod
2194 794 2302 829 etiam
2326 794 2356 829 si
2379 794 2415 829 in

1326 837 1466 873 urbana
1489 837 1639 882 praedia
1662 837 1741 882 quis
1765 848 1895 883 aquam
1919 838 2051 874 ducere
2073 839 2175 881 velit,
2207 840 2276 875 hoc
2305 839 2415 875 inter-

1330 885 1370 918 12
1418 882 1554 917 dictum
1581 882 1701 918 locum
1727 883 1863 919 habere
1892 887 2022 928 potest.
2067 883 2262 920 Praeterea
2291 884 2415 920 Labeo

1327 927 1472 970 scribit,
1505 927 1571 963 etsi
1602 927 1747 973 quidam
1776 927 1907 964 ductus
1938 938 2113 974 aquarum
2136 940 2210 965 non
2233 929 2280 965 sit
2302 929 2415 973 fundi,

1327 973 1412 1018 quia
1435 983 1660 1026 quocumque
1683 972 1767 1009 duci
1788 974 1948 1019 possint,
1981 978 2102 1009 tamen
2132 974 2179 1009 ad
2208 975 2276 1010 hoc
2305 974 2415 1010 inter-

1330 1021 1370 1053 13
1418 1017 1551 1054 dictum
1583 1018 1773 1071 pertinere.
1821 1018 1919 1054 Idem
1947 1019 2070 1055 Labeo
2101 1019 2244 1062 scribit,
2279 1020 2417 1055 etiamsi

1352 1066 1475 1099 raetor
1496 1063 1566 1099 hoc
1589 1063 1779 1099 interdicto
1796 1063 1840 1099 de
1856 1064 1959 1109 aquis
1975 1064 2112 1109 frigidis
2129 1064 2271 1108 sentiat,
2295 1070 2416 1100 tamen

1326 1075 1372 1145 30
1396 1107 1521 1144 calidis
1545 1109 1648 1154 aquis
1667 1109 1858 1144 interdicta
1876 1119 1950 1145 non
1972 1120 2050 1146 esse
2067 1109 2292 1155 deneganda:
2317 1120 2417 1146 nam-

1327 1164 1396 1200 que
1420 1154 1548 1189 harum
1571 1164 1713 1199 quoque
1737 1164 1912 1200 aquarum
1935 1165 2040 1191 usum
2057 1165 2138 1191 esse
2156 1157 2415 1191 necessarium:

1326 1209 1593 1244 nonnumquam
1618 1199 1711 1234 enim
1734 1199 1967 1245 refrigeratae
1990 1211 2096 1236 usum
2114 1200 2302 1246 irrigandis
2323 1202 2417 1246 agris

1326 1248 1524 1290 praestant.
1572 1245 1627 1280 his
1659 1244 1818 1288 accedit,
1874 1245 1948 1281 uod
1970 1246 2009 1281 in
2033 1245 2246 1291 quibusdam
2268 1246 2358 1282 locis
2384 1251 2419 1282 et

1327 1301 1409 1326 cum
1433 1289 1571 1325 calidae
1595 1295 1690 1333 sunt,
1717 1256 1909 1336 irrigandis
1931 1294 2053 1327 tamen
2142 1291 2170 1326 ‘s
2194 1292 2418 1328 necessariae

1326 1340 1421 1378 sunt,
1446 1339 1488 1370 ut
1503 1335 1704 1380 Hierapoli:
1732 1339 1876 1371 constat
1898 1337 1991 1371 enim
2016 1301 2416 1382 aptffiiierapolitanos

1324 1381 1363 1416 111
1385 1381 1475 1416 Asia
1499 1390 1624 1425 agrum
1648 1391 1743 1425 aqua
1766 1381 1884 1416 calida
1906 1381 2025 1426 rigari.
2061 1386 2098 1417 et
2121 1382 2280 1427 quamvis
2305 1392 2348 1417 ea
2371 1383 2418 1418 sit

1326 1436 1437 1471 aqua,
1463 1436 1556 1471 quae
1580 1425 1627 1461 ad
1650 1426 1818 1470 rigandos
1831 1427 1859 1448 ¹⁰
1882 1437 1955 1462 non
1979 1427 2027 1463 sit
2050 1427 2272 1470 necessaria,
2297 1430 2418 1463 tamen

1330 1475 1370 1507 14
1417 1481 1521 1506 nemo
1553 1471 1709 1516 ambiget
1736 1471 1791 1507 his
1822 1471 2019 1508 interdictis
2049 1472 2168 1508 locum
2198 1472 2287 1508 fore.
2338 1472 2419 1508 Sive

1327 1520 1448 1553 autem
1470 1517 1567 1551 intra
1589 1517 1715 1552 urbem
1738 1517 1786 1552 sit
1809 1527 1905 1562 aqua
1927 1518 2001 1553 sive
2020 1521 2124 1553 extra
2144 1518 2282 1560 urbem,
2307 1517 2378 1554 hoc
2392 1519 2417 1539 ¹²

1333 1566 1370 1597 15
1418 1561 1608 1597 interdicto
1632 1562 1733 1597 locus
1758 1562 1835 1598 erit.
1870 1563 1964 1598 Illud
1987 1567 2107 1598 tamen
2131 1563 2190 1598 hic
2212 1563 2417 1616 intellegen-

1327 1608 1412 1643 dum
1435 1610 1491 1643 est
1515 1606 1639 1643 eodem
1658 1607 1764 1643 modo
1783 1611 1989 1661 praetorem
2005 1608 2090 1643 duci
2109 1618 2240 1653 aquam
2258 1609 2417 1661 iussisse,

1326 1652 2207 1750 Qd¹1¹2221002113<352r33323525332&ss3323?
2237 1653 2419 1744 ²333&ss

1328 1744 1399 1780 alia
1430 1753 1524 1789 aqua
1555 1743 1620 1785 sit,
1662 1753 1769 1788 quam
1800 1754 1880 1788 01118
1911 1744 1996 1779 velit
2027 1743 2176 1786 ducere,
2210 1754 2318 1789 quam
2348 1743 2418 1780 hoc

1327 1800 1421 1825 anno
1447 1788 1565 1831 duxit,
1590 1788 1644 1824 vel
1669 1788 1793 1823 eadem
1808 1790 1847 1831 ¹²,
1878 1799 1943 1834 per
1967 1789 2074 1824 aliam
2098 1794 2217 1824 tamen
2241 1800 2259 1824 r
2305 1790 2419 1826 ’onem

1331 1838 1371 1870 16
1417 1834 1504 1870 velit
1535 1833 1685 1877 ducere,
1722 1834 1868 1886 impune
1897 1834 1931 1870 ei
1961 1835 2013 1870 vis
2045 1834 2118 1870 fiet.
2172 1834 2268 1870 Illud
2328 1835 2419 1871 abeo

1327 1880 1415 1916 dicit
1438 1889 1560 1915 omnes
1610 1882 1706 1915 artes
1729 1879 1825 1915 illius
1849 1879 1969 1923 fundi,
1999 1880 2037 1915 in
2062 1890 2167 1926 quem
2189 1879 2261 1915 loci
2274 1880 2302 1902 ¹³
2324 1890 2419 1926 aqua

1328 1925 1483 1968 ducitur,
1507 1890 1667 1960 eiusdem
1690 1935 1839 1960 numero
1864 1935 1954 1961 esse.
1991 1935 2074 1971 0180
2098 1928 2136 1961 01
2153 1925 2184 1961 81
2204 1924 2297 1961 forte
2317 1930 2420 1961 actor

1329 1970 1504 2006 confinem
1521 1980 1645 2015 agrum
1664 1970 1789 2005 emerit
1807 1975 1844 2006 et
1866 1981 1910 2006 ex
1931 1981 2029 2016 agro,
2053 1971 2090 2005 in
2133 1981 2215 2006 uem
2234 1971 2304 2006 hoc
2323 1980 2419 2007 anno

1328 2026 1458 2062 aquam
1489 2015 1649 2058 duxerit,
1688 2019 1816 2061 postea
1847 2015 1952 2051 fundi
1981 2016 2112 2061 0181111Ἷ
2162 2016 2305 2052 8081180
2335 2016 2419 2051 velit

1329 2071 1460 2107 aquam
1484 2061 1634 2103 ducere,
1667 2060 1719 2095 ita
1746 2060 1886 2096 demum
1910 2071 1992 2097 eum
2015 2065 2113 2097 recte
2136 2061 2205 2097 hoc
2229 2061 2418 2097 interdicto

1329 2110 1383 2150 (ut
1406 2107 1450 2142 de
1473 2106 1600 2141 itinere
1623 2109 1792 2151 actuque)
1817 2107 1869 2141 uti
1892 2110 2033 2151 putant,
2058 2110 2100 2142 ut
2122 2106 2230 2142 semel
2252 2106 2291 2141 in
2314 2117 2418 2142 suum

1328 2153 1509 2197 ingressus
1537 2151 1620 2187 inde
1644 2151 1764 2196 egredi
1788 2162 1858 2196 qua
1881 2152 1966 2187 velit
1988 2152 2122 2205 possit,
2154 2151 2224 2187 nisi
2256 2151 2290 2187 ei
2319 2153 2418 2188 noci-

1332 2202 1388 2251 17·
1418 2202 1494 2233 11118
1518 2197 1575 2239 811,
1602 2206 1645 2231 ex
1669 2207 1741 2242 quo
1764 2207 1895 2242 aquam
1915 2197 2025 2232 ducit.
2062 2197 2151 2233 Item
2192 2197 2364 2249 uaeritur,
2389 2197 2419 2232 si

1328 2252 1568 2331 ffissc‘ffie,
1593 2242 1809 2332 ἓὲἒὲρξῖξ
1830 2242 2269 2333 ἷῖἲὲὶξέαἳῐῗῗξιέχω
2285 2252 2419 2323 8111ῐὲ

1329 2333 1507 2369 sententia
1539 2333 1772 2368 existimantis
1802 2336 1900 2368 recte
1929 2343 2010 2368 eum
2041 2333 2245 2378 prohiberi,
2281 2332 2346 2369 sed
2376 2343 2418 2369 eo

1327 2379 1410 2421 loci,
1434 2379 1471 2413 in
1496 2389 1566 2423 quo
1589 2378 1744 2423 primum
1768 2388 1899 2423 aquam
1923 2378 2029 2413 aliam
2052 2378 2090 2413 in
2110 2378 2224 2413 rivum
2244 2377 2418 2413 admittit:

1329 2428 1365 2460 et
1378 2425 1406 2445 ¹⁶
1438 2423 1564 2459 Ofilius
1600 2424 1638 2458 in
1668 2427 1746 2459 tota
1776 2433 1870 2469 aqua
1901 2427 1999 2459 recte
2031 2434 2111 2458 eum
2142 2422 2325 2476 prohiberi
2356 2424 2417 2458 ait.

1328 2480 1394 2515 ego
1410 2468 1516 2505 Ofilio
1540 2468 1703 2504 adsentio
1729 2479 1802 2504 non
1824 2478 1932 2514 posse
1955 2468 2075 2511 dividi,
2099 2478 2183 2513 01118
2204 2478 2278 2504 808
2297 2472 2417 2514 potest

1327 2515 1380 2551 ita
1414 2515 1453 2549 in
1514 2518 1591 2550 arte
1627 2514 1679 2549 vis
1715 2513 1811 2556 fieri,
1849 2518 1890 2549 ut
1925 2524 1999 2549 non
2030 2513 2070 2549 in
2105 2517 2184 2550 tota
2214 2524 2310 2558 aqua
2339 2513 2414 2549 fiat.

1332 2563 1372 2595 18
1420 2559 1492 2595 Tre
1519 2559 1630 2602 atius,
1675 2570 1758 2594 01118
1793 2559 1947 2605 amplior
1983 2569 2154 2595 numerus
2192 2558 2335 2604 pecoris
2372 2558 2419 2595 ad

1328 2615 1459 2650 aquam
1488 2604 1707 2650 appelletur,
1741 2614 1847 2649 quam
1880 2604 1987 2640 debet
2018 2604 2169 2658 appelli,
2200 2614 2308 2650 posse
2338 2604 2418 2640 uni-

1328 2661 1471 2686 versum
1493 2660 1606 2703 pecus
1630 2650 1678 2685 im
1705 2660 1776 2685 une
1799 2649 1993 2695 prohiberi,
2020 2660 2103 2695 01118
2125 2650 2286 2685 1118011118
2306 2660 2419 2695 pecus

1329 2697 1362 2732 ei
1390 2706 1532 2741 pecon,
1566 2695 1624 2731 0111
1648 2705 1670 2730 8
1695 2695 1822 2740 pulsus
1846 2694 2035 2737 debeatur,
2066 2698 2182 2731 totum
2212 2699 2419 2748 corrumpat

1354 2741 1469 2777 ecoris
1493 2740 1693 2786 adpulsum.
1742 2740 1940 2776 Marcellus
1963 2744 2083 2776 autem
2107 2740 2176 2783 ait,
2204 2739 2236 2775 si
2258 2740 2338 2786 quis
2361 2751 2418 2776 1118

1328 2753 1466 2822 {abens
1500 2786 1642 2838 pecoris
1681 2785 1727 2821 ad
1758 2795 1888 2831 aquam
1921 2785 2123 2831 appellendi
2150 2785 2256 2831 plura
2354 2795 2419 2821 ora

1329 2831 1537 2877 adpulserit,
1561 2841 1634 2867 non
1657 2831 1694 2865 in
1719 2831 1883 2867 omnibus
1906 2831 2097 2876 pecoribus
2121 2841 2203 2866 eum
2224 2841 2290 2876 pro
2319 2831 2416 2866 'ben-

1329 2877 1434 2913 dum:
1460 2875 1557 2929 quod
1581 2880 1635 2912 est
1658 2886 1790 2919 verum,
1815 2876 1898 2921 quia
1916 2886 2051 2922 pecora
2070 2876 2232 2922 separari
2251 2879 2416 2921 possunt.

1331 2925 1372 2958 19
1419 2923 1542 2958 Aristo
1563 2925 1669 2967 putat
1685 2931 1766 2956 eum
1783 2921 1923 2957 demum
1939 2920 2168 2957 interdictum
2184 2921 2254 2956 hoc
2270 2921 2416 2964 habere,

1329 2968 1390 3012 qui
1414 2977 1453 3003 80
1474 2971 1580 3012 putat
1604 2977 1669 3001 suo
1693 2967 1771 3002 iure
1795 2967 1859 3010 uti,
1883 2977 1956 3002 non
1979 2977 2071 3008 eum,
2096 2966 2158 3011 qui
2180 2966 2250 3001 scit
2273 2976 2312 3001 80
2334 2966 2414 3001 nul-

1329 3016 1372 3047 20
1418 3013 1494 3048 11118
1523 3012 1579 3047 1118
1609 3011 1742 3047 11811010
1774 3016 1810 3047 01
1839 3012 1963 3047 11111111.
2009 3011 2107 3047 Idem
2139 3010 2191 3046 ait
2220 3021 2319 3054 eum,
2356 3011 2417 3056 qui

1328 3059 1398 3094 hoc
1429 3067 1524 3093 anno
1557 3066 1689 3102 aquam
1719 3057 1862 3092 duxerit
1890 3067 1956 3092 nec
1979 3057 2014 3092 vi
2037 3066 2104 3092 nec
2128 3056 2221 3091 clam
2243 3066 2309 3092 nec
2333 3066 2415 3102 pre-

1330 3103 1427 3139 cario
1459 3106 1496 3138 et
1524 3101 1650 3137 eodem
1680 3112 1775 3138 811110
1805 3102 1931 3138 vitiose
1955 3112 2043 3138 usus
2067 3105 2140 3143 est,
2171 3105 2268 3137 recte
2296 3106 2416 3137 tamen

1328 3149 1398 3184 hoc
1421 3147 1613 3183 interdicto
1637 3157 1804 3183 usurum:
1839 3146 1933 3192 quod
1962 3146 2088 3183 referri
2117 3145 2165 3181 ad
2196 3146 2234 3182 id
2263 3151 2415 3192 tempus,

1329 3192 1426 3239 quod
1456 3192 1533 3229 sine
1564 3191 1649 3227 vitio
1682 3191 1808 3227 fuerit:
1840 3202 1920 3229 esse
1952 3192 2046 3228 enim
2074 3201 2197 3228 verum
2227 3191 2296 3227 hoc
2321 3202 2415 3227 anno

1329 3241 1369 3274 21
1418 3248 1491 3274 non
1514 3237 1548 3272 vi
1571 3247 1644 3272 non
1669 3237 1760 3272 clam
1783 3248 1857 3273 non
1873 3237 2035 3283 precario
2055 3247 2172 3272 usum.
2208 3236 2416 3281 Quaesitum

1329 3287 1394 3325 est,
1420 3283 1451 3318 si
1472 3282 1550 3328 quis
1571 3287 1655 3318 ante
1674 3293 1806 3318 annum
1822 3292 1952 3327 aquam
1970 3281 2082 3324 duxit,
2109 3282 2237 3318 deinde
2254 3282 2417 3328 sequenti

1327 3333 1505 3373 tempore,
1538 3327 1606 3363 hoc
1631 3332 1685 3363 est
1707 3328 1803 3363 intra
1825 3337 1974 3370 annum,
2007 3337 2102 3372 aqua
2131 3326 2313 3363 influxerit
2336 3327 2415 3373 ipsa

1328 3373 1397 3410 sibi
1420 3383 1476 3408 me
1499 3383 1571 3408 808
1596 3372 1748 3408 ducente
1760 3374 1799 3416 ¹⁷,
1824 3382 1871 3408 an
1894 3372 1963 3408 hoc
1977 3374 2002 3393 ¹¹
2027 3371 2217 3408 interdicto
2235 3373 2337 3408 locus
2357 3372 2414 3407 sit.

1328 3422 1366 3455 et
1395 3417 1506 3454 refert
1536 3417 1687 3453 Severus
1717 3418 1882 3454 Valerius
1912 3422 2115 3463 competere
2142 3417 2176 3453 ei
2206 3417 2276 3453 hoc
2304 3417 2415 3453 inter-

1330 3531 1392 3574 (10)
1415 3532 1554 3608 9⁰fo2
1595 3532 1654 3573 (11)
1677 3530 1843 3564 111110οᾰ11.
1900 3532 1959 3572 (12)
1984 3528 2187 3564 eandemffl
2204 3574 2212 3582 ·
2240 3531 2299 3573 113)
2321 3529 2416 3564 illius

1328 3575 1525 3663 ffidbffill,
1544 3585 1781 3654 ἱῃηιηιᾳξωὲθὲξινι
1812 3621 1865 3654 vel
1886 3575 2414 3664 ‹gezlepoczaedzlzpzaefflffiq'gs

1329 3665 1581 3709 (Gothosredue)
1670 3666 1732 3707 (16)
1757 3666 1793 3698 nt
1809 3677 1873 3699 scr.
1967 3664 2027 3705 (17)
2051 3664 2184 3698 sibimet
2202 3666 2265 3705 (sic
2284 3665 2323 3707 S)
2345 3675 2412 3699 non

940 3712 985 3752 (7)
1009 3713 1121 3744 autam
1134 3713 1194 3745 ins.
1210 3710 1260 3745 Ρ
1328 3710 1464 3744 ducenti
1477 3723 1537 3744 scr.
