2528 3918
162 111 374 156 XXVIIII
403 115 428 154 5

164 234 343 271 necaverit
364 232 420 268 vel
442 242 534 268 uxor
552 231 730 275 maritum,
754 233 846 269 servi
864 243 982 279 poena
1000 235 1148 269 senatus
1166 243 1252 268 coii-

163 279 248 316 sulti
277 278 533 314 liberabuntur.
580 276 644 313 sed
675 277 706 313 si
736 278 964 314 exaudissent
995 281 1030 312 et
1053 287 1157 323 opem
1179 287 1253 314 non

163 324 340 365 mussent,
361 322 541 375 plectendi
556 326 673 374 erunt,
693 332 766 359 non
780 326 920 359 tantum
936 323 968 359 si
984 322 1119 368 proprii
1133 325 1254 359 essent

163 372 186 406 3
231 368 407 410 mulieris,
440 366 503 402 sed
533 370 642 403 etiam
667 367 700 404 si
721 368 851 404 mariti.
899 367 937 403 Si
959 371 1080 403 tamen
1102 367 1253 403 maritus

161 414 201 450 in
224 412 396 449 adulterio
421 411 678 458 deprehensam
701 412 854 456 occidat,
883 412 968 459 quia
989 412 1187 458 ignoscitur
1208 412 1252 455 ei,

164 457 353 495 dicendum
384 461 440 494 est
469 467 544 493 non
572 460 714 493 tantum
745 458 878 501 mariti,
902 457 966 493 sed
994 457 1101 493 etiam
1131 457 1253 493 uxoris

163 513 286 540 servos
308 502 534 545 liberandos,
565 502 597 538 si
619 502 752 539 iustum
777 503 934 539 dolorem
958 502 1165 548 exsequenti
1189 502 1252 538 do-

163 552 186 584 4
231 548 326 584 mino
351 557 424 584 non
446 547 664 583 restiterunt.
693 548 756 601 ·Si,
782 558 863 583 cum
887 558 1009 583 omnes
1033 547 1166 600 domini
1189 547 1252 600 ad·

164 602 491 681 excusandusgaan
513 596 599 674 venrzli⁸
607 603 706 683 ’qffi
727 603 990 690 {ssffgugpffii
1001 592 1127 673 tultigfit
1135 597 1255 673 unless}

162 683 318 719 tendus?
356 686 393 719 et
414 683 526 728 magis
550 686 622 726 est,
654 687 715 725 ut,
747 693 778 718 si
805 683 948 728 quidem
971 683 1136 718 omnibus
1175 692 1254 718 erre

189 728 300 771 otuit,
332 728 491 774 quamvis
512 727 728 808 ffluibusdam
750 727 850 770 tulit,
883 728 1060 780 supplicio
1085 726 1253 763 adficien-

189 784 267 810 um:
292 773 324 809 si
341 783 425 809 vero
445 773 512 809 siin
569 773 734 809 omnibus
754 783 827 808 non
845 776 974 818 potuit,
998 772 1252 815 excusandum,

163 818 249 900 aluis
271 818 484 864 quibusdam
507 828 611 898 egem
634 818 767 853 tulerit.
814 828 898 853 nam
927 818 1016 854 illud
1048 818 1176 854 durum
1200 821 1255 853 est

190 864 302 906 'cere,
332 864 382 906 si,
414 873 496 899 cum
552 862 669 899 uobus
701 863 871 899 auxilium
903 862 996 899 ferre
1028 874 1101 899 non
1127 863 1253 909 possit,

164 908 269 954 elegit
291 907 396 944 alteri
419 918 497 944 esse
520 908 672 950 auxilio,
707 908 882 944 electione
906 908 1039 944 crimen
1063 918 1143 944 eum
1167 918 1252 944 con-

163 957 183 990 5
201 999 209 1007 ·
230 953 402 1006 traxisse.-
440 952 563 1006 Quare
590 957 628 988 et
655 953 687 1005 si
710 963 833 988 servus
856 954 1013 1006 mulieris
1037 954 1165 989 marito
1190 953 1253 989 do-

162 1009 423 1081 ?mffiffl
451 997 688 1089 ὲῗῗὲῗωξὲἱ*
704 998 1253 1096 ἐ“«ῗέῗ,εῗὲῗ“ὲῗ3>ἔὲ,1,ιςῖἑέ““ἒιὲζ

187 1089 226 1126 ui
256 1099 299 1126 eo
331 1093 492 1134 tempore
524 1098 595 1134 quo
629 1088 793 1124 dominus
825 1088 1011 1124 dominave
1044 1098 1165 1124 occisa
1200 1093 1254 1124 est

221 1134 279 1170 usi
301 1134 353 1170 ita
374 1133 523 1170 fuerunt
545 1133 622 1169 sine
645 1133 726 1169 dolo
750 1133 863 1177 malo,
894 1138 936 1169 ut
962 1143 1148 1179 erumpere
1172 1144 1253 1170 suc-

163 1179 331 1216 currendi
354 1189 465 1215 causa
488 1183 552 1214 aut
575 1178 896 1224 comprehendendi
920 1188 1000 1221 eos,
1025 1179 1087 1224 qui
1110 1179 1255 1214 caedem

162 1224 333 1267 fecerint,
364 1235 437 1260 non
467 1224 668 1270 potuerint:
701 1233 768 1259 nec
798 1223 965 1266 interest,
997 1234 1020 1259 a
1046 1234 1117 1270 quo
1142 1224 1255 1260 clausi

163 1269 462 1306 continebuntur:
488 1268 541 1304 sic
560 1272 691 1311 tamen,
712 1268 742 1304 si
761 1278 834 1304 non
851 1268 937 1304 data
952 1279 973 1304 o
1001 1279 1063 1304 era
1079 1268 1256 1304 voluerint

163 1325 203 1351 se
223 1315 276 1350 ita
294 1313 440 1357 includi,
464 1324 510 1349 ne
529 1322 632 1359 opem
652 1313 746 1350 ferre
764 1313 915 1359 possint.
950 1324 970 1350 c
985 1324 1070 1350 usos
1091 1314 1255 1360 accipere

162 1359 333 1413 debemus
365 1362 402 1394 et
429 1358 461 1395 si
491 1358 735 1425 sunt-vincti,
767 1358 799 1394 si
828 1362 950 1412 tamen
978 1359 1032 1395 ita
1053 1359 1181 1402 vincti,
1214 1362 1256 1395 ut

163 1403 790 1501 imtssssiffpifgiosfflfflgffiffl
810 1403 961 1501 2252&
974 1413 1257 1486 ῗέἓιιὲοὲθεέἓιῐ

164 1497 185 1530 8
232 1498 327 1531 sunt.
365 1493 503 1530 Surdus
527 1504 669 1546 quoque
691 1498 785 1529 inter
807 1494 992 1530 inbecillos
1013 1494 1255 1530 numerandus

162 1543 219 1576 est
249 1543 313 1576 aut
345 1539 440 1575 inter
469 1549 532 1575 eos
564 1549 626 1584 qui
657 1539 723 1575 sub
759 1539 884 1575 eodem
916 1543 1013 1575 tecto
1049 1550 1124 1575 non
1157 1543 1254 1582 sunt,

163 1585 248 1631 quia
277 1588 319 1620 ut
348 1584 401 1620 illi
430 1594 497 1630 per
528 1584 703 1629 spatium,
738 1584 791 1619 ita
821 1584 880 1620 hic
911 1594 977 1630 per
1006 1584 1170 1621 morbum
1201 1585 1255 1620 ni-

162 1634 184 1666 9
230 1630 281 1666 hil
308 1629 419 1665 audit.
467 1628 604 1665 Caecus
637 1639 779 1675 quoque
808 1628 948 1665 veniam
978 1629 1107 1665 mereri
1138 1629 1253 1665 debet.

165 1678 207 1711 10
253 1675 397 1710 Μιιιιιιιι
420 1674 526 1710 simili
548 1673 654 1710 modo
677 1674 885 1726 excipimus,
909 1674 974 1710 sed
991 1675 1053 1717 ibi,
1077 1674 1140 1710 ubi
1157 1675 1255 1710 vocis

167 1723 204 1756 11
253 1723 394 1755 tantum
418 1719 590 1755 auxilium
613 1719 800 1764 superfuit.
850 1719 1022 1755 Furiosos
1053 1719 1170 1765 excipi
1193 1730 1255 1755 ne-

166 1767 208 1801 12
256 1774 435 1811 quaquam
459 1764 607 1800 dubium
630 1768 694 1800 est.
742 1764 780 1800 Si
803 1764 881 1817 quis
906 1774 1011 1810 quem
1034 1775 1157 1801 eorum
1180 1775 1254 1800 ser-

162 1821 247 1847 vum
261 1820 442 1847 servamve
462 1820 507 1845 ex
527 1820 570 1845 ea
588 1808 734 1852 familia,
759 1820 820 1855 qm
841 1809 916 1845 eius
935 1809 1107 1846 facinoris
1126 1810 1254 1846 noxius

162 1855 249 1899 erit,
280 1855 456 1901 receperit
486 1854 542 1890 vel
570 1854 737 1891 celaverit
760 1855 876 1891 sciens
900 1854 982 1891 dolo
1006 1855 1121 1898 malo,
1151 1856 1189 1891 in
1213 1865 1256 1891 ea

164 1910 276 1937 causa
299 1904 373 1943 est,
404 1910 449 1935 ac
482 1900 513 1936 si
544 1900 621 1945 lege
644 1910 738 1946 quae
760 1899 806 1935 de
828 1900 967 1936 sicariis
989 1901 1064 1936 lata
1087 1903 1142 1936 est
1164 1900 1255 1936 faci-

166 1949 207 1981 13
254 1945 354 1982 noris
377 1945 506 1981 noxius
529 1944 649 1981 fuerit.
697 1944 736 1980 Si
767 1955 812 1981 ex
842 1945 1015 1991 stipulatu
1047 1955 1170 1981 servus
1195 1945 1255 1981 de·

163 1991 317 2027 beatur⁴
337 1993 374 2026 et
392 1990 539 2026 caedem
555 1990 689 2026 domini
704 1990 860 2035 arguerit
876 1995 913 2026 et
928 2001 994 2036 pro
1010 1991 1081 2027 hoc
1095 1991 1254 2037 praemio

162 2036 254 2072 liber
285 2045 364 2072 esse
393 2035 513 2071 iussus
544 2036 611 2077 sit,
644 2045 689 2070 ex
719 2035 894 2088 stipulatu
925 2036 1020 2072 actio
1053 2035 1257 2082 stipulatori

164 2091 239 2117 nou
261 2080 387 2117 datur:
411 2090 496 2116 nam
519 2084 556 2116 et
578 2081 610 2115 si
632 2091 676 2116 su
702 2080 808 2126 plicio
832 2080 996 2117 adfectus
1019 2081 1159 2124 fuisset,
1182 2092 1256 2117 non

164 2126 321 2163 daretur.
369 2125 465 2178 quood
488 2125 519 2160 si
542 2125 609 2178 sub
634 2091 758 2178 eogem
780 2129 877 2162 tecto
901 2136 975 2162 non
999 2126 1086 2169 fuit,
1120 2137 1164 2162 ex
1191 2126 1256 2162 sti-

163 2172 292 2218 pulatu
315 2174 410 2206 actio
433 2181 472 2206 in
495 2172 769 2207 aestimatione⁵
799 2171 892 2206 servi
922 2171 1019 2207 utilis
1051 2172 1118 2207 erit
1141 2171 1255 2208 credi-

170 2220 209 2252 14
255 2216 338 2252 tori.
386 2215 514 2252 Utrum
545 2219 664 2251 autem
692 2215 724 2251 is
755 2216 854 2252 solus
884 2216 1048 2252 videatur
1077 2216 1256 2252 indicasse

163 2262 220 2298 vel
242 2261 421 2306 arguisse,
456 2261 516 2306 qui
539 2260 587 2296 ad
609 2261 679 2297 hoc
702 2260 843 2306 prosilit
865 2261 978 2303 ultro,
1011 2271 1058 2296 an
1083 2261 1190 2297 etiam
1211 2262 1255 2304 is,

164 2307 235 2353 qui,
259 2317 342 2343 cum
362 2309 596 2342 accusaretur
618 2306 706 2351 ipse,
732 2305 881 2342 detorsit
902 2306 940 2341 in
964 2306 1074 2341 alium
1098 2306 1256 2342 crimen?

165 2357 201 2388 et
220 2363 254 2387 m
303 2352 311 2359 “
352 2355 419 2395 est,
441 2354 483 2386 ut
502 2351 562 2386 ille
581 2351 652 2387 hoc
671 2351 830 2397 praemio
851 2351 979 2397 dignus
998 2351 1056 2394 sit,
1081 2351 1142 2397 qui
1161 2351 1255 2387 ultro

168 2401 207 2433 15
255 2407 278 2432 a
326 2396 594 2432 accusationem
621 2395 770 2441 prosilit.
816 2396 863 2431 Hi
894 2406 1057 2442 quoque,
1091 2396 1152 2442 qui
1182 2406 1255 2432 non

192 2445 361 2478 otuerunt
391 2441 480 2477 alias
507 2441 555 2477 ad
576 2440 778 2477 libertatem
800 2441 1002 2487 pervenire,
1034 2445 1075 2477 ut
1104 2445 1194 2487 puta
1225 2441 1256 2477 si

163 2454 260 2523 Ea&
289 2487 366 2532 lege
397 2486 592 2522 distractus
624 2490 701 2522 erat
755 2486 830 2530 uis,
862 2496 909 2522 ne
933 2487 1255 2530 manumitteretur,

163 2536 335 2578 poterunt
364 2536 514 2578 propter
543 2531 633 2574 hoc,
666 2541 737 2584 quo
793 2531 832 2567 in
863 2541 1051 2568 commune
1078 2532 1165 2567 utile
1189 2535 1254 2574 est,

168 2581 209 2614 16
255 2577 304 2613 ad
325 2577 528 2613 libertatem
550 2587 743 2622 pervemre.
791 2576 847 2613 De
877 2577 934 2613 his
964 2587 1107 2623 quoque
1133 2577 1255 2620 servis,

165 2622 227 2668 qui
245 2626 460 2658 testamento
481 2622 690 2658 manumissi
709 2625 805 2664 sunt,
824 2621 974 2668 perinde
992 2623 1126 2668 atque⁷
1145 2622 1255 2658 servis

168 2670 208 2703 17
256 2667 471 2713 supplicium
501 2667 713 2703 sumendum
745 2672 810 2703 est.
861 2667 918 2704 De
946 2667 1023 2711 his,
1062 2667 1124 2713 qui
1153 2671 1255 2704 ante-

164 2722 274 2793 quam
307 2715 561 2748 testamentum
591 2712 702 2748 occisi
732 2712 918 2749 occisaeve
948 2712 1147 2758 aperiretur
1171 2723 1255 2758 pro-

181 2757 341 2803 ugissent
370 2761 567 2809 posteaque
598 2761 722 2803 aperto
752 2761 967 2794 testamento
998 2758 1101 2794 liberi
1131 2757 1257 2804 scripti

165 2802 423 2855 invenirentur,
443 2802 589 2847 perinde
608 2813 652 2839 ac
670 2802 702 2839 si
720 2802 766 2839 de
785 2803 895 2839 servis
910 2803 1072 2849 quaestio
1089 2802 1258 2856 habenda

165 2847 794 2945 ffitz'ssmfflfflfiffistk
811 2852 1258 2939 fflgffssfflffffi

166 2947 275 2984 quam
308 2938 484 2983 quisque⁸
516 2938 712 2983 plemorem
745 2942 841 2975 esset
871 2942 1058 2984 expertus,
1098 2949 1140 2975 eo
1175 2948 1256 2984 gra-

170 2985 211 3019 18
256 2982 391 3019 viorem
433 2981 560 3018 sceleri
599 2993 665 3019 suo
704 2993 857 3029 poenam
891 2984 1094 3020 merebitur.
1153 2982 1257 3064 Quod

166 3027 215 3064 ad
245 3037 392 3064 causam
421 3028 626 3063 testamenti
655 3029 837 3074 pertinens
867 3029 1031 3065 relictum
1053 3029 1121 3064 erit
1144 3039 1166 3065 a
1214 3038 1256 3065 eo

166 3073 228 3120 qui
257 3072 399 3109 occisus
431 3081 509 3108 esse
541 3072 695 3115 dicetur,
734 3073 771 3109 id
801 3083 846 3110 ne
905 3074 986 3110 uis·
1020 3074 1138 3110 sciens
1173 3073 1255 3110 dolo

165 3117 261 3155 malo
299 3116 530 3164 aperiendum
542 3119 571 3139 ¹⁰
612 3118 836 3154 recitandum
899 3119 1216 3165 escribendumque
1229 3120 1256 3141 ¹¹

167 3166 306 3216 emet,-
332 3161 450 3198 edicto
493 3166 656 3205 cavetur,
699 3164 907 3245 priusiffiuam
949 3164 995 3201 de
1038 3175 1082 3200 ea
1122 3163 1258 3199 familia

167 3212 332 3254 quaestio
367 3217 413 3244 ex
443 3211 590 3243 senatus
622 3208 783 3244 consulto
844 3209 943 3245 abita
972 3209 1186 3256 supplicium
1211 3219 1258 3245 ue

172 3256 212 3290 is
258 3252 304 3289 de
333 3252 451 3289 noxiis
482 3256 663 3298 sumptum
694 3253 812 3289 fuerit.
867 3254 1017 3307 Aperite
1046 3258 1167 3290 autem
1224 3253 1256 3290 'c

166 3298 227 3335 ille
246 3297 388 3334 videtur
398 3307 471 3379 ³:²11
494 3297 707 3333 naturaliter
729 3299 860 3343 aperit,
892 3309 966 3335 sive
996 3299 1068 3335 sint
1095 3299 1257 3345 signatae

167 3344 242 3380 sive
282 3353 356 3380 nou
454 3346 472 3378 t
512 3342 651 3388 legatae
665 3343 710 3383 ¹²,
758 3343 821 3379 sed
863 3348 1005 3380 tantum
1045 3344 1257 3380 naturaliter

169 3391 212 3424 20
259 3388 415 3425 clausae.
471 3387 622 3456 *3³¹³
642 3387 819 3440 ‘accipere
853 3389 1022 3426 debemus
1056 3389 1256 3435 prohibitos

168 3443 235 3470 nos
269 3433 326 3470 vel
358 3432 480 3479 palam
578 3431 695 3468 ubhce
727 3433 784 3468 vel
818 3439 976 3470 secreto:
1012 3435 1127 3471 omnis
1164 3434 1256 3470 enim

168 3480 210 3514 21
259 3482 429 3524 apertura
451 3443 633 3525 prohssita
655 3480 719 3513 αι.
754 3477 793 3513 Si
811 3479 890 3523 quis
908 3479 1078 3524 ignorans
1098 3479 1255 3516 occisum

169 3593 210 3633 (1)
234 3602 303 3625 ιιοιι
315 3591 472 3625 omnibus
484 3604 549 3626 ser.
630 3591 674 3633 (2)
698 3591 1031 3633 omninoeorumpere
1045 3593 1105 3632 F¹,
1118 3591 1256 3625 omnino

169 3646 341 3681 erumpere
354 3636 407 3671 Γ*
520 3638 565 3678 (a)
588 3639 774 3679 potuerunt
784 3635 820 3670 F
926 3639 968 3675 (s)
993 3637 1051 3679 qui
1066 3637 1128 3670 sub
1140 3636 1256 3671 eodem

171 3684 260 3715 tecto
273 3682 340 3714 fuit
352 3683 413 3716 ins.
536 3683 581 3722 (s)
606 3681 873 3733 aestimationem
885 3681 959 3714 edd.

170 3730 214 3768 (7)
239 3726 279 3759 de
293 3728 352 3760 ins.
366 3727 418 3760 Γ*
539 3729 584 3769 (8)
609 3736 685 3769 quis
698 3737 765 3769 quo
776 3726 947 3759 Ruckerus

1249 107 1333 156 412
1371 104 1374 107 ’

1084 3684 1128 3724 (6)
1152 3682 1215 3714 hoe
1230 3681 1265 3715 F

1062 3729 1108 3768 (ο)
1133 3726 1215 3768 quid
1230 3725 1265 3760 F
1323 3724 1445 3758 medici
1458 3737 1518 3759 scr.

1495 27 1565 125 ἢ

1857 124 1918 156 DE
1946 125 2140 158 smu'rus
2169 125 2404 158 conanum

1321 235 1365 269 22
1411 233 1609 278 aperuerit,
1639 244 1713 271 non
1744 233 1851 271 debet
1879 234 1949 271 hoc
1983 233 2099 270 edicto
2129 234 2254 271 teneri.
2300 235 2351 271 Et
2375 235 2408 274 si

1320 277 1456 321 sciens,
1495 288 1569 314 nou
1596 282 1717 315 tamen
1749 278 1831 316 dolo
1862 279 2021 333 aperuit,
2060 288 2174 326 aeque
2204 290 2277 316 non
2306 284 2407 317 tene·

1320 322 1436 366 bitur,
1472 323 1503 359 si
1533 322 1626 360 forte
1654 334 1721 370 per
1750 324 1963 370 imperitiam
1993 323 2050 360 vel
2078 334 2144 370 per
2172 324 2407 362 rusticitatem

1320 366 1468 413 ignarus
1498 367 1607 404 edicti
1656 369 1808 406 raetoris
1831 369 1887 406 vel
1909 372 2055 405 senatus
2080 368 2234 406 consulti
2256 370 2406 416 aperuit.

1321 415 1365 465 253
1413 411 1453 448 Si
1482 413 1563 458 quis
1593 379 1736 450 tagulae
1760 414 1902 467 quidem
1924 424 1998 450 non
2021 413 2163 459 aperuit
2184 415 2407 458 naturaliter,

1320 457 1432 493 linum
1473 461 1593 494 autem
1629 459 1812 502 inciderit,
1851 463 2044 496 excusatus
2079 459 2166 502 erit,
2205 459 2290 506 quia
2325 460 2407 496 dolo

1321 504 1365 538 24
1412 506 1532 546 caret,
1564 503 1625 548 qui
1646 503 1744 550 ipsas
1766 504 1909 540 tabulas
1933 515 2006 540 non
2029 504 2180 549 aperuit.
2227 503 2265 540 Si
2288 509 2407 541 autem

1321 558 1394 583 non
1425 550 1540 584 totum
1569 552 1840 592 testamentum,
1873 549 1936 585 sed
1968 559 2052 602 pars
2084 549 2160 585 eius
2193 553 2318 602 aperta
2348 549 2406 593 sit,

1323 591 1511 628 dicendum
1542 596 1598 629 est
1626 594 1664 629 in
1692 593 1847 630 edictum
1868 594 2036 630 incidisse
2060 603 2141 630 eum
2164 604 2225 640 qui
2248 595 2405 640 aperuit:

1321 637 1549 718 {yffi-enin!
1578 637 1858 719 mica-{muttum
1890 643 2004 692 totuin
2036 649 2083 675 aii
2105 649 2191 685 pars
2214 639 2408 685 aperiatur.

1902 785 1924 808 n
1946 785 1971 809 n
1989 801 1996 808 .
2149 784 2224 811 sive
2245 785 2325 811 iure
2346 785 2409 811 va-

1322 818 1396 854 leat
1424 817 1463 854 id
1493 817 1591 863 quod
1620 822 1783 864 apertum
1807 785 1870 854 Iest
1892 819 1965 854 sive
1987 829 2061 855 non
2083 819 2219 863 valeat,
2250 823 2410 856 attamen

1323 865 1365 898 27
1413 862 1531 899 edicto
1556 863 1658 900 locus
1681 867 1746 900 est.
1791 863 1930 899 Eadem
1955 867 2143 900 servantur
2154 865 2182 887 ¹⁴
2215 867 2251 901 et
2273 864 2319 901 de
2341 865 2407 908 his,

1323 917 1416 953 quae
1440 907 1488 944 ad
1511 918 1657 944 causam
1680 908 1944 945 substitutionis
1966 909 2165 954 pertinent,
2196 909 2228 946 si
2279 921 2302 946 ιι
2330 910 2338 918 ”
2367 920 2410 946 us

1323 955 1367 988 28
1413 953 1593 1006 pupillave
1614 954 1757 990 occisus
1782 954 1945 989 occisave
1969 963 2047 989 esse
2070 952 2217 990 dicetur.
2253 920 2297 990 ἓι
2318 954 2411 990 alius

1323 1002 1484 1044 aperuit,
1523 998 1614 1035 alius
1651 999 1831 1041 recitavit,
1871 998 1963 1034 alius
2003 998 2250 1044 descripserit,
2288 1008 2411 1035 omnes

1322 1043 1361 1079 in
1401 1043 1555 1079 edictum
1591 1043 1768 1087 incident,
1808 1043 1870 1089 qui
1907 1043 2047 1089 singula
2079 1053 2203 1079 eorum
2235 1043 2409 1080 fecerunt.

1323 1091 1367 1123 29
1413 1088 1496 1124 Νοιι
1527 1092 1668 1125 tantum
1699 1099 1744 1125 ex
1773 1092 2008 1131 testamento,
2047 1088 2111 1124 sed
2145 1089 2253 1126 etiam
2281 1089 2328 1125 ab
2358 1089 2412 1125 in·

1323 1137 1456 1169 testato
1491 1133 1669 1170 hereditas
1704 1133 1752 1170 ad
1782 1134 1854 1170 hoc
1889 1133 2044 1169 edictum
2079 1134 2253 1179 pertinet,
2292 1137 2334 1170 ut
2366 1143 2413 1170 ne

1323 1179 1403 1225 quis
1427 1178 1535 1214 adeat
1557 1179 1776 1215 bonorumve
1798 1178 2061 1224 possessionem
2083 1182 2196 1224 petat,
2220 1182 2413 1225 antequam

1323 1223 1484 1269 quaestio
1508 1223 1552 1260 de
1574 1223 1711 1260 familia
1733 1224 1926 1266 habeatur,
1949 1234 1995 1259 ne
2018 1223 2122 1259 heres
2143 1228 2293 1270 propter
2315 1234 2412 1261 com·

1323 1272 1367 1305 30
1413 1268 1583 1314 pendium
1607 1279 1711 1305 suum
1733 1268 1889 1305 familiae
1911 1268 2052 1305 facinus
2076 1269 2285 1306 occultaret.
2327 1269 2412 1306 Ele-

1321 1318 1450 1360 ganter
1472 1313 1645 1351 Scaevola
1667 1314 1731 1357 ait,
1754 1318 1796 1350 ιιι
1843 1314 1898 1350 uis
1921 1313 1969 1349 ad
1990 1313 2158 1350 heredem
2181 1324 2284 1350 suum
2307 1314 2413 1351 utiles

1323 1359 1484 1395 actiones
1506 1359 1737 1402 transmittat,
1761 1359 1793 1395 si
1831 1362 1908 1395 orte
1931 1363 2016 1395 ante
2035 1358 2230 1396 aditionem
2249 1358 2412 1400 decessit,

1324 1404 1548 1450 exploratum
1571 1414 1650 1441 esse
1673 1404 1804 1441 debere
1825 1404 1959 1440 idcirco
1984 1414 2065 1440 eum
2087 1414 2160 1440 non
2183 1404 2293 1447 adire,
2317 1404 2415 1450 quod

1324 1453 1366 1485 31
1414 1453 1561 1486 senatus
1594 1450 1757 1486 consulto
1793 1448 1983 1495 edictoque
2013 1452 2198 1485 terreatur.
2254 1449 2292 1485 Si
2327 1459 2413 1486 con-

1324 1494 1456 1530 dicioni
1477 1494 1574 1531 intra
1597 1495 1689 1531 diem
1713 1505 1758 1530 ex
1781 1494 1839 1530 die
1863 1494 1987 1530 mortis
2011 1494 2264 1547 praestitutum
2286 1504 2415 1540 parere

1322 1539 1412 1575 iussi
1433 1540 1636 1585 ignorantia
1657 1550 1732 1576 non
1753 1543 1970 1585 paruerunt,
2001 1550 2033 1575 si
2054 1539 2188 1575 idcirco
2211 1539 2272 1585 ign

1324 1588 1396 1627 est,
1429 1585 1514 1630 quia
1543 1589 1642 1621 metu
1672 1590 1820 1621 senatus
1844 1584 1997 1620 consulti
2019 1584 2151 1630 aperiri
2172 1584 2318 1620 tabulae
2340 1595 2413 1621 non

1323 1633 1528 1710 {Smffi’
1548 1630 1846 1711 {ffimmaiiss
1861 1628 2142 1710 Μέἑέωῗῖᾱὲω
2157 1629 2414 1711 ω”ὼέἓωῗι

1323 1685 1522 1755 hereditate
1539 1684 1891 1766 ινιεΙηειρ(ιιι-ιῖῗιιιὶιῗίιιιιιειῇιιι1
1905 1684 2122 1762 ιαὶιιιΙῗτιιιιιῖ
2144 1684 2199 1755 ἒξ
2201 1685 2251 1755 1ἷιι
2268 1684 2413 1756 seeitiffizus

1324 1764 1497 1807 consulti,
1528 1765 1616 1800 nihil
1672 1764 1818 1801 rodesse
1843 1763 2134 1817 impedimentum
2156 1767 2302 1800 senatus
2327 1775 2413 1801 con-

1323 1809 1427 1853 sulti,
1459 1810 1491 1845 si
1513 1813 1550 1845 et
1573 1810 1646 1845 aliu
1694 1809 1780 1845 fuit:
1804 1810 1913 1846 veluti
1935 1809 1967 1845 si
1988 1819 2166 1855 praegnas
2192 1819 2284 1846 uxor
2305 1810 2415 1846 occisi

1322 1854 1394 1890 fuit
1422 1855 1478 1890 vel
1510 1855 1616 1891 etiam
1647 1855 1846 1901 putabatur
1876 1859 1913 1891 et
1938 1858 2131 1901 propterea
2154 1853 2254 1891 adire
2274 1854 2413 1891 heredi-

1323 1903 1436 1935 tatem
1457 1900 1643 1936 institutus
1666 1910 1739 1936 nou
1762 1900 1930 1946 potuerit.

1369 1944 1396 1982 4
1420 1944 1780 1982 Psmmwvselibro
1802 1948 1908 1982 sexto
1931 1955 2187 1992 responsorum
2233 1944 2302 1990 Qui
2329 1955 2413 1991 pos·

1322 1993 1442 2027 tumos
1473 1990 1624 2026 heredes
1653 1990 1876 2033 instituerat,
1909 2000 1984 2026 nou
2008 1989 2103 2026 natis
2125 1989 2301 2035 postumia
2324 2000 2414 2026 uxo-

1323 2045 1399 2071 rem
1430 2036 1587 2072 secundo
1618 2036 1699 2072 loco
1733 2035 1878 2081 scripsit
1907 2034 2093 2071 heredem:
2126 2045 2208 2071 cum
2234 2044 2259 2071 a
2279 2034 2415 2071 familia

1324 2084 1475 2117 necatus
1499 2080 1696 2124 diceretur,
1720 2091 1812 2117 uxor
1835 2080 1928 2116 diem
1951 2090 2055 2116 suum
2078 2079 2234 2116 obierat:
2265 2080 2415 2117 heredes

1324 2126 1482 2162 mulieris
1515 2126 1676 2162 actiones
1707 2136 1753 2162 ex
1781 2125 2037 2163 constitutione
2048 2126 2077 2147 ¹⁶
2099 2124 2168 2161 sibi
2190 2125 2268 2161 dari
2290 2129 2414 2171 postn-

1324 2171 1459 2206 labant.
1506 2181 1567 2207 eos
1589 2172 1642 2207 ita
1665 2170 1808 2207 demum
1831 2170 2027 2206 audiendos
2059 2179 2139 2206 esse
2163 2170 2350 2216 respondi,
2383 2170 2415 2207 si

1324 2216 1461 2259 mulier,
1486 2226 1593 2262 quani
1615 2217 1653 2252 in
1675 2219 1778 2252 utero
1803 2215 1890 2251 nihil
1911 2219 2054 2261 gestare
2077 2215 2279 2258 constabat,
2303 2226 2413 2262 prop-

1323 2265 1381 2297 ter
1402 2265 1549 2297 senatus
1573 2261 1776 2297 consultum
1797 2260 2031 2297 hereditatem
2048 2260 2148 2296 adire
2166 2260 2299 2296 noluit:
2325 2261 2414 2297 alio·

1325 2307 1411 2352 quin
1429 2311 1626 2352 praegnate
1645 2316 1690 2343 ea
1709 2305 1880 2342 defuncta
1898 2305 2034 2341 nullam
2051 2304 2203 2341 iniuriae
2221 2305 2414 2351 querellam

1323 2351 1566 2387 intervenisse.

1370 2395 1395 2434 5
1427 2396 1623 2432 ULPIANUS
1641 2395 1733 2432 libro
1757 2395 2056 2441 quinquaqesimo
2079 2394 2130 2431 ad
2147 2394 2301 2431 edictum
2339 2395 2413 2431 Ne-

1324 2441 1500 2478 cessarios
1533 2440 1681 2477 heredes
1717 2445 1804 2486 puto
1843 2440 1960 2476 edicto
1996 2439 2265 2485 comprehendi,
2304 2440 2336 2476 si
2374 2450 2414 2477 se

1327 2490 1342 2521 1
1392 2486 1566 2522 misceant
1588 2485 1788 2521 hereditati.
1834 2484 1912 2522 Nec
1942 2485 2118 2521 bonorum
2151 2485 2413 2530 possessionem

1323 2531 1398 2577 peti
1420 2535 1566 2577 praetor
1588 2530 1779 2576 permittit:
1812 2534 1849 2566 et
1879 2540 1943 2576 ego
1970 2533 2059 2576 puto
2082 2529 2131 2565 ad
2153 2539 2277 2567 omnes
2299 2530 2412 2567 bono-

1325 2580 1345 2613 2
1391 2587 1472 2612 rum
1486 2576 1732 2622 possessiones
1746 2576 1818 2612 hoc
1834 2574 1988 2612 edictum
2003 2574 2190 2622 pertinere.
2221 2574 2305 2612 Non
2323 2575 2412 2612 alias

1323 2622 1421 2658 bona
1451 2621 1700 2666 publicantur,
1736 2631 1843 2667 quam
1873 2620 1904 2657 si
1935 2620 2115 2657 constabit
2145 2629 2224 2656 esse
2254 2621 2412 2657 occisum

1350 2672 1463 2703 atrem
1499 2666 1654 2702 familias
1697 2670 1735 2702 et
1772 2665 1938 2702 heredem
1972 2669 2056 2702 ante
2089 2665 2335 2711 quaestionem
2368 2665 2413 2702 de

1341 2712 1461 2748 amilia
1483 2712 1643 2747 habitam
1665 2710 1949 2764 suppliciumque
1972 2714 2152 2756 sumptum
2171 2710 2291 2747 adisse
2308 2711 2411 2748 here-

1325 2761 1345 2794 3
1393 2757 1550 2793 ditatem.
1597 2756 1667 2793 Ubi
1693 2767 1772 2802 quis
1795 2756 1934 2792 incuria
1956 2760 2106 2792 necatus
2130 2759 2186 2791 est
2206 2756 2263 2792 vel
2284 2755 2413 2793 medici

1323 2802 1461 2839 insidiis
1473 2803 1512 2845 ¹⁶,
1544 2801 1636 2837 adiri
1666 2801 1807 2847 quidem
1837 2801 2016 2837 hereditas
2039 2804 2176 2847 potest,
2201 2801 2266 2837 sed
2286 2799 2410 2838 heredi

1325 2847 1484 2884 defensio
1508 2847 1633 2883 mortis
1654 2846 1840 2882 incumbit.

1371 2890 1397 2931 6
1421 2892 1582 2928 Panos
1608 2891 1700 2928 ln‘bro
1723 2891 2029 2939 quadragensimo
2050 2894 2157 2927 sexto
2180 2890 2232 2926 ad
2255 2890 2410 2927 edictum

1324 2938 1406 2974 Etsi
1435 2947 1627 2983 percussor
1657 2940 1776 2973 certus
1807 2936 1872 2980 sit,
1902 2940 2023 2972 tamen
2054 2934 2219 2972 habenda
2249 2935 2410 2982 quaestio

1325 2987 1398 3026 est,
1434 2987 1476 3018 ut
1506 2981 1626 3018 caedis
1657 2981 1847 3017 mandator
1875 2981 2093 3017 inveniatur:
2132 2980 2255 3026 utique
2288 2983 2410 3016 autem

1323 3029 1402 3074 ipse
1432 3027 1586 3063 maxime
1616 3026 1815 3073 quaestioni
1845 3026 2007 3069 dabitur,
2043 3024 2203 3071 quamvis
2234 3028 2271 3061 et
2301 3026 2410 3061 ceteri

1328 3077 1343 3109 1
1391 3072 1596 3119 puniantur.
1643 3071 1811 3116 Quamvis
1842 3071 1931 3108 alias
1961 3071 1999 3107 iii
2031 3074 2141 3116 caput
2162 3069 2296 3106 domini
2319 3070 2411 3106 servi

1324 3128 1398 3155 non
1419 3120 1672 3163 torqueantur,
1696 3120 1795 3153 recte
1824 3120 1944 3152 tamen
1974 3115 2037 3151 fiet
2059 3115 2239 3161 quaestio,
2270 3115 2410 3151 etiamsi

1323 3162 1489 3199 heredem
1507 3165 1679 3198 accusent
1691 3162 1730 3205 ¹⁷,
1755 3162 1828 3197 sive
1848 3165 2038 3197 extraneus
2056 3160 2158 3195 heres
2179 3159 2251 3196 sive
2270 3169 2317 3196 ex
2335 3160 2409 3196 suis

1325 3211 1346 3244 2
1391 3208 1448 3244 sit.
1494 3207 1534 3243 Si
1563 3217 1656 3243 unus
1688 3217 1733 3243 ex
1763 3206 1914 3243 dominis
1943 3216 2017 3242 non
2048 3209 2272 3251 compareat,
2299 3214 2408 3251 quae-

1324 3252 1475 3290 rendum
1498 3255 1553 3289 est
1575 3251 1619 3287 de
1642 3262 1731 3288 casu
1755 3251 1831 3288 eius
1852 3261 1917 3298 per
1938 3260 2070 3292 servos,
2095 3260 2185 3296 quos
2205 3260 2409 3287 communes

1323 3298 1544 3334 habuerunt:
1577 3297 1688 3350 magis
1710 3297 1804 3333 enim
1826 3295 1871 3332 de
1894 3295 2010 3332 salute
2033 3298 2098 3331 aut
2119 3295 2255 3331 ultione
2277 3294 2409 3331 domini

1323 3353 1413 3424 3⁰⁰1,
1427 3346 1667 3423 ωιῗὲωὲῳ
1698 3341 2014 3423 winheim?
2043 3340 2407 3421 tssffiffiaffiffi

1324 3398 1580 3469 nihilussenatus
1601 3397 1765 3468 οᾌιὶῖῗιῗω
1786 3396 2052 3476 cavetunnip‘ie
2070 3430 2164 3466 enim
2181 3430 2219 3466 in
2237 3411 2408 3466 familiarii

1323 3487 1426 3514 suam
1448 3481 1568 3523 potest
1590 3476 1868 3513 animadvertere

1325 3592 1385 3632 (io)
1411 3590 1668 3624 areriendumF
1726 3593 1781 3627 (11)
1802 3588 2097 3622 describendumve
2108 3588 2188 3622 Hal.
2255 3589 2315 3628 (12)
2337 3588 2407 3620 sint

1323 3634 1466 3678 legatae]
1484 3635 1638 3678 signatae
1653 3646 1717 3668 scr.
1799 3637 1857 3675 (13)
1883 3633 1935 3666 vel
1952 3635 2011 3667 ins.
2025 3633 2074 3667 17¹
2160 3634 2218 3675 (m
2243 3633 2405 3666 servanda

1324 3684 1404 3713 sunt
1414 3679 1469 3713 Γ*
1577 3682 1636 3721 (15)
1660 3679 1902 3712 substitutione
1918 3679 2070 3712 Cui'aci‘us
2184 3679 2245 3720 (ιο)
2270 3677 2406 3710 insidiis

1611 3728 1668 3766 (17)
1694 3729 1827 3757 accuset
1840 3724 1893 3757 F²

2272 1543 2415 1576 oratum
2459 1580 2461 1583 Α
