2528 3918
169 133 435 178 xxxmla

173 260 326 305 legatum
351 255 552 293 omnimodo
581 255 693 299 valet,
723 255 808 303 quia
838 259 935 293 certo
967 266 1116 301 corpore
1145 255 1262 301 legato

171 302 427 340 demonstratio
451 301 545 337 falsa
567 301 707 347 posita¹
730 312 804 338 non
821 301 971 347 peremit
990 301 1155 346 legatum.
1203 310 1261 336 ve-

171 349 237 384 luti
261 348 292 383 si
314 348 366 383 ita
389 347 436 383 sit
455 346 650 391 scriptum:
676 345 859 390 ‘Stichum‚
885 356 988 392 quem
1001 355 1045 381 ex
1061 345 1263 381 venditione

174 393 271 428 ‘Titii
295 393 391 427 emi':
416 402 499 427 nam
523 391 553 427 si
576 401 691 445 neque
714 392 800 427 emit
816 395 881 427 aut
905 402 949 427 ex
972 391 1043 426 alia
1061 390 1263 427 venditione

173 439 268 481 emit,
293 438 448 483 legatum
472 436 585 473 nihilo
607 446 724 473 minus
746 436 851 472 valet.
897 437 1005 481 plane
1036 436 1067 472 si
1090 436 1143 471 ita
1166 436 1261 480 lega·

170 490 246 518 tum
282 482 389 518 fuerit
429 485 503 517 ‘vas
539 484 603 517 aut
636 482 844 518 vestimenta
880 485 944 516 aut
986 482 1100 526 quae²
1140 480 1262 516 uxoris

172 533 298 563 ‘causa
321 531 450 573 parata
473 527 580 569 sunt',
600 530 689 562 tunc
707 537 820 572 aeque
844 526 912 562 erit
933 536 1018 561 vera
1030 526 1152 571 Quinti
1164 525 1262 561 Muci

172 572 363 609 sententia:
395 583 465 617 quo
499 582 587 608 casu
615 571 799 608 sciendum
824 575 895 614 est,
925 571 1031 607 etiam
1063 572 1094 607 si
1125 571 1262 606 alienae

170 629 228 654 res
252 619 320 653 hae
343 617 486 661 fuerint,
511 626 599 662 quas
623 617 762 662 putavit
784 620 937 652 testator
949 626 1034 653 suas
1046 626 1135 659 esse,
1161 616 1261 652 here-

172 664 251 699 dem
273 663 399 705 teneri,
425 666 468 697 ut
489 671 550 698 eas
574 662 646 698 det.

221 706 266 745 11
298 707 506 760 lffnoovws
539 707 630 743 libro
661 707 787 753 quinto
823 706 1059 760 epistularum
1116 704 1155 741 Si
1184 705 1262 750 quis

173 755 344 800 legaverit
366 763 494 788 aurum
516 761 672 798 gemmas
695 755 906 797 margantas
931 761 1023 797 quae
1046 751 1084 786 in
1109 761 1150 787 eo
1174 760 1263 785 auro

170 802 308 841 essent,
340 798 447 834 etiam
470 796 508 833 id
536 807 681 838 aurum,
717 797 778 832 cui
811 806 927 843 neque
955 806 1114 842 gemmae
1147 805 1263 840 neque

170 854 228 879 ma
293 843 384 879 ritae
406 842 575 885 inessent,
599 842 738 887 legasse
760 841 912 878 videtur.

220 888 236 925 1
296 887 543 924 Pammnvs
563 887 654 923 libro
677 888 827 934 septimo
852 887 988 923 decimo
1012 887 1261 933 quaestionum

170 935 210 970 Si
233 933 421 978 imaginem
444 933 599 978 legatam
622 932 727 968 heres
751 931 885 968 derasit
908 936 944 967 et
961 932 1122 967 tabulam
1147 931 1261 967 solvit.

171 982 290 1025 potest
313 978 384 1014 dici
407 978 583 1013 actionem
606 987 652 1013 ex
664 981 878 1013 testamento
902 977 1044 1020 durare,
1070 978 1153 1023 quia
1166 977 1260 1022 lega-

172 1030 247 1060 tum
270 1023 444 1069 imaginis,
469 1033 541 1059 non
564 1022 710 1058 tabulae
734 1022 814 1058 fuit.

220 1067 269 1107 13
294 1069 497 1105 Seuerou
512 1068 604 1104 libro
619 1069 745 1114 quinto
757 1068 893 1104 decimo
906 1067 947 1103 de·
971 1071 1126 1103 estorum
1152 1066 1263 1102 Uxori

171 1115 251 1161 quis
275 1114 404 1159 legavit
426 1113 481 1149 his
503 1113 637 1149 verbis:
668 1113 851 1148 ‘mundum
881 1123 940 1147 mu
955 1113 1088 1148 iebrem
1113 1121 1261 1152 omnem,

171 1163 394 1196 ‘ornamenta
417 1163 454 1195 et
501 1157 650 1203 uidquid
672 1158 772 1194 vivus
796 1157 878 1193 dedi
900 1158 1028 1193 donavi
1052 1158 1129 1193 eius
1154 1167 1261 1192 causa

172 1205 387 1250 ‘comparavi
418 1214 486 1239 con
502 1203 573 1246 eci,
601 1202 640 1238 id
669 1213 773 1238 omne
805 1203 884 1238 dari
912 1203 1022 1238 volo’:
1063 1202 1261 1247 quaesitum

171 1255 236 1294 est,
263 1260 310 1285 an
334 1249 510 1285 carrucha
534 1248 743 1284 dormitoria
767 1259 848 1284 cum
870 1248 988 1290 mulis,
1021 1258 1101 1282 cum
1125 1257 1265 1292 semper

171 1306 264 1332 uxor
286 1305 354 1330 usa
383 1294 446 1337 sit,
477 1294 510 1329 ei
539 1293 724 1329 debeatur.
778 1293 978 1338 respondit,
1010 1293 1042 1328 si
1070 1292 1147 1328 eius
1175 1302 1263 1327 usus

173 1350 284 1376 causa
308 1340 432 1374 habita
456 1342 561 1381 esset,
587 1338 720 1374 deberi.
767 1338 862 1373 idem
886 1338 1048 1383 quaesiit,
1075 1348 1120 1372 an
1144 1347 1190 1373 ex
1205 1347 1263 1372 ea-

172 1387 251 1422 dem
277 1385 440 1420 clausula
463 1383 582 1426 vestis,
607 1393 714 1428 quam
731 1383 870 1419 ancillis
894 1383 950 1418 vel
964 1383 1155 1419 lecticariis
1170 1383 1263 1418 eius-

173 1432 252 1467 dem
276 1431 399 1465 uxoris
423 1439 511 1465 suae
535 1432 806 1473 comparaverat
817 1429 873 1464 vel
885 1428 1031 1472 fecerat,
1047 1428 1265 1474 praestanda

175 1479 281 1512 esset.
328 1474 514 1520 respondit
535 1473 802 1520 praestandam.

221 1520 270 1558 14
298 1519 528 1555 Poupomvs
547 1519 638 1554 libro
669 1520 794 1565 quinto
825 1519 875 1554 ad
897 1518 1070 1555 Sabinum
1123 1518 1160 1554 Si
1191 1521 1263 1553 sta-

170 1572 269 1601 tuam
292 1565 455 1610 legavero
479 1568 516 1599 et
564 1568 664 1600 ostea
693 1574 737 1599 ex
766 1564 838 1599 alia
867 1567 988 1600 statua
1018 1563 1203 1599 brachium
1234 1563 1265 1598 ei

171 1612 347 1653 adiecero,
372 1610 525 1646 omnimo
552 1619 573 1645 o
586 1613 709 1645 statua
732 1609 937 1654 alegatario
949 1608 1122 1645 vindicari
1134 1611 1264 1654 potest.

220 1655 269 1693 15
295 1655 497 1691 ScAEVOLA
513 1655 604 1690 libro
643 1655 745 1690 uento
763 1655 900 1690 decimo
914 1655 1134 1701 diqestorum
1176 1653 1264 1698 Spe-

173 1702 244 1738 cies
268 1700 347 1736 auri
371 1704 407 1736 et
435 1699 573 1744 argenti
604 1665 708 1735 Sziae
739 1699 868 1744 legavit
896 1703 933 1735 et
963 1699 1008 1735 ab
1040 1709 1082 1734 ea
1110 1699 1201 1752 petit
1228 1698 1265 1733 in

171 1748 261 1782 haec
284 1747 411 1781 verba:
443 1749 478 1780 ‘a
500 1749 547 1788 te,
579 1744 672 1787 Seia,
724 1748 793 1786 eto,
827 1749 869 1780 ut
891 1744 1064 1790 quidquid
1092 1744 1158 1779 tibi
1182 1754 1264 1789 spe-

172 1791 323 1827 ‘cialiter
345 1790 382 1826 in
406 1800 495 1826 auro
518 1793 666 1835 argento
690 1755 814 1835 ssgavi,
838 1789 876 1825 id
901 1800 981 1825 cum
1005 1789 1166 1824 morieris
1183 1788 1263 1824 red-

172 1838 248 1872 ·das
273 1836 443 1872 restituas
466 1835 519 1870 illi
543 1839 579 1870 et
600 1835 652 1870 illi
682 1835 801 1871 vernis
830 1835 935 1870 meis:
971 1844 1120 1880 quarum
1145 1844 1263 1869 rerum

172 1887 271 1918 ‘usus
295 1881 435 1916 fruetus
459 1880 541 1915 dum
565 1879 661 1915 vives
683 1879 751 1915 tibi
774 1879 958 1915 sufficiet':
984 1879 1183 1924 quaesitum
1198 1883 1263 1920 est.

172 1938 218 1963 an
242 1937 330 1962 usus
355 1926 495 1961 fructus
519 1925 598 1960 auri
628 1928 664 1960 et
687 1926 825 1970 argenti
855 1925 954 1961 solus
983 1925 1177 1970 legatariae
1202 1925 1263 1959 de-

171 1974 309 2009 beatur.
357 1970 542 2016 respondit
554 1969 672 2006 verbis
687 1980 779 2015 quae
821 1974 1083 2015 roponerentur
1103 1969 1263 2015 proprie-

171 2023 282 2053 tatem
306 2017 460 2062 legatam
484 2015 606 2051 addito
631 2025 740 2051 onere
763 2015 788 2050 fi
814 2015 1037 2051 eicommissi.

221 2060 271 2100 16
297 2062 404 2097 IDEM
429 2061 519 2096 libro
550 2064 675 2097 octavo
706 2060 843 2096 decimo
867 2060 1088 2107 diqestorum
1135 2060 1263 2095 Filiam

171 2109 208 2143 in
231 2110 411 2153 potestate
434 2106 547 2151 patris
571 2109 773 2141 manentem
795 2110 912 2141 mater
934 2105 1079 2150 scripsit
1098 2105 1263 2140 heredem

171 2154 274 2198 eique
297 2157 435 2197 patrem
455 2151 632 2186 Maevium
647 2151 834 2186 substituit
847 2154 882 2186 et
905 2152 957 2186 ita
969 2151 1129 2196 scripsit:
1156 2150 1262 2195 ‘quis-

173 2198 263 2243 ‘quis
287 2197 373 2232 mihi
396 2197 501 2231 heres
525 2196 609 2237 erit,
640 2195 723 2231 fidei
753 2196 827 2231 eius
851 2196 1051 2238 committo,
1081 2195 1134 2230 uti
1158 2205 1263 2230 orna-

173 2246 304 2279 ·menta
325 2251 406 2277 mea
430 2242 550 2276 omnia
573 2251 700 2276 aurum
723 2245 910 2286 argentum
934 2241 1154 2284 vestimenta,
1185 2241 1263 2286 qui-

173 2289 253 2324 ‘bus
277 2297 341 2333 ego
364 2296 433 2322 usa
456 2297 551 2328 sum,
581 2296 627 2321 ne
658 2290 811 2321 veneant
847 2290 883 2321 et
904 2285 1000 2321 filiae
1022 2295 1124 2321 meae
1146 2295 1262 2321 reser-

173 2333 341 2369 ‘ventur’:
368 2331 567 2377 quaesitum
591 2334 656 2375 est,
682 2341 763 2366 cum
785 2330 860 2366 filia
883 2334 1074 2366 recusante
1093 2333 1196 2376 pater
1220 2341 1263 2365 ex

171 2378 428 2415 substitutione
451 2377 554 2412 heres
579 2376 833 2412 exstitissetet
855 2376 1026 2412 intestato
1040 2376 1262 2418 decessisset,

171 2424 247 2459 filia
270 2427 389 2458 autem
405 2422 509 2457 bonis
522 2421 599 2457 eius
622 2421 857 2465 abstinuerat,
882 2431 929 2456 an
952 2420 1261 2456 fideicommissum

171 2473 293 2515 petere
315 2468 439 2514 possit.
487 2466 671 2512 respondit
694 2467 890 2502 secundum
914 2477 957 2502 ea
981 2476 1073 2512 quae
1087 2476 1152 2511 pro
1180 2476 1262 2501 one-

172 2518 297 2550 rentur
318 2512 428 2548 videri
450 2512 564 2557 patris
588 2511 723 2546 utiliter
745 2511 830 2547 fidei
853 2511 1091 2551 commissum.
1168 2511 1218 2546 'LA
1228 2521 1259 2546 U-

175 2568 279 2594 oms:
308 2557 474 2603 quoniam
508 2557 616 2592 verbo
649 2556 832 2599 servandi,
869 2556 964 2602 quod
994 2556 1166 2601 scriptum
1198 2560 1262 2599 est,

175 2603 305 2639 ⁸videri
344 2604 380 2638 in
411 2602 448 2637 id
477 2607 615 2647 tempus
646 2601 794 2637 dilatum
822 2601 1155 2644 fideicommissum,
1192 2612 1261 2647 quo

173 2649 230 2684 sui
253 2648 341 2684 iuris
365 2648 509 2683 futurus
534 2651 629 2683 esset
652 2647 682 2682 is
707 2647 765 2682 cui
790 2647 956 2682 dabatur.

224 2691 272 2730 17
305 2692 500 2729 ULPIANUS
520 2692 612 2728 libro
635 2693 800 2727 vicesimo
807 2693 931 2739 primo
955 2691 1006 2727 ad
1018 2690 1193 2727 Sabinum
1227 2691 1262 2727 Si

173 2748 310 2784 gemma
332 2748 376 2773 ex
391 2737 498 2773 anulo
522 2737 535 2771 l
579 2741 660 2772 etur
681 2737 736 2772 vel
751 2737 844 2772 aliae
865 2737 1037 2772 materiae
1055 2737 1197 2772 iunctae
1209 2737 1262 2771 vel

174 2783 410 2864 fflbffmata't
434 2786 532 2817 recte
577 2786 746 2827 egantur:
780 2787 816 2818 et
846 2785 1061 2828 separantur
1091 2785 1128 2817 et
1159 2792 1263 2827 prae-

231 2838 255 2863 n
281 2837 304 2862 a.
326 2838 393 2863 sun
414 2855 421 2861 .

223 2870 273 2911 18
298 2872 500 2908 Scaevoia
538 2872 630 2907 libro
663 2872 827 2908 vicesimo
857 2872 1013 2907 secundo
1045 2871 1264 2919 diyestorum

174 2918 242 2963 Qui
266 2917 370 2953 uxori
394 2926 481 2952 suae
504 2916 683 2962 legaverat
706 2917 881 2953 bonorum
915 2927 1062 2952 suorum
1092 2916 1263 2952 decimam

174 2968 210 2998 et
231 2962 348 2998 manci
373 2962 409 2996 ia
432 2966 469 2997 et
491 2962 627 3006 species
659 2972 702 2997 ar
724 2962 797 2997 enti
850 2972 916 2998 uas
939 2966 1183 3008 expresserat,
1214 2962 1263 2997 ei-

174 3008 254 3044 dem
277 3018 350 3043 anu
365 3017 405 3042 os
430 3010 466 3041 et
488 3011 620 3042 vestem
644 3007 707 3042 red
734 3007 742 3015 '
762 3008 808 3042 ab
859 3006 1024 3043 eredibus
1038 3007 1137 3052 petit,
1162 3007 1262 3052 quasi

174 3053 321 3133 propria
343 3051 465 3087 uxoris
489 3051 661 3087 fuissent:
687 3052 887 3097 quaesitum
906 3055 973 3095 est,
998 3052 1027 3087 si
1052 3052 1173 3087 uxoris
1191 3062 1262 3087 non

190 3098 317 3141 uerint,
342 3107 389 3132 an
412 3096 589 3142 praestari
613 3107 656 3132 ex
680 3107 791 3132 causa
820 3097 926 3143 legati
951 3097 1130 3133 deberent.
1186 3107 1261 3133 res·

174 3143 300 3189 pendit
322 3141 463 3188 legandi
486 3140 604 3176 animo
628 3141 768 3178 dedisse
793 3152 836 3178 ea
858 3141 987 3185 videri,
1019 3142 1088 3177 nisi
1118 3147 1260 3177 contra-

178 3192 192 3224 1
242 3188 335 3224 rium
359 3187 406 3223 ab
430 3186 560 3222 herede
592 3187 822 3231 approbetur.
869 3186 966 3223 Idem
996 3191 1149 3223 testator
1178 3186 1262 3223 fidei

175 3233 351 3269 commisit
381 3231 515 3275 uxoris,
546 3235 587 3266 ut
609 3231 779 3276 quidquid
810 3232 857 3268 ad
879 3242 957 3267 eam
981 3242 1025 3268 ex
1048 3235 1260 3268 testamento

175 3279 251 3314 eius
274 3277 501 3324 pervenisset,
533 3276 676 3312 alumno
701 3276 878 3312 communi
900 3277 1120 3313 restitueret:
1151 3287 1260 3323 quae-

174 3323 281 3359 situm
306 3326 377 3366 est,
407 3332 454 3356 an
477 3321 583 3357 etiam
614 3331 675 3357 eas
699 3331 768 3363 rea,
799 3332 888 3366 quas
918 3322 1108 3367 proprias⁴
1138 3322 1261 3358 uxoris

174 3378 262 3404 suae
283 3368 395 3403 fuisse
406 3370 558 3402 testator
568 3366 660 3402 sciat
671 3365 774 3419 eique
785 3366 884 3402 reddi
899 3367 1091 3412 praecepit,
1116 3367 1260 3402 alumno

174 3417 359 3459 praestare
383 3411 522 3447 debeat.
557 3410 752 3457 respond1t‚
777 3411 807 3447 si
819 3411 986 3456 propriae
999 3411 1164 3450 fuissent.
1189 3422 1260 3447 non

176 3463 195 3493 2
243 3458 383 3500 debere,
397 3457 427 3492 si
438 3456 556 3502 legato
570 3455 854 3502 sequimi-entur,
867 3456 1007 3493 debere.
1040 3456 1172 3493 Mulier
1188 3461 1260 3492 tes-

174 3506 332 3539 tamento
370 3505 406 3538 et
438 3505 566 3547 postea
597 3500 771 3537 codicillis
808 3501 938 3536 multas
976 3513 993 3537 s
1021 3502 1113 3537 ecies
1152 3501 1259 3538 vestis

175 3547 323 3593 argenti,
347 3557 437 3593 quas
460 3547 515 3583 vel
538 3546 618 3592 ipsa
641 3556 681 3582 se
703 3545 899 3582 confecisse
922 3546 976 3582 vel
1026 3547 1132 3583 abere
1149 3546 1258 3592 signi-

175 3663 214 3701 (n
239 3660 388 3704 apposita
399 3672 462 3694 ner.
574 3660 619 3701 (2)
643 3669 719 3692 vasa
730 3661 789 3691 aut
800 3658 993 3691 vestimenta
1006 3669 1089 3700 quae
1106 3659 1258 3693 accacius

175 3708 218 3745 (³)
242 3707 350 3748 pote-t
362 3706 422 3739 ins.
516 3705 558 3746 (4)
581 3705 717 3748 propria
731 3705 763 3737 F·
835 3704 879 3745 (5)
903 3703 1116 3745 digestorum,
1128 3703 1258 3737 decimo

174 3749 219 3792 (ἲ)
233 3751 291 3783 ins.
385 3751 431 3792 (o)
455 3749 603 3793 expo-ita
613 3762 674 3784 scr.
770 3751 812 3792 (Ἰ)
834 3748 902 3792 ned]
914 3748 1015 3782 nicer.
1114 3749 1160 3791 (8)
1183 3758 1256 3781 su!-

1258 128 1344 176 482

1772 145 1833 176 DE
1861 142 1983 175 AUBO
2013 141 2223 175 ARGENTO
2255 139 2412 174 MUNDO

1329 253 1460 299 ficavit,
1485 255 1686 301 specialiter
1733 265 1773 291 er
1794 254 2105 290 fideicommissum
2122 253 2282 299 reliquit:
2306 263 2414 299 quae-

1331 300 1438 335 situm
1450 303 1516 354 est,
1541 310 1588 336 an
1601 310 1675 336 non
1691 266 1783 336 affine
1796 299 1976 345 legatariis
1997 299 2173 343 cederent,
2197 309 2303 344 quam
2347 308 2415 334 uae

1330 345 1368 380 in
1391 345 1589 398 hereditate
1611 345 1775 382 inventae
1798 348 1928 381 essent.
1975 343 2159 390 respoudit
2186 354 2248 380 eas
2277 354 2319 380 ce
2343 354 2414 386 ere,

1331 399 1422 435 quae
1444 394 1610 426 inventae
1631 394 1760 427 essent.

1381 432 1432 472 19
1463 434 1657 471 Ummws
1687 435 1778 472 libro
1814 435 1979 471 vicesimo
2015 433 2065 469 ad
2093 432 2265 470 Sabinum
2328 433 2413 469 Cum

1331 489 1459 515 aurum
1483 480 1537 516 vel
1559 483 1744 526 argentum
1766 480 1787 528 l>
1846 484 1922 515 tum
1945 483 2017 522 est,
2049 478 2221 524 quidquid
2249 479 2329 514 auri
2357 489 2415 514 ar·

1330 525 1496 577 gentique
1524 525 1689 561 relictum
1719 525 1781 568 sit,
1824 529 1927 570 egato
1951 523 2153 560 continetur
2181 524 2253 559 sive
2282 523 2415 559 factum

1331 570 1405 606 sive
1432 569 1619 606 infectum:
1654 570 1842 615 pecuniam
1870 574 1990 605 autem
2020 570 2195 614 signatam
2226 569 2345 614 placet
2373 579 2416 604 eo

1336 618 1348 649 1
1398 615 1514 660 legato
1538 625 1610 651 non
1634 615 1819 652 contineri.
1865 615 2020 651 Proinde
2051 614 2082 650 si
2111 617 2246 649 certum
2276 614 2416 659 pondus

1332 660 1410 695 auri
1434 660 1480 696 sit
1502 659 1657 705 legatum
1684 660 1741 696 vel
1768 660 1922 706 argenti,
1951 659 2064 705 magis
2096 659 2276 704 quantitas
2300 659 2333 694 le
2379 662 2417 693 ta

1333 708 1352 740 2
1400 705 1552 748 videtur,
1583 715 1706 741 necex
1728 706 1822 741 vasis
1843 709 1977 750 tanget.
2024 704 2094 740 Sed
2121 704 2152 740 si
2170 704 2307 749 argenti
2346 704 2417 739 acti

1331 750 1451 830 pondo
1475 753 1617 786 centum
1640 750 1713 786 sint
1734 750 1862 796 legata,
1887 760 1932 786 ex
1954 749 2052 785 facto
2065 754 2212 794 argento
2229 749 2418 784 debebitur

1346 799 1499 840 egatum.
1546 795 1640 831 unde
1671 799 1727 831 est
1760 795 1960 840 quaesitum
1989 794 2086 840 apud
2115 795 2275 836 Celsum,
2312 804 2359 829 an
2382 797 2418 829 et

1332 840 1479 876 vascula
1500 840 1617 886 possit
1639 850 1823 886 separare:
1853 844 1890 876 et
1918 839 2063 892 scripsit
2090 840 2237 875 vascula
2265 850 2337 875 non
2361 848 2416 874 se-

1333 889 1351 920 3
1399 889 1620 930 paraturum,
1644 885 1729 921 licet
1746 885 1779 921 ei
1803 885 1900 930 optio
1913 884 2022 920 fuerit
2042 884 2179 920 relicta.
2227 884 2325 919 Idem
2338 883 2416 919 Oel-

1332 941 1394 966 sus
1418 930 1509 966 libro
1533 941 1628 966 nono
1653 930 1812 966 decimo⁵
1835 930 2081 974 quaestionum
2105 930 2254 974 quaerit,
2279 930 2310 965 si
2334 939 2416 964 cen-

1331 980 1407 1010 tum
1430 975 1549 1020 pondo
1573 976 1711 1021 argenti
1734 975 1867 1010 fuerint
1889 974 2026 1014 relicta,
2050 984 2098 1009 an
2114 974 2333 1019 replumbari
2356 973 2416 1009 de-

1333 1021 1456 1063 beant,
1493 1024 1534 1055 ut
1561 1021 1613 1056 sic
1642 1030 1664 1055 a
1689 1020 1901 1065 pendantur.
1954 1023 1991 1054 et
2018 1019 2195 1054 Proculus
2229 1023 2265 1054 et
2293 1018 2417 1054 Celsus

1332 1066 1434 1100 aiunt
1456 1076 1555 1101 exem
1581 1068 1618 1101 to
1642 1076 1666 1111 p
1681 1066 1788 1101 umbo
1813 1064 1968 1110 appendi
1986 1064 2132 1100 debere:
2156 1074 2239 1099 nam
2262 1067 2298 1100 et
2320 1074 2417 1108 emp-

1331 1111 1470 1147 toribus
1487 1121 1550 1156 rep
1565 1111 1732 1146 umbatae
1751 1110 1987 1155 adsignantur
1999 1113 2035 1145 et
2052 1109 2089 1144 in
2104 1110 2261 1145 rationes
2280 1109 2419 1154 argenti

1332 1154 2069 1245 {⁰¹¹1‘335212121d053in2‘320‘31ie2222?ss
2097 1154 2418 1235 ξῗωηιὶώιίῗιῗὲἓ

1333 1246 1530 1292 quadratae
1553 1245 1624 1282 sint
1647 1246 1805 1291 legatae,
1838 1245 1944 1281 etiam
1973 1210 2197 1298 plumbum‚p
2205 1255 2275 1289 quo
2306 1244 2418 1280 conti-

1334 1295 1352 1327 5
1400 1295 1541 1334 nentur,
1566 1301 1648 1327 eum
1670 1295 1850 1335 sequetur.
1898 1290 2010 1326 Simili
2033 1290 2139 1326 modo
2164 1289 2358 1335 quaeritur,
2388 1289 2419 1325 si

1334 1337 1392 1372 cui
1416 1341 1600 1382 argentum
1624 1337 1778 1382 legetur,
1809 1346 1855 1371 an
1885 1336 2096 1371 emblemata
2124 1345 2235 1370 aurea
2263 1344 2354 1380 quae
2382 1334 2419 1368 in

1333 1393 1375 1417 eo
1400 1386 1484 1417 sunt
1508 1392 1586 1417 eum
1613 1385 1819 1426 sequantur.
1866 1386 1903 1416 et
1924 1380 2141 1425 Pomponius
2174 1380 2266 1415 libro
2296 1379 2418 1425 quinto

1333 1438 1377 1463 ex
1401 1427 1534 1463 Sabino
1559 1426 1744 1471 distinguit
1765 1426 1916 1461 multum
1944 1426 2133 1467 interesse,
2165 1430 2302 1460 certum
2329 1435 2418 1469 pou·

1334 1472 1401 1508 dus
1425 1472 1458 1508 ei
1481 1472 1619 1517 argenti
1642 1471 1730 1507 facti
1742 1472 1880 1515 legetur
1902 1482 1949 1506 an
1963 1481 2046 1507 vero
2058 1475 2245 1516 argentum
2266 1469 2417 1505 factum:

1333 1517 1366 1553 si
1387 1517 1540 1562 pondus,
1564 1528 1638 1553 non
1661 1516 1846 1559 contineri,
1871 1517 1902 1552 si
1925 1519 2111 1561 argentum
2134 1515 2279 1557 factum,
2305 1514 2417 1551 conti-

1333 1563 1421 1606 neri,
1446 1562 1614 1607 quoniam
1637 1565 1784 1607 argento
1797 1562 1900 1605 cedit,
1926 1561 2021 1607 quod
2040 1561 2086 1596 ad
2110 1561 2263 1613 speciem
2283 1560 2418 1606 argenti

1332 1608 1493 1644 iunctum
1517 1611 1582 1651 est,
1608 1606 1902 1652 quemadmodum
1934 1607 2024 1642 clavi
2046 1616 2146 1642 aurei
2174 1610 2210 1641 et
2237 1616 2287 1651 pu
2332 1615 2419 1640 urae

1332 1663 1417 1698 pars
1452 1656 1537 1688 sunt
1570 1653 1870 1688 vestimentorum.
1939 1651 2033 1687 idem
2066 1651 2285 1696 Pomponius
2334 1651 2418 1685 'bris

1333 1698 1579 1743 epistularum,
1612 1697 1680 1733 etsi
1703 1708 1775 1733 non
1799 1701 1883 1733 sunt
1907 1696 1998 1732 clavi
2025 1696 2242 1732 vestimentis
2267 1696 2418 1737 consuti,

1334 1747 1354 1779 6
1400 1747 1519 1778 tamen
1542 1746 1639 1778 veste
1662 1742 1780 1787 legata
1808 1741 1993 1778 contineri.
2044 1741 2144 1776 Idem
2173 1741 2296 1776 Celsus
2327 1741 2419 1776 libro

1333 1799 1428 1824 nono
1457 1788 1594 1823 decimo
1629 1787 1846 1832 digestorum
1859 1814 1869 1830 ,
1908 1786 2240 1822 commentariorum
2271 1786 2419 1831 septimo

1334 1833 1459 1869 scribit
1482 1843 1570 1868 auro
1595 1832 1712 1878 legato
1736 1843 1794 1875 ea,
1826 1842 1917 1877 quae
1939 1832 2107 1867 inaurata
2131 1835 2232 1873 sunt,
2262 1842 2334 1867 non
2358 1830 2418 1866 de-

1334 1878 1422 1921 beri,
1447 1888 1513 1913 nec
1538 1888 1649 1913 aurea
1675 1878 1898 1920 emblemata,
1923 1887 2014 1922 quae
2037 1877 2074 1912 in
2097 1876 2281 1912 absidibus
2293 1886 2418 1921 argen-

1335 1927 1352 1958 7
1401 1923 1468 1959 teis
1492 1923 1574 1958 sint.
1620 1924 1680 1958 An
1703 1926 1821 1958 autem
1844 1922 1924 1958 auri
1947 1922 2187 1976 appellatione
2210 1921 2309 1956 anuli
2320 1922 2419 1956 aurei

1334 1969 1594 2011 contineantur,
1619 1968 1818 2013 quaeritur:
1848 1971 1885 2003 et
1908 1968 2059 2021 Quintus
2084 1966 2299 2002 Saturninus
2327 1966 2418 2001 libro

1335 2017 1354 2048 8
1402 2013 1538 2049 decimo
1576 2012 1623 2048 ad
1665 2012 1820 2049 edictum
1861 2012 1987 2048 scribit
2021 2011 2206 2048 contineri.
2269 2011 2418 2047 Lectum

1332 2059 1439 2139 plane
1468 2062 1675 2104 argenteum
1703 2059 1760 2094 vel
1789 2058 1821 2094 si
1852 2068 1923 2103 qua
1952 2057 2023 2093 alia
2057 2057 2219 2102 supellex
2251 2060 2419 2102 argentea

1347 2104 1411 2148 uit,
1437 2104 1574 2149 argenti
1597 2103 1837 2149 appellatione
1864 2114 1938 2139 non
1967 2102 2186 2145 continetur,
2219 2102 2249 2138 si
2271 2112 2418 2137 numero

1332 2149 1808 2239 ἓῖἔθέῑὲἓέῗῆξηὲἓᾚὲ
1831 2152 1873 2228 ἓξ
1894 2146 2419 2238 ffigssfffflpzz‘zssn‘ftmffi

1557 2221 1566 2236 9

1333 2240 1540 2285 reponebat.
1589 2239 1652 2275 sed
1676 2249 1743 2274 nec
1768 2238 1984 2274 candelabra
2013 2248 2079 2273 nec
2102 2238 2269 2273 lucernae
2293 2247 2417 2282 argen-

1331 2289 1411 2320 teae
1434 2285 1490 2320 vel
1513 2284 1638 2329 sigilla,
1662 2294 1754 2330 quae
1771 2283 1925 2319 indomo
1938 2283 2118 2328 reposita⁶
2140 2286 2235 2325 sunt,
2259 2282 2314 2318 vel
2331 2282 2416 2317 ima-

1330 2329 1431 2375 gines
1445 2333 1634 2374 argenteae
1647 2329 1787 2374 argenti
1797 2339 1819 2363 a
1844 2328 2036 2374 pellatione
2051 2328 2337 2371 continebuntur,
2352 2337 2417 2362 nec

1332 2374 1517 2419 speculum
1539 2374 1595 2410 vel
1617 2374 1746 2419 parieti
1768 2373 1814 2409 ad
1864 2384 1925 2408 um
1947 2373 2002 2408 vel
2031 2373 2137 2408 etiam
2167 2372 2262 2417 quod
2291 2372 2418 2407 mulier

1331 2419 1455 2454 mundi
1479 2429 1589 2454 causa
1611 2419 1748 2461 habuit,
1772 2419 1804 2454 si
1826 2418 1932 2454 modo
1956 2428 2029 2454 non
2051 2418 2088 2453 in
2111 2417 2247 2462 argenti
2270 2426 2417 2452 numero

1332 2467 1352 2500 9
1398 2464 1523 2503 habita
1550 2467 1646 2499 sunt.
1699 2464 1858 2508 Argento
1887 2463 1985 2499 facto
2012 2463 2129 2508 legato
2159 2462 2312 2507 Quintus
2335 2462 2415 2497 Mu-

1333 2509 1410 2545 cius
1440 2509 1491 2544 ait
1518 2519 1606 2545 vasa
1633 2513 1802 2554 argentea
1831 2508 2024 2550 contineri,
2061 2507 2169 2544 veluti
2205 2507 2416 2553 parapsidas

1332 2555 1521 2590 acetabula
1543 2554 1671 2590 trullas
1682 2554 1801 2599 pelves
1814 2557 1850 2589 et
1871 2553 1928 2589 his
1940 2553 2079 2595 similia,
2102 2563 2174 2588 non
2195 2556 2314 2588 tamen
2326 2562 2417 2597 quae

1339 2603 1376 2635 10
1423 2599 1654 2646 supellectilis
1678 2602 1772 2635 sunt.
1820 2599 1912 2634 Sed⁷
1928 2598 1995 2637 ,cui
2008 2608 2095 2633 vasa
2111 2598 2184 2633 sint
2194 2597 2321 2643 legata,
2345 2608 2416 2633 non

1332 2645 1448 2681 solum
1477 2655 1521 2680 ea
1550 2644 1793 2687 continentur,
1829 2653 1920 2689 quae
1948 2642 2082 2688 aliquid
2109 2642 2146 2678 in
2178 2652 2216 2678 se
2243 2642 2417 2687 recipiant

1332 2690 1459 2726 edendi
1482 2689 1697 2735 bibendique
1726 2699 1836 2725 causa
1858 2692 2040 2734 paratum,
2071 2687 2134 2724 sed
2163 2691 2199 2723 et
2229 2697 2320 2732 quae
2351 2687 2416 2722 ali-

1333 2735 1418 2780 quid
1441 2735 1680 2771 sustineant⁸:
1711 2738 1747 2770 et
1769 2734 1850 2770 ideo
1875 2734 2043 2770 scutellas
2066 2733 2122 2769 vel
2169 2731 2417 2768 romulsidaria

1333 2780 1518 2816 contineri.
1581 2790 1620 2815 re
1647 2779 1794 2815 ositeria
1831 2789 1972 2825 quoque
2006 2778 2147 2814 contine
2174 2781 2298 2813 untur:
2333 2787 2415 2813 nam

1332 2836 1499 2862 vasorum
1522 2835 1614 2870 appe
1641 2824 1714 2860 atio
1737 2824 1912 2870 generalis
1942 2828 2014 2866 est,
2046 2822 2218 2858 ”dicimus
2249 2832 2335 2858 vasa
2364 2822 2415 2857 vi-

1336 2874 1373 2906 11
1422 2870 1526 2906 naria
1547 2874 1584 2906 et
1605 2869 1757 2905 navalia.
1804 2868 1932 2905 Infecti
1945 2873 2065 2904 autem
2076 2867 2214 2913 argenti
2224 2867 2415 2913 appellatio

1331 2915 1457 2951 rudem
1478 2915 1663 2951 materiam
1686 2914 1859 2957 continet,
1888 2913 1926 2950 id
1954 2917 2010 2949 est
2038 2923 2111 2949 non
2138 2912 2283 2948 factam.
2330 2912 2415 2957 quid

1331 2960 1471 3042 igit&
1488 2959 1730 3041 imoepm‘uiiciit
1741 2962 1938 3040 iffi&
1949 2957 2414 3049 fgffiffifflffipg-

1330 3054 1400 3093 tur,
1425 3050 1580 3086 dubitari
1602 3053 1737 3095 potest:
1768 3049 1832 3085 sed
1885 3052 1948 3085 uto
1970 3048 2082 3094 magis
2113 3047 2211 3082 facti.
2260 3050 2356 3082 certe
2384 3047 2414 3082 si

1329 3096 1400 3132 iam
1424 3099 1502 3131 erat
1530 3095 1681 3137 factum,
1711 3094 1774 3130 sed
1803 3104 1866 3130 cae
1881 3094 2028 3136 abatur,
2059 3092 2147 3128 facti
2176 3091 2415 3137 appellatione

1331 3140 1581 3177 continebitur.
1627 3150 1674 3175 an
1697 3143 1733 3175 et
1757 3139 1886 3175 caelati
1903 3137 2150 3180 continebitur,
2175 3136 2271 3182 quod
2283 3136 2413 3172 caelari

1330 3185 1470 3231 coepit?
1498 3188 1535 3221 et
1562 3188 1651 3230 puto
1676 3184 1866 3227 contineri,
1900 3183 1931 3220 si
1959 3182 2019 3219 cui
2040 3182 2134 3218 forte
2164 3182 2339 3218 caelatum
2368 3182 2415 3217 sit

1335 3234 1373 3266 12
1427 3233 1611 3276 argentum
1640 3230 1806 3275 legatum.
1858 3228 1897 3265 Si
1932 3227 1991 3264 cui
2019 3227 2195 3263 escarium
2313 3230 2412 3262 ntum

1329 3276 1482 3321 legatum
1506 3275 1565 3317 sit,
1588 3275 1625 3310 id
1649 3274 1764 3311 solum
1787 3272 1985 3314 debebitur,
2009 3272 2104 3318 quod
2127 3272 2174 3307 ad
2198 3281 2241 3317 ep
2330 3271 2412 3306 dum

1328 3320 1572 3356 inministerio
1596 3319 1733 3362 habuit,
1755 3319 1793 3355 id
1811 3317 2036 3355 estadesum
2059 3322 2096 3353 et
2108 3321 2231 3363 potum
2243 3317 2282 3352 ¹⁰.
2319 3315 2413 3352 unde

1329 3365 1373 3401 de
1396 3364 1630 3410 aquiminan'o
1645 3363 1847 3400 dubitatum
1864 3366 1934 3399 est:
1959 3366 1996 3399 et
2017 3366 2106 3408 puto
2121 3361 2306 3404 contineri,
2330 3371 2411 3396 nam

1328 3414 1365 3447 et
1386 3410 1457 3446 hoc
1479 3420 1546 3455 pro
1571 3413 1628 3445 ter
1649 3419 1769 3446 escam
1789 3411 1950 3462 paratur.
1999 3411 2095 3443 certe
2118 3407 2150 3443 si
2162 3407 2337 3443 caccabos
2354 3416 2411 3441 ar-

1327 3459 1474 3501 genteos
1498 3421 1657 3491 hagebat
1678 3453 1734 3491 vel
1755 3452 1944 3489 miliarium
1973 3456 2180 3498 argenteum
2210 3452 2266 3487 vel
2295 3455 2409 3487 sarta-1

1327 3500 1443 3546 ginem
1465 3500 1521 3535 vel
1544 3499 1643 3535 aliud
1666 3509 1729 3535 vas
1751 3498 1798 3534 ad
1821 3497 2060 3543 coquendum,
2091 3496 2247 3533 dubitari
2269 3496 2411 3550 poterit,

1328 3556 1375 3581 an
1405 3545 1544 3581 escario
1575 3544 1810 3581 contineatur.
1874 3547 1910 3578 et
1937 3543 2027 3578 haec
2057 3542 2169 3587 magis
2205 3540 2412 3577 coematorii

1326 3657 1432 3691 tineat
1442 3658 1477 3690 F

1326 3702 1388 3736 del.
1406 3703 1558 3736 Cm'acn‘us

1567 3659 1614 3700 (9)
1637 3655 1725 3690 unde
1738 3657 1798 3691 im.
1902 3657 1963 3698 (ιο)
1986 3655 2022 3688 id
2034 3657 2083 3688 est
2093 3654 2136 3687 ad
2148 3664 2237 3687 esum
2250 3656 2284 3687 et
2295 3656 2412 3696 potum
