2528 3918
145 155 201 184 ΕΤ
229 153 589 185 FIDEICOMMISSIS

143 263 346 299 ‘Arethonis
371 263 531 307 debetur,
557 263 718 299 omnibus
745 263 980 300 creditoribus
997 275 1041 299 ex
1052 265 1225 300 reditibus

143 311 275 344 ‘eorum
298 309 473 343 bonorum
496 309 613 344 solvas
628 308 756 343 reddas
770 309 927 354 satisque
941 309 1078 344 facias'.
1117 320 1224 354 quae—

140 354 248 388 situm
271 357 335 396 est,
361 364 418 395 an,
443 354 474 389 si
497 354 701 398 probaverit
724 354 827 390 heres
852 365 924 389 non
947 354 1114 390 sufficere
1131 355 1224 390 redi-

139 403 215 433 tum
244 399 419 434 bonorum
448 398 494 433 ad
524 399 634 434 totius
666 399 775 434 debiti
805 399 1076 443 exsolutionem,
1114 401 1224 435 nihilo

139 444 254 478 minus
278 447 397 479 tamen
419 444 496 496 ipse
521 443 626 479 debet
649 443 867 488 adgnoscere
886 456 975 480 onus
1000 446 1092 480 aeris
1106 445 1222 480 alieni.

138 488 323 533 respondit
351 488 538 524 mamfeste
573 489 726 533 proponi
762 499 806 524 ex
841 489 1014 525 reditibus
1049 492 1223 526 bonorum

138 544 261 568 eorum
283 533 420 569 iussum
443 543 504 568 aes
529 533 683 568 alienum
695 534 888 578 exsolvere,
912 546 985 570 non
1009 535 1053 571 de
1065 535 1222 580 proprio.

139 582 157 612 3
205 578 314 614 Pater
341 579 414 614 filio
444 582 480 613 et
508 578 582 613 filia
610 579 802 614 heredibus
836 580 1010 615 institutis
1041 592 1121 615 cum
1150 581 1221 616 sin-

136 623 228 667 gulis
264 627 362 659 certa
396 623 544 668 praedia
575 627 611 658 et
639 624 849 659 kalendaria
883 626 1142 670 praelegasset‚
1173 626 1223 660 ita

136 668 245 703 cavit:
271 671 304 703 ‘a
327 672 362 703 te
386 672 514 712 autem,
539 668 590 703 fili
615 669 806 713 carissime,
836 674 920 714 peto
933 672 953 714 ¹,
979 681 1222 715 quaecumque

136 713 269 758 ‘legavi,
294 714 472 758 praestari
494 714 586 757 volo,
611 718 647 749 et
669 714 701 749 si
718 714 804 758 quid
828 715 984 750 evenerit
998 716 1090 751 aeris
1103 716 1220 759 alieni⁷

136 758 178 793 ‘si
202 758 297 802 quod
320 759 358 793 in
379 762 519 803 tempus
543 770 609 804 pro
622 763 746 794 mutuo
772 770 982 804 acceperam
1006 764 1041 796 et
1054 761 1220 803 debuero,

136 806 168 837 ‘a
191 807 227 838 te
252 803 341 838 solvi
363 804 455 847 volo,
479 807 520 838 ut
544 804 639 849 quod
651 804 765 839 sorori
789 808 873 840 tuae
884 806 1021 850 reliqui,
1046 806 1219 850 integrum

136 847 193 883 ‘ad
216 859 294 883 eam
317 849 517 893 pertineat’.
566 850 766 894 quaesitum
794 853 858 893 est,
885 861 931 885 an
955 851 1051 896 quod
1070 861 1114 886 ex
1132 862 1218 895 qua-

135 903 284 938 cumque
309 904 420 929 causa
443 893 566 929 debuit
589 898 700 939 pater,
733 905 755 929 a
778 895 850 930 filio
882 896 929 930 sit
951 896 1217 940 praestandum.

132 938 317 983 respondit
339 949 445 984 posse
474 939 583 974 filiam
612 950 656 974 ex
684 939 957 976 fideicommisso
989 952 1095 976 conse
1121 942 1158 976 ui
1181 946 1221 976 ut

132 983 321 1026 levaretur,
347 994 416 1028 quo
440 984 576 1029 magis2
600 985 787 1030 integrum,
814 985 908 1030 quod
932 990 1085 1021 testator
1126 986 1218 1021 edis-

132 1032 186 1064 set
221 1029 267 1064 ad
291 1040 370 1064 eam
392 1030 622 1074 pervenisset.

178 1056 230 1112 35
255 1074 363 1109 IDEM
382 1075 472 1110 libro
496 1076 646 1120 septimo
671 1075 807 1111 decimo
825 1076 1045 1121 diqestorum
1091 1077 1218 1112 Patro-

131 1130 199 1154 nus
222 1119 350 1155 liberto
375 1120 495 1155 statim
525 1120 658 1155 tribum
688 1121 757 1156 emi
780 1121 950 1165 petierat:
981 1122 1132 1157 libertus
1158 1121 1217 1156 diu

129 1175 265 1200 moram
289 1165 334 1200 ab
358 1165 488 1200 herede
511 1166 653 1209 patroni
677 1176 807 1210 passus
831 1171 886 1201 est
909 1171 945 1202 et
960 1167 1135 1202 decedens
1156 1168 1218 1201 hc-

130 1210 250 1245 redem
272 1210 416 1254 reliquit
439 1210 673 1245 clarissimum
696 1211 826 1246 virum:
853 1212 1053 1256 quaesitum
1077 1216 1141 1255 est,
1173 1222 1219 1246 an

129 1255 245 1290 tribus
283 1255 482 1291 aestimatio
519 1255 643 1290 heredi
679 1256 755 1291 eius
797 1256 981 1292 debeatur.
1035 1257 1219 1302 respondit

130 1300 263 1335 deberi.
310 1300 403 1335 idem
427 1300 588 1345 quaesiit,
614 1311 660 1335 an
685 1305 720 1336 et
745 1302 929 1337 commoda
954 1306 990 1337 et
1001 1302 1217 1347 principales

128 1345 377 1389 liberalitates,
409 1356 497 1390 quas
521 1346 671 1381 libertus
701 1357 745 1381 ex
769 1347 893 1382 eadem
916 1348 1015 1382 tribu
1045 1358 1157 1392 usque
1181 1348 1217 1382 in

128 1390 221 1425 diem
242 1390 366 1426 mortis
391 1401 477 1425 suae
501 1395 760 1427 consecuturus
773 1391 909 1435 fuisset,
936 1393 966 1428 si
987 1393 1020 1427 ei
1045 1403 1087 1428 ea
1100 1392 1216 1428 tribus

128 1435 324 1470 secundum
358 1436 576 1471 voluntatem
610 1437 754 1481 patroni
790 1437 846 1472 sui
887 1442 974 1472 tunc
1009 1442 1217 1482 comparata

128 1484 231 1523 esset,
261 1490 308 1515 an
336 1490 420 1516 vero
444 1491 575 1516 usurae
611 1482 867 1517 aestimationis
897 1483 1020 1518 heredi
1048 1483 1126 1518 eius
1156 1483 1216 1518 de-

127 1525 290 1562 beantur.
339 1526 518 1570 respondi,
544 1526 716 1571 quidquid
738 1527 816 1572 ipse
836 1532 1096 1563 consecuturus
1110 1532 1215 1571 esset,

130 1575 143 1604 1
193 1570 231 1605 id
265 1570 312 1605 ad
345 1571 511 1606 heredem
547 1583 651 1607 suum
685 1573 938 1608 transmittere.
1006 1573 1216 1618 Sempronio

126 1616 177 1650 ita
200 1616 344 1660 legavit:
371 1616 612 1662 ‘Sempronius
637 1617 766 1653 sumito
791 1618 940 1662 praedia
960 1620 1062 1654 mea³
1087 1619 1214 1661 omnia,

128 1659 228 1704 ‘quae
253 1664 337 1696 sunt
360 1671 474 1706 usque
498 1662 544 1697 ad
571 1663 774 1707 praedium,
828 1663 900 1698 uod
929 1667 1080 1699 vocatur
1105 1663 1213 1707 Gaas,

126 1706 267 1741 ‘finibus
292 1706 466 1749 Galatiae,
498 1708 565 1742 sub
593 1718 680 1742 cura
703 1708 798 1743 vilici
851 1709 947 1752 rimi,
976 1709 1028 1744 ita
1056 1713 1097 1743 ut
1125 1710 1215 1744 haec

125 1752 255 1786 ‘omnia
276 1752 454 1787 instructa
477 1754 583 1787 sunt’.
632 1754 832 1798 quaesitum
844 1757 909 1797 est,
936 1765 1017 1789 cum
1034 1755 1072 1789 in
1090 1754 1214 1790 eodem

125 1796 279 1832 confinio
302 1797 532 1842 praediorum
550 1809 661 1832 unum
679 1799 726 1834 sit
742 1798 929 1843 praedium
948 1811 1020 1834 non
1039 1799 1213 1842 Galatiae,

125 1841 187 1877 sed
217 1842 465 1887 Cappadociae
493 1842 642 1886 finibus,
680 1845 747 1879 sub
778 1854 866 1879 cura
900 1848 1021 1880 tamen
1057 1845 1214 1880 eiusdem

124 1887 227 1929 vilici,
254 1898 301 1922 an
324 1888 432 1923 etiam
454 1887 492 1922 id
514 1888 701 1933 praedium
725 1900 806 1923 cum
831 1891 958 1924 ceteris
983 1889 1029 1924 ad
1048 1889 1213 1934 Sempro-

124 1935 144 1966 2
191 1933 289 1967 nium
311 1933 501 1978 pertineat.
546 1934 731 1978 respondit
754 1938 790 1969 et
813 1934 881 1969 hoc
908 1935 1039 1970 deberi.
1087 1935 1213 1970 Liber-

123 1977 179 2021 tis,
206 1988 295 2022 quos
319 1978 572 2021 nominaverat,
597 1979 649 2013 ita
672 1980 817 2024 legavit:
845 1980 1006 2014 ‘fundum
1026 1980 1212 2015 Trebatia-

125 2024 230 2066 ‘num,
263 2023 324 2067 qui
347 2027 403 2058 est
425 2024 462 2057 in
492 2024 636 2068 regione
659 2025 833 2068 Atellata,
864 2026 949 2060 item
973 2025 1125 2060 fundum
1148 2025 1212 2060 Sa-

124 2067 306 2112 ‘trianum,
338 2069 399 2113 qui
422 2073 477 2103 est
499 2069 538 2103 in
567 2070 710 2114 regione
733 2070 918 2114 Niphana,
951 2080 1032 2105 cum
1061 2071 1213 2106 taberna

124 2113 213 2148 ‘dari
236 2113 340 2148 volo’,
388 2114 589 2158 quaesitum
612 2118 676 2157 est,
704 2126 784 2149 cum
808 2115 902 2150 inter
931 2115 1074 2159 fundos,
1100 2117 1212 2160 (111034

124 2168 234 2203 supra
256 2158 395 2202 legavit,
422 2159 468 2194 sit
515 2159 632 2194 uidem
657 2160 788 2195 fundus
813 2161 988 2196 vocabulo
1013 2160 1211 2204 Satrianus,

122 2204 160 2238 in
182 2203 326 2248 regione
349 2207 469 2239 tamen
526 2204 660 2249 iphana
684 2216 755 2240 non
780 2205 835 2248 sit,
861 2216 907 2240 an
932 2216 976 2241 ex
989 2216 1100 2241 causa
1111 2205 1211 2241 fidei-

123 2249 301 2284 commissi
322 2249 459 2284 libertis
477 2249 662 2285 debeatur.
710 2250 905 2295 respondit,
931 2251 963 2286 si
985 2252 1105 2286 nullus
1118 2255 1214 2287 esset

123 2294 309 2329 Satrianus
333 2294 370 2328 in
394 2295 538 2339 regione
561 2295 730 2339 Niphana
760 2299 796 2331 et
819 2296 863 2331 de
887 2307 929 2331 eo
955 2297 1110 2332 sensisse
1138 2300 1211 2332 tes-

121 2342 274 2374 tatorem
298 2343 434 2374 certum
457 2340 514 2383 sit,
539 2340 600 2385 qui
623 2340 710 2375 alibi
721 2344 826 2384 esset,
851 2352 922 2376 non
947 2341 1081 2377 idcirco
1094 2341 1211 2377 minus

123 2384 259 2428 deberi,
303 2385 387 2428 quia
420 2385 458 2419 in
498 2386 642 2430 regione
684 2386 904 2430 designanda
940 2387 1063 2431 lapsus
1104 2391 1209 2422 esset.

123 2433 142 2463 3
191 2429 371 2465 Codicillis
396 2429 613 2466 confirmatis
637 2431 689 2465 ita
713 2432 821 2466 cavit:
849 2432 1071 2467 ‘Tiburtibus
1096 2433 1210 2466 muni-

122 2474 274 2519 ‘cipibus
297 2475 387 2510 meis
411 2475 734 2520 amantissimisque
757 2477 880 2512 scitis⁵
902 2477 1084 2512 balineum
1101 2477 1209 2512 Iulia-

122 2522 218 2554 ‘num
245 2519 407 2555 iunctum
437 2520 557 2556 domui
585 2531 701 2563 meae,
736 2522 788 2556 ita
823 2525 864 2556 ut
892 2522 1036 2566 publice
1066 2528 1210 2567 sumptu

122 2565 302 2600 ‘heredum
325 2575 486 2601 meorum
510 2569 545 2601 et
569 2566 751 2610 diligentia
763 2566 886 2602 decem
898 2567 1081 2602 mensibus
1100 2569 1210 2602 totius

122 2609 217 2644 ‘anni
239 2610 457 2654 praebeatur
479 2611 614 2655 gratis'.
663 2612 863 2656 quaesitum
882 2616 946 2655 est,
971 2624 1017 2647 an
1042 2616 1077 2648 et
1090 2624 1209 2657 sump-

120 2659 180 2690 tus
203 2654 459 2691 refectionibus
482 2657 705 2692 necessarios
729 2656 878 2692 heredes
902 2661 1087 2701 praestare
1101 2658 1207 2693 debe-

121 2703 194 2734 ant.
252 2700 437 2745 respondit
472 2701 668 2736 secundum
709 2712 752 2736 ea
792 2711 884 2746 quae
924 2707 1211 2747 proponerentur

120 2745 230 2780 videri
258 2748 467 2781 testatorem
497 2756 606 2791 super
636 2746 881 2782 calefactionis
911 2751 947 2782 et
977 2748 1210 2791 praebitionis

122 2791 234 2825 onus6
258 2790 301 2825 de
325 2791 380 2826 his
406 2802 546 2836 quoque
570 2792 735 2835 sensisse,
761 2792 822 2836 qui
839 2791 886 2826 ad
910 2792 1142 2827 cottidianam
1153 2796 1209 2827 tu-

122 2835 227 2870 telam
249 2836 462 2879 pertineant,
487 2837 617 2881 quibus
636 2837 798 2872 balineae
822 2840 886 2872 aut
907 2837 1137 2872 instruuntur
1149 2842 1211 2872 aut

121 2880 270 2924 denique
298 2881 393 2916 inter
422 2881 547 2917 solitas
577 2883 815 2917 cessationum
844 2883 939 2918 vices
969 2883 1091 2927 parari
1124 2894 1210 2927 pur-

122 2925 198 2969 gari
224 2936 279 2968 ue,
303 2929 346 2960 ut
367 2926 505 2962 habiles
529 2927 576 2962 ad
598 2927 790 2962 lavandum
813 2927 950 2971 fierent,
976 2928 1047 2963 sint
1070 2928 1208 2964 solitae.

167 2968 190 3007 3
244 2972 275 3005 A
306 2971 357 3006 ud
379 2970 619 3007 SOAEVOLAM
644 2973 735 3008 libro
768 2976 893 3008 octavo
927 2973 1062 3008 decimo
1095 2974 1209 3019 diffes-

122 3018 239 3055 torum
292 3025 461 3051 Lamnas
479 3020 582 3052 notat
633 3017 710 3053 Nec
732 3017 1006 3053 fideicommissa
1030 3018 1076 3053 ab
1100 3019 1210 3053 intes-

121 3064 196 3096 tato
221 3061 306 3096 data
330 3061 505 3096 debentur
528 3062 574 3097 ab
599 3073 652 3106 eo,
679 3063 781 3098 cuius
805 3063 849 3098 de
872 3063 1075 3099 inofficioso
1100 3067 1209 3098 testa-

121 3109 239 3141 mento
269 3106 526 3151 constitisset7,
563 3107 648 3152 quia
678 3108 884 3143 crederetur
920 3109 1023 3153 quasi
1052 3108 1210 3144 furiosus

122 3154 372 3186 testamentum
395 3151 515 3187 facere
539 3163 611 3187 non
634 3153 810 3197 potuisse,
847 3154 998 3198 ideoque
1022 3164 1088 3189 1100
1113 3153 1211 3188 aliud

124 3195 207 3238 quid
230 3196 411 3240 pertinens
436 3197 482 3231 ad
507 3208 674 3242 suprema
698 3198 774 3234 eius
799 3198 933 3234 iudicia
957 3200 1060 3234 valet.

169 3237 220 3276 37
247 3239 448 3276 SGAEVOLA
462 3242 553 3277 libro
565 3247 690 3278 octavo
710 3244 846 3279 decimo
865 3244 1084 3289 diqestorum
1122 3244 1210 3279 Cum

124 3284 202 3327 quis
227 3284 400 3321 decedens
425 3285 528 3321 Seiae
551 3288 659 3322 matri
682 3288 843 3331 fundum,
869 3290 930 3333 qui
953 3290 1121 3334 proprius
1134 3299 1209 3324 ma-

123 3329 188 3363 tris
212 3333 298 3372 erat,
328 3330 516 3376 legaverat,
548 3333 594 3367 ab
619 3343 661 3367 ea
684 3333 854 3378 petierat,
883 3338 925 3368 ut
948 3334 1100 3370 eundem
1130 3345 1210 3369 cum

124 3378 320 3409 moreretur
342 3375 487 3411 Flaviae
510 3377 663 3413 Albinae
688 3379 854 3423 coniugi⁸
882 3389 970 3414 suae
993 3379 1208 3415 restitueret.

123 3422 205 3497 post
226 3422 375 3471 mortem
397 3422 578 3458 testatoris
601 3426 716 3458 mater
740 3424 836 3468 apud
853 3425 1101 3469 magistratum
1126 3435 1209 3468 pro-

139 3474 219 3498 essa
243 3467 298 3498 est
320 3464 408 3498 nihil
437 3476 475 3500 se
504 3466 675 3503 adversus
705 3469 924 3504 voluntatem
952 3469 1017 3504 filii
1047 3470 1103 3505 sui
1133 3469 1209 3504 fac-

124 3511 241 3542 turam
264 3512 496 3553 paratamque
526 3521 565 3546 se
594 3511 745 3548 fundum
776 3513 923 3549 Flaviae
953 3515 1106 3550 Albinae
1134 3519 1209 3549 tra-

124 3622 163 3660 (1)
188 3623 266 3662 peto
279 3621 340 3653 del.
355 3621 436 3654 Hal.
509 3624 551 3664 (2)
568 3624 679 3658 minus
691 3638 753 3659 scr.

125 3666 167 3705 (5)
201 3665 461 3705 amantissimis,
483 3668 574 3708 quod
594 3669 689 3702 scitis
709 3673 780 3704 edd.

126 3712 169 3749 (7)
194 3711 470 3743 constituissetF
564 3713 608 3753 (8)
635 3715 797 3757 coniungi
810 3717 845 3749 F

125 3755 177 3787 vel
187 3767 248 3787 scr.
263 3755 459 3798 Tyehelpidi
553 3759 612 3799 (10)
639 3759 731 3802 quia]
746 3763 896 3803 quamvis
910 3774 972 3795 scr.

825 3629 868 3667 (3)
890 3628 975 3659 eaF'
1040 3628 1083 3668 (4)
1101 3639 1166 3669 (1110
1181 3629 1217 3660 F

956 3672 1000 3715 (6)
1035 3684 1119 3704 onus
1142 3674 1204 3706 del.

940 3718 983 3758 (9)
1009 3718 1128 3759 Elpidi
1142 3718 1202 3750 del.

1064 3766 1116 3804 (11)
1135 3764 1208 3807 fuit

1208 139 1292 186 447

2209 144 2379 187 xxxii
2425 125 2429 128 ’

1295 265 1391 307 dere,
1423 265 1453 300 si
1477 265 1546 300 sibi
1570 275 1690 299 annua
1713 265 1798 300 bina
1821 270 2092 309 praestarentur
2117 265 2293 300 redituum
2318 277 2381 300 no-

1295 310 1405 345 mine:
1432 310 1495 345 sed
1520 320 1634 355 neque
1657 310 1919 354 possessionem
1948 311 2095 345 tradidit
2119 321 2234 355 neque
2263 321 2381 345 annua

1294 355 1379 390 bina
1409 355 1560 400 accepit.
1614 355 1814 399 quaesitum
1845 360 1914 398 est,
1954 367 2000 390 an
2035 356 2113 391 iure
2142 355 2293 390 fundum
2322 356 2381 391 alii

1294 400 1447 435 vendere
1478 399 1605 445 possit.
1661 399 1862 444 respondit,
1901 401 1931 435 si
1964 401 2007 436 de
2038 402 2146 445 legati
2174 401 2252 435 iure
2281 400 2381 435 fidei-

1295 455 1363 488 que
1393 445 1571 480 commissi
1600 449 1848 490 quaereretur,
1880 446 2075 480 secundum
2104 457 2147 481 ea
2200 456 2268 480 uae
2298 457 2381 490 pro-

1292 494 1512 534 ponerentur
1535 500 1601 525 nec
1620 490 1910 542 ‚valuisse-quod
1933 490 2039 542 matri
2063 502 2165 543 suum
2198 491 2380 543 egabatur,

1762 546 1777 561 Q

1292 535 2381 625 ieqssssagttssssafiffiffe‘Z-mcisssst..¹3⁰&Sisssssiamssnffiiigoefiissti

1291 625 1496 669 scripserat,
1522 625 1662 660 Maevio
1687 625 1842 660 ducenta
1865 625 1994 669 legavit
2018 629 2054 659 et
2076 625 2159 660 fidei
2183 626 2259 660 eius
2285 636 2380 660 com-

1290 669 1396 713 misit,
1423 674 1463 703 ut
1484 674 1626 705 centum
1650 670 1752 705 daret
1776 671 1922 714 Glauce,
1949 671 2070 715 Tyche
2095 670 2238 714 Elpidi⁹
2262 674 2381 705 autem

1292 714 1565 759 quinquaginta:
1601 719 1728 760 postea
1756 716 1918 750 Maevius
1948 716 2088 750 volente
2122 719 2293 751 testatore
2322 716 2379 749 lit-

1290 763 1387 794 teras
1410 760 1528 795 emisit
1557 760 1603 794 ad
1632 771 1693 796 eas
1724 761 1920 796 secundum
1949 761 2168 795 voluntatem
2197 761 2380 795 testatoris

1290 804 1555 840 restituturum:
1574 809 1701 850 postea
1717 809 1870 840 testator
1887 806 1973 840 fecit
1989 806 2183 848 codicillos,
2203 806 2331 849 quibus
2346 810 2379 840 et

1289 850 1359 884 hoc
1382 850 1577 894 praecepit,
1603 854 1644 884 ut
1667 854 1810 895 praeter
1835 852 1901 886 hos
1915 851 2099 886 codicillos
2125 851 2156 885 si
2181 850 2265 895 quid
2283 851 2380 885 aliud

1288 894 1470 939 prolatum
1494 899 1598 939 esset,
1624 906 1697 930 non
1720 896 1847 931 valeat.
1896 896 2096 940 quaesitum
2120 899 2184 939 est,
2210 906 2257 930 an
2280 896 2379 930 Mae-

1289 939 1378 983 vius,
1405 940 1466 983 qui
1489 940 1644 975 ducenta
1668 941 1818 985 accepit,
1845 941 1967 985 quia¹⁰
1989 942 2140 976 mutavit
2162 941 2380 976 voluntatem

1289 983 1333 1019 de
1363 995 1406 1020 ea
1435 995 1454 1020 e
1481 985 1589 1020 istula
1618 989 1788 1030 testator,
1824 997 1846 1021 a
1875 986 2084 1021 mulieribus
2120 985 2301 1021 conveniri
2336 996 2380 1020 ex

1294 1040 1404 1065 causa
1427 996 1693 1066 fideicommissi
1716 1031 1841 1075 possit.
1896 1032 2082 1076 respondit
2111 1032 2308 1066 secundum
2338 1041 2381 1065 ea

1289 1085 1380 1119 quae
1414 1079 1668 1120 proponuntur
1696 1075 1831 1111 frustra
1866 1077 2044 1112 Maevium
2075 1077 2271 1119 conveniri,
2308 1076 2380 1110 sive

1289 1123 1309 1154 2
1357 1120 1512 1155 ducenta
1536 1121 1608 1156 sive
1633 1121 1821 1166 praedium
1844 1133 1910 1167 pro
1934 1122 1989 1156 his
2015 1122 2166 1166 accepit.
2215 1122 2332 1157 Seiam
2345 1125 2381 1155 et

1287 1165 1468 1200 Maevium
1489 1166 1637 1202 libertos
1662 1177 1747 1202 suos
1771 1167 1894 1211 aequis
1912 1167 2075 1212 partibus
2099 1167 2248 1202 heredes
2267 1166 2379 1210 scrip-

1289 1210 1351 1245 sit:
1388 1211 1530 1246 Maevio
1561 1212 1747 1247 substituit
1777 1212 2025 1265 Sempronium
2055 1213 2230 1257 pupillum
2260 1223 2378 1255 suum3

1288 1255 1416 1291 deinde
1457 1256 1641 1292 codicillos
1682 1268 1747 1302 per
1786 1257 2099 1293 fideicommissum
2147 1257 2378 1300 confirmavit,

1288 1301 1418 1344 quibus
1442 1301 1493 1336 ita
1518 1302 1668 1337 cavit¹¹:
1696 1303 1842 1338 ‘Lucius
1867 1303 1984 1338 Titius
2009 1302 2111 1338 Seiae
2134 1302 2259 1338 heredi
2282 1313 2378 1345 suae,

1288 1348 1406 1390 ‘quam
1429 1357 1495 1391 pro
1519 1352 1622 1391 parte
1647 1347 1793 1382 dimidia
1815 1348 1965 1390 institui,
1991 1348 2154 1383 salutem.
2201 1347 2380 1382 Maevium

1287 1391 1465 1427 ‘libertum
1476 1403 1604 1436 meum,
1631 1393 2010 1437 quemintestamento
2034 1404 2101 1438 pro
2113 1397 2215 1438 parte
2236 1393 2380 1428 dimidia

1287 1436 1465 1471 ‘heredem
1477 1437 1627 1481 institui,
1642 1448 1721 1473 eam
1738 1442 1878 1482 partem
1889 1439 2098 1474 hereditatis
2111 1443 2190 1473 veto
2204 1438 2379 1482 accipere,

1288 1482 1401 1516 ‘cuius
1426 1482 1464 1516 in
1486 1483 1607 1518 locum
1620 1486 1801 1528 partemve
1817 1484 1893 1519 eius
1905 1485 1933 1505 ¹2
1951 1484 2119 1518 Publium
2132 1483 2379 1528 Sempronium

1286 1527 1479 1562 ‘dominum
1503 1538 1622 1563 meum
1645 1528 1813 1564 heredem
1842 1540 1921 1564 esse
1945 1529 2054 1572 volo',
2085 1533 2121 1564 et
2143 1528 2301 1571 Maevio,
2333 1528 2379 1562 ad

1287 1582 1391 1616 quem
1414 1573 1623 1609 hereditatis
1647 1574 1849 1618 portionem
1867 1574 1984 1609 noluit
1994 1574 2190 1619 pervenire,
2217 1585 2298 1609 cum
2309 1574 2378 1608 hoc

1285 1616 1936 1700 ffissfflssefiffiffliissufitriessffitiii
1962 1619 2135 1700 Ἣέξῗῑῗιῑ
2142 1619 2283 1699 1ὲὲἶέἓὲ
2296 1629 2378 1699 333⁰

1285 1710 1373 1742 ‘tum
1409 1708 1689 1753 quinquaginta'.
1756 1676 1981 1753 quaesitungiy
1993 1714 2065 1752 est,
2102 1720 2184 1745 011111
2212 1710 2378 1745 voluntas

1283 1753 1467 1788 testatoris
1491 1753 1582 1789 haec
1606 1753 1725 1797 fuerit,
1757 1758 1797 1789 ut
1821 1754 2022 1790 omnimodo
2051 1755 2237 1800 perveniat
2259 1755 2377 1800 portio

1284 1798 1492 1833 hereditatis
1517 1798 1564 1833 ad
1576 1798 1823 1844 Sempronium
1847 1800 2033 1845 pupillum,
2059 1811 2105 1834 an
2128 1799 2377 1835 fideicommis-

1285 1854 1363 1877 sum
1387 1853 1431 1878 ex
1454 1844 1571 1879 verbis
1598 1855 1709 1889 supra
1733 1845 1877 1890 scriptis
1901 1846 2020 1880 valere
2043 1846 2274 1889 intellegatur
2298 1849 2334 1880 et
2357 1855 2378 1879 a

1285 1898 1355 1932 quo
1380 1888 1610 1933 Sempronius
1635 1893 1758 1934 petere
1780 1890 1912 1934 possit,
1946 1901 2027 1925 cum
2057 1891 2104 1925 ad
2139 1894 2272 1925 certam
2297 1901 2378 1934 per-

1283 1943 1409 1968 sonam
1445 1934 1629 1969 codicillos
1665 1935 1859 1979 scripserit.
1916 1936 2103 1980 respondit
2136 1946 2243 1980 posse
2278 1935 2378 1970 fidei-

1284 1981 1303 2013 3
1352 1979 1579 2014 commissum
1603 1990 1626 2014 a
1648 1980 1790 2015 Maevio
1802 1981 1887 2024 peti.
1935 1980 2044 2016 Pater
2068 1980 2292 2025 emancipato
2304 1980 2378 2016 filio

1283 2023 1378 2058 bona
1402 2035 1468 2059 sua
1492 2025 1660 2060 universa
1694 2026 1852 2070 exceptis
1866 2025 2006 2061 duobus
2032 2026 2142 2061 servis
2166 2037 2239 2061 non
2253 2026 2378 2062 mortis

1283 2078 1394 2103 causa
1418 2069 1563 2104 donavit
1587 2073 1623 2105 et
1647 2070 1839 2115 stipulatus
1864 2075 1918 2106 est
1942 2082 1964 2106 a
1987 2071 2061 2107 filio
2085 2072 2123 2106 in
2136 2071 2226 2106 haec
2250 2072 2374 2107 verba:

1283 2115 1386 2157 ‘quae
1410 2114 1477 2149 tibi
1499 2115 1679 2159 mancipia
1704 2126 1867 2160 quaeque
1889 2116 2038 2161 praedia
2050 2116 2252 2152 donationis
2267 2127 2378 2151 causa

1283 2159 1426 2194 ‘tradidi
1451 2160 1557 2203 cessi,
1588 2171 1653 2205 per
1680 2164 1716 2196 te
1740 2172 1813 2196 non
1835 2161 1914 2197 fieri
1944 2162 2069 2197 dolove
2103 2162 2239 2197 malo¹³
2263 2172 2377 2206 neque

1282 2207 1359 2249 ‘per
1382 2215 1463 2240 eum
1487 2205 1533 2239 ad
1559 2216 1663 2250 quem
1693 2216 1736 2241 ea
1759 2216 1817 2241 res
1846 2206 2056 2251 pertinebit,
2087 2218 2158 2251 quo
2187 2206 2304 2242 minus
2335 2217 2377 2242 ea

1282 2250 1472 2296 ‘mancipia
1496 2261 1658 2296 quaeque
1683 2261 1727 2286 ex
1751 2252 1807 2287 his
1832 2252 1988 2296 adgnata
2006 2256 2113 2287 erunt
2136 2262 2249 2296 eaque
2272 2262 2375 2297 prae-

1282 2295 1353 2329 ‘dia
1385 2306 1466 2330 cum
1488 2296 1745 2339 instrumento,
1778 2308 1860 2332 cum
1884 2308 1949 2342 ego
1973 2297 2092 2333 volam
2115 2298 2170 2332 vel
2196 2308 2277 2332 cum
2299 2308 2374 2332 mo-

1282 2340 1406 2384 ‘rieris,
1432 2351 1618 2385 quaequae
1642 2352 1767 2377 eorum
1787 2343 1982 2378 exstabunt
2006 2353 2120 2387 neque
2135 2343 2161 2363 ¹⁴
2175 2342 2257 2378 dolo
2281 2343 2375 2378 malo

1281 2388 1357 2420 ‘aut
1380 2385 1508 2421 fraude
1532 2386 1674 2422 factove
1697 2391 1760 2422 tuo
1786 2387 1934 2432 eiusque
1958 2388 2004 2422 ad
2029 2398 2134 2432 quem
2157 2398 2200 2422 ea
2225 2398 2280 2422 res
2294 2398 2375 2432 per-

1281 2430 1420 2466 ‘tinebit
1442 2431 1480 2466 in
1503 2434 1665 2467 rerum¹⁵
1693 2437 1825 2467 natura
1847 2437 1912 2467 aut
1933 2433 1971 2467 in
2007 2436 2188 2477 potestate
2212 2443 2291 2468 esse
2315 2433 2375 2468 de-

1281 2475 1441 2520 ‘sissent,
1474 2477 1506 2512 si
1529 2477 1646 2512 vivam
1668 2478 1755 2512 mihi
1780 2481 1844 2512 aut
1868 2478 1927 2513 cui
1950 2488 2014 2523 ego
2038 2478 2155 2513 volam
2179 2477 2375 2513 reddantur

1281 2521 1538 2565 ‘restituantur,
1564 2522 1756 2567 stipulatus
1781 2527 1836 2557 est
1859 2523 1995 2558 Lucius
2011 2523 2127 2558 Titius
2151 2527 2266 2568 pater,
2291 2534 2374 2568 spo-

1282 2566 1419 2610 ‘pondit
1447 2567 1585 2602 Lucius
1618 2568 1734 2603 Titius
1762 2568 1883 2603 filius’.
1936 2568 2031 2603 idem
2066 2571 2171 2613 pater
2200 2568 2375 2603 decedens

1280 2611 1472 2656 epistulam
1494 2612 1860 2648 fideicommissariam
1883 2613 1930 2647 ad
1952 2613 2065 2648 filium
2095 2624 2200 2649 suum
2230 2614 2376 2658 scripsit

1282 2656 1290 2664 .
1573 2671 1580 2679 ⁸
1607 2660 1616 2675 4
1700 2658 1708 2666 .
1792 2658 1799 2665 .
1820 2657 1827 2665 .
1907 2658 1914 2666 .

1279 2657 1432 2737 ³333?ss
1446 2658 1581 2746 gaa-
1603 2657 2030 2747 fiassssuffgtztsstsf
2043 2659 2374 2749 tinas-..gas

1281 2747 1345 2781 ‘illi
1370 2751 1406 2782 et
1434 2748 1488 2782 illi
1518 2752 1652 2783 certam
1681 2748 1887 2792 pecuniam:
1919 2753 1956 2784 et
1984 2749 2201 2785 Lucrionem
2234 2760 2375 2785 servum

1280 2795 1409 2827 ‘meum
1432 2793 1587 2828 liberum
1610 2804 1689 2828 esse
1713 2794 1817 2828 volo’.
1868 2794 2068 2845 quaesitum
2093 2799 2158 2839 est,
2185 2805 2266 2830 cum
2278 2794 2373 2830 filius

1279 2837 1393 2881 patris
1422 2847 1488 2873 nec
1519 2838 1698 2873 bonorum
1726 2849 1990 2882 possessmnem
2024 2840 2206 2884 acceperit
2239 2851 2306 2876 nec
2342 2840 2375 2876 ei

1279 2884 1383 2917 heres
1407 2883 1594 2926 exstiterit,
1620 2893 1668 2918 an
1692 2894 1735 2918 ex
1751 2884 1906 2928 epistula
1921 2884 2197 2921 fideicommissa
2216 2889 2252 2921 et
2265 2885 2373 2921 liber-

1278 2930 1389 2962 tatem
1413 2932 1599 2971 praestare
1623 2928 1762 2963 debeat.
1810 2929 2004 2974 respondit,
2040 2931 2108 2966 etsi
2131 2941 2247 2975 neque
2270 2931 2372 2966 here-

1279 2971 1467 3007 reditatem
1490 2973 1625 3008 adisset
1648 2983 1764 3018 neque
1786 2974 1963 3010 bonorum
1985 2976 2250 3020 possessionem
2263 2976 2372 3020 petis-

1279 3021 1334 3052 set
1365 3021 1400 3052 et
1429 3017 1518 3052 nihil
1550 3029 1595 3053 ex
1626 3018 1824 3054 hereditate
1859 3020 2075 3064 possideret,
2111 3025 2232 3056 tamen
2261 3021 2371 3056 nihilo

1278 3062 1395 3096 minus
1420 3066 1456 3097 et
1479 3073 1523 3098 ex
1548 3063 1722 3107 stipulatu
1752 3065 1797 3099 ab
1818 3065 2010 3101 heredibus
2034 3066 2148 3111 patris
2173 3067 2249 3101 01ιδ
2271 3066 2370 3100 fidei-

1280 3107 1425 3142 commis‘
1428 3118 1468 3143 so
1502 3109 1547 3143 ab
1578 3108 1633 3143 his
1669 3120 1821 3154 quorum
1851 3110 2002 3146 interest
2037 3112 2141 3155 quasi
2176 3111 2371 3146 debitorem

1280 3152 1459 3187 conveniri
1482 3163 1600 3197 posse,
1624 3154 1778 3190 maxime
1802 3160 1885 3200 post
1911 3156 2200 3191 constitutionem
2223 3155 2294 3190 divi
2304 3156 2370 3198 Pii,

1280 3201 1299 3231 4
1331 3207 1423 3241 quae
1436 3199 1506 3233 hoc
1520 3198 1671 3234 induxit.
1701 3199 1870 3244 Nuptura
1887 3201 2027 3236 duobus
2040 3201 2123 3236 filiis
2139 3202 2256 3244 suis¹⁷,
2281 3211 2370 3244 quos

1280 3253 1323 3278 ex
1345 3243 1465 3287 priore
1488 3244 1616 3279 marito
1641 3245 1808 3287 habebat,
1834 3246 2024 3290 mandavit,
2056 3251 2097 3280 ut
2120 3246 2253 3290 viginti,
2280 3256 2371 3289 quae

1280 3288 1355 3323 doti
1379 3287 1498 3331 dabat,
1525 3289 1785 3333 stipularentur
1807 3291 1844 3325 in
1869 3302 2008 3327 omnem
2034 3302 2167 3334 casum,
2194 3301 2263 3334 quo
2282 3290 2370 3324 solvi

1278 3336 1401 3377 posset
1423 3333 1703 3379 matrimonium,
1736 3339 1778 3370 ut
1807 3335 1913 3371 etiam
1943 3336 2107 3371 alterutri
2139 3346 2183 3370 ex
2214 3336 2269 3370 his
2292 3339 2370 3370 tota

1279 3378 1344 3413 dos
1369 3378 1544 3414 solvatur:
1571 3383 1759 3416 constante
1783 3382 2009 3416 matrimonio
2023 3391 2094 3415 uno
2112 3391 2157 3415 ex
2179 3379 2369 3415 1111130101·-

1278 3427 1341 3458 tuo
1366 3434 1458 3458 uxor
1486 3434 1552 3468 per
1582 3425 1772 3469 epistulam
1801 3426 1891 3471 petit
1922 3437 1944 3461 a
1974 3425 2164 3470 superstite
2195 3424 2285 3468 filio,
2316 3425 2369 3459 uti

1279 3468 1492 3513 quandoque
1516 3473 1655 3514 partem
1679 3471 1860 3506 dimidiam
1883 3471 2071 3506 dumtaxat
2094 3470 2187 3505 dotis
2212 3469 2369 3514 exigeret

1278 3517 1314 3549 et
1344 3523 1388 3549 ea
1417 3518 1605 3550 contentus
1629 3516 1745 3559 erit¹⁸,
1783 3517 1933 3551 alteram
1957 3519 2076 3550 autem
2103 3518 2241 3559 partem
2272 3514 2368 3559 apud

1275 3629 1420 3670 sicfere:
1442 3627 1563 3661 deinde
1585 3640 1645 3671 per
1657 3629 1949 3661 fideicommissum
1971 3628 2175 3660 confirmatis
2197 3627 2365 3659 codicillis

1277 3674 1326 3704 ita
1338 3673 1429 3705 eavit
1521 3676 1580 3716 (12)
1606 3675 1678 3707 eius
1692 3675 1755 3707 del.
1849 3676 1906 3709 (13)
1933 3676 1990 3705 tuo
2005 3675 2064 3705 ins.
2160 3673 2216 3711 (14)
2243 3675 2363 3713 neque]

1601 3720 1660 3761 (15)
1685 3719 1721 3751 in
1734 3720 1858 3757 rerum]
1873 3729 1985 3749 earum
1998 3718 2033 3749 F
2155 3721 2213 3757 (16)
2239 3728 2278 3748 ex
2292 3718 2354 3749 im.

1668 3766 1727 3803 (18)
1753 3763 1799 3794 sit
1811 3763 1978 3805 Krz'eyelz'z'

1277 3727 1400 3758 quaeve
1413 3730 1476 3752 scr.

1275 3764 1333 3804 (17)
1361 3764 1430 3795 suis
1446 3765 1505 3796 del.
1523 3763 1573 3796 F²
