2528 3918
88 121 412 154 vmch'nomr
1172 101 1221 149 91

86 233 269 278 tellegitur,
291 233 320 268 si
339 241 463 267 navem
487 229 634 275 petitam
653 231 812 274 tempore
824 227 1057 273 navigationis
1070 231 1170 262 trans

86 289 183 313 mare
207 278 318 320 misit,
351 278 434 312 licet
465 285 508 310 ea
531 274 691 319 perierit:
725 273 791 308 nisi
826 274 856 308 si
888 274 1002 309 minus
1035 273 1171 308 idoneis

86 324 286 359 hominibus
311 333 388 357 eam
412 320 596 356 commisit.

137 367 184 405 17
206 368 399 404 ULPIANUS
416 366 505 401 libro
525 367 629 399 sexto
650 364 786 400 decimo
807 363 857 399 ad
874 364 1028 399 edietum
1063 363 1170 398 Iulia-

87 425 153 449 nus
176 414 266 449 libro
291 414 390 448 sexto
416 411 632 455 digestorum
656 410 797 451 scribit,
830 409 860 444 si
883 409 1079 451 hominem,
1112 408 1172 453 qui

86 459 213 494 Maevii
237 461 322 499 erat,
348 467 463 492 emero
490 466 511 490 a
531 455 637 497 Titio,
663 454 789 489 deinde
810 465 890 489 cum
912 465 991 489 eum
1011 454 1171 489 Maevius

86 516 107 539 a
131 514 186 539 me
209 506 354 548 peteret,
381 501 530 537 eundem
553 499 743 535 vendidero
770 510 920 544 eumque
945 505 1084 544 emptor
1107 510 1168 534 oc-

86 549 227 591 ciderit,
259 558 412 592 aequum
443 556 520 581 esse
551 556 606 580 me
630 545 782 589 pretium
806 545 946 580 Maevio
971 545 1169 580 restituere.

89 599 102 629 1
153 594 249 628 Idem
270 593 426 627 Iulianus
452 591 574 627 eodem
597 590 687 625 libro
712 590 846 632 scribit,
873 591 902 625 si
921 601 1057 625 moram
1076 590 1170 625 fece-

85 640 130 675 rit
151 639 188 673 in
211 638 352 673 homine
375 636 554 672 reddendo
587 645 772 680 possessor
806 640 840 670 et
871 636 976 670 homo
1009 639 1170 671 mortuus

84 685 141 726 sit,
165 687 201 719 et
219 683 402 718 fructuum
422 682 596 716 rationem
616 691 729 726 usque
749 680 795 715 ad
815 681 866 715 rei
885 681 1063 716 iudicatae
1082 685 1170 716 tem-

109 740 151 764 us
176 728 408 773 spectandam
440 737 526 762 esse.
564 726 656 761 idem
682 726 840 761 Iulianus
873 726 923 760 ait
954 737 1026 760 non
1058 726 1172 761 solum

99 778 241 816 ructus,
274 773 337 808 sed
369 772 475 808 etiam
499 782 638 807 omnem
663 781 807 806 causam
831 771 1103 816 praestandam:
1138 774 1173 805 et

83 819 161 855 ideo
195 822 229 854 et
260 822 402 863 partum
432 818 550 853 venire
580 817 617 851 in
647 817 907 852 restitutionem
940 821 974 851 et
1004 820 1173 868 partuum

83 865 234 899 fructus.
287 874 400 908 usque
432 863 520 898 adeo
554 865 672 897 autem
705 866 740 896 et
772 872 902 897 causae
934 866 1097 904 veniunt,
1130 866 1172 896 ut

84 909 242 944 Iulianus
273 909 362 943 libro
395 908 544 953 septimo
577 907 720 949 scribit,
757 907 787 942 si
825 917 889 952 per
921 917 1001 942 eum
1033 918 1172 942 servum

83 965 268 1000 possessor
300 954 506 999 adquisierit
537 953 714 988 actionem
745 952 829 997 legis
853 953 1036 997 Aquiliae,
1069 953 1170 987 resti-

83 1005 183 1035 tuere
216 999 421 1044 cogendum.
459 998 554 1043 quod
578 998 608 1033 si
639 997 720 1032 dolo
752 998 846 1033 malo
878 998 955 1042 ipse
986 1008 1173 1043 possessor

84 1045 227 1080 desierit
256 1044 438 1090 possidere
471 1047 505 1078 et
529 1043 656 1088 aliquis
680 1043 857 1078 hominem
880 1043 1010 1078 iniuria
1034 1043 1171 1078 occide-

83 1091 147 1133 rit,
173 1093 236 1125 aut
259 1090 410 1135 pretium
434 1089 585 1124 hominis
610 1092 673 1123 aut
696 1088 855 1124 actiones
880 1099 964 1124 suas
989 1093 1173 1133 praestare

84 1139 239 1181 cogetur,
265 1139 384 1170 utrum
409 1145 530 1170 eorum
553 1133 704 1169 voluerit
728 1138 839 1169 actor.
874 1134 937 1169 sed
961 1139 996 1169 et
1020 1134 1171 1176 fructus,

84 1191 173 1227 quos
210 1181 255 1215 ab
290 1181 358 1215 alio
394 1190 600 1225 possessore
640 1179 818 1224 percepit,
862 1180 1050 1215 restituere
1093 1190 1173 1214 eum

84 1229 240 1272 oportet:
266 1226 404 1261 lucrum
429 1225 520 1260 enim
546 1236 589 1260 ex
613 1235 654 1259 eo
680 1225 840 1266 homine,
866 1225 926 1270 qui
949 1226 986 1259 in
1010 1225 1071 1260 lite
1096 1235 1173 1260 esse

85 1271 259 1316 coeperit,
291 1271 410 1306 facere
434 1282 505 1305 non
531 1270 645 1305 debet.
683 1270 747 1304 sed
770 1270 910 1305 fructus
937 1271 1011 1305 eius
1035 1274 1171 1315 tempo-

83 1317 150 1359 ris,
183 1327 253 1361 quo
285 1321 445 1361 tempore
476 1325 662 1361 possessus
694 1319 748 1350 est
780 1316 825 1350 ab
859 1326 899 1350 eo
933 1317 994 1360 qui
1018 1316 1173 1358 evicerit,

83 1362 268 1397 restituere
292 1372 365 1397 non
389 1362 510 1396 debet:
536 1361 598 1396 sed
622 1360 717 1440 quod
742 1360 827 1395 dicit
852 1361 895 1396 de
920 1362 1061 1396 actione
1085 1361 1171 1406 legis

84 1407 257 1452 Aquiliae,
282 1407 453 1452 procedit,
479 1407 509 1441 si
532 1409 614 1451 post
646 1406 729 1440 item
751 1409 988 1441 contestatam
1008 1407 1174 1451 usucepit

83 1463 277 1498 possessor,
303 1452 387 1497 quia
410 1453 555 1497 plenum
577 1451 632 1486 ius
656 1451 780 1496 incipit
803 1452 945 1487 habere.

132 1495 181 1534 18
218 1497 341 1533 GAJUs
372 1498 462 1532 libro
494 1508 532 1531 se
560 1498 643 1532 timo
680 1497 729 1531 ad
761 1497 915 1532 edictum
940 1497 1170 1543 provinciale

84 1543 122 1578 Si
155 1547 237 1588 post
268 1546 456 1587 acceptum
487 1542 522 1577 iu
548 1542 655 1577 icium
686 1552 872 1586 possessor
903 1553 972 1577 usu
995 1543 1173 1577 hominem

85 1589 195 1633 cepit,
222 1588 329 1623 debet
352 1599 431 1623 eum
455 1588 596 1622 tradere
621 1597 733 1631 eoque
756 1587 898 1622 nomine
923 1587 966 1623 de
999 1587 1079 1622 dolo
1113 1598 1172 1623 ca-

84 1644 181 1669 vere:
208 1634 405 1678 periculum
430 1637 484 1668 est
508 1633 599 1668 enim
623 1642 667 1667 116
688 1643 768 1667 611111
789 1633 845 1667 vel
863 1632 1101 1678 pigneraverit
1119 1633 1174 1668 vel

85 1679 338 1714 manumiserit.

134 1723 184 1762 19
216 1724 409 1761 ULHANUS
429 1723 520 1759 libro
545 1726 650 1759 sexto
675 1723 810 1759 decimo
836 1724 885 1759 ad
907 1723 1061 1758 edictum
1100 1722 1174 1767 Ipsi

85 1780 225 1815 quoque
256 1780 317 1804 reo
351 1769 545 1804 cavendum
577 1780 654 1804 esse
685 1769 808 1804 Labeo
842 1769 929 1804 dicit
961 1768 1028 1803 ‘his
1064 1769 1171 1803 rebus

87 1819 184 1851 recte
217 1815 415 1860 praestari’,
450 1815 480 1849 si
503 1814 597 1850 forte
620 1814 720 1849 fundi
744 1815 885 1850 nomine
909 1814 1028 1849 damni
1051 1812 1174 1849 infecti

87 1861 190 1896 cavit.

132 1904 184 1944 20
221 1905 343 1941 Gams
373 1905 463 1940 libro
495 1905 645 1951 septimo
683 1905 733 1940 acl
766 1905 918 1940 edictum
948 1904 1175 1951 provinciale

86 1952 275 1987 Praeterea
297 1950 484 1986 restituere
508 1950 612 1985 debet
636 1961 823 1995 possessor
844 1954 880 1985 et
901 1960 991 1994 quae
1010 1954 1094 1994 post
1114 1961 1173 1984 ac-

87 2001 230 2042 ceptum
253 1996 423 2031 iudicium
447 2006 511 2040 per
535 2006 615 2030 eum
638 2007 711 2030 non
735 2007 779 2030 ex
803 2006 842 2030 re
866 2006 932 2031 sua
965 1995 1172 2040 adquisivit:

86 2043 122 2077 in
147 2052 216 2087 quo
241 2041 456 2076 hereditates
481 2051 621 2085 quoque
645 2042 851 2086 legataque,
886 2051 978 2086 quae
1003 2051 1068 2085 per
1092 2051 1172 2075 eum

87 2098 226 2122 servum
259 2087 498 2128 obvenerunt,
536 2086 773 2121 continentur.
819 2097 885 2121 nec
917 2086 1009 2121 enim
1042 2085 1176 2121 sufficit

88 2143 218 2177 corpus
242 2132 358 2177 ipsum
383 2131 540 2173 restitui,
566 2132 628 2166 sed
653 2143 742 2176 opus
768 2135 840 2174 est,
865 2136 906 2166 ut
930 2135 965 2166 et
990 2142 1100 2166 causa
1123 2131 1175 2166 rei

86 2178 306 2220 restituatur,
326 2177 363 2211 id
385 2180 438 2212 est
458 2181 499 2211 ut
521 2187 624 2212 omne
642 2177 774 2211 habeat
795 2177 936 2221 petitor,
956 2177 1052 2221 quod.
1072 2177 1173 2211 habi-

86 2228 188 2258 turus
208 2223 312 2264 foret,
335 2222 365 2257 si
385 2232 425 2257 eo
446 2226 615 2266 tempore,
638 2233 708 2267 quo
729 2222 898 2257 iudicium
918 2222 1173 2267 accipiebatur,

86 2268 273 2303 restitutus
311 2267 362 2301 illi
392 2267 496 2302 homo
533 2267 670 2302 fuisset.
714 2268 834 2312 itaque
866 2272 991 2312 partus
1023 2267 1174 2302 ancillae

87 2313 225 2348 restitui
249 2312 373 2355 debet,
405 2313 563 2357 quamvis
587 2317 713 2357 postea
738 2313 851 2347 editus
877 2313 943 2355 sit,
969 2323 1075 2357 quam
1099 2323 1173 2347 ma-

87 2363 176 2394 trem
201 2358 287 2400 eius,
311 2361 394 2402 post
418 2362 604 2402 acceptum
629 2358 765 2393 scilicet
784 2358 964 2400 iudicium,
989 2368 1175 2403 possessor

87 2404 307 2448 usuceperit:
333 2413 402 2448 quo
428 2413 515 2438 casu
540 2403 645 2437 etiam
670 2403 714 2438 de
731 2408 850 2448 partu,
876 2404 969 2438 sicut
988 2404 1031 2438 de
1050 2407 1174 2446 matre,

89 2453 124 2484 et
146 2449 288 2484 traditio
315 2453 350 2483 et
374 2449 491 2483 cautio
518 2448 562 2483 de
585 2448 666 2483 dolo
692 2449 895 2484 necessaria
920 2452 983 2483 est.

135 2492 184 2531 21
213 2493 372 2529 PAULUS
393 2493 483 2529 libro
507 2495 698 2529 vicensimo
716 2495 839 2546 primo
864 2494 915 2529 ad
938 2494 1091 2530 edictum
1139 2493 1177 2529 Si

92 2551 113 2575 a
136 2540 253 2575 bonae
275 2538 359 2573 fidei
381 2548 589 2583 possessore
611 2538 742 2583 fugent
765 2549 908 2582 servus,
943 2539 1176 2584 requiremus,

90 2596 136 2620 an
159 2584 240 2619 talis
272 2584 398 2626 fuerit,
432 2587 473 2618 ut
496 2587 531 2618 et
556 2584 727 2619 custodiri
751 2584 923 2620 debuerit.
960 2595 1043 2620 nam
1068 2585 1098 2620 si
1121 2585 1174 2619 in-

89 2635 209 2675 tegrae
233 2629 408 2674 opinionis
432 2629 630 2671 videbatur,
655 2633 696 2663 ut
719 2640 792 2664 non
812 2629 972 2665 debuerit
993 2630 1175 2672 custodiri,

90 2675 326 2711 absolvendus
351 2678 406 2710 est
428 2684 634 2719 possessor,
658 2678 699 2709 ut
721 2678 858 2717 tamen,
885 2675 914 2710 si
936 2675 1072 2710 interea
1096 2685 1177 2710 eum

91 2724 318 2766 usuceperat‚
350 2720 551 2755 actionibus
585 2720 657 2754 suis
683 2720 787 2754 cedat
809 2720 955 2765 petitori
979 2724 1015 2755 et
1036 2720 1176 2755 fructus

92 2767 165 2801 eius
196 2765 365 2811 temporis
397 2776 467 2809 quo
502 2765 661 2810 possedit
693 2769 861 2810 praestet.
899 2765 996 2810 quod
1027 2765 1057 2800 si
1088 2776 1177 2800 non·

92 2811 175 2846 dum
199 2822 279 2846 eum
302 2810 484 2855 usucepit,
520 2810 774 2845 absolvendum
799 2821 880 2845 eum
904 2811 980 2845 sine
1005 2811 1177 2845 cautioni-

91 2857 177 2898 bus,
212 2860 254 2891 ut
284 2855 371 2890 nihil
404 2859 528 2890 caveat
551 2855 694 2900 petitori
717 2855 761 2890 de
784 2856 1031 2901 persequenda
1055 2866 1097 2890 ea
1119 2867 1176 2891 re:

93 2912 160 2946 quo
194 2901 310 2936 minus
343 2900 436 2935 enim
467 2901 599 2945 petitor
630 2911 707 2936 eam
738 2912 813 2936 rem
847 2901 1013 2946 persequi
1047 2904 1177 2946 potest,

96 2947 253 2991 quamvis
284 2945 443 2987 interim,
475 2945 559 2980 dum
591 2946 628 2980 in
658 2946 744 2991 fuga
769 2946 832 2989 sit,
865 2946 1081 2991 usucapiat‘?
1113 2957 1179 2981 nec

93 2992 250 3036 iniquum
273 2991 310 3025 id
334 3001 411 3026 esse
432 2991 649 3036 Pomponius
673 2991 762 3027 libro
787 2992 990 3036 trigensimo
1015 3002 1109 3026 nono
1135 2991 1180 3026 ad

96 3036 247 3071 edictum
271 3036 404 3071 scribit.
442 3036 472 3071 si
495 3046 578 3071 vero
605 3037 857 3072 custodiendus
881 3037 970 3079 fuit,
996 3037 1102 3072 etiam
1125 3037 1179 3082 ip-

95 3081 167 3116 sius
190 3082 332 3116 nomine
356 3081 518 3115 damnari
542 3081 702 3124 debebit,
726 3086 768 3116 ut
790 3086 930 3125 tamen,
956 3083 986 3117 si
1011 3093 1076 3117 usu
1101 3092 1180 3117 eum

95 3137 166 3161 non
198 3127 309 3171 cepit,
344 3130 444 3161 actor
476 3127 508 3161 ei
532 3127 730 3162 actionibus
756 3128 828 3162 suis
854 3127 969 3163 cedat.
1018 3127 1179 3162 Iulianus

96 3175 212 3206 autem
235 3172 272 3206 in
294 3171 350 3206 his
375 3171 537 3214 casibus,
569 3172 630 3206 ubi
661 3177 808 3217 propter
838 3172 958 3217 fugam
982 3173 1073 3208 servi
1097 3183 1179 3218 pos-

97 3226 213 3251 sessor
244 3216 459 3259 absolvitur,
496 3217 563 3251 etsi
586 3228 657 3252 non
683 3218 820 3262 cogitur
845 3228 969 3253 cavere
993 3218 1037 3253 de
1060 3228 1179 3263 perse-

97 3261 236 3306 quenda
258 3272 307 3304 re,
331 3265 450 3296 tamen
475 3272 599 3297 cavere
623 3262 751 3297 debere
775 3274 1028 3308 possessorem,
1052 3263 1083 3298 si
1106 3274 1181 3298 rem

97 3310 249 3341 nanctus
282 3307 406 3348 fuerit,
440 3311 480 3341 ut
511 3317 589 3341 eam
613 3308 797 3350 restituat,
832 3308 939 3353 idque
963 3309 1180 3354 Pomponius

97 3351 186 3385 libro
211 3351 412 3402 trigensimo
438 3356 564 3396 quarto
596 3353 774 3388 variarum
806 3353 998 3389 lectionum
1029 3354 1179 3398 probat:

98 3395 192 3440 quod
215 3406 329 3430 venus
354 3400 418 3431 est.

144 3437 197 3476 22
219 3439 410 3476 ULPIANUS
428 3441 518 3477 libro
538 3445 644 3478 sexto
665 3443 800 3478 decimo
820 3443 870 3478 ad
888 3443 1041 3479 edictum
1078 3443 1181 3487 Quod

100 3484 129 3519 si
152 3484 233 3536 dolo
257 3486 473 3529 possessoris
496 3486 645 3532 fugerit,
680 3487 921 3523 damnandum
946 3498 1045 3530 eum,
1079 3488 1182 3533 quasi

99 3529 308 3573 possideret.

145 3571 197 3610 23
223 3573 279 3625 Pp
287 3583 381 3609 ULUS
401 3574 490 3610 libro
514 3577 704 3612 vicensimo
722 3578 844 3624 primo
869 3578 919 3613 ad
940 3576 1093 3612 edictum
1140 3576 1182 3610 In

99 3628 172 3653 rem
196 3622 288 3653 actio
313 3620 481 3664 competit
504 3620 547 3663 ei,
571 3622 632 3666 qui
655 3625 719 3657 aut
741 3623 818 3657 iure
840 3621 996 3667 gentium
1019 3625 1083 3656 aut
1105 3621 1182 3656 iure

103 3731 143 3771 (ι)
167 3731 353 3763 necessarie
367 3732 398 3763 ei
412 3732 461 3764 rei
475 3733 566 3765 cedit
577 3747 638 3767 scr.
734 3736 776 3776 (2)
803 3735 1076 3767 ferruminationi
1086 3735 1120 3767 F

2225 106 2332 148 V11

1244 231 1258 262 1
1310 227 1402 263 civili
1427 226 1621 262 dominium
1646 227 1822 272 adquisiit.
1871 228 1972 263 Loca
1995 237 2120 270 sacra,
2144 227 2230 263 item
2254 227 2336 262 reli-

1241 272 1351 317 giosa,
1377 273 1480 318 quasi
1503 276 1628 307 nostra
1651 273 1687 306 in
1712 283 1785 307 rem
1810 274 1951 308 actione
1974 273 2047 318 peti
2071 283 2145 308 non
2168 278 2331 318 possunt.

1243 322 1262 352 2
1311 317 1348 353 Si
1380 318 1458 363 quis
1491 317 1543 352 rei
1575 328 1662 352 suae
1695 318 1846 352 alienam
1878 329 1952 353 rem
1986 318 2038 353 ita
2073 318 2262 360 adiecerit,
2295 321 2336 353 ut

1242 373 1326 408 pars
1361 364 1435 398 eius
1468 362 1588 404 fieret,
1620 363 1730 398 veluti
1762 363 1792 397 si
1850 364 1904 398 uis
1937 367 2080 399 statuae
2111 374 2198 399 suae
2231 364 2335 398 brac-

1242 409 1361 443 chium
1386 412 1450 443 aut
1473 408 1600 453 pedem
1625 408 1778 443 alienum
1802 419 1824 442 a
1851 409 1992 450 iecerit,
2025 412 2089 443 aut
2113 409 2247 454 scypho
2273 419 2336 443 an-

1241 464 1317 489 sam
1341 454 1395 488 vel
1419 453 1581 495 fundum,
1605 454 1661 488 vel
1683 454 1897 488 candelabro
1920 454 2082 498 sigillum,
2109 459 2172 489 aut
2193 464 2337 489 mensae

1240 499 1386 544 pedem,
1419 499 1601 534 dominum
1634 499 1709 534 eius
1741 499 1852 534 totius
1884 499 1936 533 rei
1968 499 2062 534 effici
2085 510 2238 544 vereque
2262 503 2336 536 sta-

1241 549 1339 579 tuam
1371 555 1471 579 suam
1504 544 1681 578 dicturum
1714 548 1749 578 et
1783 545 1956 596 scyphum
1980 545 2139 589 plerique
2162 549 2260 580 recte
2285 544 2337 579 di-

1242 593 1261 624 3
1311 593 1408 624 cunt.
1459 589 1529 624 Sed
1562 593 1597 623 et
1628 589 1683 631 id,
1717 589 1814 634 quod
1845 600 1883 624 111
1916 590 2043 624 charta
2066 601 2145 624 mea
2169 590 2340 625 scribitur

1241 638 1305 670 aut
1328 635 1365 669 in
1388 635 1512 669 tabula
1535 634 1702 679 pingitur,
1728 635 1849 669 statim
1871 645 1988 669 meum
2008 634 2067 669 fit:
2093 636 2176 670 licet
2198 635 2241 671 de
2262 635 2338 680 pic-

1241 684 1323 715 tura
1347 680 1491 725 quidam
1517 684 1644 715 contra
1669 680 1847 715 senserint
1895 684 2018 725 ropter
2028 681 2194 759 (pretium
2218 680 2336 725 pictu-

1240 736 1322 760 rae:
1348 725 1412 760 sed
1435 735 1583 760 11666336
1607 729 1661 759 est
1685 725 1717 760 ei
1740 725 1791 760 rei
1815 736 1855 761 66
1882 726 1928 768 i¹,
1955 736 2024 770 quo
2075 726 2151 760 sine
2174 726 2235 760 illa
2261 735 2339 761 esse

1241 774 1262 805 4
1309 781 1382 806 11011
1416 774 1545 816 potest.
1594 771 1635 804 In
1667 770 1832 806 omnibus
1864 770 1971 815 igitur
2002 770 2099 813 istis,
2135 771 2171 805 in
2206 771 2334 816 quibus

1241 826 1320 851 mea
1343 827 1400 851 res
1425 826 1488 868 per
1511 816 1789 860 praevalentiam
1809 816 1961 851 alienam
1981 826 2054 850 rem
2074 816 2186 850 trahit
2208 827 2338 851 meam-

1242 872 1310 942 que
1344 861 1472 904 efficit,
1505 861 1535 896 si
1566 872 1644 896 eam
1668 871 1742 896 rem
1766 861 1959 903 vindicem,
1994 871 2059 906 per
2091 862 2337 913 exceptionem

1267 907 1315 942 oli
1338 907 1423 941 mali
1456 917 1564 951 cogar
1596 907 1750 951 pretium
1782 907 1857 942 eius
1890 906 1984 952 quod
2016 911 2209 941 accesserlt
2241 906 2337 942 dare.

1242 955 1261 987 5
1310 953 1399 987 Item
1434 962 1679 997 quaecumque
1704 952 1782 987 aliis
1807 953 1929 987 iuncta
1953 952 2025 987 sive
2050 952 2192 986 adiecta
2217 962 2338 987 acces-

1242 998 1351 1033 sionis
1375 998 1455 1033 loco
1491 997 1640 1040 cedunt,
1674 1007 1716 1032 ea
1771 998 1918 1032 uamdiu
1951 998 2145 1032 cohaerent
2176 997 2339 1032 dominus

1240 1043 1422 1078 vindicare
1446 1054 1518 1078 non
1542 1046 1680 1088 potest,
1707 1053 1745 1077 se
1795 1043 1841 1077 ad
1865 1043 2103 1078 exhibendum
2129 1053 2234 1087 agere
2276 1053 2339 1086 po-

1242 1092 1324 1131 test,
1347 1093 1387 1124 ut
1419 1093 1630 1133 separentur
1655 1092 1690 1123 et
1713 1092 1800 1123 tunc
1824 1088 2066 1123 vindicentur:
2107 1088 2244 1123 scilieet
2278 1097 2337 1122 ex·-

1243 1137 1346 1179 cepto
1383 1144 1444 1175 eo,
1481 1134 1577 1179 quod
1610 1133 1755 1169 Cassius
1793 1134 1837 1169 de
1873 1132 2166 1168 ferruminatione
2202 1133 2335 1168 scribit.

1242 1179 1328 1214 dicit
1352 1179 1455 1221 enim,
1481 1180 1511 1214 si
1535 1182 1676 1214 statuae
1700 1189 1787 1214 suae
1810 1179 2127 1214 ferruminatione²
2150 1178 2337 1213 iunctum-‘³

1241 1225 1451 1260 bracchium
1473 1225 1530 1267 sit,
1551 1225 1688 1259 unitate
1708 1224 1852 1260 maioris
1873 1225 1985 1269 partis
2007 1224 2167 1259 consumi
2188 1227 2223 1258 et
2244 1223 2340 1268 quod

1242 1270 1349 1305 semel
1374 1270 1527 1305 alienum
1550 1270 1688 1305 factum
1713 1270 1769 1312 sit,
1796 1270 1934 1305 etiamsi
1957 1269 2039 1304 inde
2063 1270 2257 1314 abruptum
2282 1269 2339 1311 sit,

1241 1315 1358 1350 redire
1383 1316 1429 1350 ad
1478 1316 1608 1350 riorem
1633 1315 1814 1350 dominum
1839 1326 1911 1350 non
1934 1326 2051 1360 posse.
2088 1325 2160 1350 non
2185 1314 2279 1349 idem
2303 1314 2340 1349 in

1243 1371 1284 1396 eo
1308 1361 1403 1406 quod
1423 1371 1444 1395 a
1471 1361 1694 1406 plumbatum
1715 1361 1772 1403 sit,
1798 1361 1882 1406 quia
1901 1360 2148 1396 ferruminatio
2169 1370 2233 1405 per
2254 1370 2339 1394 ean-

1243 1407 1322 1441 dem
1357 1407 1543 1441 materiam
1577 1406 1665 1441 facit
1698 1405 1963 1448 confusionem,
1999 1406 2230 1451 plumbatura
2266 1416 2339 1440 non

1243 1452 1336 1487 idem
1361 1451 1480 1487 efficit.
1516 1451 1668 1496 ideoque
1691 1452 1727 1486 in
1753 1452 1916 1486 omnibus
1941 1451 1995 1486 his
2022 1451 2176 1493 casibus,
2203 1451 2239 1485 in
2285 1451 2338 1485 ui-

1243 1498 1310 1532 bus
1331 1508 1446 1542 neque
1467 1497 1513 1531 ad
1534 1497 1771 1532 exhibendum
1792 1507 1906 1542 neque
1927 1497 1964 1531 in
1984 1507 2059 1531 rem
2078 1497 2198 1532 locum
2219 1496 2266 1530 ha
2293 1500 2339 1538 et,

1242 1543 1279 1577 in
1302 1542 1439 1576 factum
1463 1542 1557 1577 aetio
1583 1543 1787 1577 necessaria
1811 1547 1875 1578 est.
1912 1546 1951 1577 at
1973 1542 2010 1576 in
2034 1541 2089 1576 his
2115 1542 2338 1586 corporibus,

1243 1598 1335 1632 quae
1360 1597 1404 1621 ex
1428 1587 1645 1622 distantibus
1666 1588 1876 1632 corporibus
1899 1590 2029 1629 essent,
2054 1591 2198 1622 constat
2218 1587 2337 1631 singu-

1242 1634 1296 1668 las
1314 1636 1435 1677 partes
1458 1633 1611 1668 retinere
1632 1643 1735 1667 suam
1754 1633 1936 1678 propriam
1959 1632 2125 1677 speciem,
2150 1635 2192 1666 ut
2211 1631 2339 1676 singuli

1243 1678 1422 1720 homines,
1457 1678 1615 1722 singulae
1647 1689 1749 1713 oves:
1782 1678 1934 1722 ideoque
1966 1687 2073 1722 posse
2107 1687 2164 1712 me
2199 1687 2260 1721 gre
2285 1687 2339 1712 em

1243 1723 1442 1765 vindicare,
1477 1724 1637 1768 quamvis
1670 1723 1762 1758 aries
1794 1727 1877 1758 tuus
1911 1723 1957 1758 sit
1980 1722 2181 1764 immixtus,
2217 1732 2254 1757 se
2304 1726 2339 1757 et

1242 1773 1278 1804 te
1313 1768 1458 1803 arietem
1490 1768 1671 1804 vindicare
1703 1778 1820 1813 posse.
1858 1768 1955 1813 quod
1978 1779 2050 1803 non
2081 1768 2175 1802 idem
2207 1767 2244 1802 in
2279 1778 2338 1802 co-

1243 1814 1472 1849 haerentibus
1494 1814 1703 1858 corporibus
1725 1814 1896 1849 eveniret:
1921 1824 2005 1848 nam
2025 1813 2056 1848 si
2077 1817 2218 1848 statuae
2238 1822 2339 1848 meae

1243 1860 1450 1894 bracchium
1475 1859 1612 1894 alienae
1636 1863 1778 1894 statuae
1802 1859 2000 1900 addideris,
2033 1869 2105 1894 non
2137 1868 2242 1903 posse
2268 1857 2340 1893 dici

1244 1905 1451 1940 bracchium
1482 1908 1583 1939 tuum
1617 1915 1711 1947 esse,
1746 1904 1829 1949 quia
1861 1908 1939 1939 tota
1971 1907 2091 1939 statua
2114 1914 2186 1938 uno
2213 1903 2338 1948 spiritu

1245 1953 1265 1985 6
1314 1950 1527 1985 continetur.
1565 1950 1718 1994 Tignum
1741 1950 1896 1984 alienum
1920 1949 2066 1984 aedibus
2090 1949 2252 1984 iunctum
2272 1959 2339 1983 nec

1243 1995 1415 2030 vindicari
1446 1999 1565 2040 potest
1589 1999 1744 2075 (propter
1774 1996 1886 2040 legem
1913 1994 2100 2030 duodecim
2123 1994 2339 2035 tabularum,

1244 2051 1309 2076 1166
1334 2051 1375 2075 66
1400 2041 1541 2075 nomine
1565 2051 1586 2075 a
1636 2040 1873 2075 exhibendum
1893 2040 1950 2085 agi
1969 2040 2037 2074 nisi
2057 2039 2227 2075 adversus
2248 2050 2340 2081 eum,

1244 2086 1304 2131 qui
1329 2086 1444 2121 sciens
1469 2086 1624 2120 alienum
1648 2086 1765 2120 iunxit
1789 2086 1955 2120 aedibus:
1989 2085 2052 2120 sed
2077 2088 2131 2120 est
2155 2085 2249 2119 actio
2275 2095 2339 2119 an-

1243 2132 1343 2176 tiqua
1367 2131 1411 2166 de
1435 2131 1531 2176 tigno
1556 2131 1699 2174 iuncto,
1733 2141 1825 2175 quae
1849 2132 1886 2165 in
1911 2131 2059 2175 duplum
2084 2141 2127 2165 ex
2150 2130 2226 2175 lege
2251 2130 2338 2165 duo-

1245 2180 1262 2211 7
1312 2176 1426 2212 decim
1450 2177 1656 2211 tabularum
1681 2176 1875 2212 descendit.
1914 2177 2003 2211 Item
2028 2176 2058 2211 si
2106 2176 2161 2210 uis
2187 2186 2230 2210 ex
2253 2175 2338 2210 alie-

1244 2222 1299 2257 nis
1324 2222 1493 2257 cementis
1518 2222 1555 2256 in
1587 2223 1662 2257 solo
1696 2233 1760 2257 suo
1795 2221 2051 2264 aedificaverit,
2110 2231 2229 2256 omum
2262 2220 2339 2265 qui-

1245 2267 1324 2303 dem
1347 2267 1528 2302 vindicare
1552 2267 1703 2312 poterit,
1731 2271 1891 2302 cementa
1915 2270 2035 2301 autem
2059 2266 2218 2301 resoluta
2241 2266 2339 2310 prior

1244 2312 1408 2348 dominus
1432 2313 1635 2354 vindicabit,
1663 2313 1800 2348 etiamsi
1827 2316 1910 2357 post
1937 2316 2078 2356 tempus
2107 2311 2339 2356 usucapionis

1244 2358 1455 2393 dissolutum
1491 2358 1537 2393 sit
1573 2358 1791 2400 aedificium,
1827 2361 2018 2402 postquam
2054 2367 2075 2391 a
2109 2357 2225 2391 bonae
2256 2355 2339 2391 fidei

1246 2407 1405 2448 emptore
1440 2414 1646 2448 possessum
1679 2404 1742 2439 sit:
1781 2413 1847 2438 nec
1881 2403 1973 2437 enim
2005 2402 2143 2447 singula
2176 2406 2338 2436 cementa

1244 2449 1518 2493 usucapiuntur,
1532 2449 1562 2484 si
1575 2449 1700 2484 domus
1714 2459 1777 2493 per
1786 2448 1955 2493 temporis
1965 2448 2119 2492 spatium
2129 2450 2253 2482 nostra
2261 2446 2336 2480 fiat.

1291 2492 1345 2530 24
1373 2494 1496 2529 GAIUS
1517 2494 1608 2530 libro
1633 2495 1783 2541 septimo
1804 2494 1852 2528 ad
1871 2493 2024 2528 edictum
2041 2492 2269 2538 provinciale
2302 2491 2338 2527 Is

1245 2540 1305 2585 qui
1338 2539 1528 2574 destinavit
1558 2550 1633 2574 rem
1664 2543 1785 2584 petere
1818 2538 2097 2573 animadvertere
2129 2536 2254 2579 debet,
2291 2547 2338 2571 an

1245 2585 1362 2629 aliquo
1388 2584 1577 2620 interdicto
1603 2586 1717 2630 possit
1749 2583 1910 2618 nancisci
1941 2582 2221 2627 possessionem,
2256 2582 2339 2626 quia

1244 2631 1348 2674 longe
1373 2630 1590 2665 commodius
1617 2634 1671 2665 est
1694 2630 1810 2674 ipsum
1834 2628 2017 2673 possidere
2042 2631 2077 2662 et
2096 2627 2339 2662 adversarium

1246 2675 1292 2710 ad
1325 2685 1436 2710 onera
1466 2675 1629 2719 petitoris
1662 2674 1874 2719 compellere
1908 2683 2015 2718 quam
2039 2672 2108 2707 alio
2132 2672 2338 2717 possidente

1273 2724 1379 2755 etere.

1246 2732 1269 2766 p
1293 2763 1344 2801 25
1378 2764 1572 2801 ULPIANUS
1600 2763 1691 2799 libro
1715 2763 2005 2815 septuaqensz'mo
2030 2762 2080 2798 ad
2101 2762 2255 2799 edictum
2303 2763 2337 2798 Is

1247 2811 1308 2856 qui
1340 2821 1378 2845 se
1410 2810 1539 2855 optulit
1569 2809 1622 2844 rei
1654 2807 1852 2843 defensioni
1883 2808 1959 2843 sine
1991 2818 2119 2851 causa,
2153 2819 2234 2843 611111
2266 2818 2338 2843 11011

1247 2855 1447 2900 possideret
1470 2865 1536 2890 1166
1560 2854 1641 2889 (1610
1674 2854 1836 2896 fecisset,
1869 2864 1940 2898 quo
1972 2854 2088 2889 minus
2120 2853 2335 2899 possideret:

1247 2901 1277 2935 si
1302 2904 1402 2935 actor
1425 2900 1581 2944 ignoret,
1614 2910 1686 2934 non
1717 2902 1771 2934 est
1795 2899 2050 2942 absolvendus,
2082 2903 2123 2933 ut
2145 2898 2337 2934 Marcellus

1248 2946 1314 2980 ait:
1341 2956 1432 2990 quae
1457 2944 1633 2979 sententia
1655 2955 1740 2979 vera
1760 2947 1823 2979 est.
1862 2944 1925 2979 sed
1943 2944 2013 2979 hoc
2033 2948 2117 2989 post
2135 2944 2232 2979 litem
2253 2954 2336 2979 con-

1248 2994 1433 3025 testatam:
1468 2993 1626 3025 ceterum
1657 2993 1740 3024 ante
1770 2989 1941 3024 iudicium
1966 2993 2154 3035 acceptum
2178 3000 2251 3024 non
2276 2989 2336 3024 de-

1249 3036 1335 3081 cipit
1358 3039 1516 3070 actorem
1540 3034 1601 3079 qui
1624 3045 1662 3070 se
1685 3038 1791 3079 negat
1814 3034 2015 3086 possidere,
2048 3046 2128 3070 cum
2160 3044 2242 3070 vere
2265 3045 2337 3069 non

1248 3080 1463 3126 possideret:
1488 3090 1555 3115 nec
1578 3080 1716 3115 videtur
1740 3090 1778 3115 se
1801 3080 1854 3114 liti
1878 3080 2052 3125 optulisse
2076 3079 2137 3125 qui
2161 3079 2334 3114 discessit.

1295 3123 1348 3162 26
1374 3125 1429 3160 ΡΑ
1438 3135 1533 3160 Utus
1561 3125 1651 3160 libro
1682 3125 1839 3160 secundo
1871 3125 1921 3161 ad
1952 3125 2136 3160 Plautium
2182 3124 2274 3159 Nam
2306 3123 2336 3159 si

1249 3175 1350 3206 actor
1374 3171 1459 3213 scit,
1491 3173 1579 3205 tunc
1601 3170 1632 3205 is
1657 3181 1730 3205 non
1753 3170 1798 3205 ab
1824 3170 1913 3213 alio,
1946 3170 2009 3205 sed
2033 3181 2055 3204 a
2079 3180 2117 3205 se
2141 3169 2334 3214 decipitur:

1250 3220 1285 3251 et
1307 3216 1387 3251 ideo
1411 3225 1494 3250 reus
1519 3215 1723 3250 absolvitur.

1297 3259 1348 3297 27
1376 3260 1483 3296 IDEM
1509 3260 1600 3296 libro
1631 3261 1821 3296 vicensimo
1848 3261 1969 3306 primo
2002 3260 2051 3295 ad
2073 3259 2226 3295 edictum
2274 3257 2335 3292 Sin

1250 3310 1369 3342 autem
1393 3316 1474 3341 cum
1497 3316 1519 3340 a
1542 3305 1636 3341 Titio
1661 3309 1782 3358 petere
1805 3307 1946 3347 vellem,
1980 3304 2107 3350 aliquis
2139 3303 2266 3338 dixerit
2296 3311 2335 3336 se

1250 3351 1431 3396 possidere
1456 3353 1492 3385 et
1514 3350 1594 3386 ideo
1618 3351 1672 3385 lit1
1695 3361 1734 3386 se
1758 3351 1905 3396 optulit,
1938 3354 1974 3385 et
2005 3351 2072 3385 hoc
2095 3349 2212 3393 ipsum
2234 3348 2272 3381 in
2296 3356 2335 3380 re

1250 3396 1389 3441 agenda
1411 3395 1602 3431 testatione
1650 3397 1843 3439 robavero,
1868 3395 2069 3431 omnimodo
2094 3392 2333 3429 condemnan-

1255 3445 1266 3476 l
1319 3441 1385 3476 dus
1409 3444 1473 3476 est.
1522 3407 1710 3476 Possifiere
1733 3445 1852 3476 autem
1875 3441 2002 3485 aliquis
2026 3439 2131 3474 debet
2153 3437 2275 3481 utique
2299 3439 2335 3470 et

1249 3486 1319 3521 litis
1352 3489 1574 3522 contestatae
1597 3490 1756 3531 tempore
1780 3489 1816 3521 et
1839 3497 1908 3530 quo
1932 3495 1989 3520 res
2013 3483 2201 3519 iudicatur.
2239 3480 2334 3525 quod

1249 3531 1279 3566 si
1302 3531 1374 3565 litis
1399 3531 1669 3567 contestationis
1701 3535 1772 3566 tem
1799 3541 1861 3566 ore
1893 3529 2070 3582 possedit,
2103 3537 2183 3578 cum
2216 3529 2334 3559 autem

1248 3586 1305 3610 res
1328 3575 1505 3611 iudicatur
1528 3576 1604 3612 sine
1623 3576 1705 3612 dolo
1725 3587 1783 3610 ma
1797 3587 1818 3611 o
1840 3575 1957 3610 am1sit
1975 3580 2245 3619 possesswnem,
2269 3570 2332 3604 ab·

1249 3620 1437 3656 solvendus
1457 3624 1512 3656 est
1530 3631 1726 3667 possessor.
1762 3621 1847 3656 item
1866 3621 1897 3655 si
1914 3619 1984 3654 litis
2005 3618 2225 3653 contestatae
2245 3618 2332 3649 tem·
2371 3653 2375 3655 ,

1206 3735 1249 3774 (3)
1274 3736 1369 3766 tuum
1381 3735 1442 3767 im.

1992 3784 2063 3818 12*
