2528 3918
105 117 300 150 ACTIONE

104 227 253 264 scientia
292 227 366 262 eius
398 236 470 262 non
501 224 659 260 sufficiat
690 223 736 258 ad
771 223 1056 268 negotiationem.
1105 222 1191 269 quid

105 284 185 318 ergo
220 274 298 308 est?
331 271 479 308 scientia
502 270 642 315 quidem
666 269 795 304 tutoris
819 273 854 304 et
878 270 1054 305 curatoris
1087 268 1192 304 debet

104 319 223 353 facere
246 318 363 352 locum
386 316 470 351 huic
494 314 644 350 actioni:
670 313 773 349 dolus
790 317 909 349 autem
928 318 1104 360 quatenus
1125 324 1189 349 no-

105 367 194 405 ceat,
218 362 367 398 ostendi.

149 407 173 445 4
198 407 254 442 PA
263 415 357 442 nos
383 406 473 442 libro
498 405 705 451 triqensz'mo
729 404 780 440 ad
801 404 954 440 edictum
1001 404 1039 440 Si
1072 404 1188 449 pupil-

103 454 176 495 lus,
211 453 309 488 cuius
340 454 439 486 tutor
470 450 609 492 scierit,
646 449 760 495 pubes
793 449 912 485 factus
947 450 1002 485 vel
1031 449 1189 485 furiosus

103 508 212 533 sanae
246 496 373 532 mentis
409 495 550 531 dolum¹
588 494 796 538 admittant,
840 498 1007 530 tenentur
1042 505 1087 530 ex
1119 495 1188 529 1100

104 543 229 578 edicto.

148 587 170 624 5
200 587 393 623 ULPIANUS
408 585 498 620 libro
518 585 708 620 vicensimo
728 596 823 620 nono
843 585 893 621 ad
911 585 1064 621 edictum
1098 584 1187 619 Pro-

103 632 276 668 curatoris
308 635 426 666 autem
458 630 642 665 scientiam
674 634 709 665 et
740 630 861 665 dolum
895 640 1024 665 nocere
1059 629 1189 664 debere

103 678 241 713 domino
262 687 376 721 neque
394 675 613 720 Pomponius
634 675 775 710 dubitat
795 686 861 710 nec
885 686 951 711 nos
970 675 1186 710 dubitamus.

104 727 118 758 1
169 723 205 758 Si
236 722 387 757 vicarius
421 721 511 755 servi
543 721 611 755 mei
642 721 859 766 negotietur,
896 721 927 756 si
961 721 1102 766 quidem
1132 730 1188 754 me

102 769 244 810 sciente,
269 766 457 802 tributoria
480 766 637 808 tenebor,
663 766 692 801 si
712 776 767 800 me
786 766 982 811 ignorante,
1009 765 1186 801 ordinario

102 814 244 855 sciente,
270 812 312 847 de
336 811 475 857 peculio
501 811 576 846 eius
597 811 773 846 actionem
794 811 949 846 dandam
968 811 1187 856 Pomponius

101 859 189 894 111110
207 857 450 902 sexagensimo
471 856 625 900 scripsit,
646 867 711 892 nec
734 856 982 892 deducendum
1005 867 1048 891 ex
1065 856 1188 891 vicarii

127 904 258 946 eculio,
291 902 386 948 quod
410 901 587 938 ordinario
614 901 782 944 debetur,
817 913 898 937 cum
921 902 958 936 id
983 901 1079 947 quod
1102 901 1189 936 mihi

101 916 249 984 301101111-
273 948 478 983 deducatur.
517 946 580 982 sed
603 947 633 981 si
657 951 807 992 uterque
830 947 1033 990 scierimus,
1066 950 1102 982 et
1123 946 1187 981 tri-

101 994 302 1029 butoriam2
327 996 362 1028 et
386 993 428 1028 de
451 992 590 1037 peculio
615 992 790 1028 actionem
815 996 1016 1038 competere
1039 993 1100 1034 ait,
1124 991 1186 1026 tri-

102 1040 279 1075 butoriam
302 1038 447 1073 vicarii³
471 1038 630 1080 nomine,
656 1037 700 1072 de
723 1038 862 1083 peculio
887 1049 970 1073 vero
996 1037 1185 1073 ordinarii:

103 1085 230 1130 eligere
261 1089 380 1119 tamen
413 1083 540 1118 debere
571 1086 751 1128 agentem,
789 1094 860 1128 qua
894 1083 1014 1129 potius
1047 1083 1188 1118 actione

101 1130 312 1175 experiatur,
338 1129 389 1164 sic
413 1132 542 1170 tamen,
567 1132 608 1163 ut
631 1132 820 1174 utrumque
839 1129 1017 1164 tribuatur
1037 1131 1072 1163 et
1093 1127 1188 1173 quod

103 1175 186 1210 mihi
211 1179 246 1210 et
270 1174 364 1219 quod
389 1185 489 1209 servo
515 1173 682 1216 debetur,
709 1185 808 1216 cum,
841 1174 872 1209 si
896 1184 1018 1209 servus
1043 1173 1186 1209 ordina-

99 1222 172 1256 rius
196 1221 404 1265 ignorasset,
430 1218 666 1254 deduceretur
689 1218 881 1264 integrum,
916 1219 1011 1264 quod
1035 1219 1068 1254 ei
1092 1229 1114 1253 a
1136 1218 1186 1253 vi-

100 1269 119 1301 2
168 1266 263 1301 cario
286 1265 443 1300 debetur.
494 1264 563 1299 Sed
587 1268 622 1299 et
645 1264 675 1299 si
699 1265 830 1299 ancilla
849 1264 1099 1309 negotiabitur,
1124 1263 1186 1298 ad-

100 1314 119 1346 3
167 1310 375 1346 111111011ᾱο111
409 1309 634 1345 tributoriam
670 1309 831 1345 dicimus.
878 1311 969 1345 Item
999 1309 1099 1355 parvi
1130 1319 1185 1344 re-

98 1356 185 1399 fert,
219 1367 299 1391 cum
329 1357 407 1400 ipso
441 1365 541 1390 servo
575 1356 809 1390 contrahatur
841 1366 888 1390 an
920 1366 1001 1390 cum
1024 1354 1187 1390 institore

99 1405 119 1437 4
166 1402 251 1437 eius.
301 1401 443 1436 ‘Mercis
466 1400 620 1435 nomine'
644 1401 769 1436 merito
793 1400 964 1443 adicitur,
996 1410 1041 1435 ne
1073 1400 1187 1435 omnis

100 1451 118 1482 5
166 1447 358 1491 negotiatio
385 1457 465 1481 cum
490 1456 531 1481 eo
555 1445 654 1481 facta
677 1446 903 1481 tributoriam
923 1446 1080 1481 inducat.
1117 1445 1188 1481 Per

99 1493 192 1528 hanc
217 1493 392 1528 actionem
416 1491 525 1526 tribui
546 1491 709 1534 iubetur,
741 1491 837 1537 quod
869 1502 914 1527 ex
945 1502 988 1526 ea
1011 1501 1128 1526 merce
1153 1493 1188 1527 et

100 1541 120 1572 6
167 1537 262 1583 quod
295 1548 335 1573 eo
360 1537 500 1572 nomine
524 1540 707 1581 receptum
732 1540 796 1572 est.
844 1537 887 1571 In
918 1537 1091 1572 tributum
1122 1547 1186 1571 au-

99 1587 169 1618 tem
201 1587 394 1625 vocantur,
427 1582 487 1627 qui
510 1582 547 1616 in
570 1585 748 1627 potestate
772 1582 925 1625 habent,
959 1593 1040 1617 cum
1074 1581 1186 1617 credi-

101 1632 118 1663 7
168 1629 305 1663 toribus
318 1627 455 1663 mercis.
502 1627 572 1662 Sed
583 1630 637 1662 est
649 1627 860 1672 quaesitum,
884 1627 1048 1663 dominus
1068 1630 1187 1662 utrum

98 1675 148 1708 ita
172 1673 311 1708 demum
335 1673 510 1718 partietur
533 1683 576 1708 ex
599 1683 726 1715 merce,
752 1673 783 1708 si
807 1672 892 1718 quid
915 1673 947 1708 ei
971 1673 1098 1708 mercis
1122 1683 1186 1707 no-

99 1719 192 1754 mine
217 1719 399 1760 debeatur,
425 1729 472 1752 an
491 1728 572 1753 vero
593 1722 627 1753 et
646 1718 675 1753 si
696 1728 741 1753 ex
760 1719 831 1753 alia
851 1729 971 1753 causa.
1010 1722 1046 1754 et
1063 1718 1186 1752 Labeo

99 1765 164 1806 ait,
201 1775 245 1799 ex
269 1773 491 1809 quacumque
515 1773 626 1798 causa
650 1763 682 1798 ei
707 1763 898 1806 debeatur,
930 1763 1099 1808 parvique
1131 1773 1186 1798 re-

98 1809 208 1844 ferret
218 1811 249 1852 ⁴,
283 1813 366 1844 ante
397 1819 551 1844 mercem
574 1819 620 1843 an
644 1812 771 1853 postea
795 1809 826 1844 ei
852 1809 980 1844 debere
1005 1808 1089 1854 quid
1113 1819 1185 1844 ser-

98 1866 161 1890 vus
196 1855 370 1899 coeperit:
404 1854 569 1889 sufficere
601 1855 711 1896 enim,
747 1854 842 1899 quod
874 1854 1093 1907 privilegium
1126 1853 1186 1888 de-

100 1903 118 1934 8
166 1899 344 1935 ductionis
375 1899 537 1945 perdidit.
587 1899 679 1944 Quid
710 1902 829 1935 tamen
860 1910 891 1935 81
915 1900 975 1945 qui
999 1899 1186 1935 contrahe-

99 1946 186 1980 bant
209 1946 323 1990 ipsam
346 1956 498 1980 mercem
521 1945 660 1990 pignori
684 1945 914 1989 acceperint?
944 1948 1031 1990 puto
1058 1944 1186 1979 debere

99 1994 119 2026 9
167 1991 247 2033 dici,
272 1990 524 2036 praeferendos
550 1990 690 2025 domino
715 1990 791 2025 iure
810 1990 977 2035 pignoris.
1025 1989 1105 2025 Sive
1123 2000 1186 2024 au-

99 2039 170 2071 tem
201 2036 343 2071 domino
376 2035 448 2071 sive
479 2035 534 2070 his
566 2035 626 2080 qui
656 2036 693 2070 in
716 2039 894 2080 potestate
919 2036 993 2070 eius
1018 2039 1102 2070 sunt
1126 2035 1186 2070 de-

103 2084 142 2116 10
189 2082 326 2123 beatur,
351 2081 474 2125 utique
498 2081 564 2115 erit
586 2081 824 2116 tribuendum.
874 2080 944 2116 Sed
968 2081 998 2116 si
1018 2080 1086 2116 duo
1107 2081 1185 2125 plu-

99 2137 199 2162 resve
223 2126 354 2161 domini
379 2126 459 2168 sint,
484 2126 607 2171 utique
631 2126 795 2161 omnibus
820 2126 995 2161 tribuetur
1018 2136 1083 2171 pro
1108 2129 1187 2160 rata

103 2175 139 2206 11
192 2171 301 2206 debiti
325 2172 390 2206 sui.
439 2170 522 2206 Non
547 2175 665 2206 autem
689 2175 803 2206 totum
827 2172 1007 2216 peculium
1031 2171 1126 2206 venit
1149 2172 1186 2205 in

99 2216 288 2259 tributum,
321 2216 383 2252 sed
407 2216 444 2251 id
468 2216 671 2259 dumtaxat,
704 2217 800 2261 quod
832 2227 876 2252 ex
906 2227 948 2252 ea
979 2227 1096 2252 merce
1121 2219 1186 2258 est,

100 2262 173 2297 sive
204 2272 338 2297 merces
370 2265 515 2296 manent
552 2262 624 2297 sive
659 2262 812 2307 pretium
848 2272 970 2297 earum
1003 2265 1186 2306 receptum

103 2310 142 2342 12
191 2317 442 2342 conversumve
467 2310 520 2342 est
543 2307 580 2342 in
603 2308 792 2352 peculium.
842 2307 912 2343 Sed
944 2311 980 2342 01
1013 2307 1043 2342 81
1068 2307 1186 2342 adhuc

100 2352 271 2388 debeatur
293 2353 419 2388 mercis
444 2352 586 2387 nomine
617 2363 639 2387 a
670 2352 901 2398 quibusdam,
933 2353 1062 2398 quibus
1095 2353 1185 2387 sole-

99 2399 163 2433 bat
185 2408 308 2433 servus
341 2398 554 2440 distrahere,
586 2398 656 2433 1100
688 2409 829 2443 quoque
852 2398 1049 2441 tribuetur,
1080 2401 1188 2443 prout

103 2447 142 2478 13
189 2443 298 2478 fuerit
327 2447 521 2488 receptum.
571 2443 609 2478 Si
632 2447 774 2488 praeter
797 2454 950 2478 mercem
974 2453 1095 2478 servus
1120 2443 1187 2478 iste

99 2489 136 2523 in
167 2489 351 2523 tabernam
382 2489 514 2523 habeat
545 2489 837 2531 instrumentum,
870 2499 916 2523 an
947 2489 1016 2524 1100
1048 2499 1187 2533 quoque

99 2534 302 2569 tribuatur?
338 2537 373 2568 et
391 2534 514 2569 Labeo
540 2534 590 2568 ait
613 2537 649 2568 et
672 2534 741 2569 hoc
764 2533 883 2576 tribui,
909 2537 944 2569 et
968 2538 1022 2569 est
1046 2533 1186 2578 aequis-

99 2579 243 2614 simum:
268 2579 473 2624 plerumque
499 2579 590 2614 enim
614 2579 672 2614 hic
697 2583 891 2624 apparatus
916 2590 959 2614 ex
982 2589 1098 2614 merce
1123 2582 1187 2620 est,

99 2625 203 2659 immo
229 2635 301 2659 sem
329 2635 376 2659 er.
415 2629 534 2660 cetera
556 2628 687 2666 tamen,
712 2635 803 2669 quae
828 2628 928 2660 extra
951 2625 1041 2659 haec
1064 2624 1100 2658 in
1125 2634 1186 2668 pe-

101 2670 231 2704 culium
263 2670 310 2704 ha
338 2670 407 2712 uit,
443 2680 515 2704 non
547 2670 767 2712 tribuentur,
805 2673 846 2704 ut
880 2674 970 2714 puta
1003 2673 1187 2714 argentum

100 2715 225 2749 habuit
249 2715 302 2749 vel
327 2725 464 2757 aurum,
490 2714 557 2750 nisi
581 2715 611 2749 si
634 2715 724 2750 haec
750 2725 793 2750 ex
816 2726 932 2750 merce
957 2715 1185 2760 comparavit.

104 2763 144 2794 14
190 2761 279 2794 Item
300 2761 329 2794 si
349 2761 527 2804 mancipia
547 2760 584 2794 in
605 2760 844 2805 negotiatione
862 2760 989 2795 habuit
1009 2770 1051 2794 ex
1071 2770 1187 2795 merce

106 2808 142 2839 15
190 2809 327 2850 parata,
354 2805 459 2840 etiam
482 2806 572 2840 haec
596 2805 808 2840 tribuentur.
837 2805 894 2840 Si
918 2805 1038 2850 plures
1062 2805 1187 2839 habuit

101 2861 221 2885 servus
254 2850 465 2892 creditores,
499 2850 562 2885 sed
594 2850 768 2896 quosdam
798 2851 835 2885 in
867 2850 1044 2885 mercibus
1071 2850 1186 2891 certis,

101 2906 147 2930 an
180 2906 301 2930 omnes
331 2895 369 2929 in
399 2895 510 2930 isdem
542 2895 781 2931 confundendi
812 2899 916 2930 erunt
948 2899 983 2929 et
1007 2906 1127 2930 omnes
1151 2895 1187 2929 in

100 2941 271 2975 tributum
294 2940 470 2975 vocandi?
501 2944 542 2975 ut
557 2945 646 2985 puta
666 2940 781 2975 duas-'²
805 2940 1062 2985 negotiationes
1087 2950 1186 2975 exer-

103 2986 216 3028 cebat,
242 2989 329 3030 puta
353 2986 528 3030 sagariam
553 2990 588 3021 et
610 2986 829 3028 linteariam,
855 2989 889 3020 et
913 2989 1098 3030 separatos
1122 2986 1186 3019 ha-

102 3030 178 3065 buit
209 3031 412 3065 creditores.
449 3034 536 3075 puto
569 3031 761 3075 separatim
786 3041 845 3066 eos
870 3031 906 3065 in
929 3031 1101 3065 tributum
1125 3041 1185 3065 vo-

102 3076 192 3110 cari:
229 3076 472 3120 unusquisque
508 3076 599 3110 enim
635 3086 758 3111 eorum
794 3076 902 3111 merci
936 3076 1046 3120 magis
1083 3086 1188 3120 quam

106 3124 143 3155 16
191 3121 259 3165 ipsi
295 3121 453 3156 credidit.
511 3121 604 3156 Sed⁶
639 3122 669 3156 si
704 3121 792 3156 duas
826 3122 995 3156 tabernas
1032 3121 1188 3155 eiusdem

102 3166 349 3210 negotiationis
374 3166 533 3201 exercuit
557 3170 592 3200 et
616 3177 678 3211 ego
698 3166 750 3201 fui
769 3167 940 3201 tabernae
958 3166 1055 3201 verbi
1074 3166 1189 3211 gratia

103 3222 207 3255 quam
240 3211 286 3245 ad
316 3211 514 3246 Bucinum⁷
547 3212 673 3246 habuit
704 3212 955 3253 ratiocinator,
989 3212 1079 3246 alius
1112 3211 1186 3246 eiu:

103 3266 207 3300 quam
242 3259 341 3291 trans
377 3256 549 3299 Tiberim,
585 3257 837 3301 aequissimum
872 3260 958 3302 puto
995 3256 1187 3301 separatim

102 3301 329 3336 tributionem
351 3300 562 3342 faciendam,
588 3312 633 3336 ne
656 3312 700 3337 ex
724 3301 869 3337 alterius
892 3312 931 3337 re
951 3311 1110 3336 merceve
1128 3301 1187 3335 alii

107 3348 144 3379 17
192 3345 372 3381 indemnes
396 3346 496 3389 fiant,
521 3347 580 3381 alii
603 3347 770 3381 damnum
790 3346 947 3382 sentiant
956 3347 979 3381 ⁸.
1028 3346 1139 3381 Plane
1158 3345 1188 3380 si

104 3390 141 3424 in
174 3390 296 3425 eadem
325 3391 477 3426 taberna
508 3401 644 3427 merces
677 3391 971 3434 deferebantur⁹‚
1005 3391 1090 3426 licet
1119 3391 1188 3425 hae

104 3445 196 3479 quae
221 3439 359 3470 exstent
372 3437 398 3457 ¹⁰
423 3447 466 3472 ex
489 3437 594 3471 unius
620 3437 805 3472 creditoris
828 3437 980 3482 pecunia
999 3437 1070 3471 sint
1091 3446 1186 3471 com-

105 3483 271 3525 paratae,
308 3480 496 3516 dicendum
532 3482 598 3517 erit
634 3492 755 3517 omnes
785 3482 822 3516 111
852 3482 1026 3516 tributum
1057 3481 1186 3522 venire,

110 3528 147 3559 18
196 3525 262 3559 11181
296 3525 428 3560 fuerint
461 3527 626 3562 creditori
661 3527 877 3572 pigneratae.
938 3526 1008 3562 Sed
1040 3526 1071 3561 si
1106 3525 1187 3560 dedi

1195 97 1268 145 191

2162 102 2291 145 XIIII
2323 106 2345 144 4

1260 233 1412 258 mercem
1436 233 1551 258 meam
1583 223 1802 259 vendendam
1836 227 1872 260 et
1904 228 2041 267 exstat,
2072 224 2272 267 videamus,
2306 235 2349 259 ne

1258 268 1419 313 iniquum
1443 268 1490 303 sit
1512 268 1548 303 in
1573 268 1744 303 tributum
1769 279 1824 304 me
1849 270 1979 305 vocari.
2018 273 2053 305 et
2076 270 2107 305 si
2139 270 2282 315 quidem
2312 270 2350 305 in

1260 313 1432 348 creditum
1457 313 1489 348 ei
1513 312 1601 348 abiit
1615 310 1654 352 ¹¹,
1672 314 1816 349 tributio
1842 315 1959 350 locum
1983 315 2146 351 habebit:
2174 315 2348 351 enimvero

1259 358 1289 394 si
1312 369 1384 394 non
1408 357 1543 399 abiit12,
1569 358 1653 403 quia
1682 368 1739 394 res
1770 360 1934 395 venditae
1964 372 2037 396 non
2069 361 2158 396 alias
2184 360 2350 396 desinunt

1259 414 1336 439 esse
1360 414 1479 446 meae,
1513 403 1672 448 quamvis
1696 404 1906 447 vendidero,
1940 406 2008 440 nisi
2040 417 2122 442 aere
2153 406 2269 442 soluto
2294 406 2349 441 vel

1258 448 1466 484 fideiussore
1503 449 1586 484 dato
1619 448 1674 484 vel
1706 449 1794 484 alias
1827 450 2032 494 satisfacto,
2065 451 2252 487 dicendum
2284 452 2350 487 erit

1261 496 1301 529 19
1348 493 1529 529 vindicare
1553 503 1608 529 me
1657 504 1748 529 osse.
1798 494 1960 530 Tributio
1986 500 2105 532 autem
2124 497 2166 531 fit
2184 507 2249 542 pro
2270 502 2350 536 rata

1259 538 1333 573 eius
1359 539 1454 583 quod
1479 539 1606 584 cuique
1656 539 1814 574 ebeatur.
1848 543 1883 574 et
1906 540 1998 583 ideo,
2024 542 2053 576 si
2077 553 2169 577 unus
2195 542 2351 578 creditor

1257 584 1376 619 veniat
1401 584 1608 619 desiderans
1632 584 1760 626 tribui,
1795 584 1966 629 integram
2000 587 2199 630 portionem
2223 598 2347 623 conse-

1257 629 1395 674 quitur:
1422 629 1482 664 sed
1508 630 1676 674 quoniam
1699 629 1776 664 fieri
1799 633 1928 674 potest,
1954 635 1994 665 ut
2019 632 2108 666 alius
2133 643 2272 678 quoque
2294 633 2349 668 vel

1257 674 1317 708 0111
1340 674 1490 709 existere
1513 675 1653 720 possint
1677 675 1802 710 mercis
1826 674 2017 719 peculiaris
2043 677 2254 721 creditores,
2289 688 2347 714 ca-

1255 729 1337 755 vere
1361 719 1467 754 debet
1497 720 1652 755 creditor
1682 720 1750 755 iste
1782 731 1846 765 pro
1879 724 1960 755 rata
1992 731 2030 756 se
2062 722 2282 766 refusurum,
2319 723 2348 759 si

1256 764 1349 800 forte
1373 765 1433 799 alii
1458 765 1666 801 emerserint
1689 764 1894 801 creditores.

1303 807 1328 847 6
1353 809 1513 845 PAULUS
1533 810 1624 846 libro
1650 811 1858 857 triqensz'mo
1883 810 1933 846 ad
1954 811 2107 846 edictum
2155 812 2237 848 Non
2258 814 2348 848 enim

1255 855 1345 890 haec
1381 855 1476 891 actio
1510 855 1562 891 sic
1593 859 1634 891 ut
1672 855 1716 891 de
1749 856 1889 901 peculio
1927 857 2137 901 occupantis
2170 859 2349 894 meliorem

1258 911 1405 936 causam
1429 900 1536 943 facit,
1570 901 1632 936 sed
1656 902 1840 946 aequalem
1864 902 2110 937 condicionem
2135 904 2349 949 quandoque

1257 946 1446 991 agentium.

1303 989 1326 1027 7
1356 990 1552 1027 ULPIANUS
1568 991 1658 1027 libro
1681 992 1871 1027 vicensimo
1892 1003 1988 1027 nono
2009 992 2059 1027 ad
2070 992 2222 1028 edictum
2259 994 2350 1028 Illud

1257 1047 1398 1082 quoque
1423 1047 1548 1072 cavere
1572 1036 1688 1079 debet,
1714 1037 1744 1071 si
1767 1036 1852 1082 quid
1867 1037 1894 1058 ¹³
1918 1037 2013 1072 aliud
2038 1037 2170 1073 domini
2195 1038 2349 1074 debitum

1257 1082 1449 1125 emerserit,
1475 1081 1678 1117 refusurum
1702 1092 1741 1117 se
1766 1083 1798 1117 ei
1820 1093 1884 1127 pro
1909 1086 2000 1118 rata.
2037 1083 2132 1127 finge
2152 1084 2244 1118 enim
2265 1094 2348 1119 con-

1257 1127 1433 1163 dicionale
1457 1127 1614 1163 debitum
1636 1126 1819 1163 imminere
1843 1128 1898 1162 vel
1922 1128 1960 1163 in
1985 1129 2127 1164 occulto
2153 1139 2247 1164 esse:
2282 1130 2349 1164 hoc

1257 1183 1399 1218 quoque
1424 1173 1682 1208 admittendum
1707 1176 1778 1208 est:
1804 1183 1887 1208 nam
1907 1173 2073 1208 iniuriam
2094 1174 2257 1209 dominus
2276 1174 2351 1218 pati

1260 1222 1274 1253 1
1326 1229 1399 1253 non
1421 1218 1537 1260 debet,
1562 1218 1646 1254 licet
1665 1218 1704 1253 in
1723 1218 1897 1254 tributum
1917 1223 2078 1254 vocatur.
2128 1219 2221 1264 Quid
2233 1223 2351 1255 tamen

1256 1263 1286 1299 si
1310 1263 1475 1299 dominus
1499 1264 1657 1299 tribuere
1681 1264 1770 1299 nolit
1793 1275 1859 1299 nec
1884 1265 1979 1300 hanc
2003 1265 2204 1300 molestiam
2236 1266 2349 1300 susci-

1255 1320 1359 1389 ssere,
1393 1309 1456 1344 sed
1488 1309 1627 1354 peculio
1658 1309 1713 1344 vel
1745 1310 1922 1345 mercibus
1954 1310 2081 1346 cedere
2104 1314 2252 1355 paratus
2276 1310 2347 1346 sit?

1287 1354 1388 1390 edius
1412 1354 1522 1390 refert
1546 1354 1760 1390 audiendum
1784 1366 1884 1397 eum,
1916 1365 2009 1400 quae
2040 1356 2216 1391 sententia
2239 1356 2349 1390 habet

1256 1400 1491 1445 aequitatem:
1519 1403 1554 1435 et
1572 1400 1780 1445 plerumque
1800 1400 1971 1436 arbitrum
1990 1401 2027 1435 in
2047 1401 2142 1436 hanc
2161 1411 2350 1446 1011111100-

1255 1449 1313 1480 tor
1338 1445 1481 1480 debebit
1505 1445 1609 1488 dare,
1636 1445 1737 1481 cuius
1761 1446 1963 1481 interventu
1986 1446 2191 1482 tribuantur
2213 1455 2350 1482 merces

1257 1494 1276 1525 2
1324 1491 1532 1535 peculiares.
1581 1490 1619 1526 Si
1644 1491 1744 1526 cuius
1770 1491 1852 1527 dolo
1877 1492 1971 1527 malo
2003 1491 2140 1527 factum
2174 1495 2247 1535 est,
2280 1502 2350 1537 quo

1257 1536 1372 1571 minus
1403 1536 1455 1571 ita
1485 1536 1719 1580 tribueretur,
1752 1536 1789 1571 in
1821 1547 1901 1572 eum
1932 1537 2122 1573 tributoria
2154 1537 2280 1580 datur,
2310 1541 2352 1572 ut

1256 1586 1390 1627 quanto
1415 1582 1531 1617 minus
1555 1582 1730 1617 tributum
1754 1582 1801 1617 sit
1825 1593 1931 1627 quam
1956 1583 2138 1625 debuerit,
2171 1586 2348 1628 praestet:

1257 1638 1348 1672 quae
1373 1628 1466 1662 actio
1492 1627 1614 1662 dolum
1637 1628 1769 1662 malum
1794 1631 1936 1663 coercet
1961 1628 2104 1663 domini.
2143 1628 2260 1663 minus
2285 1638 2348 1663 au-

1255 1676 1326 1707 tem
1359 1673 1514 1708 tribuere
1545 1672 1686 1708 videtur
1718 1673 1825 1708 etiam
1857 1673 1887 1708 si
1918 1673 2006 1708 nihil
2029 1673 2202 1709 tributum
2227 1674 2282 1708 sit.
2321 1673 2351 1708 si

1255 1721 1375 1753 tamen
1405 1718 1574 1763 ignorans
1605 1718 1642 1752 in
1674 1728 1792 1753 merce
1824 1729 1963 1754 servum
1988 1719 2121 1754 habere
2144 1719 2260 1754 minus
2286 1719 2348 1753 tri-

1255 1764 1351 1805 buit,
1377 1774 1449 1798 non
1472 1763 1611 1798 videtur
1635 1763 1716 1798 dolo
1742 1764 1858 1799 minus
1882 1764 2068 1806 tribuisse,
2103 1764 2166 1799 sed
2189 1775 2229 1799 re
2254 1775 2348 1799 com-

1255 1812 1360 1853 perta
1384 1809 1414 1843 si
1438 1819 1510 1844 non
1534 1808 1687 1851 tribuat,
1720 1809 1801 1844 dolo
1835 1820 1931 1844 nunc
1956 1820 2028 1844 non
2054 1813 2163 1844 caret.
2200 1809 2350 1854 proinde

1256 1853 1285 1888 si
1310 1854 1376 1889 sibi
1402 1864 1445 1888 ex
1469 1865 1512 1889 ea
1535 1864 1653 1889 merce
1679 1854 1768 1889 solvi
1798 1854 1902 1896 fecit,
1936 1855 2060 1899 utique
2093 1854 2173 1890 dolo
2209 1854 2349 1889 videtur

1257 1902 1276 1933 3
1325 1899 1441 1934 minus
1466 1899 1645 1935 tribuisse.
1696 1899 1766 1934 Sed
1791 1903 1826 1935 et
1851 1900 1880 1935 si
1904 1910 2056 1934 mercem
2079 1900 2196 1944 perire
2220 1910 2349 1944 passus

1257 1947 1310 1980 est
1341 1948 1404 1979 aut
1436 1954 1514 1979 eam
1546 1944 1673 1979 avertit
1696 1948 1761 1979 aut
1784 1945 1915 1980 vilioris
1941 1945 2026 1979 data
2050 1955 2160 1989 opera
2185 1945 2350 1980 distraxit

1255 1989 1310 2025 vel
1333 1991 1363 2025 si
1387 1990 1432 2025 ab
1458 1990 1674 2042 emptoribus
1698 1991 1853 2035 pretium
1873 2001 1946 2026 non
1967 1991 2132 2035 exegerit,
2159 1990 2350 2025 dicendum

1256 2038 1277 2070 4
1325 2035 1391 2070 0111
1410 2038 1524 2071 1011011
1543 2045 1624 2070 011111
1645 2035 1845 2077 111111110110,
1869 2036 1898 2071 81
1920 2036 2023 2070 (101118
2042 2035 2242 2071 111101νο1111.
2279 2035 2350 2071 Sed

1256 2085 1291 2115 et
1322 2080 1352 2115 si
1384 2081 1564 2125 negaverit
1596 2080 1758 2116 dominus
1793 2081 1958 2126 cuiquam
1989 2081 2128 2123 deberi,
2161 2081 2349 2116 videndum

1256 2125 1342 2167 erit,
1367 2136 1414 2160 an
1438 2126 1648 2161 tributoriae
1673 2126 1772 2161 locus
1797 2126 1860 2161 sit:
1895 2129 1930 2161 et
1954 2130 2009 2161 est
2032 2126 2146 2161 verior
2169 2126 2346 2161 Labeonis

1256 2171 1433 2206 sententia
1456 2171 1682 2206 tributoriam
1713 2171 1832 2207 locum
1863 2171 2017 2206 habere:
2052 2171 2210 2216 alioquin
2242 2182 2346 2216 expe·

1255 2219 1274 2251 5
1324 2216 1396 2251 diet
1427 2216 1570 2251 domino
1603 2227 1741 2261 negare.
1789 2217 1889 2252 Haec
1922 2217 2016 2252 actio
2050 2220 2085 2252 et
2116 2220 2288 2261 perpetuo
2314 2221 2348 2252 et

1254 2262 1291 2296 in
1314 2261 1482 2297 heredem
1506 2262 1612 2297 datur
1635 2262 1678 2297 de
1702 2272 1743 2298 eo
1770 2262 1957 2297 dumtaxat
1980 2262 2075 2307 quod
2099 2262 2144 2296 ad
2166 2272 2246 2296 eum
2267 2272 2346 2307 per-

1255 2306 1362 2350 venit,

1301 2348 1326 2389 8
1351 2351 1545 2387 IULIANUS
1566 2351 1656 2388 libro
1682 2352 1868 2388 undecimo
1893 2352 2112 2398 diqestorum
2161 2352 2243 2396 quia
2276 2363 2348 2387 non

1255 2396 1299 2432 de
1324 2397 1404 2433 dolo
1430 2401 1502 2439 est,
1535 2397 1598 2433 sed
1628 2398 1680 2432 rei
1710 2398 1994 2442 persecutionem
2027 2397 2202 2432 continet:
2237 2407 2347 2441 quare

1257 2443 1364 2478 etiam
1388 2446 1527 2478 mortuo
1553 2453 1653 2478 servo
1681 2443 1856 2485 dominus,
1882 2444 1967 2477 item
1990 2443 2093 2477 heres
2120 2443 2194 2477 eius
2218 2452 2346 2487 perpe-

1256 2490 1318 2523 tuo
1342 2488 1457 2523 teneri
1481 2488 1624 2523 debebit
1647 2492 1794 2533 propter
1817 2488 1955 2523 factum
1980 2487 2159 2522 defuncti:
2186 2488 2347 2532 quamvis

1257 2544 1329 2568 non
1353 2533 1456 2568 aliter
1480 2543 1586 2578 quam
1611 2533 1692 2568 dolo
1718 2533 1973 2568 interveniente
1998 2535 2187 2613 comlpetat.

1304 2576 1329 2616 9
1362 2578 1557 2614 ULPIANUS
1575 2579 1665 2614 libro
1678 2579 1867 2613 vicensimo
1880 2589 1976 2613 nono
1990 2578 2039 2613 ad
2050 2589 2069 2612 e
2096 2579 2205 2613 ictum
2243 2577 2346 2621 Quod

1255 2624 1291 2659 in
1321 2623 1451 2659 herede
1484 2624 1652 2665 dicimus,
1684 2623 1775 2658 idem
1801 2623 1867 2658 erit
1891 2627 1926 2658 et
1948 2623 1984 2657 in
2010 2623 2136 2658 ceteris
2160 2633 2345 2658 successo-

1259 2673 1273 2704 1
1322 2669 1433 2704 ribus.
1482 2669 1624 2713 Eligere
1648 2669 1725 2713 quis
1751 2668 1874 2711 debet,
1909 2679 1979 2713 qua
2011 2668 2153 2703 actione
2185 2669 2344 2713 experia-

1255 2718 1332 2757 tur,
1364 2718 1484 2749 utrum
1518 2714 1561 2749 de
1585 2714 1723 2758 peculio
1749 2724 1795 2748 an
1825 2714 2033 2756 tributoria,
2068 2724 2147 2748 cum
2180 2713 2248 2748 scit
2280 2713 2346 2748 sibi

1256 2770 1453 2804 regressum
1477 2759 1523 2794 ad
1547 2760 1653 2794 aliam
1678 2769 1749 2793 non
1773 2758 1944 2794 futurum.
1981 2759 2087 2804 plane
2111 2759 2141 2793 si
2165 2759 2243 2803 quis
2264 2759 2348 2794 velit

1258 2815 1302 2840 ex
1326 2805 1396 2840 alia
1421 2814 1532 2839 causa
1555 2804 1745 2839 tributoria
1769 2814 1892 2848 agere,
1919 2815 1963 2839 ex
1987 2804 2057 2839 alia
2082 2814 2191 2839 causa
2216 2804 2260 2838 de
2283 2815 2344 2849 pe-

1256 2853 1275 2884 2
1325 2850 1427 2891 culio,
1454 2849 1652 2884 audiendus
1678 2849 1754 2883 erit.
1805 2848 1841 2884 Si
1862 2859 1963 2884 servo
1985 2852 2199 2884 testamento
2220 2859 2344 2884 manu-

1255 2895 1362 2930 misso
1386 2894 1564 2939 peculium
1588 2894 1744 2938 legatum
1768 2893 1824 2936 sit,
1850 2905 1921 2929 non
1946 2894 2075 2930 debere
2098 2894 2263 2929 heredem
2282 2894 2344 2929 tri-

1256 2939 1398 2975 butoria
1421 2939 1544 2981 teneri,
1570 2939 1672 2984 quasi
1696 2949 1809 2984 neque
1834 2939 1880 2974 ad
1905 2949 1985 2974 eum
2008 2939 2208 2985 pervenerit
2232 2950 2346 2984 neque

1256 2985 1337 3020 dolo
1369 2984 1513 3026 fecerit,
1538 2984 1660 3019 Labeo
1687 2984 1747 3018 ait.
1785 2984 1848 3019 sed
1871 2984 2088 3029 Pomponius
2119 2983 2210 3020 libro
2242 2994 2344 3020 sexa·

1255 3030 1411 3075 gensimo
1436 3029 1580 3073 scripsit
1603 3029 1788 3071 heredem,
1820 3029 1888 3064 nisi
1921 3031 2096 3065 curaverit
2128 3030 2245 3065 caveri
2277 3030 2344 3064 sibi

1256 3086 1278 3110 a
1309 3085 1409 3110 servo
1445 3074 1500 3109 vel
1536 3074 1682 3108 deduxit
1717 3075 1778 3108 a¹⁴
1809 3075 1948 3119 peculio
1985 3075 2081 3119 quod
2116 3075 2344 3109 tribuendum

1258 3124 1345 3162 erat,
1369 3120 1482 3154 teneri
1505 3119 1712 3161 tributoria,
1746 3130 1838 3164 quae
1870 3120 2046 3155 sententia
2078 3131 2150 3155 non
2183 3123 2237 3155 est
2269 3119 2344 3154 sine

1256 3165 1412 3200 ratione:
1438 3165 1516 3209 ipse
1540 3164 1633 3199 enim
1657 3167 1784 3199 auctor
1808 3164 1879 3200 doli
1912 3169 1984 3207 est,
2018 3165 2078 3210 qui
2107 3165 2144 3200 id
2176 3165 2266 3209 egit,
2299 3174 2344 3198 ne

1255 3210 1483 3245 intribueret:
1520 3210 1651 3244 totiens
1687 3209 1779 3244 enim
1809 3210 1847 3245 in
1877 3209 2043 3245 heredem
2076 3210 2199 3245 damus
2232 3209 2276 3243 de
2301 3218 2341 3243 eo

1257 3255 1351 3300 quod
1386 3255 1432 3289 ad
1467 3264 1548 3289 eum
1581 3254 1761 3300 pervenit,
1795 3255 1959 3299 quotiens
1995 3266 2039 3290 ex
2070 3255 2151 3290 dolo
2185 3253 2342 3289 defuncti

1257 3300 1475 3341 convenitur,
1500 3310 1571 3334 non
1618 3299 1756 3334 uotiens
1782 3310 1825 3335 ex
1850 3310 1926 3335 suo.

1307 3344 1355 3382 10
1382 3345 1489 3379 PAUL
1499 3354 1543 3379 Us
1571 3344 1600 3379 lz·
1621 3355 1663 3379 ro
1697 3345 1905 3390 triqensz‘mo
1930 3345 1979 3380 ad
2002 3344 2155 3380 edictum
2201 3343 2256 3377 De
2279 3352 2340 3386 pe-

1258 3391 1349 3425 culio
1383 3389 1523 3424 actione
1556 3389 1661 3424 etiam
1692 3400 1774 3425 cum
1806 3394 1964 3435 emptore
1997 3389 2087 3425 servi
2122 3388 2178 3432 agi
2212 3389 2340 3432 potest,

1257 3435 1447 3469 tributoria
1471 3445 1543 3469 non
1566 3438 1696 3479 potest.

1306 3478 1351 3515 11
1384 3479 1507 3515 GAws
1527 3479 1618 3515 libro
1642 3491 1737 3515 nono
1761 3479 1811 3515 ad
1833 3480 1985 3515 edictum
2003 3477 2231 3525 provinciale
2264 3476 2339 3510 Ali-

1257 3524 1399 3569 quando
1436 3524 1544 3559 etiam
1575 3525 1760 3570 agentibus
1794 3524 1936 3569 expedit
1959 3524 2086 3568 ,potius
2124 3522 2167 3557 de
2201 3520 2339 3566 peculio

106 3640 144 3679 (1)
171 3638 302 3671 doloF¹
374 3641 416 3680 (2)
441 3640 700 3673 tributariamF'
769 3642 811 3680 (3)
837 3641 1004 3672 ulcariiF
1069 3641 1110 3681 (4)
1135 3651 1185 3672 re·
1254 3638 1309 3671 ba.
1342 3649 1451 3672 '''vecr.
1523 3640 1582 3679 (10)
1608 3639 1754 3671 existent
1766 3639 1820 3671 Fa
1889 3639 1943 3677 (11)
1969 3636 2125 3668 abiidett.
2185 3635 2243 3675 (12)
2269 3632 2337 3666 abii

106 3683 190 3716 ferre
204 3685 276 3717 edd.

107 3729 219 3761 einum
233 3729 275 3760 F¹

355 3684 398 3724 (5)
423 3683 506 3716 duos
519 3686 553 3717 F

346 3730 389 3769 (⁵3)
415 3728 475 3760 alii
489 3729 644 3761 damnum
658 3730 807 3762 sentiant
820 3731 880 3763 del.

627 3686 670 3726 (6)
697 3685 765 3726 sed]
780 3685 836 3717 sed
850 3688 883 3717 et
893 3686 972 3718 Hal.
1056 3686 1097 3725 (τ)
1123 3685 1183 3716 hu-

953 3733 995 3769 (9)
1022 3729 1184 3761 distrahe-

1256 3685 1327 3716 dett.
1422 3685 1479 3725 (13)
1506 3684 1635 3725 siquod
1649 3685 1719 3717 edd.
1814 3684 1870 3722 (14)
1896 3684 1927 3721 a]
1942 3681 1981 3712 de
1995 3681 2065 3713 edd.
