2528 3918
125 144 186 175 DE
214 142 378 176 Pomm

129 253 358 296 adficiuntur,
391 263 438 288 an
469 262 553 288 vero
583 260 705 287 omnes
729 249 871 285 omnino
895 247 1015 290 liberi,
1048 248 1155 283 etiam
1178 247 1213 281 in

129 298 269 345 plebeia
288 298 423 334 familia
443 297 612 342 suscepti,
637 294 824 331 videndum
846 298 917 329 est:
943 298 979 328 et
996 293 1107 337 magis
1126 298 1213 337 puto

133 348 170 378 15
220 344 384 379 omnibus
408 343 577 389 prodesse
601 341 740 376 debere.
788 339 901 374 Plano
930 339 961 374 si
991 349 1122 390 parens
1154 338 1212 372 dc-

130 389 228 424 curio
253 399 331 424 esse
356 388 517 431 desierit,
549 387 580 422 si
636 385 752 421 uidem
783 384 853 419 iam
886 384 1078 419 decurione
1108 383 1216 417 fucrit

128 434 256 476 editus,
307 434 441 469 roderit
460 433 504 474 ei,
528 442 572 467 ne
591 442 612 466 a
639 431 799 465 ficiatur:
826 429 1002 464 enimvero
1022 429 1051 463 si
1071 434 1214 473 postea-

129 490 235 524 quam
257 445 418 524 pl’ebeius
442 479 560 513 factus
585 481 640 512 est
663 480 750 511 tunc
771 475 947 519 suscipiat
966 474 1088 514 filium,
1114 473 1215 518 quasi

133 529 171 559 16
218 524 357 575 plebeio
382 523 498 559 editus
522 523 573 557 ita
598 522 664 557 erit
687 520 909 565 plectendus.
959 518 1216 554 Statuliberum

129 580 232 615 quasi
255 569 406 604 liberum
429 568 501 603 iam
520 566 739 613 puniendum
760 566 861 602 divus
879 564 965 600 Pius
983 564 1100 599 Salvio
1118 564 1215 598 Mar-

129 615 236 650 ciano
259 614 454 659 rescripsit.

178 658 227 697 10
251 659 393 695 MAGER
417 659 507 693 libro
530 657 688 693 secundo
717 657 781 691 (ἰοι
802 655 961 702 publicis
985 654 1129 690 iudiciis
1175 654 1217 688 In

128 715 311 740 servorum
334 714 490 749 persona
513 703 565 738 ita
588 703 818 743 observatur,
852 704 892 736 ut
915 699 1076 744 exemplo
1100 699 1216 733 humi-

129 749 258 785 liorum
279 749 486 794 puniantur.
534 750 594 784 et²
626 759 670 784 ex
703 747 830 791 quibus
857 745 976 781 causis
1000 745 1091 780 liber
1113 744 1217 779 fusti-

129 795 196 830 bus
222 794 399 836 caeditur,
425 805 468 829 ex
491 794 546 829 his
570 804 692 829 servus
716 791 865 836 flagellis
890 790 992 826 caedi
1015 794 1051 826 et
1075 789 1217 825 domino

128 839 230 875 reddi
252 840 414 875 iubetur:
448 843 484 874 et
512 850 556 874 ex
581 839 711 884 quibus
735 837 825 872 liber
848 836 1004 872 fustibus
1030 845 1157 870 caesus
1181 835 1218 869 in

130 896 220 930 opus
245 885 429 930 publicum
453 885 569 927 datur,
594 895 638 919 ex
661 883 716 918 his
741 893 875 925 servus,
909 882 976 917 sub
1028 891 1118 916 oena
1141 880 1216 915 vin-

130 930 291 966 culorum
322 929 368 965 ad
400 930 475 966 eius
507 929 678 975 temporis
710 927 884 973 spatium,
916 926 1007 971 flage
1036 925 1066 961 is
1091 936 1217 961 caesus

129 975 271 1012 domino
296 974 397 1010 reddi
419 975 574 1010 iubetur.
619 975 650 1010 si
674 974 741 1009 sub
765 983 883 1018 poena
906 972 1129 1007 vinculorum
1153 971 1216 1006 do-

129 1021 223 1056 mino
254 1021 356 1056 reddi
379 1021 498 1056 iussus
521 1031 595 1055 non
618 1019 831 1064 recipiatur,
863 1017 1072 1054 venumdari
1104 1020 1157 1059 et,
1189 1016 1218 1052 si

130 1070 324 1112 emptorem
356 1077 428 1101 non
457 1065 649 1108 invenerit,
682 1064 720 1099 in
752 1074 843 1108 opus
873 1062 1056 1108 publicum
1081 1066 1117 1097 et
1141 1061 1217 1107 qui-

133 1115 146 1146 1
198 1111 277 1146 dem
305 1115 518 1157 perpetuum
549 1110 644 1145 tradi
674 1109 830 1146 iubetur.
878 1108 946 1153 Qui
978 1118 1022 1143 ex
1047 1118 1157 1143 causa
1180 1107 1218 1142 in

128 1156 312 1192 metallum
341 1156 416 1191 dati
445 1160 530 1191 sunt
553 1159 590 1191 et
612 1159 695 1200 post
718 1155 787 1190 1100
812 1154 1057 1199 deliquerunt,
1090 1154 1127 1187 in
1156 1163 1217 1188 eos

129 1206 310 1247 tamquam
333 1201 530 1237 metallicos
552 1200 722 1236 constitui
740 1200 857 1242 debet,
882 1199 1039 1244 quamvis
1063 1198 1219 1234 nondum

128 1247 166 1282 in
187 1258 267 1282 eum
284 1247 402 1283 locum
417 1246 582 1293 perducti
600 1246 742 1288 fuerint,
763 1246 801 1280 in
819 1256 889 1290 quo
908 1244 1049 1290 operari
1064 1244 1217 1279 habent:

128 1303 212 1328 nam
236 1292 358 1328 statim
382 1297 423 1327 ut
446 1292 490 1327 de
512 1292 543 1327 is
568 1292 745 1327 sententia
769 1291 865 1326 dicta
884 1294 949 1332 est,
975 1289 1219 1325 condicionem

131 1341 151 1373 2
198 1348 301 1373 suam
337 1341 553 1383 permutant.
608 1338 650 1372 In
686 1336 850 1382 personis
890 1339 963 1370 tam
999 1334 1219 1379 plebeiorum

130 1394 237 1427 quam
261 1383 493 1418 decurionum
515 1381 603 1418 illud
627 1382 860 1417 constitutum
884 1385 956 1424 est,
988 1385 1028 1415 ut
1060 1380 1120 1425 qui
1143 1391 1218 1414 ma-

130 1428 196 1463 iori
216 1438 333 1473 poena
353 1428 528 1472 adficitur,
551 1438 657 1472 quam
676 1427 814 1472 legibus
833 1430 970 1462 statuta
990 1429 1055 1469 est,
1076 1425 1221 1461 infamis

129 1484 203 1510 non
226 1473 299 1508 fiat.
348 1484 431 1518 ergo
457 1478 492 1509 et
516 1473 547 1509 si
572 1483 679 1518 opere
703 1472 919 1517 temporario
944 1471 1023 1516 quis
1047 1471 1220 1506 multatus

130 1519 177 1556 sit
207 1519 263 1555 vel
294 1522 434 1554 tantum
464 1519 620 1554 fustibus
654 1528 798 1559 caesus,
831 1517 916 1553 licet
938 1517 976 1552 in
1000 1517 1140 1552 actione
1164 1516 1219 1551 fa-

131 1576 241 1607 mosa,
267 1564 377 1600 veluti
400 1564 504 1606 furti,
538 1563 725 1599 dicendum
749 1563 818 1599 erit
839 1562 1009 1598 infamem
1032 1573 1106 1598 non
1129 1572 1219 1604 esse,

131 1610 214 1655 quia
237 1613 273 1646 et
296 1610 394 1646 solus
418 1609 567 1645 fustium
595 1609 689 1644 ictus
718 1608 859 1653 gravior
888 1612 944 1644 est
974 1618 1081 1653 quam
1109 1618 1219 1653 pecu-

130 1655 240 1691 niaris
264 1655 455 1691 damnatio.

181 1700 227 1738 11
255 1700 492 1736 MARGJANUS
520 1700 611 1736 libro
634 1699 792 1736 secundo
823 1699 868 1734 de
893 1699 1054 1745 publicis
1078 1698 1222 1733 iudiciis

133 1745 448 1791 Perspiciendum³
487 1749 542 1782 est
578 1745 769 1787 iudicanti,
808 1755 853 1779 ne
885 1743 970 1789 quid
1002 1747 1066 1779 aut
1096 1743 1221 1778 durius

132 1795 195 1827 aut
228 1791 410 1827 remissius
442 1790 702 1832 constituatur,
766 1800 848 1825 uam
889 1800 1000 1825 causa
1040 1789 1219 1835 deposcit:

133 1848 199 1873 nec
223 1837 316 1872 enim
337 1841 399 1872 aut
423 1836 622 1872 severitatis
645 1839 709 1871 aut
734 1846 752 1870 0
767 1835 939 1870 ementiae
969 1835 1082 1879 gloria
1112 1834 1219 1870 affec-

132 1882 241 1918 tanda
266 1886 336 1924 est,
370 1881 433 1917 sed
456 1892 520 1927 per
546 1892 633 1917 enso
656 1880 808 1922 iudicio,
840 1884 949 1926 prout
978 1890 1140 1925 quaeque
1163 1890 1220 1915 res

132 1928 345 1973 expostulat,
371 1931 515 1962 statuen
542 1938 601 1962 um
625 1930 689 1961 est.
728 1926 835 1971 plane
857 1926 895 1961 in
918 1925 1110 1961 levioribus
1135 1935 1220 1960 cau-

133 1973 180 2008 sis
209 1973 394 2018 proniores
426 1972 473 2007 ad
503 1972 685 2008 lenitatem
714 1971 849 2007 iudices
880 1981 958 2006 esse
997 1971 1146 2013 debent,
1183 1970 1221 2005 in

132 2018 353 2063 gravioribus
369 2018 494 2062 poenis
510 2017 735 2053 severitatem
755 2017 873 2061 legum
892 2027 973 2051 cum
991 2016 1110 2060 aliquo
1131 2019 1219 2051 tem-

138 2071 150 2098 1
201 2067 408 2116 peramento
425 2062 653 2107 benignitatis
674 2061 855 2106 subsequi.
892 2062 1007 2097 Furta
1025 2061 1221 2097 domestica

133 2109 165 2144 si
187 2109 314 2144 Viliora
337 2112 431 2151 sunt,
456 2109 600 2161 publice
622 2107 835 2143 vindicanda
858 2118 931 2143 non
951 2110 1045 2150 sunt,
1070 2117 1137 2142 nec
1157 2107 1220 2142 ad-

133 2154 305 2190 mittenda
329 2157 383 2189 est
406 2153 610 2189 huiusmodi
634 2153 828 2195 accusatio,
857 2163 938 2188 cum
963 2163 1086 2188 servus
1110 2163 1132 2187 a
1157 2152 1219 2188 do-

134 2200 227 2235 mino
251 2199 307 2234 vel
330 2199 479 2235 libertus
504 2210 526 2234 a
548 2202 713 2244 patrono,
738 2198 775 2233 in
800 2198 901 2234 cuius
921 2197 1026 2234 domo
1048 2201 1220 2239 moratur,

133 2245 190 2281 vel
213 2244 479 2280 mercennarius
503 2244 549 2279 ab
574 2254 635 2286 eo,
666 2244 724 2280 cui
754 2254 882 2288 operas
915 2254 1000 2279 suas
1029 2244 1221 2287 locaverat,

135 2290 305 2326 offeratur
329 2289 546 2334 quaestioni:
578 2300 661 2324 nam
692 2289 888 2324 domestica
914 2289 1012 2324 furta
1035 2293 1220 2330 vocantur,

135 2346 226 2381 quae
258 2335 349 2370 servi
379 2335 528 2371 dominis
558 2336 613 2370 vel
643 2334 761 2370 liberti
791 2334 952 2387 patronis
984 2334 1039 2370 vel
1062 2344 1221 2369 mercen-

136 2384 156 2416 2
203 2380 295 2415 narii
319 2380 416 2425 apud
439 2390 528 2425 quos
553 2380 684 2425 degunt
708 2379 921 2424 subripiunt.
969 2379 1220 2424 Delinquituffl

135 2432 254 2461 autem
278 2430 341 2460 aut
363 2426 547 2470 proposito
571 2430 635 2461 aut
657 2426 792 2470 impetu
813 2429 877 2460 aut
896 2435 996 2460 casu.
1036 2425 1220 2470 proposito

137 2471 346 2516 delinquunt
375 2471 551 2513 latrones,
587 2471 647 2516 qui
676 2470 868 2506 factionem
898 2470 1052 2506 habent:
1085 2470 1222 2516 impetu

136 2522 266 2559 autem,
291 2527 372 2551 cum
395 2527 460 2561 per
483 2516 691 2552 ebrietatem
715 2515 762 2551 ad
785 2526 911 2551 manus
935 2520 1000 2551 aut
1022 2515 1069 2551 ad
1088 2515 1221 2551 ferrum

136 2562 293 2597 venitur:
327 2572 414 2597 casu
438 2572 538 2604 vero,
565 2573 645 2597 cum
669 2561 890 2602 in‚venando
915 2561 1025 2596 telum
1048 2561 1087 2596 in
1109 2560 1222 2597 feram

137 2611 155 2642 3
204 2607 350 2642 missum
385 2607 563 2643 hominem
596 2606 787 2642 interfecit.
844 2606 977 2651 Capitis
1014 2617 1132 2652 poena
1169 2610 1224 2642 est

137 2652 258 2732 begdfis
288 2652 383 2704 obici
413 2652 468 2687 vel
498 2651 587 2688 alias
616 2652 746 2687 similes
775 2662 910 2696 poenas
945 2652 1022 2697 pati
1057 2652 1112 2687 vel
1145 2652 1222 2687 ani-

137 2709 171 2733 m
222 2701 320 2732 verti.

186 2741 236 2779 12
257 2742 399 2777 MAGER
419 2742 509 2777 libro
530 2742 686 2777 secundo
705 2741 749 2777 de
766 2742 891 2788 officio
938 2742 1091 2777 raesidz's
1120 2741 1224 2787 Quod

137 2787 184 2822 ad
207 2791 340 2822 statum
365 2786 611 2822 damnatorum
634 2787 807 2833 pertinet,
835 2754 935 2823 nihii)
945 2788 1106 2830 interest,
1130 2787 1222 2823 iudi-

138 2833 231 2868 cium
261 2832 443 2877 publicum
472 2832 581 2868 fuerit
613 2843 679 2868 nec
712 2843 774 2868 ne:
811 2843 894 2868 nam
925 2833 1003 2869 sola
1034 2833 1222 2875 sententia,

138 2889 210 2912 non
238 2888 349 2922 genus
381 2878 535 2913 criminis
568 2881 762 2923 spectatur.
816 2879 938 2924 itaque
969 2879 1022 2922 111,
1060 2879 1096 2913 111
1132 2889 1223 2923 quos

138 2922 368 2958 animadverti
399 2923 542 2958 iubetur
572 2923 674 2968 quive
703 2924 749 2959 ad
779 2923 911 2960 bestias
943 2924 1096 2966 dantur,
1138 2934 1221 2960 con-

138 2968 256 3004 festim
278 2978 416 3013 poenae
440 2968 531 3003 servi
552 2967 654 3003 fiunt.

187 3011 237 3051 13
269 3014 462 3050 ULPIANUS
483 3013 574 3049 libro
594 3015 714 3060 primo
739 3014 784 3049 de
804 3014 1110 3061 appellationibus
1147 3014 1222 3050 Ho-

140 3058 196 3094 die
218 3059 303 3095 licet
325 3058 368 3102 ei,
400 3058 461 3103 qui
484 3062 586 3094 extra
609 3058 768 3094 ordinem
792 3059 835 3095 de
860 3060 1005 3095 crimine
1030 3060 1222 3104 cognoscit,

139 3115 245 3149 quam
256 3104 331 3140 vult
348 3103 562 3139 sententiam
575 3103 680 3146 ferre,
695 3105 749 3139 vel
763 3105 961 3149 graviorem
975 3105 1031 3140 vel
1044 3105 1222 3148 leviorem,

138 3150 189 3184 ita
206 3153 326 3185 tamen
342 3154 382 3184 ut
397 3149 435 3184 in
455 3153 607 3194 utroque
618 3150 631 3170 ⁵
652 3149 930 3186 moderationem
941 3152 955 3172 ⁶
974 3161 1046 3186 non
1061 3150 1221 3185 excedat.

188 3193 239 3232 14
263 3194 406 3231 MAOER
429 3194 519 3230 libro
543 3194 700 3230 secundo
725 3195 768 3229 de
787 3206 828 3230 re
847 3195 998 3231 militari
1041 3195 1223 3239 Quaedam

140 3239 269 3275 delicta
291 3250 432 3286 pagano
457 3243 520 3275 aut
543 3239 677 3274 nullam
698 3243 761 3274 aut
777 3240 942 3276 leviorem
960 3251 1113 3286 poenam
1133 3240 1222 3276 irro-

139 3355 179 3396 (1)
205 3354 245 3386 de
263 3367 321 3386 om.
343 3354 378 3387 F
494 3356 537 3396 (2)
562 3354 618 3386 sed
638 3354 690 3385 F2
816 3354 859 3396 (3)
885 3353 1129 3397 respiciendum
1149 3355 1221 3387 edd.

140 3402 183 3441 (4)
208 3397 410 3441 delinquunt
422 3399 472 3432 F2
550 3401 593 3440 (5)
620 3402 657 3431 ut
669 3399 825 3440 introque
839 3400 874 3432 F
943 3401 986 3440 (ὓ)
1011 3399 1108 3432 modo
1121 3399 1223 3432 ratio-

141 3455 217 3477 nem
228 3444 276 3477 F*
366 3445 408 3485 (7)
433 3444 528 3477 illata
540 3446 612 3478 edd.
701 3445 746 3486 (8)
770 3444 966 3486 magistrum
978 3445 1014 3478 F
1090 3445 1135 3486 (9)
1160 3446 1223 3477 hu-

141 3490 194 3522 ius
210 3489 263 3521 F²
362 3491 420 3531 (10)
446 3498 559 3523 contra
572 3490 714 3523 Midiam
731 3503 765 3532 p.
781 3497 833 3523 537
856 3490 975 3523 Reiske
1079 3492 1133 3531 (11)
1158 3487 1225 3531 τὴν

142 3529 254 3581 ὕβριν]
272 3532 340 3576 τὴν
355 3530 466 3579 ὀργήν
485 3536 652 3568 Demo-eth.
724 3536 784 3577 (12)
803 3531 846 3566 αλ
867 3535 902 3567 F
963 3536 1022 3577 (13)
1044 3535 1100 3578 τῷ
1120 3548 1178 3568 om.
1194 3535 1229 3567 F

142 3582 200 3621 (1⁴)
226 3580 262 3612 id
280 3587 344 3612 est.-
367 3590 475 3621 neque
494 3580 584 3612 enim
600 3579 700 3623 plaga
711 3579 871 3612 iniuriam
883 3580 987 3623 [immo
999 3580 1095 3622 iram]
1108 3580 1222 3620 movit,

140 3624 197 3658 sed
215 3624 433 3657 contumelia:
458 3636 565 3667 neque
577 3628 644 3658 tam
656 3624 823 3658 verberari
835 3624 990 3666 ingenuis
1001 3624 1222 3665 intolerabile,

143 3679 342 3711 quamquam
354 3680 421 3702 non
433 3670 652 3713 tolerandum,
666 3681 766 3713 quam
778 3669 946 3702 verberari
957 3670 1092 3703 iniuria.
1117 3670 1223 3703 multa

143 3715 247 3756 enim,
265 3715 498 3756 Athenienses,
519 3715 625 3748 facere
643 3718 752 3758 potest
770 3715 799 3747 is
817 3715 877 3756 qui
895 3714 1059 3758 verberat,
1081 3725 1223 3757 quorum

143 3760 302 3801 quaedam
323 3760 382 3802 qui
401 3771 438 3793 ea
458 3760 547 3793 subit
567 3760 627 3793 alii
646 3772 688 3793 ne
708 3761 931 3793 demonstrare
952 3761 1085 3802 quidem
1105 3762 1222 3803 potest,

1207 119 1288 168 815

2012 124 2284 168 XXXXVIII
2319 126 2368 166 19

1283 249 1379 291 gant,
1404 244 1506 280 militi
1529 254 1612 280 vero
1631 245 1835 288 graviorem.
1877 258 1957 282 nam
1978 248 2007 283 si
2024 248 2123 283 miles
2146 252 2257 283 artem
2277 247 2366 282 ludi-

1285 302 1382 328 cram
1413 290 1538 325 fecerit
1567 289 1621 324 vel
1651 290 1686 324 in
1715 292 1919 327 servitutem
1944 304 1982 328 se
2006 294 2124 328 venire
2148 305 2276 338 passus
2305 300 2368 336 cst,

1285 337 1403 381 capite
1426 334 1646 380 puniendum
1670 336 1865 371 Menander
1889 339 2023 373 scribit.

1336 381 1384 418 15
1420 382 1453 417 V
1452 390 1648 416 ENULEIUS
1669 381 1916 417 vamvmvs
1938 384 2027 418 libro
2044 385 2163 429 prium
2182 385 2226 419 cle
2245 385 2370 430 officio

1280 426 1516 474 proconsulis
1567 424 1681 460 Divus
1713 426 1914 462 Hadrianus
1946 440 2025 470 cos,
2063 430 2123 473 qui
2155 430 2191 463 in
2224 441 2369 464 numero

1287 472 1519 508 decurionum
1552 474 1685 512 essent,
1721 472 1836 515 capite
1869 474 1985 516 puniri
2009 475 2206 518 probibuit,
2243 475 2309 510 nisi
2341 476 2370 510 si

1286 518 1346 563 qui
1369 521 1555 563 parentem
1579 515 1811 551 occidissent:
1845 528 1964 552 verum
1987 530 2104 562 poena
2127 520 2213 564 legis
2239 520 2370 555 Corne-

1287 564 1356 598 liae
1377 561 1579 616 puniendos
1604 560 1781 596 mandatis
1806 562 2006 605 plenissime
2032 569 2175 598 cautum
2199 570 2265 600 est.

1336 606 1387 645 1b
1417 608 1611 643 CLAUDIUS
1632 605 1883 642 SATURNINUS
1905 608 1994 643 libro
2019 610 2198 654 sinyulari
2222 611 2264 644 de
2284 622 2370 656 poe-

1289 654 1344 688 nis
1360 663 1597 699 paqanorum
1644 652 1720 685 Aut
1742 651 1840 686 facta
1863 653 2075 697 puniuntur,
2109 659 2147 688 ut
2171 655 2267 689 furta
2292 666 2370 690 cae-

1289 698 1432 743 desque,
1457 701 1520 732 aut
1538 697 1645 738 dicta,
1672 700 1712 731 ut
1731 697 1890 731 convicia
1908 702 1943 732 et
1962 698 2092 733 infidae
2113 699 2371 742 advocationes,

1287 748 1351 779 aut
1382 743 1532 788 scripta,
1566 746 1607 777 ut
1636 741 1728 777 falsa
1752 746 1787 776 et
1810 742 1937 777 famosi
1960 743 2088 787 libelli,
2120 749 2182 779 aut
2213 746 2371 787 consilia,

1288 793 1329 824 ut
1348 788 1610 824 coniurationes
1630 791 1665 822 et
1678 787 1856 822 latronum
1876 789 2093 824 conscientia
2110 800 2266 835 quosque
2285 791 2372 825 alios

1292 838 1306 869 1
1359 833 1542 869 suadendo
1574 833 1706 868 iuvisse
1738 833 1880 868 sceleris
1914 838 1968 868 est
1998 834 2123 869 instar.
2179 835 2249 871 Sed
2284 836 2373 871 haec

1288 884 1459 925 quattuor
1495 889 1627 923 genera
1662 877 1922 913 consideranda
1958 883 2043 914 sunt
2078 884 2212 924 septem
2243 881 2372 916 modis:

1289 936 1400 961 causa
1439 935 1596 969 persona
1638 923 1719 959 loco
1764 928 1923 968 tempore
1965 924 2136 968 qualitate
2177 927 2375 970 quantitate

1289 974 1308 1005 2
1357 974 1496 1006 eventu.
1546 969 1682 1005 Causa:
1709 972 1749 1004 ut
1771 969 1809 1003 in
1832 969 2056 1011 verberibus,
2090 980 2180 1014 quae
2203 972 2375 1016 impunita

1288 1020 1374 1052 sunt
1397 1026 1420 1051 a
1442 1014 1612 1060 magistro
1643 1014 1775 1049 allata⁷
1799 1015 1854 1049 vel
1877 1019 2044 1060 parente,
2070 1016 2236 1059 quoniam
2260 1026 2375 1052 emen-

1289 1061 1459 1103 dationis,
1492 1071 1565 1096 non
1596 1059 1748 1095 iniuriae
1771 1060 1888 1104 gratia
1913 1059 2074 1095 videntur
2098 1060 2277 1096 adhiberi:
2309 1073 2375 1106 pu-

1288 1107 1452 1148 niuntur,
1493 1116 1574 1141 cum
1610 1106 1688 1151 quis
1724 1116 1789 1150 per
1817 1105 1907 1140 iram
1938 1106 1984 1140 ab
2017 1109 2185 1140 extraneo
2215 1106 2376 1151 pulsatus

1289 1157 1308 1188 3
1358 1156 1422 1188 est.
1460 1151 1622 1187 Persona
1641 1151 1829 1195 dupliciter
1849 1154 2044 1195 spectatur,
2065 1151 2140 1185 eius
2163 1152 2221 1195 qui
2238 1151 2323 1186 fecit
2344 1157 2378 1187 et

1289 1198 1364 1234 eius
1390 1197 1451 1243 qui
1473 1207 1602 1242 passus
1627 1200 1699 1232 est:
1736 1196 1839 1231 aliter
1862 1196 1955 1231 enim
1980 1196 2176 1240 puniuntur
2200 1208 2243 1231 ex
2266 1197 2378 1232 isdem

1289 1243 1511 1279 facinoribus
1536 1242 1630 1278 servi
1653 1252 1759 1286 quam
1783 1241 1902 1285 liberi,
1937 1245 1972 1276 et
1995 1242 2116 1282 aliter,
2150 1242 2210 1286 qui
2234 1243 2317 1286 quid
2341 1243 2378 1277 111

1290 1289 1471 1325 dominum
1501 1291 1730 1333 parentemve
1762 1298 1872 1322 ausus
1903 1290 1958 1322 est
1987 1297 2093 1331 quam
2118 1288 2177 1331 qui
2200 1287 2237 1321 in
2262 1291 2376 1322 extra-

1289 1345 1412 1377 neum,
1445 1334 1482 1368 in
1514 1334 1784 1378 magistratum⁸
1817 1332 1871 1367 vel
1900 1332 1937 1366 in
1968 1332 2155 1376 privatum.
2209 1333 2246 1367 in
2279 1333 2379 1367 01118υ

1289 1380 1340 1415 rei
1380 1378 1666 1415 consideratione
1705 1378 1833 1413 aetatis
1875 1387 2016 1422 quoque
2058 1378 2150 1413 ratio
2189 1378 2376 1413 habeatur.

1290 1429 1310 1460 4
1357 1425 1477 1461 Locus
1510 1424 1614 1466 facit,
1646 1427 1686 1458 ut
1714 1424 1807 1458 idem
1839 1423 1894 1458 vel
1917 1423 2053 1457 furtum
2077 1423 2131 1458 vel
2156 1423 2378 1468 sacrilegium

1290 1474 1309 1505 5
1357 1471 1404 1506 sit
1427 1473 1464 1505 et
1487 1469 1604 1515 capite
1627 1469 1798 1504 luendum
1818 1468 1873 1503 vel
1893 1469 2029 1503 minore
2049 1468 2237 1513 supplicio.
2275 1469 2380 1504 Tem-

1289 1527 1358 1562 pus
1396 1515 1569 1551 discernit
1603 1524 1825 1550 emansorem
1857 1524 1879 1548 a
1911 1513 2059 1558 fugitivo
2090 1518 2126 1549 et
2156 1514 2377 1550 effractorem

1291 1567 1310 1597 6
1357 1561 1412 1596 vel
1444 1561 1560 1596 furem
1590 1560 1755 1595 diurnum
1787 1570 1809 1594 a
1832 1563 2020 1595 nocturno.
2070 1559 2264 1603 Qualitate,
2300 1571 2379 1594 cum

1289 1607 1425 1643 factum
1456 1606 1510 1642 vel
1540 1605 1699 1641 atrocius
1731 1605 1786 1640 vel
1816 1605 1928 1640 levius
1960 1608 2030 1639 est:
2068 1610 2109 1639 ut
2138 1604 2235 1639 furta
2267 1605 2378 1639 mani-

1289 1653 1384 1688 festa
1408 1663 1430 1687 a
1452 1662 1519 1687 nec
1543 1650 1741 1687 manifestis
1766 1650 1920 1685 discerni
1944 1650 2078 1692 solent,
2110 1650 2209 1685 rixae
2235 1660 2258 1684 a
2280 1661 2378 1695 gras-

1290 1698 1441 1740 saturis,
1474 1696 1708 1742 expilationes
1733 1706 1756 1731 a
1779 1695 1903 1739 furtis,
1932 1695 2133 1740 petulantia
2157 1706 2178 1730 a
2202 1695 2378 1731 violentia.

1291 1754 1362 1789 qua
1387 1743 1430 1778 de
1454 1753 1493 1778 re
1517 1742 1693 1777 maximus
1718 1741 1816 1797 apud
1840 1741 1997 1776 Graecos
2023 1745 2145 1776 orator
2167 1740 2373 1776 Demosthe⁴

1290 1799 1354 1824 nes
1367 1791 1395 1810 ¹⁰
1420 1787 1471 1824 sic
1492 1788 1561 1823 ait:
1588 1783 1630 1821 οὐ
1652 1786 1720 1834 γὰρ
1741 1801 1762 1830 η
1782 1784 1899 1832 πληγὴ
1920 1789 2122 1831 παρέστησε
2139 1785 2206 1829 τὴν
2224 1782 2374 1830 ῧβοινΗ,

1292 1829 1364 1868 ἀλλ’
1399 1831 1420 1876 ἡ
1451 1829 1596 1877 ἀτιμία·
1639 1828 1722 1867 οὐδὲ
1755 1832 1799 1866 τὸ
1839 1831 2044 1866 τύπτεσθαι
2075 1835 2148 1867 τοῖς
2180 1820 2378 1879 ἐλευθέροις

1290 1883 1366 1914 ἐστὶ
1391 1877 1525 1920 δεινόν,
1560 1881 1689 1924 καίπερ
1715 1876 1757 1912 ὃν
1782 1875 1918 1917 δεινόν,
1955 1872 2041 1910 ἀλλὰ
2056 1879 2083 1898 ¹²
2113 1876 2155 1911 τὸ
2187 1872 2241 1922 ἐφ’
2268 1873 2378 1921 ὕβρει.

1290 1923 1404 1959 πολλὰ
1434 1923 1504 1971 γὰρ
1537 1923 1584 1957 ἂν
1613 1922 1800 1966 ποιήσειεν
1825 1920 1844 1957 ὁ
1868 1920 2022 1962 τύπτων,
2059 1918 2085 1955 ὦ
2120 1920 2244 1968 ἄνδρες
2264 1919 2378 1965 Ἀθη-

1291 1974 1406 2011 ναῖοι,
1435 1963 1489 2004 ὦν
1513 1966 1532 2003 ὃ
1556 1968 1696 2004 παθών
1719 1971 1799 2003 ἔνια
1824 1964 1899 2002 οὐδ’
1926 1964 1972 2001 ἂν
1997 1964 2208 2014 ἀπαγγεῖλαι
2233 1967 2378 2001 δύναιτο

1291 2017 1411 2062 ἑτέρῳ,
1437 2016 1492 2059 τῷ
1507 2017 1534 2036 ¹³
1555 2014 1715 2060 σχήματι,
1741 2015 1796 2057 τῷ
1815 2013 2003 2058 βλέμματι,
2023 2014 2066 2059 τῇ
2088 2014 2202 2060 φωνῇ,
2224 2009 2313 2047 ὅταν
2333 2011 2379 2048 ὡς

1294 2060 1459 2109 ὑβρίζων,
1496 2056 1587 2095 ὅταν
1615 2057 1663 2096 ὡς
1693 2059 1821 2107 ἐχθρὸς
1853 2057 2032 2105 ὑπάρχων,
2067 2054 2155 2092 ὅταν
2186 2057 2378 2102 κονδύλοις,

1292 2104 1382 2141 ὅταν
1413 2109 1471 2141 ἐπὶ
1501 2104 1641 2152 κόρρης.
1688 2106 1803 2139 ταῦτα
1827 2108 1933 2144 κινεῖ,
1967 2105 2080 2137 ταῦτα
2104 2102 2283 2146 ἐξίστησιν
2314 2100 2378 2138 ἀν-

1292 2151 1465 2200 θρώπους
1486 2149 1607 2185 αὐτῶν
1627 2147 1755 2194 ἀήθεις
1779 2149 1884 2185 ὄντας
1903 2151 1968 2183 τοῦ
1987 2148 2327 2195 προπηλακίζεσθαι
2340 2150 2378 2183 Ν.

1293 2201 1310 2232 7
1361 2197 1549 2241 Quantitas
1590 2196 1761 2232 discernit
1796 2196 1911 2231 furem
1942 2195 1987 2230 ab
2018 2195 2160 2238 abigeo:
2198 2204 2282 2229 nam
2322 2195 2380 2239 qui

1292 2254 1402 2279 unum
1426 2253 1526 2278 suem
1551 2242 1779 2288 subripuerit,
1813 2245 1854 2276 ut
1876 2240 1935 2275 fur
1960 2240 2192 2282 coercebitur,
2218 2240 2278 2285 qui
2301 2251 2378 2285 gre-

1292 2292 1312 2324 8
1359 2299 1456 2334 gem,
1489 2291 1530 2323 ut
1560 2287 1718 2333 abigeus.
1766 2287 1927 2322 Eventus
1960 2289 2156 2331 spectetur,
2190 2289 2229 2320 ut
2258 2296 2280 2320 a
2310 2286 2378 2320 cle-

1291 2334 1509 2370 mentissimo
1529 2344 1671 2378 quoquo
1691 2333 1789 2368 facta
1802 2334 1847 2367 ¹⁵:
1873 2341 2087 2376 quamquam
2100 2330 2159 2365 lex
2174 2341 2246 2366 non
2264 2331 2378 2366 minus

1292 2390 1390 2423 eum,
1424 2379 1485 2424 qui
1516 2378 1702 2414 occidendi
1732 2377 1885 2414 hominis
1918 2387 2028 2412 causa
2061 2387 2140 2410 cum
2165 2376 2234 2411 telo
2260 2376 2378 2418 fuerit,

1292 2435 1399 2470 quam
1423 2435 1504 2460 eum
1528 2424 1589 2468 qui
1613 2423 1785 2459 occiderit
1807 2423 1945 2469 puniat.
1990 2425 2025 2456 et
2046 2421 2125 2456 ideo
2151 2421 2246 2466 apud
2267 2421 2377 2456 Grae-

1293 2481 1354 2506 cos
1375 2469 1480 2505 exilio
1501 2468 1702 2505 voluntario
1721 2468 1863 2504 fortuiti
1880 2477 1985 2503 casus
2002 2467 2205 2508 luebantur,
2227 2470 2266 2501 ut
2283 2467 2378 2512 apud

1291 2515 1527 2560 praecipuum
1551 2519 1739 2560 poetarum
1763 2513 1936 2559 scriptum
1959 2516 2014 2547 est
2027 2513 2053 2533 ¹⁶
2064 2522 2078 2564 ε)

1339 2561 1415 2594 εὑτέ
1434 2573 1479 2605 με
1502 2559 1643 2594 τυτθὸν
1665 2559 1773 2594 ἐόντα
1797 2562 1986 2593 Μενοίτιος
2010 2556 2047 2596 ἐξ
2074 2556 2254 2592 Οπόεντος

1338 2605 1470 2653 ἢγαγεν
1493 2601 1695 2652 ὑμέτερόνδ’
1722 2601 1981 2651 ἀνδροκτασίης
2007 2598 2076 2636 ῧπο
2101 2601 2232 2648 λυγρῆς,

1338 2650 1449 2695 ἤματι
1470 2652 1525 2694 τῷ
1551 2646 1611 2684 ὅτε
1633 2648 1750 2685 παῖδα
1774 2652 1993 2684 κατέκτανον
2010 2643 2299 2693 Ἀμφιδάμαντος

1338 2695 1474 2739 νήπιος,
1503 2691 1566 2730 οὐκ
1591 2694 1740 2735 ἐθέλων,
1767 2690 1855 2740 ἄμφ’
1878 2690 2133 2739 ἀστραγάλοισι
2149 2691 2375 2734 χολωθείςΠ.

1293 2745 1313 2777 9
1360 2742 1501 2784 Evenit,
1527 2745 1569 2777 ut
1592 2740 1715 2777 eadem
1738 2741 1876 2777 scelera
1899 2739 1938 2774 in
1958 2738 2167 2783 quibusdam
2187 2739 2377 2782 provinciis

1291 2787 1433 2832 gravius
1458 2787 1678 2832 plectantur,
1703 2789 1745 2821 ut
1766 2786 1804 2820 in
1827 2784 1951 2820 Africa
1974 2784 2140 2819 messium
2164 2783 2376 2827 incensores,

1291 2833 1329 2868 in
1352 2832 1470 2878 Mysia
1494 2832 1633 2874 vitium,
1659 2831 1722 2867 ubi
1746 2831 1890 2866 metalla
1913 2833 1996 2865 sunt
2020 2829 2278 2864 adulteratores
2302 2841 2376 2865 mo-

1296 2882 1336 2913 10
1382 2881 1498 2913 netae.
1545 2877 1822 2921 Nonnumquam
1854 2875 1986 2916 evenit,
2018 2878 2058 2909 ut
2082 2874 2279 2917 aliquorum
2302 2885 2375 2909 ma-

1291 2923 1489 2959 leficiorum
1518 2922 1695 2968 supplicia
1727 2921 2005 2962 exacerbentur,
2040 2919 2202 2964 quotiens
2232 2919 2373 2956 nimium

1292 2968 1412 3004 multis
1437 2968 1598 3013 personis
1622 2967 1868 3012 grassantibus
1893 2965 2053 3009 exemplo
2078 2975 2168 3009 opus
2192 2964 2248 2998 sit.

1342 3011 1392 3050 17
1423 3013 1661 3049 MARCIANUS
1694 3013 1785 3048 libro
1813 3013 1938 3058 primo
1974 3010 2233 3045 institutionum
2286 3009 2376 3044 Sunt

1293 3059 1438 3105 quidam
1461 3058 1552 3094 servi
1574 3068 1722 3103 poenae,
1748 3061 1789 3092 ut
1812 3060 1897 3092 sunt
1920 3056 1956 3090 in
1980 3054 2160 3089 metallum
2185 3054 2256 3088 dati
2281 3059 2316 3088 et
2338 3055 2375 3088 in

1293 3115 1383 3149 opus
1408 3103 1559 3138 metalli:
1586 3107 1621 3138 et
1646 3103 1676 3138 si
1701 3103 1786 3148 quid
1811 3102 1861 3137 eis
1885 3103 2096 3136 testamento
2117 3099 2238 3133 datum
2258 3099 2373 3141 fuerit,

1291 3161 1357 3195 pro
1388 3150 1501 3185 non¹⁸
1529 3148 1671 3193 scriptis
1685 3149 1712 3169 ¹⁹
1744 3151 1816 3190 est,
1850 3146 1952 3191 quasi
1980 3156 2052 3179 non
2082 3143 2243 3178 Caesaris
2273 3154 2373 3178 servo

1297 3199 1309 3230 l
1361 3194 1502 3236 datum,
1527 3193 1591 3229 sed
1613 3203 1762 3245 poenae.
1811 3193 1900 3227 Item
1924 3189 2065 3234 quidam
2090 3184 2255 3223 ἀπόλιδες
2280 3194 2372 3230 sunt,

1292 3240 1361 3276 1100
1386 3243 1442 3275 est
1465 3239 1541 3275 sine
1566 3238 1725 3273 civitate:
1752 3241 1792 3273 ut
1815 3241 1899 3273 sunt
1920 3236 1958 3270 in
1982 3245 2071 3279 opus
2091 3233 2272 3278 publicum
2294 3244 2372 3278 pcr-

1291 3355 1387 3395 gestu
1405 3352 1562 3395 adspectu
1582 3362 1670 3394 voce,
1691 3363 1766 3384 oum
1779 3351 1860 3383 facit
1871 3350 2006 3390 iniuria,
2024 3359 2098 3380 cum
2115 3347 2292 3379 inimicitia
2305 3358 2371 3379 mo-

1292 3402 1361 3440 tus,
1386 3409 1461 3430 cum
1481 3398 1604 3440 pugnis
1625 3398 1719 3439 ferit,
1740 3407 1815 3429 cum
1833 3397 1868 3427 in
1887 3405 1931 3427 os.
1962 3395 2042 3426 haec
2063 3392 2273 3433 exacerbant,
2293 3392 2372 3423 haec

1291 3444 1438 3484 faciunt,
1463 3446 1502 3475 ut
1524 3443 1577 3475 sui
1601 3445 1764 3485 compotes
1787 3439 1929 3482 amplius
1952 3449 2019 3471 non
2042 3438 2110 3470 sint
2133 3436 2281 3469 homines
2306 3447 2372 3469 non

1291 3488 1420 3520 adsueti
1440 3488 1636 3531 opprobriis.
1771 3488 1827 3527 (15)
1852 3486 1988 3516 eventus
2008 3486 2045 3514 ut
2063 3484 2244 3525 spectetur,
2269 3492 2288 3513 a
2308 3481 2371 3513 ele-

1291 3533 1494 3566 mentissimo
1518 3543 1650 3575 quoque
1675 3533 1797 3564 factum
1821 3543 1882 3562 scr.
1911 3530 1970 3568 (sic
1994 3541 2032 3561 ex
2053 3535 2150 3570 parte
2175 3528 2371 3567 Salmasius)

1293 3581 1351 3620 (16)
1376 3580 1538 3612 Homerus
1550 3579 1592 3611 Il.
1607 3580 1661 3618 23,
1675 3585 1711 3611 85
1803 3575 1862 3615 (17)
1888 3575 1924 3607 id
1943 3580 2008 3606 est:
2033 3584 2107 3605 011111
2126 3571 2302 3614 parvulum
2320 3582 2371 3603 me

1291 3624 1399 3656 adbuc
1417 3623 1605 3656 Menoetius
1629 3632 1668 3654 ex
1688 3622 1819 3663 Opunte
1842 3619 1884 3651 ad
1908 3621 2054 3651 nostram
2078 3617 2210 3649 domum
2234 3616 2373 3648 adduxit

1290 3671 1365 3711 post
1381 3669 1549 3701 funestum
1570 3666 1796 3706 homicidium,
1817 3674 1883 3705 quo
1896 3663 1948 3696 die
1961 3673 2100 3705 puerum
2113 3661 2371 3703 Amphidaman-

1291 3715 1334 3746 tis
1345 3714 1499 3746 interfeci
1511 3712 1702 3755 imprudens
1713 3710 1839 3744 invitus
1852 3709 1891 3741 de
1903 3707 1978 3740 talis
1990 3708 2126 3740 rixatus.
2201 3708 2263 3749 (18)
2289 3718 2331 3738 110
2345 3707 2379 3740 F

1291 3760 1352 3802 (19)
1376 3759 1501 3802 scripto
1514 3760 1585 3792 edd.
