2528 3918
0 155 1 163 1
46 129 201 161 CONST.
230 129 376 159 TANTA

0 247 1 277 ζ
43 242 230 282 humanae,
255 249 346 284 quae
369 235 582 273 naturaliter
603 235 708 278 inest,
739 235 808 270 hoc
831 234 1016 276 inscribat,
1042 233 1126 278 quia

44 286 201 321 omnium
224 285 356 320 habere
379 282 584 317 memoriam
606 283 642 316 et
665 280 807 325 penitus
830 280 868 314 in
891 279 1012 314 nullo¹
1043 288 1126 323 pec-

0 337 1 349 *
44 341 127 366 care
151 329 342 366 divinitatis
366 326 476 371 magis
502 336 607 371 quam
630 325 858 361 mortalitatis
881 327 953 360 est:
979 324 1074 369 quod
1093 325 1129 359 et

0 374 1 416 ἶ
44 387 66 411 a
97 375 289 411 maioribus
321 373 454 408 dictum
487 376 551 407 est.
600 370 726 406 deinde
750 371 857 412 sciat,
888 369 983 415 quod
1006 369 1128 405 simili-

0 435 1 448 1
43 421 130 457 tudo
155 421 192 456 in
215 417 426 465 quibusdam
451 420 488 452 et
510 417 565 452 his
590 415 806 451 brevissimis
836 415 1026 460 adsumpta
1057 424 1129 449 non

0 462 1 468 ’
46 466 179 502 inutilis
211 468 283 508 est,
316 467 353 499 et
384 463 474 497 nec²
506 462 596 497 citra
628 466 789 497 nostrum
812 460 1036 506 propositum
1060 460 1130 495 hoc

44 511 292 547 subsecutum:
334 512 398 543 aut
429 507 522 542 enim
553 507 605 542 ita
636 507 695 542 lex
725 506 928 541 necessaria
958 509 1054 548 erat,
1090 507 1131 539 ut

0 551 1 574 ³
45 556 189 592 dlversis
221 554 333 590 titulis
364 557 512 599 propter
543 563 662 588 rerum
687 552 932 596 cognationem
957 550 1131 596 applicari

0 601 1 604 ’
44 611 122 637 eam
144 603 318 645 oporteat,
342 602 415 642 aut,
442 609 521 633 cum
541 598 660 633 fuerat
679 597 757 632 aliis
778 597 924 632 diversis
943 596 1130 641 permixta,

44 645 262 691 impossibile
293 648 371 681 erat
401 654 480 679 eam
504 654 568 688 per
591 646 712 688 partes
736 642 874 678 detrahi
885 643 909 684 ³,
942 651 987 676 ne
1016 645 1131 676 totum

45 691 297 727 confundatur.
346 693 380 725 et
411 689 447 724 in
478 689 534 724 his
567 689 748 734 partibus,
779 688 816 723 in
839 688 968 732 quibus
992 686 1130 732 perfec-

0 775 1 783 ,
44 736 203 773 tissimae
240 735 391 771 visiones
427 734 610 780 expositae
645 737 801 769 veterum
836 733 996 776 fuerant,
1037 731 1132 778 quod

0 809 1 815 ,
44 781 284 827 particulatim
307 780 344 815 in
368 790 429 816 eas
454 780 571 815 fuerat
594 789 776 824 sparsum,
808 779 878 813 hoc
902 778 1057 814 dividere
1089 787 1132 812 ac

0 839 1 846 ¹
45 837 212 872 separare
236 827 378 871 penitus
403 829 480 860 erat
504 825 660 867 incivile,
692 835 736 860 ne
770 828 843 859 tam
876 834 1000 860 sensus
1025 833 1132 868 quam

50 876 88 907 14
136 883 240 908 aures
265 871 454 917 legentium
479 881 522 906 ex
545 871 615 906 hoc
637 870 904 916 perturbentur.
951 869 1132 913 Similique

0 935 1 962 3
46 917 149 953 modo
182 917 212 952 si
244 917 327 962 quid
359 916 617 962 principalibus
648 915 960 951 constitutionibus
986 917 1132 950 cautum

0 972 1 975 ’
45 966 110 1007 est,
136 963 203 998 boc
227 963 264 998 in
289 962 504 1007 digestorum
528 961 705 996 volumine
728 961 814 1005 poni
834 960 932 995 nullo
954 959 1132 995 concessi-

0 1025 1 1036 ÷
45 1019 123 1043 mus
155 1008 277 1051 modo,
314 1007 416 1052 quasi
454 1006 749 1042 constitutionum
786 1006 996 1041 recitatione
1030 1003 1131 1040 suffi-

0 1076 1 1093 2
46 1055 179 1089 ciente:
215 1053 283 1088 nisi
317 1056 354 1088 et
388 1053 455 1087 hoc
489 1062 571 1086 raro
609 1061 653 1086 ex
688 1052 797 1086 isdem
830 1052 964 1094 causis,
1002 1050 1131 1095 quibus

50 1103 87 1133 15
136 1098 328 1134 similitudo
354 1097 544 1143 adsumpta
567 1101 631 1132 est.
671 1097 897 1132 Contrarium
923 1100 1043 1131 autem
1068 1095 1132 1130 ali-

0 1158 1 1173 ÷
46 1144 130 1190 quid
152 1144 189 1179 in
213 1144 282 1179 hoc
306 1143 430 1178 codice
452 1142 608 1188 positum
633 1142 770 1176 nullum
794 1142 863 1177 sibi
881 1142 1000 1176 locum
1021 1140 1132 1176 vindi-

46 1190 142 1225 cabit
165 1200 231 1225 nec
255 1189 441 1231 invenitur,
470 1188 500 1223 si
524 1188 602 1233 quis
628 1187 750 1232 suptili
774 1187 891 1222 animo
918 1186 1133 1222 diversitatis

0 1232 1 1235 ’
46 1235 202 1271 rationes
234 1234 408 1270 excutiet:
442 1233 505 1268 sed
538 1236 593 1268 est
625 1233 760 1278 aliquid
791 1243 920 1268 novum
952 1233 1134 1267 inventum

0 1273 1 1328 J
46 1281 98 1315 vel
131 1280 271 1315 occulte
301 1280 473 1326 positum,
511 1278 629 1323 quod‘·
665 1278 907 1314 dissonantiae
940 1277 1133 1322 querellam

47 1325 206 1362 dissolvit
238 1329 273 1360 et
303 1325 409 1360 aliam
441 1327 606 1359 naturam
638 1324 776 1359 inducit
809 1323 1010 1359 discordiae
1042 1322 1133 1357 fines

50 1374 90 1406 16
137 1370 371 1415 effugientem.
415 1369 485 1406 Sed
510 1374 545 1405 et
570 1370 600 1405 si
624 1369 709 1414 quid
732 1369 884 1405 forsitan
907 1367 1133 1414 praetermis-

0 1434 1 1442 *
46 1427 124 1452 sum
150 1420 219 1460 est,
253 1415 347 1461 quod
379 1416 416 1450 in
445 1415 554 1450 tantis
585 1415 726 1450 milibus
759 1415 862 1460 quasi
892 1415 929 1449 in
953 1413 1133 1459 profundo

0 1457 1 1471 ¹
46 1462 200 1508 positum
234 1461 417 1504 latitabat,
457 1464 510 1505 et,
551 1471 631 1496 cum
671 1460 838 1496 idoneum
877 1460 996 1495 fuerat
1034 1459 1133 1504 poni,

46 1507 290 1542 obscuritate⁵
334 1507 529 1542 involutum
573 1506 774 1542 necessario
816 1506 1024 1541 derelictum
1060 1508 1132 1540 est:

48 1553 126 1597 quis
158 1552 227 1588 hoc
257 1551 550 1597 adprehendere6
581 1556 679 1587 recto
704 1552 820 1587 animo
846 1551 985 1596 possit?
1046 1551 1133 1585 rimo

48 1598 188 1643 quidem
212 1602 358 1651 propter
377 1597 508 1642 ingenii
530 1597 689 1632 mortalis
711 1597 981 1642 exiguitatem7:
1033 1596 1134 1631 einde

47 1647 194 1689 propter
218 1644 329 1688 ipsius
353 1643 405 1679 rei
428 1642 562 1685 vitium,
588 1642 683 1688 quod
707 1642 828 1678 multis
848 1642 1032 1678 inutilibus
1053 1651 1134 1687 per-

47 1689 195 1724 mixtum
226 1689 359 1724 nullam
393 1688 449 1723 sui
478 1688 522 1723 ad
555 1688 749 1724 eruendum
778 1688 944 1734 praebuit
977 1687 1133 1732 copiam:

48 1734 154 1769 dein⁸
186 1735 282 1779 quod
311 1734 421 1769 multo
452 1734 574 1769 utilius
599 1738 653 1770 est
677 1744 794 1778 pauca
815 1733 945 1769 idonea
970 1733 1134 1777 effugere,

51 1783 89 1814 17
138 1790 243 1824 quam
264 1779 383 1815 multis
403 1779 586 1815 inutilibus
608 1780 768 1815 homines
788 1778 1028 1825 praegravari.
1065 1778 1134 1813 Mi-

48 1825 161 1860 rabile
184 1829 304 1860 autem
330 1825 463 1870 aliquid
487 1834 530 1860 ex
553 1825 609 1860 his
630 1824 729 1860 libris
751 1824 904 1867 emersit,
931 1823 1026 1869 quod
1046 1823 1135 1858 mul-

48 1870 163 1906 titudo
196 1871 343 1915 antiqua
366 1874 554 1915 praesente
577 1870 749 1905 brevitate
772 1870 922 1915 paucior
945 1869 1135 1905 invenitur.

49 1916 207 1951 homines
234 1915 373 1959 etenim,
399 1916 458 1960 qui
484 1919 589 1951 antea
613 1915 691 1951 lites
712 1917 876 1960 agebant,
902 1915 985 1950 lieet
1004 1915 1136 1950 multae

49 1961 141 2006 leges
166 1961 308 1996 fuerant
331 1961 486 2006 positae,
516 1965 635 1995 tamen
661 1971 704 1996 ex
728 1961 853 2005 paucis
877 1960 957 1996 lites
981 1960 1135 2005 perfere-

50 2007 136 2041 bant
160 2007 211 2042 vel
236 2012 385 2051 propter
407 2007 565 2052 inopiam
596 2006 785 2048 librorum,
819 2016 907 2050 quos
939 2015 1137 2050 conparare

50 2052 99 2087 eis
131 2051 340 2096 inpossibile
373 2056 464 2094 erat,
498 2052 551 2087 vel
584 2055 730 2096 propter
761 2051 877 2097 ipsam
902 2051 1136 2093 inscientiam,

50 2101 86 2132 et
116 2097 297 2132 voluntate
329 2097 486 2132 iudicum
518 2097 629 2142 magis
660 2107 765 2141 quam
796 2097 951 2142 legitima
983 2097 1137 2131 auctori-

51 2146 124 2177 tate
147 2142 226 2178 lites
252 2142 519 2178 dirimebantur.
564 2143 601 2176 in
625 2143 804 2187 praesenti
829 2146 947 2177 autem
973 2152 1137 2177 consum-

50 2188 204 2223 matione
236 2191 440 2223 nostrorum
472 2188 687 2232 digestorum
711 2198 731 2223 e
756 2188 864 2223 tantis
888 2188 983 2232 leges
1009 2187 1137 2222 collec-

50 2237 109 2268 tae
133 2237 217 2268 sunt
239 2233 488 2276 voluminibus,
519 2244 669 2278 quorum
695 2236 730 2268 et
753 2233 897 2268 nomina
921 2232 1139 2278 antiquiores

51 2278 210 2314 homines
239 2289 311 2313 non
343 2278 494 2314 dicimus
524 2278 748 2319 nesciebant,
781 2279 843 2314 sed
875 2289 940 2314 nec
972 2288 1139 2323 umquam

51 2324 280 2359 audiebant&
328 2334 419 2368 quae
463 2324 580 2359 omnia
623 2324 776 2360 collecta
818 2328 902 2359 sunt
938 2324 1141 2359 substantia

51 2369 269 2414 amplissima
311 2373 543 2414 congregata,
588 2372 628 2404 ut
668 2379 778 2414 egena
815 2369 956 2414 quidem
993 2369 1141 2414 antiqua

51 2414 238 2450 multitudo
270 2414 489 2457 inveniatur,
526 2415 796 2459 opulentissima
830 2419 949 2450 autem
985 2415 1139 2450 brevitas

52 2463 176 2495 nostra
197 2459 384 2495 efficiatur.
422 2460 588 2505 antiquae
607 2464 725 2496 autem
747 2460 945 2505 sapientiae
967 2460 1141 2495 librorum

54 2505 194 2551 copiam
227 2505 379 2541 maxime
415 2505 656 2541 Tribonianus
692 2505 745 2541 vir
781 2505 1098 2541 excellentissimus
1114 2506 1141 2525 ²⁰

56 2621 94 2662 (l)
119 2619 190 2652 ullo
214 2620 249 2652 F
365 2620 409 2662 (2)
435 2621 467 2652 et
486 2620 557 2662 nec]
579 2621 655 2652 ctne
676 2620 709 2652 F'
830 2621 872 2661 (3)
898 2619 1039 2652 distrahi
1060 2620 1141 2653 Hal.

55 2669 96 2707 (4)
123 2666 255 2707 quosF
329 2666 371 2706 (5)
397 2665 663 2698 obscruritateF
743 2666 787 2706 (6)
812 2665 1053 2707 reprehendere
1068 2666 1141 2698 dett.

54 2711 97 2752 (Ἰ)
123 2710 375 2753 exiguitatatem
389 2711 422 2743 F
472 2712 517 2753 (s)
543 2710 660 2743 deinde
675 2710 766 2744 F2S
820 2712 866 2753 (9)
889 2710 1066 2744 audierant
1079 2723 1142 2744 scr.

58 2757 118 2798 (lo)
142 2755 425 2789 excellentissibus
438 2757 471 2789 F

1100 110 1224 154 XXV

55 2890 306 2935 reputantibus
329 2900 373 2924 ne
396 2888 464 2925 boc
489 2889 630 2936 quidem
656 2890 747 2925 citra
777 2890 906 2925 iustam
937 2890 1142 2926 excusatio-

57 2945 135 2969 nem
154 2934 317 2970 accidere
337 2935 532 2970 videbitur:
558 2946 641 2969 nam
659 2936 695 2970 in
715 2936 876 2971 omnibus
894 2936 1002 2981 culpa
1019 2945 1144 2970 carere

56 2979 198 3015 divinae
220 2979 348 3023 solum,
372 2990 443 3015 non
469 2979 647 3015 humanae
676 2981 818 3015 virtutis
842 2984 904 3023 est,
930 2984 969 3015 ut
989 2980 1144 3015 maiores

57 3034 201 3071 quoque
224 3025 407 3060 dixerunt.
447 3030 531 3060 sunt
552 3029 669 3060 tamen
694 3026 757 3061 ubi
777 3026 945 3061 similium
969 3037 1050 3061 rece
1079 3026 1143 3061 tio-

57 3080 136 3104 nem
157 3070 264 3105 etiam
283 3070 503 3112 admisimuS,
521 3070 578 3105 vel
601 3071 686 3116 quia
707 3081 766 3105 res
778 3072 995 3117 propositae
1016 3071 1031 3106 i
1075 3070 1143 3116 fla-

57 3114 222 3160 qitabant
245 3120 445 3162 propterea
477 3116 575 3161 quod
602 3116 694 3151 idem
722 3116 889 3162 pluribus
913 3116 1001 3152 locis
1024 3115 1144 3162 appli-

58 3159 211 3194 candum
236 3165 326 3202 erat,
351 3163 415 3195 aut
437 3161 523 3205 quia
545 3161 583 3195 id
600 3160 698 3207 quod
717 3165 801 3196 ante
813 3163 1008 3208 proposito
1029 3161 1145 3197 simile

58 3214 135 3239 esse
150 3204 331 3240 videretur
343 3206 569 3251 permioelum
587 3209 665 3241 erat
681 3217 772 3241 novo
789 3207 932 3242 cuidam
950 3218 1016 3242 nee
1030 3207 1145 3252 facile

58 3253 250 3295 utrumque
268 3252 438 3296 separari
452 3254 609 3296 poterat,
635 3254 698 3286 aut
722 3252 809 3297 quia
832 3262 942 3298 saepe
966 3252 1145 3288 custodita

59 3297 110 3329 est
131 3296 221 3330 artis
239 3297 428 3331 universae
445 3297 571 3342 forma
590 3297 761 3332 continua
780 3308 847 3332 nee
865 3298 1042 3332 sententia
1057 3308 1144 3343 per—

60 3339 239 3376 turbanda
270 3344 348 3376 erat
377 3341 528 3376 sublatis
559 3342 674 3377 verbis
710 3342 924 3387 quibusdam
957 3343 1045 3378 alibi
1073 3343 1143 3377 iam

59 3384 202 3419 relatis:
220 3389 375 3422 ceterum
392 3385 459 3422 hoc
477 3397 620 3432 quoque
635 3386 698 3422 ubi
712 3387 907 3422 admissum
925 3390 978 3422 est
986 3398 1070 3433 pro‘
1092 3391 1145 3422 ter

59 3429 115 3464 rei
149 3432 410 3472 necessilatem,
446 3432 550 3467 breve
585 3435 638 3466 est
673 3435 708 3466 et
743 3432 808 3468 vim
837 3434 1143 3479 persentiencum.

64 3477 104 3527 l4
150 3473 198 3510 Id
228 3476 344 3522 ipsum
376 3477 458 3511 item
491 3477 528 3511 in
560 3477 621 3519 iis,
654 3479 808 3523 quaein
832 3478 1145 3513 constitutionibus

62 3522 303 3564 imperatoriis
333 3521 405 3556 iam
431 3522 556 3567 posita
586 3526 708 3563 erant,
740 3524 855 3558 secuti
884 3533 1027 3558 sumus.-
1059 3534 1144 3558 nam

62 3564 113 3599 ibi
134 3566 345 3611 perscripta
373 3567 491 3612 repeti
518 3568 555 3602 in
579 3565 647 3602 boc
671 3567 761 3603 libro
786 3569 960 3603 vetuimus
982 3572 1145 3614 praeter-

63 3619 170 3654 quam
189 3610 382 3645 seeundum
404 3623 446 3646 ea
466 3622 560 3658 quae
578 3622 692 3659 supra
712 3612 938 3658 definivimus
958 3614 1146 3648 occasione

69 3657 106 3688 15
179 3654 379 3690 uerelarum
411 3656 456 3692 de
485 3657 727 3692 similitudine.
785 3658 995 3693 Contrarias
1026 3661 1144 3693 autem

63 3699 134 3734 sibi
168 3710 250 3746 cqes
273 3700 365 3735 inter
388 3711 467 3742 eas,
498 3712 592 3747 quae
622 3703 660 3736 in
691 3701 759 3737 hoe
790 3704 953 3738 volumen
979 3707 1145 3748 receptae

63 3743 151 3786 sint,
182 3754 255 3780 non
276 3744 390 3790 facile
414 3747 495 3792 quis
518 3747 688 3790 inveniet,
712 3747 746 3782 si
767 3747 909 3792 quidem
926 3758 1001 3794 per
1024 3758 1145 3783 omnes

1864 121 2019 153 consr.
2051 119 2289 160 ΔΕΔΩΚΕΝ

1196 232 1267 272 ἔξω
1299 229 1439 266 δικαίας
1470 227 1664 287 ἀπολογίας
1695 229 1779 267 οὐδὲ
1806 233 1914 268 τοῦτο
1939 230 2078 274 δόξειεν
2100 231 2214 267 εἶναι·
2248 232 2289 267 τὸ

1194 277 1262 325 γὰρ
1295 275 1355 310 διὰ
1384 274 1539 311 πάντων
1570 275 1778 312 ανεύθυνον
1803 278 1907 312 θείας
1930 275 1977 313 ἂν
2001 277 2054 323 εἴη
2076 275 2189 324 μόνης
2211 274 2286 312 ἀλλ’

1196 320 1259 356 οὐκ
1295 319 1535 370 ἀνθρωπίνης
1571 319 1706 364 ἰσχύος,
1743 322 1844 357 καθὰ
1880 327 1941 357 καὶ
1975 326 2049 358 τοῖς
2083 322 2155 371 πρὸ
2187 319 2291 368 ἡμῶν

1196 367 1347 414 εἴρηται.
1395 365 1490 411 πλὴν
1522 368 1622 401 ἔστιν
1646 363 1718 421 ὅπῃ
1744 372 1803 402 καὶ
1827 367 1895 413 τὴν
1918 369 1997 403 τῶν
2018 364 2156 414 ὁμοίων
2183 380 2291 414 παρε-

1197 411 1384 456 δεξάμεθα
1419 413 1546 454 θέσιν,
1591 409 1612 456 ἢ
1653 426 1731 446 των
1771 411 2022 469 ὑποκειμένων
2064 412 2291 462 πραγμάτων

1196 459 1304 492 τοῦτο
1336 456 1597 493 ἀπαιτούντων
1627 456 1692 491 τὸι
1727 456 1803 493 δεῖν
1834 458 1946 493 ταυτὸ
1983 458 2147 495 πλείοσιν
2182 462 2200 492 A
2230 473 2287 507 αρ·

1195 503 1383 549 μασθῆναι
1414 502 1558 545 τόποις,
1591 499 1613 546 ἢ
1636 504 1725 537 τοῦ2
1757 505 2079 549 συναναμεμῖχθαί
2099 518 2172 539 τινι
2198 473 2290 547 geue)

1197 547 1239 582 τὸ
1273 546 1404 582 δοκοῦν
1435 545 1564 593 ὅμοιον
1593 549 1649 593 τῷ
1674 547 1845 597 πρόσθεν
1868 553 1928 583 καὶ
1953 548 2146 598 δύσκριτον
2171 549 2293 584 αὐτῶν

1198 592 1265 636 τὴν
1301 591 1478 640 διαίρεσιν
1510 593 1619 635 εἶναι,
1653 590 1675 637 ἢ
1705 595 1844 637 καὶτῷ
1867 593 2037 630 πολλάκις
2061 594 2291 641 φυλαχθῆναι

1198 638 1240 673 τὸ
1272 639 1333 683 τῆς
1363 637 1446 683 ὅλης
1477 639 1639 687 θεωρίας
1670 641 1812 682 συνεχὲς
1843 642 1904 673 καὶ
1933 639 1982 684 μὴ
2013 638 2292 686 διασπασθῆναι

1198 683 1265 718 τὸν
1296 685 1384 719 νοῦν
1416 686 1461 732 τῇ
1491 685 1571 719 τῶν
1595 682 1660 728 ἢδη
1684 687 1947 733 γεγραμμένων
1971 681 1993 718 ἄ
2025 689 2157 733 αιρέσει
2183 686 2286 732 ew&

1198 741 1295 763 των·
1320 728 1415 773 πλὴν
1439 733 1501 764 καὶ
1526 731 1635 764 τοῦτο
1659 731 1780 765 εἵπου
1801 733 1861 764 καὶ
1882 734 1993 778 παρεί
2014 744 2126 774 ηπται
2148 729 2208 765 διὰ
2227 732 2294 775 τὴν

1198 775 1267 809 τοῦ
1291 773 1502 823 πράγματος
1525 771 1697 823 ἀνάγκην,
1728 773 1805 810 ἀλλ’
1839 777 1941 810 ἐστὶν
1971 775 2087 823 βραχὺ
2111 780 2171 810 καὶ
2195 774 2291 812 οὔδει

1202 823 1241 854 14
1289 824 1380 865 μίαν
1399 820 1527 855 ἑαυτοῦ
1546 819 1674 864 σχεδὸν
1694 820 1943 869 παρεχόμενον
1961 820 2149 865 αἴσθησιν.
2181 822 2292 857 Tauro

1203 863 1243 900 δὲ
1265 867 1374 900 τοῦτο
1398 869 1459 900 καὶ
1483 868 1545 901 ἐπὶ
1567 868 1646 901 τῶν
1670 864 1736 910 ἤδη
1769 866 2119 912 νενομοθετημένων
2149 869 2190 901 ἐν
2218 872 2295 903 ταῖς

1199 909 1404 956 βασιλικαῖς
1428 909 1638 952 διατάξεσιν
1668 910 1914 958 ἐφυλάξαμεν·
1946 911 1992 946 τὰ
2020 911 2114 960 γὰρ3
2145 914 2294 948 ἐκείναις

1201 957 1371 1003 εἰρημένα
1402 956 1496 991 κατὰ
1525 958 1633 992 τοῦτο
1657 958 1817 1001 τεθῆναι
1840 956 1883 992 τὸ
1906 956 2054 1002 βιβλίον
2077 954 2119 992 οὗ
2142 969 2293 1002 συνεχω-

1200 1001 1374 1049 ρήσαμεν,
1399 1001 1496 1046 πλὴν
1519 999 1607 1037 ὅσον
1630 1005 1669 1037 ἐκ
1692 1004 1772 1038 τῶν
1796 1003 2010 1050 ἑζιιπροσθεν
2033 999 2118 1048 ἡμῖν
2146 1000 2295 1051 ὡρισμέ-

1204 1051 1243 1081 15
1292 1060 1370 1082 νων
1391 1047 1572 1094 προφάσει
1582 1050 1595 1069 ·”
1616 1050 1678 1094 τῆς
1697 1044 1908 1094 ὁμοιότητος
1927 1049 2069 1083 αἰτιῶν.
2102 1046 2296 1084 Ἐναντίως

1201 1090 1241 1126 δὲ
1263 1096 1337 1126 τοῖς
1360 1091 1478 1127 ἄλλοις
1502 1092 1630 1137 ἐχοντά
1647 1106 1734 1129 τινα
1754 1093 1870 1139 νόμον
1889 1093 1968 1128 τῶν
1989 1095 2049 1129 ἐπὶ
2068 1095 2135 1128 τοῦ
2151 1094 2295 1140 βιβλίου

1200 1136 1330 1172 τούτου
1363 1141 1542 1183 κειμένων
1572 1137 1636 1173 οὐκ
1667 1138 1713 1174 ἄν
1744 1151 1798 1174 τις
1831 1134 1927 1187 εὕροι
1958 1137 2110 1185 ῥᾳδίως,
2142 1141 2213 1188 εἴγε
2238 1139 2297 1175 διά

1200 1181 1355 1218 πάντων
1378 1185 1457 1218 τῶν
1480 1186 1542 1228 τῆς
1566 1184 1821 1228 ἐναντιότητος
1844 1180 1942 1232 ὅρων
1967 1183 2170 1226 διεξελθεῖν
2191 1186 2297 1221 σπεὺ·

1202 1239 1315 1263 σειεν·
1348 1225 1424 1264 ἀλλ’
1456 1230 1560 1264 ἔστιν
1582 1243 1619 1265 τι
1643 1229 1685 1265 τὸ
1710 1229 1896 1279 διάφορον,
1929 1226 1949 1264 δ
1976 1229 2217 1278 προσληφθὲν
2238 1228 2296 1266 ἆλ-

1202 1272 1391 1322 λοιοτέραν
1421 1274 1510 1310 ἴσως
1537 1274 1638 1324 παρὰ
1669 1275 1832 1324 θάτερον
1865 1279 1964 1311 ποιεῖ
1992 1275 2060 1320 τὴν
2090 1279 2156 1312 τοῦ
2186 1276 2298 1322 νόμου

1206 1323 1245 1355 16
1293 1320 1415 1355 θέσιν.
1452 1321 1498 1355 Εἰ
1523 1319 1563 1355 δὲ
1585 1324 1647 1355 καὶ
1667 1334 1704 1356 τι
1725 1320 1833 1365 τυχὸν
1854 1324 2023 1369 παρεῖται
2043 1322 2122 1357 τῶν
2141 1323 2298 1367 τεθῆναι

1202 1363 1367 1399 δεόντων
1393 1365 1498 1408 (εἰκὸς
1518 1365 1587 1415 γὰρ
1611 1370 1672 1401 καὶ
1696 1380 1733 1401 τι
1758 1368 1900 1402 τοιοῦτο
1929 1368 2047 1412 συμβ’”
2072 1381 2110 1402 αι
2142 1366 2201 1403 διὰ
2233 1367 2300 1411 τὴν

1202 1412 1263 1464 τῆς
1286 1408 1526 1457 ἀνθρωπίνης
1549 1410 1750 1447 ἀσθένειαν
1782 1411 1947 1459 φύσεως),
1980 1381 2071 1447 ἀλλίλ
2098 1414 2155 1458 τῷ
2185 1417 2300 1449 παντὶ

1202 1454 1347 1490 καλλιον
1379 1454 1426 1491 ἂν
1460 1458 1515 1501 εἴη
1550 1461 1625 1493 τοῖς
1660 1454 1763 1503 ἡμῶν
1798 1454 1970 1501 ὑπηκόοις
2005 1457 2154 1494 πολλῶν
2187 1457 2297 1502 ἀπηλ-

1204 1500 1340 1544 λάχθαι
1372 1504 1497 1537 κακῶν
1525 1504 1592 1538 τοῦ
1620 1502 1835 1539 καταλιπεῖν
1866 1503 1953 1539 ἴσως
1982 1500 2086 1552 ὀλίγα
2114 1504 2198 1540 τινὰ
2220 1505 2300 1539 τῶν

1203 1545 1413 1582 δοκούντων
1436 1546 1664 1593 ἐπιτηδείων,
1688 1548 1860 1605 μυριάσιν
1884 1547 2014 1593 σχεδὸν
2033 1551 2300 1599 ἀναριθμήτοις

1203 1594 1548 1648 ἐνκατορωρυγμένα
1578 1608 1619 1629 τε
1650 1598 1710 1629 καὶ
1739 1599 1962 1638 αποκείμενα
1991 1598 2053 1630 καὶ
2076 1594 2198 1631 οὐδενὶ
2222 1607 2298 1639 σχε-

1204 1636 1269 1672 δὸν
1300 1651 1379 1672 των
1410 1652 1565 1674 παντων
1593 1639 1777 1689 γνώριμα,
1811 1639 1942 1675 τούτου
1965 1654 2006 1676 τε
2029 1642 2152 1677 ἕνεκεν
2176 1640 2298 1676 διαλα-

1207 1687 1245 1717 17
1296 1682 1420 1719 θόντα
1444 1683 1590 1731 ῥᾳδίως.
1639 1686 1833 1721 Τοσούτων
1857 1684 1898 1720 δὲ
1921 1683 2044 1722 ὄντων
2066 1688 2145 1722 τῶν
2168 1689 2297 1735 ὲζαπρο-

1205 1729 1300 1763 σθεν
1322 1743 1433 1778 γεγρα
1461 1734 1586 1776 με’νων
1607 1730 1768 1776 βιβλίων
1792 1731 1831 1772 ἐξ
1854 1729 2057 1774 ἐλαχίστων
2080 1734 2301 1778 νομοθετῶν

1204 1787 1244 1808 τε
1267 1779 1327 1809 καὶ
1350 1779 1419 1820 βιβ
1441 1779 1511 1810 ίων
1534 1778 1695 1824 ἐκρίνετο
1718 1776 1765 1811 τὰ
1782 1779 1861 1812 τῶν
1883 1778 1923 1810 ἐν
1944 1775 2187 1825 δικαστηρίοις
2206 1776 2299 1826 ἀγώ-

1204 1833 1293 1862 νων,
1313 1821 1392 1855 τῶν
1411 1824 1490 1866 μέν,
1512 1821 1638 1866 ἐπειδὴ
1655 1821 1815 1867 βιβλίων
1837 1819 2010 1877 ἠπόρουν,
2034 1824 2112 1858 τῶν
2133 1822 2183 1866 δέ,
2209 1826 2299 1860 ἐπεί-

1205 1877 1273 1913 περ
1297 1863 1362 1900 οὐκ
1386 1864 1517 1915 ἤρκουν
1540 1866 1667 1902 πόνοις
1686 1866 1862 1910 πλείοσιν,
1886 1871 2003 1915 ευρεῖν
2022 1867 2069 1903 τὰ
2086 1868 2202 1904 πολλὰ
2222 1870 2296 1904 τῶν

1204 1915 1393 1957 χρησίμων
1416 1908 1480 1946 οὐκ
1505 1912 1724 1956 ἰσχυόντων·
1756 1915 1824 1947 νῦν
1856 1911 1896 1948 δὲ
1918 1912 2011 1948 κατὰ
2033 1913 2102 1958 τὴν
2125 1914 2302 1956 σύνταξιν

1205 1956 1402 2004 ἥθροισται
1433 1958 1573 2003 ταύτην
1602 1958 1711 1994 πολὺς
1734 1957 1860 2003 νόμων
1884 1957 2121 1994 κοατσὺντων
2144 1957 2302 2008 ἀριθμρς

1206 2004 1245 2035 ἐκ
1274 2001 1435 2047 βιβλίων
1467 2008 1639 2038 σπανίων
1670 2007 1731 2039 καὶ
1760 2003 1861 2050 μόλις
1893 1990 2140 2052 ἐξευρημένων
2162 2009 2223 2040 καὶ
2248 2006 2302 2040 ὡν

1206 2044 1291 2081 οὐδὲ
1320 2046 1384 2082 τὰς
1414 2053 1654 2098 προσηγορίας
1683 2049 1719 2084 οἱ
1741 2048 1868 2086 πολλοὶ
1892 2053 1953 2084 καὶ
1976 2051 2055 2093 ’ζῶν
2080 2049 2223 2100 σφόδρα
2247 2049 2300 2086 εὖ·

1207 2091 1458 2145 δοκιμούντων
1483 2096 1544 2130 ἐπὶ
1568 2094 1691 2149 νόμοις
1715 2097 1926 2143 ἐγίνωσκον.
1976 2095 2031 2130 ὠν
2054 2094 2098 2141 δὴ
2119 2095 2188 2140 τὴν
2210 2094 2301 2141 ὕλην

1208 2141 1290 2183 ημῖν
1314 2136 1579 2185 ἆφθονοτάτην
1605 2155 1624 2176 o
1649 2141 1776 2188 ῥηθεὶς
1796 2138 2030 2183 ἐνδοξότατος
2056 2142 2302 2191 Τριβωνιανὸς

1214 2619 1254 2661 (1)
1277 2619 1333 2662 τῷ
1346 2632 1408 2653 scr.
1480 2621 1524 2663 (2)
1547 2618 1603 2663 τῷ
1615 2631 1677 2653 scr.
1748 2620 1791 2662 (3)
1818 2619 1857 2653 ἐν
1871 2620 2093 2654 ιἠε.ΗενεΙιεν
2169 2622 2212 2663 (4)
2238 2622 2302 2664 (εκ)

1212 2665 1318 2707 τ(ω)ν
1349 2664 1592 2712 εμ(πρ)οσθεν
1621 2676 1709 2709 ημιν
1741 2675 1946 2712 ορισμενων
1978 2666 2185 2714 (π)ροφασει
2217 2669 2250 2701 in
2275 2668 2311 2702 F

1215 2711 1301 2754 leyz't,
1324 2711 1363 2744 de
1388 2712 1500 2745 litteris
1520 2712 1607 2745 intra
1622 2722 1721 2744 uncos
1733 2712 1852 2754 positis
1873 2711 2036 2752 dubitans,
2052 2714 2179 2755 primus
2192 2713 2301 2747 Krue·

1212 2769 1271 2799 ρον

1211 2889 1430 2924 diversitatis
1452 2890 1613 2924 rationes
1636 2899 1699 2925 eas
1721 2889 1872 2936 exiqere
1894 2890 1999 2926 velit:
2028 2891 2094 2927 sed
2115 2895 2168 2927 est
2217 2903 2301 2928 uae-

1211 2935 1293 2969 dam
1318 2934 1536 2980 differentia,
1561 2944 1656 2980 quae
1679 2934 1872 2983 adsumpta
1896 2936 2111 2981 diversificet
2136 2938 2175 2972 vi
2198 2938 2301 2973 elieet

1214 2983 1254 3016 16
1302 2980 1340 3015 in
1359 2980 1510 3014 alteram
1530 2984 1649 3015 utram
1663 2983 1810 3026 partem
1830 2981 1922 3027 leqis
1939 2985 2199 3028 arqumentum.
2228 2982 2303 3019 Sed

1211 3028 1246 3060 et
1268 3026 1303 3060 si
1324 3025 1413 3070 quid
1437 3024 1598 3070 forsitan
1623 3027 1923 3072 praetermissum
1953 3030 2007 3062 est
2037 3039 2173 3070 eorum,
2206 3039 2301 3074 quae

1204 3070 1379 3116 ponenda
1403 3073 1522 3105 essent
1546 3072 1642 3113 (nam
1661 3071 1855 3117 probabile
1884 3075 1937 3107 est
1965 3073 2004 3107 id
2033 3083 2176 3119 quoque
2206 3074 2301 3109 aeci-

1211 3115 1306 3150 disse
1319 3119 1476 3161 propter
1491 3114 1671 3151 humanae
1687 3120 1842 3152 naturae
1857 3117 2158 3161 imbecillitatem),
2182 3122 2300 3153 tamen

1212 3162 1250 3196 in
1274 3162 1478 3196 universum
1504 3161 1628 3196 utilius
1651 3165 1731 3197 erat
1754 3162 1907 3199 subditis
1929 3163 2064 3198 nostris
2084 3164 2206 3199 multis
2225 3175 2300 3198 ma-

1213 3206 1258 3241 lis
1293 3206 1444 3242 liberari
1476 3216 1585 3252 quam
1619 3208 1775 3243 retinere
1810 3208 1986 3254 quaedam
2023 3219 2168 3252 eorum,
2207 3219 2301 3255 quae

1212 3251 1315 3286 utilia
1337 3251 1499 3296 fortasse
1530 3251 1647 3288 videri
1667 3258 1840 3299 possent,
1865 3254 2038 3300 plurimis
2067 3257 2102 3289 et
2133 3255 2216 3300 fere
2248 3255 2300 3289 in-

1211 3297 1371 3331 numeris
1395 3296 1581 3342 implicata
1604 3300 1639 3332 et
1662 3298 1873 3334 abscondita
1894 3309 2009 3344 neque
2050 3310 2110 3334 ere
2131 3300 2299 3345 cuiquam

1218 3345 1252 3375 17
1302 3345 1389 3376 nota
1410 3345 1444 3376 et
1461 3345 1659 3388 propterea
1677 3343 1793 3389 facile
1814 3344 1973 3379 latentia.
2030 3348 2068 3379 ot
2083 3347 2201 3379 autem
2220 3354 2299 3379 eum

1211 3388 1328 3421 essent
1352 3386 1437 3422 libri
1458 3390 1566 3423 antea
1589 3389 1797 3435 conscripti,
1848 3389 1888 3424 ui
1905 3400 1964 3424 res
1984 3389 2193 3425 iudicabant
2206 3399 2298 3434 pen-

1212 3432 1343 3467 debant
1366 3442 1416 3468 ex
1465 3433 1665 3469 aucissimis
1682 3400 1891 3470 auctoribus
1911 3434 2094 3479 librisque,
2119 3434 2185 3469 alii
2202 3432 2301 3478 quod

1213 3476 1313 3512 libris
1338 3487 1421 3512 care
1444 3480 1520 3523 ant,
1546 3477 1615 3514 alii
1635 3479 1735 3525 quod
1757 3480 1889 3514 maiori
1911 3479 2030 3515 labori
2047 3489 2118 3514 non
2139 3478 2299 3524 sufficie-

1213 3523 1298 3558 bant
1323 3521 1505 3569 pleraque
1534 3524 1676 3559 utilium
1705 3525 1868 3570 reperire
1896 3535 1969 3559 non
1999 3523 2173 3558 valentes:
2204 3533 2300 3558 izune

1211 3576 1296 3602 vero
1319 3569 1357 3602 in
1380 3566 1450 3605 liae
1472 3569 1731 3615 compositione
1760 3572 1951 3615 conqestus
1980 3571 2033 3603 est
2062 3577 2216 3614 maqnus
2249 3567 2302 3602 vi-

1211 3613 1371 3658 qentium
1396 3612 1515 3660 lequm
1539 3625 1711 3649 numerus
1733 3625 1784 3650 ex
1808 3615 1910 3650 libris
1932 3613 2030 3648 raris
2052 3615 2086 3647 et
2110 3613 2175 3647 via:
2197 3622 2301 3666 repe-

1211 3657 1348 3693 riendis
1371 3661 1407 3693 et
1429 3669 1581 3705 quorum
1599 3660 1771 3706 plerique
1794 3661 1900 3695 etiam
1934 3658 1977 3693 ob
2010 3658 2101 3692 iuris
2123 3658 2296 3703 peritiam

1212 3702 1472 3738 celebratorum
1507 3715 1551 3739 ne
1587 3705 1733 3739 nomina
1767 3705 1909 3750 quidem
1941 3706 2095 3737 nossent.
2143 3712 2297 3747 quorum

1211 3749 1399 3784 materiam
1430 3749 1647 3785 uberrimam
1679 3749 1797 3785 dictus
1828 3749 1882 3784 vir
1912 3747 2196 3794 qloriosissimus
2221 3747 2296 3782 Tri·

1965 3813 2027 3838 1111
