2528 3918
196 127 357 171 XXV3

193 248 412 290 hereditatis,
437 257 543 292 quam
566 247 660 282 filius
682 246 844 289 intendit,
869 250 1071 292 quaeretur,
1094 249 1212 281 utrum
1236 255 1281 281 ex

194 304 236 330 eo
262 298 368 329 natus
400 292 448 327 sit
471 292 571 327 cuius
595 292 826 327 hereditatem
858 292 949 337 petit
980 301 1027 326 an
1058 301 1142 326 non.
1190 290 1278 326 adeo

193 339 263 375 hoc
287 348 411 373 verum
435 340 500 379 est,
525 340 566 372 ut
587 336 746 372 Iulianus
770 336 860 371 libro
886 346 979 371 nono
1005 335 1140 371 decimo
1166 334 1262 380 diges

193 388 313 419 torum
351 382 488 418 scribat
500 382 522 424 ¹,
563 382 594 417 si
627 381 705 417 vivo
736 385 839 426 patre
863 381 1037 416 redditum
1069 380 1115 415 sit
1138 380 1279 426 praeiu-

195 428 324 463 dicium
356 431 393 462 et
426 430 617 471 antequam
648 427 823 462 sententia
845 425 1000 467 feratur,
1031 429 1135 477 pater
1158 423 1279 460 deces-

195 476 216 509 6
262 471 357 513 serit,
379 471 634 507 transeundum
654 471 701 506 ad
713 470 977 505 Carbonianum
989 469 1154 504 edictum.
1190 469 1280 504 Item

194 519 283 552 haec
306 520 452 551 senatus
478 516 641 551 consulta
663 516 841 561 pertinent
864 515 910 549 ad
932 524 1004 556 eos,
1025 514 1086 559 qui
1105 514 1162 550 sui
1180 513 1280 549 here-

195 562 257 596 des
283 561 566 606 adgnascantur:
600 565 754 597 ceterum
786 560 815 594 si
847 559 940 594 forte
964 570 1037 594 non
1060 558 1132 594 sint
1153 559 1191 593 in
1213 569 1278 603 po-

194 610 358 642 testatem
382 605 552 648 recasuri,
568 606 685 641 verius
707 609 760 640 est
779 608 924 639 senatus
946 603 1110 639 consulta
1126 613 1278 639 cessare.

240 650 265 688 4
290 650 450 686 Psaros
488 650 579 686 libro
621 650 776 685 secundo
816 649 1072 683 sententiarum
1141 647 1280 683 Necare

193 695 332 731 videtur
354 705 427 730 non
450 698 592 731 tantum
615 696 645 730 is
669 695 730 740 qui
746 698 892 745 partum
908 692 1131 738 praefocat2,
1156 693 1220 728 sed
1245 696 1281 728 et

193 741 225 776 is
249 740 310 792 qui
333 739 445 775 abicit
468 742 505 775 et
527 740 588 786 qui
612 740 778 775 alimoma
814 738 966 782 denegat
996 742 1033 773 et
1062 738 1093 773 is
1117 737 1197 782 qui?
1212 748 1278 782 pu-

193 785 314 865 blicis11
330 784 420 865 lgcis
443 780 707 820 misericordiae
731 793 841 818 causa
876 782 1039 828 exponit,
1073 793 1179 828 quain
1202 782 1281 827 ipse

193 840 266 866 non
316 839 338 865 a
364 832 411 865 et.

239 873 264 912 5
296 873 492 911 Uzmnvs
511 873 601 908 libro
625 872 782 908 secundo
814 872 858 907 de
882 872 1008 924 officio
1039 871 1197 907 consulis
1243 871 1281 906 Si

193 920 272 966 quis
298 929 320 954 a
342 918 463 954 liberis
487 918 534 953 ali
558 917 734 952 desideret
755 917 812 952 vel
834 917 865 952 si
887 917 999 959 liberi,
1023 920 1065 952 ut
1088 926 1111 951 a
1158 919 1281 951 arente

197 968 212 999 1
261 964 508 1005 exhibeantur,
532 961 639 996 iudex
663 961 707 996 de
723 972 766 997 ea
781 972 821 997 re
837 965 1037 1007 cognoscet.
1075 960 1099 997 S
1160 964 1280 996 utrum

193 1019 255 1045 eos
278 1013 419 1044 tantum
442 1008 571 1043 liberos
596 1006 657 1058 qui
673 1010 757 1041 sunt
779 1007 818 1041 in
833 1010 1011 1052 potestate
1027 1011 1176 1051 cogatur
1199 1005 1279 1051 quis

194 1053 372 1096 exhibere,
394 1063 441 1088 an
460 1062 543 1087 vero
566 1055 672 1086 etiam
692 1052 934 1097 emancipatos
954 1051 1009 1086 vel
1030 1061 1073 1086 ex
1085 1051 1156 1086 alia
1168 1060 1279 1086 causa

192 1099 249 1134 sui
278 1098 365 1134 iuris
396 1096 628 1138 constitutos,
660 1096 847 1131 videndum
873 1100 936 1131 est.
986 1100 1021 1131 et
1043 1096 1154 1141 magis
1178 1098 1278 1140 put0‚

193 1143 331 1179 etiamsi
353 1153 426 1177 non
445 1144 529 1177 sunt
551 1140 653 1176 liberi
675 1140 712 1175 in
730 1145 919 1185 potestate,
941 1140 1088 1176 alendos
1108 1150 1131 1175 a
1175 1150 1278 1175 aren-

192 1191 212 1223 2
259 1188 355 1223 tibus
380 1190 415 1222 et
438 1187 514 1222 vice
536 1190 660 1220 mutua
676 1185 771 1220 alere
787 1189 954 1231 parentes
973 1185 1113 1220 debere.
1183 1188 1278 1219 trum

192 1236 311 1268 autem
334 1235 473 1266 tantum
496 1234 634 1275 patrem
665 1239 813 1265 avumve
847 1233 1034 1275 paternum
1065 1239 1279 1274 proavumve

192 1276 333 1323 paterni
357 1276 413 1311 avi
435 1279 573 1320 patrem
597 1278 805 1320 ceterosque
835 1274 943 1310 virilis
974 1285 1079 1310 sexus
1111 1278 1278 1320 parentes

193 1322 289 1358 alere
323 1331 511 1366 cogamur,
546 1329 594 1354 an
628 1329 711 1354 vero
747 1320 854 1354 etiam
887 1323 1036 1355 matrem
1072 1323 1279 1364 ceterosque

191 1370 360 1412 parentes
392 1369 428 1400 et
457 1375 522 1410 per
555 1364 652 1399 illum
684 1374 807 1399 sexum
842 1364 1085 1409 contingentes
1110 1374 1279 1409 cogamur

192 1412 299 1454 alere,
323 1409 523 1446 videndum.
549 1413 584 1444 et
609 1409 719 1454 magis
743 1413 809 1451 est,
834 1413 875 1444 ut
897 1409 1018 1444 utrubi
1042 1419 1088 1443 ue
1110 1418 1150 1444 se
1172 1408 1279 1444 iudex

192 1457 407 1501 interponat,
433 1453 657 1500 quorundam
669 1454 942 1489 necessitatibus
965 1453 1025 1489 fac
1053 1454 1106 1488 ‘us
1130 1463 1277 1489 succur-

193 1510 308 1543 surus,
333 1499 557 1545 quorundam
580 1499 834 1544 aegritudini³:
868 1502 904 1534 et
928 1509 1009 1534 cum
1033 1508 1076 1533 ex
1100 1498 1279 1543 aequitate

191 1546 282 1581 haec
304 1554 362 1580 res
386 1543 581 1580 descendat
601 1543 750 1579 caritate
775 1553 820 1579 ue
843 1543 1035 1588 sanguinis,
1061 1543 1116 1578 sin
1177 1553 1279 1578 orum

193 1593 213 1626 3
260 1589 435 1626 desideria
465 1598 510 1634 pe
556 1588 686 1624 endere
716 1555 868 1624 iudicem
899 1592 1050 1633 oportet.
1127 1588 1206 1623 dem
1240 1589 1278 1623 in

191 1635 312 1671 liberis
336 1644 477 1680 quoque
561 1633 698 1669 'bendis
722 1643 745 1668 a
766 1633 975 1679 parentibus
999 1632 1188 1668 dicendum
1212 1636 1276 1668 est.

191 1683 214 1715 4
259 1679 356 1724 Ergo
381 1683 417 1714 et
431 1679 609 1713 matrem*
627 1688 793 1723 cogemus
809 1678 1019 1723 praesertim
1042 1678 1144 1722 vulgo
1192 1687 1277 1713 uae·

192 1728 212 1760 5
260 1725 348 1760 sitos
371 1723 502 1759 liberos
526 1723 621 1759 alere
643 1733 710 1759 nec
732 1733 806 1759 non
828 1723 926 1768 ipsos
945 1733 1033 1758 eam.
1068 1723 1158 1758 Item
1202 1722 1278 1758 ‘vus

190 1769 278 1805 Pius
309 1768 504 1814 significat,
560 1768 640 1803 uasi
679 1778 767 1804 avus
798 1778 940 1813 quoque
970 1772 1153 1803 maternus
1184 1767 1279 1803 alere

192 1817 213 1850 6
260 1814 504 1859 compellatur.
560 1813 638 1849 dem
657 1813 850 1858 rescripsit,
867 1816 908 1848 ut
922 1812 1032 1848 filiani
1052 1822 1154 1848 suam
1176 1815 1279 1858 pater

192 1859 369 1901 exhibeat,
394 1859 426 1894 si
449 1858 649 1894 constiterit
670 1857 767 1903 apud
789 1857 982 1893 iudicium⁴
1001 1858 1094 1893 iuste
1106 1867 1184 1892 eam
1195 1867 1278 1902 pro-

193 1907 211 1939 7
261 1907 428 1940 creatam.
476 1903 547 1939 Sed
577 1903 609 1939 si
642 1902 736 1938 filius
770 1903 884 1948 possit
907 1912 946 1938 se
969 1903 1146 1944 exhibere,
1171 1902 1277 1937 aesti-

191 1958 289 1984 mare
309 1948 445 1984 iudices
469 1947 609 1990 debent,
634 1958 680 1983 ne
703 1958 775 1983 non
795 1948 947 1983 debeant
970 1947 1003 1983 ei
1025 1947 1194 1983 alimenta
1217 1946 1278 1982 de-

192 2003 347 2029 cernere.
395 1992 545 2038 denique
575 1992 669 2028 idem
691 1992 777 2028 Pius
800 1993 852 2028 ita
885 1992 1086 2038 rescripsit:
1124 1991 1234 2027 ‘Aditi
1257 2002 1280 2027 a

191 2041 241 2074 ‘te
264 2041 504 2083 competentes
528 2037 665 2073 iudices
695 2037 745 2073 ali
777 2041 814 2073 te
847 2047 870 2073 a
892 2042 996 2083 patre
1018 2041 1081 2073 tuo
1104 2037 1280 2072 iubebunt

192 2087 269 2129 ‘pro
294 2083 399 2119 modo
432 2083 659 2118 facultatium
683 2082 758 2118 eius
767 2083 792 2125 ⁵,
816 2083 847 2118 si
869 2082 987 2125 modo,
1012 2092 1093 2117 cum
1115 2081 1279 2127 opificem

192 2132 241 2164 ‘te
263 2137 343 2163 esse
367 2127 476 2170 dicas,
500 2127 538 2162 in
561 2137 604 2162 ea
626 2127 825 2162 valetudine
849 2137 898 2169 es,
918 2131 960 2162 ut
979 2137 999 2162 o
1028 2127 1095 2162 eris
1115 2126 1281 2162 sufficere

192 2176 213 2209 8
261 2176 345 2208 ‘non
367 2172 508 2218 possis’.
556 2172 595 2208 Si
628 2173 684 2207 vel
714 2182 845 2217 parens
868 2175 973 2217 neget
1035 2172 1106 2206 'um
1128 2171 1278 2207 idcirco-

192 2228 261 2264 que
284 2218 380 2253 alere
402 2227 442 2253 se
464 2227 538 2252 non
561 2216 691 2253 debere
714 2217 925 2258 contendat,
959 2217 1014 2252 vel
1047 2215 1142 2252 filius
1176 2220 1281 2261 neget

190 2266 386 2310 parentem,
400 2262 602 2298 summatim
625 2261 759 2297 iudices
771 2265 913 2307 oportet
936 2271 1044 2306 super
1066 2271 1111 2296 ea
1132 2271 1173 2297 re
1197 2270 1278 2305 cog—

191 2317 341 2343 noscere
350 2308 376 2342 ⁶.
401 2307 432 2342 si
455 2306 655 2343 constiterit
677 2306 788 2341 filium
806 2307 861 2342 vel
883 2310 1068 2352 parentem
1080 2315 1168 2348 esse,
1192 2308 1280 2341 tunc

191 2351 239 2388 ali
261 2352 454 2388 iubebunt:
492 2355 650 2387 ceterum
675 2352 706 2386 si
729 2362 802 2386 non
825 2351 1039 2394 constiterit,
1064 2361 1132 2386 nec
1156 2350 1278 2386 decer-

191 2400 212 2434 9
258 2400 346 2433 nent
379 2396 557 2432 alimenta.
623 2396 829 2431 Meminisse
863 2400 981 2431 autem
1015 2398 1177 2441 oportet,
1213 2395 1280 2431 etsi

190 2441 790 2523 ffifflffi²zzz³nttssig¹zzffisszffl
814 2444 1278 2530 Zsstffiffiaffiffifflss'

191 2532 302 2568 tiatur
323 2531 435 2567 filium
458 2540 547 2573 esse,
571 2530 634 2566 sed
657 2530 705 2566 ali
728 2529 875 2566 debere:
913 2533 949 2565 et
982 2530 1034 2565 ita
1057 2530 1156 2566 divus
1180 2529 1280 2565 Mar-

193 2580 235 2612 10
283 2586 346 2612 cus
380 2576 491 2611 rescri
517 2576 572 2611 sit.
633 2575 670 2610 Si
706 2575 784 2620 quis
821 2586 865 2610 ex
899 2575 954 2610 his
978 2575 1072 2610 alere
1096 2575 1280 2618 detrectet,

191 2632 256 2667 pro
288 2620 394 2657 modo
417 2621 478 2657 fac
517 2620 643 2656 tatium
678 2621 845 2655 alimenta
869 2620 1147 2655 constituentur:
1183 2619 1280 2664 quod

191 2667 222 2702 si
255 2677 329 2702 non
361 2669 605 2711 praestentur,
640 2665 846 2710 pignoribus
882 2675 926 2700 ca
951 2665 996 2700 tis
1031 2668 1067 2700 et
1099 2664 1279 2700 distractis

194 2715 231 2746 11
279 2721 321 2746 co
346 2715 425 2746 etur
443 2711 642 2746 sententiae
665 2710 883 2746 satisfacere.
939 2710 1018 2744 dem
1042 2709 1149 2744 iudex
1172 2709 1279 2744 aesti-

191 2766 290 2791 mare
338 2756 430 2798 ebet,
453 2766 539 2790 num
561 2755 695 2791 habeat
718 2755 851 2800 aliquid
873 2765 1005 2800 parens
1027 2754 1083 2790 vel
1106 2764 1154 2789 an
1176 2758 1280 2799 pater

191 2800 288 2846 quod
319 2801 445 2836 merito
479 2800 571 2836 filios
595 2810 680 2836 suos
703 2800 792 2836 nolit
815 2800 952 2835 alere⁸:
989 2799 1156 2835 Trebatio
1182 2799 1278 2834 deni-

216 2855 262 2881 ne
283 2845 425 2881 Marino
456 2846 670 2891 rescriptum
694 2848 748 2880 est
770 2845 894 2880 merito
918 2847 1057 2890 patrem
1080 2854 1162 2879 eum
1184 2844 1280 2880 nolle

192 2856 236 2926 22
282 2889 388 2931 alere,
409 2889 505 2935 quod
523 2900 605 2926 eum
624 2889 809 2925 detulerat.
845 2889 928 2925 Non
948 2893 1089 2924 tantum
1100 2889 1279 2932 alimenta,

190 2944 314 2971 verum
338 2934 443 2970 etiam
468 2938 587 2970 cetera
610 2944 753 2980 quoque
787 2944 897 2970 onera
926 2934 1118 2970 liberorum
1140 2937 1279 2979 patrem

194 2983 235 3015 13
282 2979 329 3014 ab
351 2979 469 3015 iudice
493 2980 571 3024 cogi
594 2980 764 3025 praebere
787 2979 968 3024 rescriptis
994 2980 1206 3014 continetur.
1242 2978 1279 3013 Si

191 3023 355 3069 impubes
378 3023 541 3076 ⁸.it.ffliu⁸
566 3025 822 3069 emancipatus,
857 3027 995 3069 patrem
1019 3024 1161 3076 inopem
1184 3024 1279 3059 alere

193 3073 356 3115 cogetur:
391 3069 647 3114 imquissimum
672 3069 764 3104 enim
788 3069 867 3114 quis
890 3069 1015 3104 merito
1052 3068 1180 3104 dixerit
1213 3078 1278 3114 pa-

195 3116 237 3149 14
281 3117 374 3149 trem
409 3123 527 3158 egere,
565 3125 645 3149 cum
679 3114 772 3149 filius
808 3114 856 3149 sit
888 3114 926 3149 in
947 3113 1193 3149 facultatibus.
1241 3112 1279 3148 Si

192 3162 306 3195 mater
327 3158 506 3200 alimenta,
531 3168 622 3203 quae
645 3159 731 3193 fecit
752 3159 789 3193 in
813 3158 935 3200 filium,
961 3169 983 3193 a
1006 3163 1108 3203 patre
1126 3161 1277 3203 repetat,

194 3215 274 3240 cum
293 3202 399 3239 modo
424 3213 501 3238 eam
525 3203 747 3238 audiendam.
771 3203 823 3239 ita
846 3203 946 3238 divus
957 3203 1103 3238 Marcus
1127 3203 1278 3248 rescrip-

192 3250 238 3284 sit
261 3248 440 3284 Antoniae
459 3247 654 3284 Montanae
677 3248 714 3282 in
737 3248 826 3283 haec
850 3249 974 3284 verba:
1001 3247 1083 3283 ‘Sed
1107 3252 1143 3283 et
1165 3257 1278 3293 quan-

194 3298 281 3328 ‘tum
323 3293 389 3328 tibi
429 3293 675 3328 aliinentorum
710 3293 872 3336 nomine,
907 3293 1035 3339 quibus
1079 3293 1278 3328 necessario

194 3338 314 3374 ‘filiam
337 3342 437 3373 tuam
460 3337 661 3378 exhibuisti,
686 3347 708 3371 a
731 3342 834 3381 patre
867 3337 942 3373 eius
973 3337 1150 3383 praestari
1173 3347 1278 3382 opor-

194 3387 290 3425 ‘teat,
325 3382 459 3420 iudices
491 3382 744 3422 aestimabunt,
779 3392 845 3417 nec
878 3383 924 3417 im
953 3387 1069 3418 etrare
1092 3382 1200 3417 debes
1224 3391 1278 3425 ea,

194 3432 298 3474 ‘quae
321 3428 482 3474 exigente
503 3430 664 3464 materno
688 3426 819 3462 affectu
843 3428 879 3462 in
917 3428 923 3436 ”
942 3427 950 3434 '
1033 3431 1132 3462 tuam
1155 3436 1278 3472 eroga·

196 3587 236 3625 (i)
251 3584 374 3618 scribit
386 3584 440 3618 F*
486 3587 530 3627 (2)
543 3586 593 3619 cie
604 3583 642 3624 S,
655 3583 805 3627 personat
816 3584 851 3616 F
901 3586 943 3625 (s)
957 3586 1090 3626 aegrius
1101 3597 1164 3619 ser.
1224 3586 1279 3626 (δ’)

195 3634 317 3663 mati-et
329 3630 359 3663 F·
385 3632 428 3671 (4)
442 3630 587 3663 iudicem
600 3627 653 3662 Γ*
677 3630 720 3671 (6)
733 3629 785 3661 ius
797 3629 832 3661 F
852 3630 895 3670 (6)
906 3632 939 3661 et
952 3630 1012 3663 ins.
1027 3631 1099 3663 edd.
1125 3632 1169 3670 (7)
1182 3639 1279 3673 oper-

197 3678 265 3707 tere
279 3675 312 3708 F'
383 3677 427 3716 (s)
452 3685 531 3708 num
545 3673 668 3707 habeat
679 3672 810 3716 aliquid
823 3683 943 3715 parens
956 3673 1008 3706 vel
1021 3680 1128 3716 pater,
1140 3677 1280 3717 propter

196 3719 286 3761 quod
299 3719 418 3752 merito
431 3719 520 3752 nolit
532 3719 620 3752 alere
632 3731 693 3752 scr.
788 3721 831 3759 (9)
857 3720 944 3751 esset
956 3718 989 3751 F

1263 121 1351 169 330

1264 354 1279 362 -
1350 338 1391 370 16
1426 334 1599 370 hibendos
1607 340 1772 380 parentes
1781 346 1859 371 esse
1868 336 2010 381 pietatis

1076 3721 1134 3759 (io)
1159 3719 1278 3752 educe·
1347 3718 1419 3752 sule
1432 3719 1496 3754 ine.

1506 168 1573 203 (Ὗ
1635 136 1696 168 ns
1725 137 2036 169 Aenoscimms
2067 138 2124 169 nr
2151 139 2314 171 Αωιιιι).
2346 111 2437 173 ιιιΒζ
2491 123 2495 141 ‘³

1566 205 1571 224 Γ

1348 249 1442 281 ‘tura
1475 230 1618 290 meis,
1653 246 1791 281 etiamsi
1829 256 1851 281 a
1892 251 1995 292 patre
2044 257 2108 282 suo
2157 247 2380 283 educaretur’
2394 249 2432 284 ¹⁰.

1350 294 1390 325 15
1426 291 1461 325 A
1482 285 1756 336 milite‘qnoque
1779 291 1864 333 filio,
1889 292 1950 343 qui
1972 291 2009 326 in
2032 291 2265 327 facultatibus
2289 292 2349 335 sit,
2373 302 2433 328 ex-

1347 380 1506 425 quamvis
1530 380 1577 415 ali
1600 390 1623 415 a
1645 379 1717 416 filio
1740 381 1879 416 ratione
1897 381 2054 416 naturali

1347 424 1501 460 alienum
1535 425 1611 460 eius
1645 435 1719 460 non
1753 435 1830 461 esse
1865 425 2066 470 cogendum
2100 426 2279 461 exsolvere
2323 425 2435 462 filium

1351 472 1389 504 17
1437 469 1648 514 rescriptum
1672 473 1736 505 est.
1772 470 1861 505 Item
1885 470 1998 506 rescri
2024 474 2099 505 tum
2123 475 2178 506 est
2199 469 2348 506 heredes
2372 470 2435 506 filii

1348 513 1395 549 ad
1418 523 1461 549 ea
1483 513 1710 559 praestanda,
1734 525 1826 560 quae
1849 515 1949 550 vivus
2015 525 2058 550 us
2081 525 2126 550 ex
2149 514 2268 550 officio
2293 515 2434 560 pietatis

1348 568 1435 594 suae
1458 557 1569 600 dabit,
1592 558 1720 594 invitos
1733 560 1810 604 cogi
1833 569 1906 595 non
1918 563 2098 604 oportere,
2111 559 2179 595 nisi
2202 560 2240 594 in
2263 570 2435 595 summam

1351 605 1391 638 18
1439 607 1629 648 egestatem
1664 607 1767 648 pater
1800 603 1973 639 deductus
2008 607 2073 639 est.
2143 603 2267 640 Solent
2300 604 2435 640 iudices

1347 658 1562 728 ἓξέιιοειίἳιιξ
1585 648 1737 738 θιίιωιιὲξιεὲ·
1757 652 1990 729 patronostet
2010 649 2289 729 Ηὶιειιοεῇιξιέἐῑο
2299 648 2435 684 alendis

1562 706 1570 728 :
1779 704 1792 728 ι
1822 704 1845 728 n
1910 705 1933 728 n
1985 703 2024 728 se
2051 703 2129 729 esse
2291 704 2308 729 s
2353 703 2394 729 co
2419 713 2434 720 -

1348 702 1495 773 noscffiss
1518 747 1579 773 eos
1610 747 1631 772 o
1658 737 1805 774 ortebit:
1848 703 1946 783 {ffid
1979 738 2010 773 si
2046 738 2193 774 libertos
2226 704 2435 780 constiterigt,

1347 785 1434 817 tunc
1458 781 1598 817 demum
1647 792 1822 825 ecernere,
1847 787 1889 818 ut
1911 783 2033 818 alant:
2058 793 2125 818 nec
2147 786 2268 818 tamen
2290 782 2434 818 alimen·

1347 830 1465 862 torum
1489 826 1669 862 decretum
1693 827 1795 863 tollet
1817 827 1944 863 liberto
1971 827 2191 869 facultatem,
2225 838 2295 873 quo
2319 827 2435 863 miuus

1347 871 1767 952 {fffflffizwffiz
1791 872 2008 952 Ρῗῗῗῆὡοὲἐ
2039 872 2437 952 εξὲἓῗιὲέῗυηῖζέἔέἷῖ

1347 961 1562 1006 praebenda,
1586 961 1769 1006 egentibus
1794 928 1931 997 spcilicet
1953 962 2132 1007 patronis:
2157 965 2317 997 ceterum
2337 962 2368 997 si
2390 962 2437 997 sit

1347 1008 1390 1041 20
1436 1005 1531 1042 unde
1543 1015 1581 1042 se
1594 1006 1794 1047 exhibeant,
1809 1006 2000 1042 cessabunt
2010 1009 2132 1052 partes
2142 1005 2284 1042 iudicis.
2308 1005 2435 1042 Utrum

1347 1055 1466 1086 autem
1489 1054 1628 1086 tantuin
1651 1051 1794 1095 patroni
1822 1050 1938 1086 alendi
1962 1051 2033 1086 sint
2055 1061 2102 1086 an
2137 1051 2243 1086 etiam
2266 1054 2434 1096 patrono-

1347 1106 1426 1130 rum
1448 1095 1561 1137 liberi,
1585 1096 1736 1130 tractari
1760 1099 1888 1141 potest.
1913 1100 1950 1131 et
1971 1100 2060 1141 puto
2084 1105 2195 1131 causa
2217 1096 2359 1141 cognita
2381 1095 2435 1131 iu-

1347 1140 1444 1176 dices
1468 1143 1504 1176 et
1525 1140 1657 1176 liberos
1696 1151 1839 1186 quoque

1346 1194 1443 1228 nere,
1466 1195 1539 1220 non
1563 1185 1704 1230 quidem
1744 1189 1817 1220 tam

1346 1239 1539 1275 numquam
1563 1234 1599 1265 et
1631 1230 1747 1275 ipsos:
1784 1240 1867 1265 nam
1901 1233 1937 1266 et
1970 1230 2183 1276 obsequium
2217 1239 2290 1265 non
2323 1230 2436 1266 solum

1346 1275 1518 1320 patronis,
1541 1284 1662 1310 verum
1686 1275 1792 1310 etiam
1814 1275 1935 1310 liberis
1958 1285 2082 1311 eorum
2094 1274 2223 1310 debere
2245 1275 2433 1320 praestari.

1347 1323 1386 1355 21
1414 1322 1457 1355 22
1504 1319 1575 1355 Sed
1610 1323 1647 1354 et
1679 1319 1829 1355 libertus
1863 1323 2045 1355 maternus
2079 1320 2176 1355 alere
2200 1319 2351 1365 cogitur.
2398 1318 2437 1356 Si

1346 1365 1425 1410 quis
1449 1375 1472 1400 a
1494 1364 1612 1400 liberti
1634 1364 1762 1400 liberto
1786 1365 1835 1400 ali
1857 1374 1898 1400 se
1909 1364 2085 1400 desideret
2104 1364 2160 1400 vel
2182 1365 2228 1400 ab
2249 1374 2305 1407 eo,
2331 1373 2435 1410 quem

1346 1420 1390 1445 ex
1425 1419 1537 1445 causa
1569 1408 1832 1445 fideicommissi
1864 1409 2068 1445 manumisit
2109 1419 2285 1455 quemque
2298 1409 2326 1430 ¹⁴
2362 1409 2436 1445 suis

1345 1454 1496 1490 nummis
1519 1453 1685 1496 redemit,
1710 1464 1782 1490 non
1817 1454 1921 1489 debet
1956 1454 2092 1497 audiri,
2116 1458 2158 1490 ut
2181 1458 2217 1489 et
2238 1453 2435 1490 Marcellus

1346 1499 1480 1542 scribit,
1505 1502 1750 1544 exaequatque
1773 1509 1871 1540 eum,
1897 1499 1956 1544 qui
1979 1499 2158 1535 mercedes
2228 1498 2236 1507 ”
2262 1499 2353 1535 endo
2377 1499 2434 1534 ius

1347 1547 1389 1579 23
1435 1544 1642 1580 libertorum
1677 1544 1805 1579 amisit.
1864 1543 1934 1579 Sed
1969 1549 2005 1579 et
2038 1544 2181 1589 patroni
2229 1544 2337 1586 ''um,
2374 1543 2436 1589 qui

1347 1589 1474 1634 capitis
1498 1588 1680 1624 accusavit
1702 1589 1867 1624 libertum
1890 1592 2098 1634 paternum,
2133 1592 2240 1634 negat
2263 1589 2434 1624 exhiben-

1347 1637 1391 1669 24
1436 1633 1530 1668 dum.
1590 1632 1660 1668 Sed
1697 1638 1733 1669 et
1765 1633 1893 1669 liberta
1928 1634 2065 1678 cogitur
2098 1638 2290 1679 patronum
2325 1632 2432 1668 alere.

1346 1681 1388 1714 25
1435 1678 1492 1714 De
1514 1678 1689 1713 alimentis
1712 1678 1855 1724 patroni
1878 1678 2011 1713 arbiter
2043 1678 2133 1714 solet
2168 1678 2246 1714 dari
2281 1678 2434 1713 arbitra-

1345 1728 1459 1766 turus,
1485 1728 1656 1769 quantum
1679 1723 1726 1758 sit
1747 1723 1785 1758 in
1806 1722 2050 1766 facultatibus,
2074 1727 2115 1759 nt
2137 1722 2283 1769 perinde
2298 1724 2326 1744 ¹⁵
2348 1733 2433 1768 pos-

1346 1769 1418 1804 sint
1440 1768 1607 1804 alimenta
1630 1767 1816 1810 moderari,
1851 1778 1943 1813 quae
1975 1768 2112 1804 tamdiu
2170 1768 2435 1810 raestabuntur,

1347 1816 1390 1848 26
1437 1812 1606 1858 quamdiu
1623 1812 1750 1848 liberto
1770 1813 1936 1858 supersit,
1956 1818 2107 1858 patrono
2152 1813 2218 1848 esit
2230 1814 2269 1848 ¹⁶.
2291 1813 2435 1848 Patrem

1348 1862 1384 1894 et
1406 1861 1555 1893 matrem
1577 1858 1729 1903 patroni,
1755 1868 1835 1893 cum
1856 1863 2030 1903 patronus
2054 1862 2090 1893 et
2111 1858 2174 1893 filii
2198 1858 2274 1893 eius
2294 1857 2435 1892 minime

1347 1903 1538 1948 supersint,
1573 1903 1669 1937 alere
1704 1906 1845 1948 egentes
1859 1928 1868 1945 ,
1903 1903 1973 1948 ipsi
2006 1903 2038 1938 si
2060 1902 2179 1938 idonei
2200 1902 2435 1938 facultatibus

1347 1951 1441 1990 sunt,
1467 1951 1652 1992 coguntur.

1393 1990 1418 2030 6
1443 1991 1698 2027 Mons-sulvus
1717 1992 1808 2028 libro
1831 1992 2014 2039 sinqulari
2034 1991 2080 2027 de
2095 1991 2433 2027 manumissionibus

1347 2038 1525 2073 Alimenta
1558 2037 1685 2072 liberto
1720 2040 1864 2082 petente
1898 2047 1972 2073 non
2005 2036 2222 2089 praestando
2258 2041 2434 2082 patronus

1347 2082 1537 2118 amissione
1558 2082 1731 2117 libertatis
1755 2092 1867 2117 causa
1888 2081 2134 2127 impositorum
2169 2085 2205 2117 et
2227 2080 2435 2117 hereditatis

1346 2127 1464 2163 liberti
1497 2126 1681 2172 punietur:
1718 2137 1791 2162 non
1826 2130 1944 2162 autem
1977 2136 2123 2162 necesse
2155 2126 2301 2162 habebit
2332 2135 2433 2171 prae·

1350 2176 1364 2206 1
1414 2176 1522 2214 stare,
1546 2171 1683 2206 etiamsi
1731 2175 1834 2207 otest.
1888 2171 2116 2217 Imperatoris
2141 2171 2325 2207 Commodi
2348 2181 2433 2206 con·

1347 2217 1485 2252 stitutio
1520 2217 1601 2251 talis
1637 2226 1701 2261 pro
1719 2220 1833 2251 ertur:
1870 2216 1971 2252 ‘Cum
2005 2217 2196 2262 probatum
2229 2216 2277 2252 sit
2307 2219 2433 2251 contu-

1348 2261 1471 2297 ‘meliis
1505 2265 1677 2306 patronos
1712 2271 1735 2296 a
1775 2261 1911 2297 libertis
1947 2271 2026 2297 esse
2059 2261 2209 2296 violatos
2244 2260 2301 2296 vel
2333 2260 2435 2295 illata

1348 2310 1468 2342 ‘manu
1481 2307 1506 2327 ¹⁷
1542 2306 1655 2341 atroci
1690 2316 1768 2342 esse
1801 2306 1963 2351 pulsatos
1997 2310 2061 2342 ant
2091 2306 2199 2342 etiam
2221 2309 2435 2350 paupertate

1348 2351 1414 2387 ‘vel
1438 2351 1597 2396 corporis
1631 2350 1834 2386 valetudine
1866 2350 2071 2386 laborantes
2102 2350 2258 2392 relictos,
2279 2349 2434 2402 primum

1348 2400 1420 2431 ‘eos
1453 2396 1492 2431 in
1525 2399 1704 2441 potestate
1736 2399 1969 2440 patronorum
2003 2395 2113 2441 redigi
2145 2399 2181 2431 et
2203 2395 2435 2430 ministerium

1348 2440 1510 2476 ‘dominis
1544 2440 1716 2485 praebere
1750 2440 1847 2486 cogi:
1880 2441 1935 2476 sin
1970 2444 2089 2476 autem
2122 2450 2189 2475 nec
2223 2440 2293 2475 hoc
2327 2438 2433 2474 modo

1347 2485 1628 2528 ‘admoneantur,
1646 2485 1736 2520 ¹⁸vel
1759 2495 1782 2520 a
1803 2485 1966 2530 praeside
1989 2485 2140 2531 emptori
2163 2484 2375 2520 addicentur
2398 2487 2434 2519 et

1348 2530 1509 2577 ‘pretium
1531 2530 1692 2575 patronis
1715 2530 1912 2566 tribuetur’.

1393 2573 1417 2612 7
1442 2575 1551 2611 Iesu
1579 2574 1670 2611 libro
1705 2576 1830 2620 quinto
1864 2585 2119 2628 responsorum
2165 2573 2204 2610 Si
2237 2576 2342 2618 neget
2374 2573 2435 2618 qui

1347 2620 1496 2656 maritus
1518 2620 1631 2655 fuisse
1663 2619 1793 2655 dicitur
1823 2620 2085 2656 matrimonium
2109 2629 2187 2654 esse
2209 2621 2433 2654 contractum

1348 2676 1402 2708 eo,
1427 2664 1523 2711 quod
1553 2674 1632 2701 eam
1664 2674 1757 2710 quae
1786 2675 1825 2701 se
1846 2675 1994 2700 uxorem
2023 2664 2135 2700 fuisse
2157 2663 2244 2699 dicit
2267 2662 2434 2698 ancillam

1347 2719 1426 2746 esse
1460 2709 1614 2755 probare
1648 2713 1797 2762 paratus
1831 2710 1899 2752 sit,
1936 2709 2103 2745 alimenta
2137 2707 2279 2754 quidem
2312 2707 2432 2743 liberis

1346 2759 1531 2801 praestare
1552 2755 1693 2790 interim
1717 2754 2009 2799 compellendum,
2033 2754 2090 2790 sin
2113 2757 2232 2789 autem
2263 2752 2431 2789 constite-

1346 2801 1394 2836 rit
1416 2810 1495 2836 eam
1514 2809 1652 2836 servam
1674 2798 1796 2842 fuisse,
1820 2799 1908 2835 nihil
1931 2799 1974 2842 ei,
1987 2799 2049 2844 qui
2070 2797 2270 2844 pascendos
2283 2797 2432 2839 curavit,

1347 2856 1392 2882 ex
1413 2845 1483 2880 hoc
1506 2844 1763 2890 praeiudicium
1784 2854 1955 2889 generare
1966 2844 1996 2865 ¹⁹
2017 2854 2056 2879 re
2101 2842 2197 2879 ondi.

1393 2886 1417 2928 8
1451 2889 1691 2926 MARCELLUS
1721 2888 1812 2924 libro
1840 2890 1964 2935 primo
1998 2888 2049 2924 ad
2114 2899 2194 2935 qem
2229 2886 2362 2923 Iuliam
2397 2890 2431 2921 et

1348 2934 1503 2982 Papiam
1548 2933 1631 2969 Non
1654 2933 1951 2986 quemadmodum
1973 2933 2211 2969 masculorum
2240 2932 2431 2967 liberorum

1347 2984 1550 3016 nostrorum
1581 2978 1683 3014 liberi
1718 2978 1764 3013 ad
1798 2989 1890 3015 onus
1925 2982 2086 3014 nostrum
2108 2978 2297 3023 pertinent,
2320 2976 2372 3012 ita
2395 2979 2432 3011 et

1345 3025 1383 3060 in
1416 3024 1555 3060 feminis
1589 3027 1664 3058 est:
1700 3034 1782 3058 nam
1817 3023 2044 3059 manifestum
2078 3026 2133 3058 est
2163 3022 2201 3057 id
2232 3020 2328 3067 quod
2357 3020 2431 3056 filia

1345 3069 1442 3115 parit
1463 3079 1535 3104 non
1558 3078 1637 3111 avo,
1672 3069 1735 3103 sed
1768 3069 1863 3114 patri
1895 3079 1960 3104 suo
1996 3078 2073 3103 esse
2097 3067 2214 3110 oneri,
2238 3066 2306 3102 nisi
2327 3069 2431 3111 pater

1346 3117 1410 3150 aut
1431 3124 1505 3149 non
1527 3113 1575 3149 sit
1596 3123 1639 3149 su
1666 3118 1777 3148 erstes
1801 3117 1866 3148 ant
1889 3123 1994 3166 egens
2018 3117 2082 3148 est.

1393 3156 1418 3196 9
1443 3151 1602 3194 PAULUS
1646 3158 1723 3193 ibro
1746 3158 1923 3204 sinqularn
1958 3158 2002 3193 de
2026 3158 2104 3193 iure
2119 3160 2342 3207 patronatus
2387 3155 2430 3190 In

1347 3203 1450 3240 bonis
1473 3202 1702 3248 superstitum
1724 3202 1933 3239 libertorum
1955 3202 2091 3238 nullum
2114 3201 2257 3236 omnino
2286 3210 2341 3235 ius
2364 3209 2428 3245 pa-

1346 3248 1442 3284 troni
1463 3247 1606 3283 liberive
1628 3251 1859 3292 patronorum
1882 3247 2026 3288 habent,
2060 3246 2128 3282 nisi
2162 3246 2193 3281 si
2215 3250 2288 3281 tam
2312 3244 2431 3280 esse'⁰

1344 3293 1503 3328 infirmos
1527 3296 1669 3337 tamque
1691 3302 1865 3344 pauperes
1884 3291 2105 3338 praesidibus
2128 3290 2366 3336 probaverint,
2388 3292 2431 3324 ut

1345 3338 1470 3373 merito
1504 3338 1695 3373 menstruis
1730 3337 1903 3372 ahmentis
1938 3347 1960 3371 a
1993 3335 2127 3371 libertis
2162 3336 2235 3371 suis
2270 3333 2429 3370 adiuvari

1346 3381 1509 3417 debeant.
1545 3382 1650 3427 idque
1673 3382 1728 3417 ius
1751 3382 1802 3417 ita
1824 3381 1983 3427 plurimis
2018 3380 2219 3426 principum
2255 3379 2427 3415 constitu·

1345 3426 1502 3463 tionibus
1525 3426 1785 3463 manifestatur.

1895 1144 2101 1176 atronorum
2131 1139 2279 1176 alendos
2313 1140 2435 1176 decer-

1868 1185 1958 1221 acile
1991 1189 2033 1220 ιιι
2054 1189 2237 1231 patronos,
2261 1185 2323 1221 sed
2345 1195 2435 1221 non-

1348 3587 1442 3617 retur
1452 3584 1487 3617 F
1573 3585 1627 3624 (u)
1652 3584 1821 3616 existimet
1833 3583 1866 3615 F
1874 3583 1895 3623 ¹,
1908 3583 2078 3616 existimat
2088 3581 2140 3615 1³²
2230 3583 2288 3624 (12)
2312 3581 2353 3614 de
2364 3582 2426 3615 ins.

1348 3630 1422 3663 odd.
1516 3631 1572 3670 (18)
1597 3632 1693 3661 erant
1705 3628 1738 3661 F
1812 3630 1869 3669 (Η)
1895 3638 2032 3670 quemve
2044 3640 2106 3661 scr.
2190 3628 2248 3669 (15)
2272 3625 2424 3670 perinde]

1347 3673 1426 3707 inde
1437 3685 1499 3707 scr.
1604 3675 1665 3715 (ιο)
1690 3673 1792 3705 desiit
1803 3673 1838 3705 F
1935 3676 1993 3713 (ιτ)
2018 3674 2051 3706 vi
2065 3673 2125 3706 ins.
2231 3673 2291 3713 (18)
2315 3681 2335 3704 a
2346 3679 2425 3703 oon·

1585 3720 1645 3762 (19)
1669 3717 1824 3760 generari
1838 3718 1910 3751 edd.
2006 3718 2069 3758 (20)
2093 3727 2128 3749 se
2141 3717 2204 3751 ins.

2066 336 2074 343 ⁶
2102 336 2275 372 ‘t¹¹ratio.
2298 336 2434 374 Parens
2500 354 2509 361 Δ

2103 381 2220 423 ebeat,
2242 385 2362 416 tamen
2374 392 2435 418 aes
2505 398 2510 408 τ
