2528 3918
190 118 458 162 xxxnfla

190 242 229 278 in
252 240 388 278 credito
418 243 531 276 essetz
563 240 633 276 hoc
663 239 762 282 ideo,
794 240 879 285 quia
908 249 981 275 non
1010 238 1151 275 videtur
1180 249 1286 276 suum

192 291 212 323 3
259 296 349 328 esse,
374 284 470 330 quod
491 284 666 320 vindicari
697 295 771 322 non
800 285 925 331 possit.
974 284 1041 320 Cui
1072 294 1200 319 aurum
1230 284 1286 320 vel

191 335 378 378 argentum
401 330 537 366 factum
560 330 717 375 legatum
740 334 815 372 est,
849 330 880 366 si
910 329 1066 365 fractum
1097 333 1161 364 aut
1184 329 1285 365 colli·

191 388 271 414 sum
285 376 343 419 sit,
356 386 429 411 non
445 375 668 411 continetur:
693 374 836 411 Servius
851 375 944 411 enim
964 374 1144 410 existimat
1158 384 1287 410 aurum

191 422 246 458 vel
269 424 455 467 argentum
476 420 615 456 factum
636 420 674 457 id
695 420 819 464 videri,
843 430 913 465 quo
929 419 1113 455 commode
1126 419 1180 454 uti
1201 430 1285 465 pos·

192 477 327 509 sumus,
352 469 540 511 argentum
563 469 682 502 autem
703 465 859 501 fractum
891 469 927 501 et
951 464 1113 500 collisum
1136 475 1208 500 non
1231 464 1285 499 in-

193 511 312 548 cidere
345 511 383 546 in
418 521 498 546 eam
532 510 789 553 definitionem,
826 510 890 546 sed
930 510 1064 545 infecto
1100 509 1286 545 contineri.

192 562 211 592 4
261 556 328 593 Cui
350 556 508 601 legatum
530 559 585 592 est
608 566 736 592 aurum
760 566 879 599 omne,
910 554 1008 600 quod
1030 565 1135 590 suum
1167 555 1286 590 esset¹

193 613 274 638 cum
302 604 519 646 moreretur,
562 601 639 637 eius
669 611 772 637 omne
804 611 932 636 aurum
963 599 1041 643 fiet,
1073 599 1170 646 quod
1199 604 1287 635 tunc

192 651 296 693 pater
309 646 475 688 familias,
501 657 583 682 cum
599 650 800 682 moreretur
807 649 832 689 ²,
856 644 1037 681 vindicare
1048 644 1168 691 potuit
1183 655 1288 681 suum

192 702 283 729 esse.
330 691 395 728 sed
419 691 451 727 si
473 701 545 737 qua
567 690 771 728 distributio
796 691 871 727 eius
894 690 948 726 rei
970 689 1069 726 facta
1091 694 1166 733 est,
1199 694 1288 725 tunc

191 738 352 780 interest,
377 736 556 783 quomodo
580 736 628 773 sit
649 737 817 782 legatum.
865 735 896 772 si
919 734 1055 771 factum
1085 745 1213 771 aurum
1236 734 1287 770 le·

192 788 314 828 gatum
338 786 404 825 est,
430 792 532 818 omne
556 781 603 818 ad
626 792 708 818 eum
730 781 886 826 pertinet
909 781 969 816 cui
990 780 1148 826 legatum
1165 783 1221 816 est
1245 790 1288 815 ex

193 838 264 881 quo
288 838 377 863 auro
401 827 537 872 aliquid
559 831 615 863 est
638 827 814 869 effectum,
839 826 912 862 sive
934 825 972 861 id
996 836 1083 862 suae
1107 826 1181 862 sive
1199 825 1287 860 alte·

193 884 267 909 rius
292 872 429 909 usionis
450 882 565 925 pausa
594 876 761 917 paratum
782 875 895 925 esset,
924 871 1035 907 veluti
1062 881 1149 906 vasa
1178 880 1290 923 aurea

192 918 411 999 ffliussiss
429 927 683 999 ffiffmsmea
705 917 1091 1007 ΞΨὲιέθῖἲῧ-ῗῖθέἒᾜ
1113 916 1289 1006 ἓέιῗὲηξἘ

192 1009 270 1045 eius
292 1008 344 1044 ita
359 1008 497 1043 factum
520 1011 585 1050 est,
610 1011 651 1042 ut
666 1018 721 1050 eo,
746 1007 866 1052 quod³
890 1006 936 1042 ad
950 1017 1026 1042 rem
1041 1010 1288 1052 comparatum

193 1057 258 1097 est,
291 1063 363 1089 non
392 1052 510 1107 possis
539 1053 593 1088 uti
621 1053 699 1088 sine
728 1052 939 1094 refectione,
972 1051 1138 1098 quodque
1168 1051 1214 1087 ab
1246 1061 1288 1086 eo

193 1102 297 1144 patre
320 1098 475 1134 familias
497 1097 622 1134 infecti
644 1098 814 1134 numero⁴
844 1097 980 1140 fuerat,
1013 1096 1052 1132 id
1074 1096 1216 1132 videtur
1237 1096 1288 1131 le-

237 1148 315 1179 tum
338 1153 428 1180 esse.
477 1143 508 1179 si
530 1147 650 1178 autem
675 1153 804 1178 aurum
826 1142 882 1178 vel
909 1147 1096 1187 argentum
1111 1141 1290 1187 signatum

192 1154 349 1235 fg‘gatum
373 1193 438 1231 est,
470 1188 508 1224 id
531 1192 636 1233 pater
658 1187 813 1223 familias
837 1187 978 1223 videtur
1000 1190 1214 1223 testamento
1238 1187 1288 1222 le-

193 1245 310 1280 gasse,
336 1233 432 1279 quod
457 1233 533 1268 eius
557 1233 678 1278 aliqua
702 1232 818 1269 forma
841 1236 896 1268 est
919 1242 1146 1277 expressum:
1179 1231 1289 1268 veluti

194 1283 213 1315 5
260 1289 351 1324 quae
367 1278 481 1324 filippi
492 1283 587 1322 sunt,
603 1278 759 1323 itemque
771 1278 983 1314 nomismata
1001 1281 1038 1313 et
1054 1277 1193 1313 similia.
1219 1278 1288 1312 Ar-

192 1328 300 1371 gento
331 1324 450 1369 legato
485 1334 557 1359 non
591 1327 680 1369 puto
709 1322 841 1359 ventris
872 1333 984 1358 causa
1017 1322 1143 1358 habita
1178 1322 1290 1358 scafia

194 1374 215 1406 6
262 1368 449 1411 contineri,
474 1369 559 1413 quia
581 1368 720 1413 argenti
735 1378 883 1404 numero
897 1378 971 1403 non
993 1368 1185 1403 habentur.
1219 1367 1288 1402 Ar-

192 1418 338 1469 gentum
361 1414 497 1449 factum
525 1417 623 1449 recte
652 1413 731 1458 quis
760 1413 812 1449 ita
841 1412 1019 1449 definierit
1049 1412 1146 1458 quod
1173 1422 1290 1458 neque

192 1471 230 1496 m
252 1469 373 1496 massa
397 1468 512 1504 neque
534 1458 573 1494 in
595 1458 715 1494 lamna
738 1468 854 1503 neque
875 1457 915 1494 in
939 1457 1078 1504 signato
1114 1467 1229 1502 neque
1251 1457 1290 1493 in

194 1516 237 1541 su
264 1504 409 1540 ellectili
428 1514 543 1548 neque
561 1503 599 1539 in
616 1503 749 1539 mundo
768 1514 884 1549 neque
900 1503 938 1539 in
956 1503 1175 1539 ornamentis
1192 1502 1288 1538 insit.

268 1547 293 1588 8
317 1550 500 1585 Araxos
522 1548 646 1584 Vinus
661 1549 752 1585 libro
767 1549 918 1596 septimo
938 1548 1162 1595 diyestorum
1201 1547 1290 1583 Cum

192 1595 230 1631 in
253 1598 466 1631 testamento
491 1594 600 1630 alicui
623 1598 825 1639 argentum,
858 1593 955 1640 quod
985 1604 1073 1629 usus
1098 1593 1155 1629 sui
1179 1602 1290 1629 causa

192 1644 360 1686 paratum
373 1643 480 1682 esset,
503 1639 693 1685 legaretur,
716 1639 873 1685 itemque
889 1640 903 1661 ⁵
915 1638 1025 1675 vestis
1040 1643 1104 1674 aut
1115 1649 1159 1674 su
1186 1638 1289 1680 ellex,

194 1685 395 1731 quaesitum
424 1689 496 1728 est,
529 1684 615 1730 quid
647 1684 819 1730 cuiusque
849 1695 938 1720 usus
970 1694 1081 1720 causa
1111 1684 1146 1719 vi
1171 1686 1291 1719 eretur

192 1734 360 1776 paratum
382 1740 473 1772 esse,
497 1734 664 1765 utrumne
685 1729 724 1765 id
754 1733 951 1775 argentum,
976 1728 1072 1774 quod
1094 1729 1210 1764 victus
1234 1728 1291 1764 sui

195 1786 306 1812 causa
326 1777 529 1821 paratum*
553 1778 657 1820 pater
685 1774 839 1811 familias
868 1774 916 1810 ad
939 1774 1157 1810 cotidianum
1186 1783 1290 1809 usum

194 1825 359 1868 parasset
382 1830 430 1856 an
453 1824 490 1856 et
512 1820 545 1856 si
567 1830 629 1856 eas
653 1830 796 1856 mensas
819 1823 1008 1866 argenteas
1033 1823 1069 1855 et
1092 1819 1168 1855 eius
1183 1828 1288 1864 gene-

193 1867 244 1903 ris
268 1870 456 1912 argentum
479 1865 640 1908 haberet,
670 1875 740 1911 quo
763 1865 842 1910 ipse
865 1876 938 1901 non
960 1869 1093 1900 temere
1116 1867 1289 1907 uteretur,

193 1911 258 1948 sed
282 1910 508 1948 commodare
532 1910 580 1946 ad
602 1909 707 1947 ludos
731 1914 768 1946 et
796 1910 843 1946 ad
867 1914 1005 1946 ceteras
1035 1908 1290 1963 apparationes

194 1957 339 1994 soleret.
388 1960 424 1992 et
445 1955 558 2001 magis
581 1955 717 2009 placet,
751 1955 847 2008 quod
869 1955 985 1992 victus
1010 1966 1067 1991 sui
1091 1964 1203 1990 causa
1224 1964 1289 2000 pa-

194 2007 314 2039 ratum
337 2005 404 2044 est,
427 2005 568 2036 tantum
593 2004 778 2037 contineri.

240 2045 294 2085 29
318 2047 596 2083 FLORENHNUS
616 2046 707 2082 libro
730 2045 919 2082 undecimo
941 2046 1206 2081 institutionum
1252 2044 1291 2080 Si

194 2091 338 2138 quando
368 2091 517 2127 alterius
545 2090 684 2137 generis
712 2090 864 2127 materia
892 2101 982 2127 auro
1013 2094 1204 2136 argentove
1235 2089 1289 2124 in-

193 2138 313 2174 iecta⁶
337 2137 394 2179 sit,
420 2136 451 2172 si
474 2136 611 2172 factum
635 2146 764 2171 aurum
786 2136 843 2172 vel
865 2140 1052 2181 argentum
1075 2136 1224 2180 legetur,
1255 2138 1291 2170 et

197 2187 211 2218 1
260 2182 299 2218 id
322 2181 419 2227 quod
441 2181 632 2217 iniectum⁷
657 2186 712 2217 est
723 2180 884 2217 debetur.
928 2181 1018 2217 Utra
1031 2185 1152 2216 autem
1174 2179 1291 2216 utrius

193 2227 366 2264 materiae
389 2227 436 2263 sit
457 2226 637 2269 accessio,
672 2226 750 2262 visu
779 2230 818 2262 at
841 2236 887 2262 ue
917 2237 987 2262 usu
1010 2226 1074 2270 rei,
1099 2229 1289 2261 consuetu-

194 2272 288 2309 dinis
310 2272 425 2318 patris
449 2271 630 2308 familias⁸
652 2271 828 2307 aestiman
855 2282 915 2306 um
937 2275 1003 2307 est.

242 2316 295 2356 30
319 2317 377 2353 ΡΑ
385 2326 480 2353 vsvs
501 2317 592 2353 libro
621 2316 807 2363 sinqulari
835 2316 879 2352 de
908 2316 1162 2363 adsignatione
1186 2315 1290 2352 liber-

196 2367 311 2399 torum
365 2361 404 2398 Si
434 2362 514 2407 quis
543 2362 596 2398 ita
623 2362 808 2408 legaverit:
845 2361 961 2398 ‘uxori
989 2371 1090 2397 meae
1116 2360 1290 2396 mundum

196 2412 419 2444 ‘ornamenta
453 2418 518 2443 seu
553 2417 645 2452 quae
678 2407 756 2443 eius
779 2410 902 2443 ‘causa
931 2406 1075 2452 paravi,
1111 2405 1156 2442 do
1185 2406 1288 2458 lego',

194 2453 315 2499 placet
346 2453 463 2489 omnia
495 2452 634 2495 deberi,
665 2452 772 2488 sicuti
800 2463 882 2489 cum
911 2452 964 2488 ita
992 2452 1147 2497 legatur:
1180 2451 1288 2486 ⁴T1tio

195 2499 308 2542 ‘vina,
368 2508 436 2534 uae
466 2497 504 2533 in
527 2498 616 2534 urbe
646 2498 763 2534 habeo
794 2508 859 2534 seu
889 2498 927 2533 in
955 2501 1080 2543 portu,
1110 2496 1156 2532 do
1187 2495 1287 2541 lego’,

196 2543 316 2580 omnia
339 2509 480 2579 geben:
511 2543 581 2579 hoc
611 2542 706 2578 enim
728 2543 877 2579 verbum
901 2543 988 2579 ‘seu'
1021 2540 1215 2587 ampliandi
1237 2541 1288 2577 le-

194 2589 269 2634 gati
291 2588 408 2633 gratia
430 2588 588 2634 positum
610 2592 676 2624 est.

242 2630 292 2672 31
320 2633 454 2669 LABBo
476 2633 567 2669 libro
595 2632 752 2669 secundo
774 2633 1022 2679 posteriorum
1046 2633 1092 2667 αθ
1115 2630 1288 2668 Iavoleno

195 2679 472 2725 epitomatomm
526 2678 595 2723 Qui
616 2678 757 2714 lancem
779 2677 969 2713 maximam
991 2677 1162 2713 minorem
1185 2677 1288 2712 mini-

196 2733 291 2759 mam
314 2723 404 2758 relin
430 2723 548 2765 uehat,
572 2723 624 2758 ita
646 2723 844 2768 legaverat:
870 2722 1020 2758 ‘lancem
1042 2723 1214 2758 minorem
1236 2722 1290 2757 illi

197 2769 311 2814 ‘leg0'.
358 2734 494 2804 mediae
533 2768 786 2813 magnitudinis
818 2767 929 2804 videri
967 2767 980 2802 l
1025 2772 1121 2802 atam
1145 2767 1288 2803 'lancem

196 2823 408 2859 responsum
431 2818 497 2856 est,
521 2813 553 2848 si
576 2824 649 2849 non
661 2817 862 2859 appareret,
889 2823 995 2857 quam
1075 2823 1151 2848 cem
1174 2823 1219 2848 ex
1232 2813 1288 2848 his

196 2863 300 2904 pater
322 2857 474 2894 familias
500 2858 744 2894 demonstrare
767 2858 951 2894 voluisset.

243 2901 296 2941 32
321 2903 377 2955 Ra
385 2912 480 2956 onos
500 2903 590 2939 libro
601 2903 770 2957 ‘secundo
802 2903 852 2939 ad
884 2902 1063 2939 Vitellium
1108 2902 1287 2956 lffediculis

196 2947 827 3038 fffflazffiffiuffissssffi&
839 2953 1177 3039 {322‘3330223mem5
1205 2958 1288 3029 2¹2·ssss

200 3043 213 3074 1
265 3038 407 3075 cedunt.
452 3038 553 3074 Auro
576 3039 674 3074 facto
698 3038 979 3074 adnumerantur
1000 3048 1158 3084 gemmae
1171 3038 1287 3074 anulis

196 3083 374 3127 inclusae,
410 3083 541 3163 quipffi
581 3084 769 3119 anulorum
804 3088 904 3127 sunt,
940 3083 1080 3130 cymbia
1119 3087 1287 3128 argentea

197 3128 329 3165 crustis
352 3128 471 3164 aureis
541 3133 636 3172 gata.
671 3128 897 3174 margaritae,
921 3139 1013 3174 quae
1029 3128 1082 3164 ita
1099 3138 1286 3164 ornamen-

196 3175 244 3210 tis
262 3172 497 3210 muliebribus
510 3177 698 3209 contextae
711 3178 805 3216 sunt,
830 3178 871 3209 ut
893 3173 931 3209 in
942 3174 999 3210 his
1017 3177 1185 3219 aspectus
1207 3173 1288 3209 auri

223 3218 377 3255 otentior
398 3218 464 3262 sit,
494 3227 582 3254 auro
607 3218 703 3253 facto
728 3218 1019 3255 adnumerantur.
1072 3229 1184 3254 aurea
1214 3229 1286 3255 em-

197 3231 370 3307 glemata,
401 3271 494 3309 quae
515 3263 554 3299 in
576 3262 754 3308 lapidibus
768 3265 794 3285 ¹⁰
822 3263 1007 3309 apsidibus
1030 3263 1207 3309 argenteis
1230 3274 1286 3300 es-

198 3313 278 3345 sent
308 3314 345 3345 et
373 3307 592 3354 replumbari
621 3312 786 3352 possent,
819 3308 942 3345 deberi
971 3308 1098 3345 Gallus
1127 3308 1193 3344 ait:
1224 3308 1287 3345 sed

199 3355 320 3390 Labeo
343 3353 532 3399 improbat.
579 3352 725 3389 Tubero
748 3357 884 3396 autem,
915 3353 1011 3400 quod
1032 3357 1187 3390 testator
1208 3355 1287 3390 auri

199 3410 345 3435 numero
362 3398 556 3442 habuisset,
579 3398 737 3443 legatum
753 3398 874 3434 deberi
890 3399 959 3435 ait:
984 3399 1144 3444 alioquin
1157 3403 1286 3435 aurata

198 3450 234 3479 et
256 3444 397 3480 inclusa
420 3445 544 3480 vasa¹¹
573 3442 722 3479 alterius
744 3444 915 3480 materiae
938 3444 1018 3480 auri
1041 3453 1188 3480 numero
1212 3455 1286 3481 non

197 3559 239 3600 (1)
263 3569 331 3592 esse
342 3559 377 3592 F
495 3560 539 3598 (2)
564 3557 635 3591 eius
645 3567 743 3590 omne
799 3559 984 3591 moreretur
997 3559 1116 3593 habent
1127 3559 1167 3601 S,
1178 3570 1239 3593 om.
1251 3558 1286 3593 F

198 3607 241 3642 ‹a›
265 3613 366 3646 quam
377 3603 423 3637 D.
440 3602 661 3646 Gothosndus
722 3603 767 3645 (4)
791 3601 941 3635 habitum
954 3604 1014 3637 im.
1079 3605 1123 3647 (s)
1146 3602 1279 3638 aliiins.

198 3650 255 3689 (δ’)
278 3648 387 3681 victus
398 3648 451 3681 sui
462 3657 563 3681 cansa
573 3649 727 3691 paratum
739 3647 802 3682 del.
854 3649 898 3687 (ο)
915 3647 1040 3681 intecta
1050 3660 1113 3682 cer.
1167 3650 1211 3691 (τ)
1227 3649 1279 3682 in·

198 3693 323 3726 tectum
337 3705 400 3727 ια.
501 3694 548 3733 (s)
571 3692 647 3725 visu
665 3692 715 3726 rei
734 3695 833 3735 atque
853 3702 915 3725 usu
933 3693 1039 3735 patris
1056 3692 1200 3727 familias
1216 3705 1279 3728 scr.

199 3742 244 3776 (0)
268 3748 287 3770 a
300 3751 358 3771 on.
373 3738 406 3770 F
476 3739 536 3779 (ιο)
560 3735 727 3780 lapidibus
739 3737 800 3771 del.
818 3736 968 3771 Cuiact'us
1041 3741 1097 3779 (ιι)
1120 3739 1280 3773 vuinter.

1273 113 1359 163 484

1348 3559 1410 3600 (12)
1434 3556 1565 3599 tibique
1575 3570 1639 3591 scr.

1349 3605 1408 3644 (ιο)
1433 3602 1569 3636 desierit
1579 3603 1662 3637 Hal.

1347 3647 1468 3682 loriam
1480 3657 1581 3690 quam
1591 3646 1801 3681 ves-sicorim
1813 3646 1877 3688 F’,
1897 3649 1965 3679 tam
1976 3645 2077 3678 aliam
2088 3655 2188 3687 quam
2199 3643 2359 3678 coloriam
2370 3657 2433 3678 scr.

1349 3698 1411 3734 (ts)
1433 3691 1657 3726 mamillarum
1668 3692 1750 3725 Hal.
1762 3692 1814 3726 vel
1826 3690 2062 3725 mammarium

1349 3740 1415 3781 (20)
1439 3748 1553 3771 verum
1565 3740 1614 3772 est
1625 3738 1686 3771 im.

1499 0 1502 16 l

1497 20 1567 87 Ἣ

1788 130 1850 161 DE
1878 128 2000 162 AUBO
2029 128 2241 161 ARGERTO
2270 127 2434 160 EUNDO

1355 242 1375 275 2
1422 238 1600 276 habenda.
1635 241 1794 286 Argento
1806 239 1946 286 potorio
1960 238 2016 275 vel
2039 238 2177 275 escario
2190 238 2357 285 legatoin
2370 239 2437 282 his,

1355 294 1448 330 quae
1471 284 1619 320 dubium
1641 289 1698 322 est
1728 285 1830 321 cuius
1858 285 1997 331 generis
2027 283 2114 328 sint,
2147 283 2438 320 consuetudinem

1354 329 1469 375 patris
1493 328 1647 366 familias
1671 330 1920 383 spectandam,
1950 340 2022 365 non
2045 328 2152 364 etiam
2174 329 2212 364 in
2239 329 2315 372 his,
2347 339 2439 383 quae

1355 377 1375 410 3
1423 378 1561 410 certum
1584 378 1640 411 est
1662 385 1739 411 eius
1763 375 1902 420 generis
1921 385 1993 410 non
2017 384 2106 410 esse.
2153 373 2303 419 Quidam
2317 374 2438 420 primi-

1354 419 1479 466 pilaris
1501 419 1607 455 uxori
1617 429 1706 456 suae
1716 425 1902 466 argentum
1921 419 2098 456 escarium
2110 419 2305 465 legaverat:
2330 429 2437 465 quae-

1355 464 1464 501 situm
1485 469 1558 508 est,
1588 475 1670 500 cum
1698 469 1802 511 pater
1831 465 1985 501 familias
2016 464 2056 499 in
2088 468 2235 510 argento
2264 475 2331 501 suo
2354 474 2439 500 vasa

1355 510 1542 554 habuerat,
1566 509 1695 555 quibus
1719 514 1756 546 et
1777 510 1927 556 potabat
1949 514 1986 546 et
1998 509 2137 553 edebat,
2163 509 2338 554 anlegato
2350 510 2440 545 haec

1356 565 1503 636 quoqlixilg
1519 555 1907 636 vasalggntinerentur.
1954 554 2126 634 Scaetvola
2134 554 2332 635 drespglilidit
2355 565 2438 634 eqn-

1504 611 1554 635 n.
1668 610 1704 635 m
1754 611 1836 636 cum
1889 610 2036 636 uaerere
2053 611 2097 635 ur
2159 610 2178 635 e
2361 609 2436 635 ao:

1357 645 1439 681 ‘hoc
1469 644 1622 690 amplius
1651 628 1726 681 filia
1758 655 1839 681 mea
1892 645 2074 681 ulcissima
2108 655 2128 680 e
2162 644 2278 680 medio
2311 609 2439 680 segmito

1358 690 1505 735 ‘tibique
1516 692 1544 714 ¹²
1577 689 1708 726 habeto
1733 694 1979 726 ornamentum
2003 700 2106 726 omne
2128 700 2246 725 meum
2268 689 2440 725 muliebre

1357 738 1452 771 ‘cum
1480 745 1570 771 auro
1604 739 1641 771 et
1669 735 1699 771 si
1729 745 1799 780 qua
1827 735 1899 771 alia
1925 735 2114 771 muliebria
2147 734 2439 780 apparuerint'13,

1359 791 1441 816 cum
1469 780 1635 816 testati-lx
1663 780 1877 826 negotiatrix
1907 780 2030 825 fuerit,
2060 790 2107 815 an
2137 791 2210 816 non
2239 780 2354 815 solum
2383 789 2440 815 ar-

1381 829 1512 869 entum,
1538 824 1635 870 quod
1656 825 1694 861 in
1717 825 1822 862 domo
1845 825 1901 861 vel
1923 825 2018 860 intra
2037 826 2203 861 horreum
2228 825 2352 861 usibus
2364 825 2441 860 eius

1373 870 1435 914 uit,
1461 870 1578 916 legato
1602 870 1707 915 cedit,
1731 871 1794 907 sed
1818 871 1925 906 etiam
1942 870 2038 916 quod
2060 870 2258 906 inbasilica
2272 870 2341 905 fuit
2363 880 2439 904 mu·

1357 916 1485 951 liebre:
1509 916 1704 961 respondit,
1730 916 1760 952 si
1783 916 1948 951 testatrix
1965 915 2093 951 habuit
2139 916 2298 969 roprium
2313 925 2440 960 argen-

1357 965 1434 995 tum
1457 960 1503 996 ad
1526 971 1632 996 usum
1654 972 1758 997 suum
1781 964 1958 1006 paratum,
1988 971 2060 996 non
2082 926 2193 996 vigeri
2215 960 2252 995 id
2275 960 2440 1006 legatum,

1358 1005 1470 1087 3²²⁰&
1482 1006 1701 1096 ’ὲῖεῖῗῖἶῗὲ
1716 1005 2162 1095 ξῖξῗκῗῖξᾚῐῳὲἒέ
2184 1005 2336 1095 ἑὲὲῖᾬ*’
2370 1005 2440 1085 {1³3¹

1358 1096 1471 1132 ratius
1494 1095 1689 1132 Proculum
1712 1096 1824 1132 refert
1846 1096 1897 1131 ita
1921 1106 2052 1140 respon
2080 1095 2088 1103 '
2110 1106 2148 1131 se
2176 1095 2271 1131 vasis
2302 1095 2440 1131 electri-

1358 1141 1414 1177 nis
1436 1141 1562 1186 legatis
1586 1141 1674 1176 nihil
1697 1141 1879 1184 interesse,
1906 1145 2077 1185 quantum
2100 1151 2144 1176 ea
2166 1150 2267 1185 vasa,
2297 1140 2341 1176 de
2364 1140 2441 1185 qui·

1358 1187 1425 1222 bus
1456 1186 1655 1232 quaeritur,
1693 1186 1831 1231 argenti
1860 1190 1924 1221 aut
1957 1186 2081 1222 electri
2115 1186 2344 1229 habebant¹⁴,
2380 1185 2442 1221 sed

1358 1236 1478 1267 utrum
1501 1235 1687 1276 argentum
1711 1232 1843 1267 electro
1867 1241 1915 1266 an
1943 1231 2115 1266 electrum
2143 1235 2291 1276 argento
2317 1230 2438 1266 cedat:

1356 1276 1393 1312 id
1417 1287 1461 1312 ex
1484 1281 1634 1322 aspectu
1657 1287 1824 1312 vasorum
1847 1276 1990 1311 facilius
2012 1276 2169 1321 intellegi
2191 1286 2316 1321 posse:
2346 1275 2442 1321 quod

1357 1322 1388 1358 si
1411 1322 1449 1357 in
1473 1322 1627 1358 obscuro
1651 1322 1708 1366 sit,
1732 1321 1992 1367 inspiciendum
2015 1325 2085 1364 est,
2116 1321 2155 1356 in
2185 1325 2267 1357 utro
2296 1331 2442 1356 numero

1358 1371 1378 1402 6
1425 1378 1469 1403 ea
1491 1377 1578 1403 vasa
1599 1367 1642 1412 is,
1666 1367 1727 1413 qui
1750 1371 2001 1403 testamentum
2024 1365 2119 1410 fecit,
2149 1365 2325 1402 habuerit.
2372 1366 2441 1401 La-

1358 1412 1426 1448 beo
1456 1416 1668 1448 testamento
1698 1423 1764 1448 suo
1788 1412 1957 1448 Neratiae
1986 1412 2091 1448 uxori
2120 1422 2207 1447 suae
2235 1411 2440 1447 nominatim

1358 1457 1487 1503 legavit
1512 1459 1655 1493 ‘vestem
1677 1457 1849 1493 mundum
1871 1457 2081 1492 muliebrem
2105 1466 2244 1492 omnem
2256 1466 2441 1492 ornamen-

1360 1505 1408 1538 ‘ta
1432 1513 1478 1539 ue
1500 1503 1689 1538 muliebria
1713 1502 1830 1538 omnia
1853 1502 1973 1537 lanam
1995 1502 2108 1537 linum
2124 1512 2321 1547 purpuram
2331 1501 2442 1537 versi-

1360 1551 1413 1583 ‘co
1430 1547 1506 1583 oria
1528 1547 1629 1583 facta
1651 1548 1856 1592 infectaque
1881 1547 2009 1583 omnia'
2040 1551 2076 1582 et
2100 1551 2229 1583 cetera.
2277 1546 2340 1582 sed
2371 1557 2442 1582 non

1357 1596 1474 1628 mutat
1502 1593 1739 1629 substantiam
1769 1603 1888 1628 rerum
1915 1603 1989 1628 non
2017 1592 2221 1628 necessaria
2254 1592 2441 1628 verborum

1358 1638 1620 1683 multiplicatio,
1645 1638 1729 1683 quia
1740 1638 1864 1674 Labeo
1887 1641 2100 1674 testamento
2121 1637 2239 1673 lanam
2261 1647 2306 1673 ac
2317 1636 2442 1673 deinde

1358 1683 1589 1719 versicoloria
1616 1683 1778 1729 scripsit,
1814 1683 1918 1728 quasi
1947 1683 2040 1718 desit
2053 1685 2080 1704 ¹⁵
2108 1683 2192 1718 lana
2219 1682 2332 1718 tincta
2360 1682 2443 1717 lana

1359 1738 1449 1772 esse,
1474 1727 1706 1773 detractoque
1729 1729 1837 1764 verbo
1867 1728 2159 1764 ‘versicolorio’¹⁶
2187 1728 2298 1763 nihilo
2325 1727 2442 1763 minus

1359 1772 1467 1809 etiam
1489 1773 1720 1810 versicoloria
1742 1773 1977 1816 debebuntur,
2001 1773 2033 1809 si
2055 1784 2128 1809 non
2152 1776 2325 1818 appareat
2337 1772 2443 1808 aliam

1361 1822 1378 1853 7
1429 1818 1590 1854 defuncti
1611 1819 1832 1854 voluntatem
1844 1818 1966 1854 fuisse.
2013 1818 2110 1858 Titia
2131 1818 2303 1853 mundum
2319 1817 2442 1853 mulie-

1359 1864 1459 1899 brem
1482 1863 1660 1909 Septiciae
1682 1864 1829 1917 legavit:
1855 1873 1898 1899 ea
1920 1864 2072 1908 putabat
2095 1863 2164 1899 sibi
2187 1863 2304 1908 legata
2327 1867 2363 1898 et
2386 1874 2441 1898 or-

1359 1913 1526 1944 namenta
1548 1913 1586 1944 et
1606 1909 1763 1952 moniha,
1785 1909 1824 1944 in
1848 1909 1977 1953 quibus
2000 1919 2157 1954 gemmae
2172 1912 2209 1945 et
2230 1908 2443 1953 margaritae

1358 1953 1492 1997 insunt,
1523 1959 1559 1990 et
1581 1955 1709 1991 anulos
1733 1958 1770 1990 et
1792 1958 1925 1990 vestem
1947 1958 2022 1989 tam
2046 1953 2215 1990 coloriam
2229 1955 2273 1989 ¹⁷:
2303 1953 2443 1999 quaesi-

1358 2003 1435 2034 tum
1458 2003 1523 2043 est,
1554 2010 1601 2035 an
1623 2001 1713 2036 haec
1738 1999 1856 2036 omnia
1890 1999 2022 2035 mundo
2052 1999 2289 2035 continentur.
2335 1998 2443 2035 Scae-

1358 2045 1438 2080 vola
1461 2045 1648 2090 respondit
1676 2055 1721 2081 ex
1743 2045 1799 2081 his
1824 2055 1915 2089 quae
1944 2055 2011 2090 pro
2039 2049 2231 2080 onerentur
2259 2044 2444 2079 dumtaxat

1360 2092 1379 2125 8
1427 2094 1613 2135 argentum
1624 2090 1794 2126 balneare
1805 2089 1939 2125 mundo
1954 2100 1990 2124 m
2032 2089 2120 2126 ‘ebri
2132 2089 2318 2125 contineri.
2353 2088 2443 2124 Item

1360 2146 1441 2170 cum
1463 2135 1625 2179 inaures,
1654 2135 1692 2170 in
1721 2135 1850 2180 quibus
1882 2134 1974 2171 duae
2003 2135 2218 2180 margaritae
2247 2133 2386 2170 elenchi
2408 2138 2443 2169 et

1358 2180 1538 2225 smaragdi
1561 2180 1643 2224 duo,
1668 2181 1822 2226 legasset
1845 2184 1882 2216 et
1902 2184 2029 2226 postea
2047 2180 2213 2216 elenchos
2226 2179 2359 2216 eisdem
2381 2178 2441 2215 de·

1357 2225 1527 2261 traxisset
1557 2230 1593 2262 et
1626 2229 1873 2271 quaereretur,
1910 2235 1958 2260 an
1988 2225 2098 2261 nihilo
2126 2225 2243 2261 minus
2273 2224 2442 2261 detractis

1358 2270 1516 2306 elenchis
1539 2271 1685 2307 inaures
1709 2271 1942 2306 deberentur:
1966 2269 2298 2315 respondit·deberi,
2323 2270 2441 2306 sima·

1357 2320 1467 2351 neant
1488 2316 1649 2360 inaures,
1680 2315 1838 2361 quamvis
1866 2316 2060 2361 margarita
2090 2316 2141 2351 eis
2169 2315 2331 2351 detracta
2359 2315 2440 2351 sint.

1358 2363 1379 2396 9
1425 2360 1481 2397 De
1504 2361 1575 2396 alio
1598 2361 1692 2397 idem
1715 2360 1917 2406 respondit,
1948 2371 2029 2396 cum
2052 2360 2227 2413 quaedam
2255 2370 2440 2396 ornamen-

1357 2409 1434 2441 tum
1461 2406 1694 2441 mamillatum
1707 2407 1735 2428 ¹⁸
1764 2416 1807 2441 ex
1837 2405 2006 2459 cylindris
2034 2405 2179 2451 triginta
2210 2409 2379 2486 quattuor
2407 2409 2442 2440 et

1356 2451 1534 2496 tympanis
1576 2451 1778 2496 margaritis
1892 2450 1900 2458 '
1927 2455 1966 2486 ta
2005 2455 2175 2504 quattuor
2228 2454 2368 2496 egasset
2407 2455 2442 2485 et

1383 2499 1483 2532 ostea
1505 2500 1676 2542 quattuor
1699 2507 1743 2532 ex
1767 2495 1862 2542 cylin
1906 2495 1915 2504 '
1938 2523 1947 2539 ,
1970 2500 2077 2532 etiam
2093 2506 2157 2532 sex
2174 2495 2219 2531 de
2240 2495 2441 2541 margaritis

1381 2541 1582 2578 etraxisset.

1403 2584 1456 2624 33
1483 2586 1711 2622 Poueomvs
1738 2586 1829 2622 libro
1854 2591 1985 2631 quarto
2015 2585 2065 2620 ad
2086 2585 2256 2628 Quintum
2280 2584 2438 2621 Mucium

1357 2632 1455 2668 Inter
1477 2636 1611 2667 vestem
1633 2631 1769 2667 virilem
1792 2636 1828 2666 et
1851 2630 2060 2666 vestimenta
2082 2630 2198 2666 virilia
2220 2630 2309 2666 nihil
2330 2630 2440 2666 inter-

1357 2681 1427 2712 est:
1453 2676 1517 2713 sed
1540 2676 1788 2713 difficultatem
1811 2675 1899 2712 facit
1920 2686 2020 2711 mens
2043 2675 2211 2721 legantis,
2243 2675 2275 2711 si
2305 2679 2342 2711 et
2352 2675 2440 2755 t{fise

1358 2722 1484 2758 solitus
1513 2721 1623 2758 fuerit
1652 2722 1706 2757 uti
1735 2721 1889 2766 quadam
1916 2725 2030 2763 veste,
2060 2731 2152 2765 quae
2180 2721 2288 2756 etiam
2314 2730 2351 2755 m
2393 2720 2439 2756 'e-

1357 2768 1456 2803 ribus
1492 2767 1705 2803 conveniens
1729 2770 1794 2802 est.
1841 2766 1962 2811 itaque
1990 2769 2074 2802 ante
2103 2766 2222 2801 omnia
2252 2765 2440 2801 dicendum

1357 2817 1412 2848 est
1434 2822 1513 2848 eam
1535 2813 1688 2858 legatam
1713 2822 1802 2855 esse,
1831 2811 1876 2847 de
1900 2821 1971 2855 qua
1994 2811 2147 2847 senserit
2167 2814 2336 2854 testator,
2368 2821 2440 2846 non

1381 2868 1449 2894 uae
1471 2868 1511 2894 re
1541 2868 1626 2893 vera
1653 2861 1718 2892 aut
1743 2856 1927 2892 muliebris
1957 2860 2022 2891 aut
2047 2855 2158 2892 virilis
2188 2856 2246 2892 sit.
2293 2866 2376 2891 nam
2404 2859 2440 2891 et

1390 2903 1509 2938 uintus
1533 2902 1650 2938 'fitius
1661 2903 1689 2924 ¹⁹
1710 2901 1762 2937 ait
1778 2901 1871 2937 scire
1894 2911 1933 2937 se
1956 2900 2132 2946 quendam
2145 2904 2346 2937 senatorem
2361 2911 2437 2936 mu-

1354 2948 1527 2984 hebi-ibus
1551 2947 1741 2984 cenatoriis
1765 2946 1819 2982 uti
1842 2946 1996 2990 solitum,
2020 2945 2082 2991 qui
2104 2945 2136 2982 si
2158 2945 2293 2991 legaret
2314 2945 2438 2981 mulie·

1354 2994 1455 3029 brem
1476 2997 1620 3036 vestem,
1644 3003 1717 3028 non
1740 2991 1919 3028 videretur
1942 2991 1987 3027 de
2009 3001 2052 3027 ea
2075 2990 2239 3034 sensisse,
2268 3000 2340 3036 qua
2361 2990 2438 3036 ipse

1356 3038 1459 3083 quasi
1481 3037 1575 3074 virili
1598 3038 1778 3074 utebatur.

1401 3081 1454 3121 34
1478 3082 1584 3119 ῙΒΕΜ
1605 3082 1696 3119 libro
1720 3093 1815 3118 nono
1838 3082 1888 3118 ad
1910 3080 2079 3124 Quintum
2100 3080 2260 3116 Mucium
2306 3079 2439 3116 Scribit

1355 3128 1507 3173 Quintus
1529 3127 1692 3164 Mucius:
1717 3127 1749 3163 si
1772 3137 1899 3163 aurum
1921 3137 2026 3162 suum
2038 3135 2141 3162 omne
2162 3129 2267 3170 pater
2284 3125 2438 3161 familias

1355 3173 1459 3210 uxori
1482 3183 1570 3209 suae
1592 3172 1756 3218 legasset,
1785 3172 1823 3208 id
1845 3181 1987 3215 aurum,
2017 3170 2113 3216 quod
2136 3169 2277 3206 aurifici
2299 3170 2437 3206 faciun-

1355 3218 1440 3254 dum
1463 3217 1619 3254 dedisset
1646 3222 1710 3253 aut
1738 3217 1835 3263 quod
1862 3216 1897 3253 ei
1919 3216 2125 3260 deberetur,
2157 3215 2187 3251 si
2215 3215 2262 3252 ab
2291 3214 2438 3251 aurifice

1355 3264 1387 3299 ei
1410 3273 1602 3309 repensum
1624 3273 1696 3298 non
1720 3267 1830 3306 esset,
1861 3261 2002 3297 mulieri
2032 3271 2103 3297 non
2128 3261 2287 3297 debetur.
2336 3259 2436 3296 Pou-

1356 3317 1504 3344 pomos.
1551 3308 1621 3343 hoc
1644 3318 1688 3343 ex
1711 3311 1815 3353 parte
1837 3317 1959 3343 verum
1981 3310 2054 3349 est,
2085 3316 2131 3342 ex
2161 3309 2264 3351 parte
2294 3305 2435 3342 falsum.

1354 3364 1437 3389 nam
1459 3352 1504 3388 de
1527 3363 1581 3397 eo,
1630 3352 1702 3389 uod
1724 3352 1884 3394 debetur,
1916 3351 1993 3387 sine
2022 3351 2130 3387 dubio
2138 3351 2185 3386 ²⁰:
2217 3354 2259 3386 ut
2314 3354 2377 3386 uta
2406 3350 2437 3386 si

1354 3398 1432 3434 auri
1454 3398 1564 3434 libras
1587 3397 1780 3443 stipulatus
1802 3396 1926 3438 fuerit,
1959 3396 2029 3432 hoc
2052 3407 2178 3431 aurum
2202 3406 2272 3441 quo
2320 3395 2353 3431 ei
2375 3395 2435 3431 de·

1353 3444 1498 3480 beretur
1520 3454 1565 3479 ex
1587 3442 1779 3488 stipulatu,
1810 3452 1882 3478 non
1904 3442 2059 3487 pertinet
2092 3441 2140 3477 ad
2163 3451 2325 3484 axem,
2355 3451 2435 3477 cum

2135 3558 2193 3597 (14)
2218 3554 2432 3588 habeantscr.

2217 3601 2276 3641 (ιτ)
2301 3602 2434 3632 tameo·

1728 3557 1785 3597 (1³)
1810 3556 2004 3599 apparuerit
2017 3556 2052 3589 F

1747 3603 1808 3643 (ιο)
1832 3600 2046 3634 versicoloria
2058 3601 2133 3634 deu.

2175 3691 2238 3731 (19)
2260 3689 2394 3723 Muciu-
2406 3690 2435 3722 S

2515 3799 2523 3859 ᾳ·-
