2528 3918
131 137 191 170 DE
221 137 341 169 DOTE
370 136 666 168 PRAELEGATA

129 250 282 293 legatum
306 247 399 283 dotis
415 247 612 283 Falcidiam
632 257 832 299 passurum,
858 246 1022 283 videlicet
1045 248 1129 293 quia
1153 248 1215 283 ad·
1251 251 1253 263 ¹

129 295 198 329 huc
229 297 416 331 constante
444 293 666 328 matrimomo
691 292 850 328 indebita
875 292 938 327 dos
962 293 1103 328 videtur
1125 294 1215 328 rele-

128 343 228 383 gata,
253 349 373 373 verum
397 338 493 390 quod
517 337 679 373 Falcidia
702 337 868 379 reccidit,
894 338 932 372 in
954 338 1111 374 familiae
1135 339 1215 374 her-

129 383 319 419 ciscundae
349 383 480 418 iud1cio
514 383 680 418 maritum
711 386 1003 428 praecepturum,
1048 383 1215 428 quemad-

127 429 269 464 modum
282 432 394 463 totam
412 429 530 463 dotem
546 427 779 473 praeciperet,
805 428 835 463 si
851 439 923 463 non
938 432 1032 463 esset
1046 429 1215 474 relegata.

132 476 170 508 14
216 473 313 509 Mela
336 474 490 518 scripsit,
515 474 545 508 si
568 473 701 508 fundus
725 474 762 508 in
787 473 869 509 dote
893 474 939 508 sit
961 477 997 509 et
1016 474 1217 519 specialiter

127 519 174 554 sit
196 519 353 564 legatus,
385 529 468 554 mox
500 519 711 562 generaliter
744 519 808 554 dos
838 519 1012 563 relegata,
1046 531 1118 554 non
1149 519 1215 561 bis,

129 569 167 600 15
216 564 279 599 sed
314 565 422 600 semel
458 564 579 599 deberi
613 563 774 599 fundum.
828 563 965 599 Ibidem
997 564 1094 600 Mela
1130 575 1214 600 con-

125 610 256 654 iungit,
289 610 319 644 si
351 609 483 644 fundus
515 610 551 644 in
585 609 668 644 dote
699 609 767 644 fuit
798 609 940 645 locatus
972 620 995 644 a
1017 610 1144 646 marito
1170 609 1216 644 ad

127 660 260 691 certum
283 658 443 699 tempus,
479 665 625 689 uxorem
656 665 729 690 non
761 655 849 690 alias
881 654 1030 690 fundum
1060 666 1103 690 ex
1126 655 1215 690 rele-

125 700 267 746 gatione
292 700 478 744 consequi,
505 710 610 744 quam
635 700 665 734 si
690 701 822 735 caverit
845 710 884 735 se
906 711 1094 745 passuram
1119 700 1214 736 colo-

126 757 211 780 num
235 744 317 787 frui,
343 744 531 781 dummodo
555 745 636 790 ipsa
659 746 849 790 pensiones
873 746 1058 791 percipiat.

171 789 196 827 2
227 790 422 826 ULPIANUS
442 790 533 826 libro
557 792 682 835 quinto
707 791 991 837 disputationum
1033 791 1121 826 Cum
1137 791 1215 836 quis

126 836 229 871 uxori
253 846 339 871 suae
365 835 484 871 dotem
507 836 643 880 relegat
665 835 818 881 fideique
843 837 1068 871 commissum
1099 837 1144 871 ab
1173 846 1216 871 ea

125 881 303 926 relinquit,
327 881 397 916 hoc
420 880 733 916 fideicommissum
757 892 802 917 ex
826 882 1022 924 commodo,
1052 882 1147 927 quod
1172 892 1216 917 ex

124 926 340 971 relegatione
363 926 491 961 mulier
514 927 641 967 sentit,
666 927 930 970 aestimabitur,
957 931 993 962 et
1014 928 1066 962 ita
1091 927 1215 962 Celsus

125 982 264 1017 quoque
293 971 384 1007 libro
417 972 582 1007 vicesimo
616 972 833 1016 digestorum
865 973 1018 1018 scripsit.
1066 972 1162 1018 quod
1185 972 1215 1007 si

124 1017 347 1053 necessariae
370 1016 516 1052 fuerunt
538 1017 737 1062 impensae,
771 1028 863 1063 quae
893 1018 972 1063 ipso
996 1018 1073 1053 iure
1097 1018 1215 1053 dotem

124 1063 306 1104 minuunt,
345 1063 496 1107 amplius
527 1062 598 1097 dici
629 1067 767 1107 potest,
806 1063 836 1099 si
872 1065 997 1098 tanta¹
1033 1064 1214 1109 quantitas

124 1108 227 1150 dotis,
253 1118 360 1152 quam
382 1108 531 1143 maritus
557 1108 706 1153 accepit,
733 1109 764 1144 ei
783 1109 941 1154 relegata
960 1112 1025 1151 est,
1051 1112 1215 1154 oportere

125 1154 195 1189 dici
213 1154 320 1188 etiam
339 1163 416 1188 eam
435 1154 671 1198 quantitatem
687 1164 794 1199 posse
808 1154 1120 1190 fideicommissum
1137 1164 1213 1189 ero-

123 1209 209 1244 gare
220 1199 245 1241 2,
279 1209 371 1243 quae
401 1199 480 1243 ipso
504 1199 582 1234 iure
606 1199 724 1234 dotem
747 1200 892 1234 minuit:
919 1210 996 1235 esse
1020 1200 1113 1235 enim
1137 1211 1213 1234 mu-

122 1245 244 1279 lierem
275 1243 482 1288 legatariam
513 1254 616 1279 nemo
649 1248 704 1280 est
733 1245 794 1289 qui
823 1245 974 1281 dubitet.
1023 1245 1087 1280 sed
1118 1249 1154 1280 et
1184 1244 1215 1280 si

124 1301 195 1325 non
221 1289 302 1333 dos,
336 1289 398 1324 sed
454 1300 493 1324 ro
519 1289 608 1324 dote·
634 1290 766 1335 aliquid
789 1291 892 1326 uxori
915 1290 1023 1325 fuerit
1046 1291 1213 1335 legatum,

123 1335 240 1370 adhuc
278 1335 382 1379 quasi
441 1345 480 1369 os
516 1335 673 1380 relegata
709 1336 894 1381 accipitur.
949 1337 1019 1371 hoc
1061 1336 1213 1381 amplius

124 1381 283 1415 Iulianus
307 1379 469 1424 scripsit,
504 1380 569 1415 etsi
599 1392 671 1416 non
703 1381 811 1416 fuerit
840 1381 1016 1416 adiectum
1041 1392 1106 1426 pro
1131 1381 1215 1416 dote

123 1436 201 1461 esse
224 1426 390 1470 legatum,
415 1425 484 1460 hoc
508 1429 629 1460 tamen
653 1426 770 1461 animo
794 1427 968 1469 relictum,
995 1427 1114 1462 adhuc
1139 1426 1214 1462 eius

122 1481 200 1506 esse
232 1470 462 1506 condicionis.
511 1481 602 1505 uxor
633 1471 743 1516 igitur
773 1472 803 1507 si
833 1476 978 1516 rogetur
1008 1472 1064 1507 vel
1095 1471 1215 1507 dotem

122 1516 176 1551 vel
207 1515 302 1560 quod
333 1526 398 1560 pro
431 1515 515 1551 dote
545 1516 702 1560 legatum
733 1521 788 1552 est
820 1517 875 1552 vel
908 1517 1004 1562 quod
1034 1518 1071 1552 in
1101 1517 1214 1552 vicem

122 1561 213 1596 dotis
238 1561 293 1596 ei³
317 1561 536 1606 adscriptum
561 1566 615 1596 est
638 1562 845 1606 restituere,
877 1573 950 1598 non
975 1574 1017 1598 co
1043 1566 1123 1598 etur
1146 1563 1215 1598 nisi

121 1610 288 1649 eatenus,
319 1610 495 1652 quatenus
522 1606 685 1650 diximus,
710 1608 915 1644 restituere:
949 1612 984 1644 et
1005 1608 1019 1643 i
1045 1619 1086 1644 eo
1110 1609 1214 1644 heres

121 1653 284 1687 instituta
307 1656 505 1697 rogataque
529 1653 765 1697 quantitatem
793 1653 1002 1689 hereditatis
1026 1653 1214 1689 restituere

120 1698 157 1732 id
170 1698 310 1733 demum
322 1697 496 1740 restituet,
522 1698 618 1742 quod
635 1699 871 1743 quantitatem
889 1699 982 1734 dotis
1002 1699 1143 1735 excedit
1161 1698 1213 1734 id—

122 1754 190 1788 que
213 1742 310 1788 quod
334 1753 378 1777 ex
403 1744 740 1788 repraesentationis
766 1744 951 1780 commodo
977 1746 1094 1780 sentit.
1130 1755 1214 1779 nam

120 1792 156 1823 et
179 1789 210 1823 si
231 1789 320 1833 quis,
346 1799 427 1823 cum
449 1799 471 1822 a
491 1799 584 1823 nuru
605 1788 724 1824 dotem
744 1790 952 1835 accepisset,
975 1790 1088 1825 filium
1108 1801 1213 1825 suum

118 1833 285 1869 heredem
316 1834 512 1868 instituerit
543 1844 694 1880 eumque
724 1836 921 1880 rogaverit,
961 1835 1133 1881 quidquid
1167 1835 1214 1870 ad

120 1890 199 1915 eum
223 1890 267 1914 ex
291 1879 490 1914 hereditate
513 1880 742 1924 pervenisset,
766 1881 967 1923 restituere,
992 1891 1076 1916 mox
1099 1884 1214 1916 morte

119 1925 240 1960 uxoris
253 1925 266 1945 ⁴
291 1925 410 1960 dotem
429 1924 539 1959 fuerit
557 1925 730 1968 lucratus,
755 1926 793 1961 id
812 1937 886 1962 non
904 1927 1094 1961 restituet5
1118 1925 1214 1971 quod

120 1981 164 2005 ex
188 1970 271 2006 dote
293 1969 472 2015 percepit,
504 1971 588 2014 quia
617 1971 830 2007 matrimonii
860 1982 970 2007 causa
993 1972 1028 2007 id
1051 1972 1212 2007 lucratus

188 2019 254 2057 est,
279 2026 350 2050 non
375 2025 418 2050 ex
442 2016 555 2060 patris
575 2016 718 2052 iudicio.
754 2017 885 2052 Mulier
909 2017 1028 2052 dotem
1077 2017 1213 2052 romisit

120 2061 459 2106 quadringentorum
495 2064 531 2095 et
565 2061 661 2096 dedit
691 2061 823 2097 fundos
856 2062 946 2097 duos
977 2062 1014 2097 in
1070 2065 1211 2104 ucenta,

120 2110 304 2151 praeterea
348 2107 493 2141 nomina
538 2106 738 2142 debitorum
778 2108 815 2142 in
854 2108 1000 2143 residua
1037 2107 1210 2143 ducenta:

120 2163 203 2187 mox
226 2152 375 2186 maritus
400 2151 474 2186 eius
503 2151 677 2187 decedens
701 2163 766 2197 pro
792 2153 876 2188 dote
899 2152 1030 2188 fundos
1063 2153 1095 2188 ei
1122 2153 1212 2188 duos

120 2208 191 2232 non
217 2207 298 2239 eos,
332 2207 421 2242 quos
445 2197 482 2230 in
506 2196 624 2232 dotem
649 2202 856 2243 acceperat,
885 2199 1027 2243 reliquit
1051 2202 1086 2234 et
1108 2209 1210 2243 prae-

120 2247 218 2278 terea
242 2243 331 2277 duos
355 2242 435 2277 illos
460 2241 616 2284 dotales,
651 2254 740 2288 quos
773 2244 979 2279 aestimatos
1010 2248 1212 2288 acceperat,

120 2288 287 2333 reliquit⁶
310 2287 462 2331 fideique
487 2287 562 2322 eius
588 2289 780 2331 commisit,
813 2293 871 2331 ut,
904 2289 1075 2334 quidquid
1104 2289 1150 2324 ad
1174 2300 1213 2324 se

121 2344 164 2368 ex
184 2333 380 2368 hereditate
400 2332 474 2367 eius
497 2334 726 2377 pervenisset,
751 2335 789 2369 id
808 2335 1013 2370 restitueret
1030 2335 1109 2370 Seio
1132 2345 1212 2370 cum

120 2382 334 2414 moreretur:
369 2378 622 2423 quaerebatur,
655 2383 828 2424 quantum
854 2384 947 2415 esset
969 2380 1006 2415 in
1029 2380 1210 2415 fideicom-

119 2424 226 2459 misso
248 2423 392 2459 muliere
412 2423 592 2459 defuncta.
632 2425 794 2461 dicebam
818 2435 965 2460 uxorem
988 2426 1095 2468 hanc,
1120 2435 1212 2470 quae

119 2472 245 2514 rogata
268 2473 333 2511 est,
367 2468 538 2514 quidquid
562 2470 608 2504 ad
632 2480 671 2505 se
694 2471 895 2515 pervenerit
918 2481 962 2506 ex
984 2474 1210 2513 testamento,

119 2514 317 2556 restituere,
341 2514 378 2548 in
403 2524 446 2549 ea
470 2524 547 2549 esse
572 2515 793 2557 condicione,
818 2520 859 2551 ut
882 2516 918 2551 id
943 2517 1084 2551 demum
1107 2517 1210 2552 resti-

120 2564 218 2594 tuere
242 2564 398 2604 rogetur,
424 2559 519 2604 quod
543 2560 695 2596 deducta
719 2561 812 2596 dotis
838 2562 1039 2607 quantitate
1063 2561 1110 2597 ad
1134 2572 1211 2597 eam

119 2605 296 2649 pervenit:
339 2605 458 2639 dotem
499 2605 592 2639 enim
630 2606 809 2651 recepisse
844 2617 923 2642 eam
957 2607 1068 2652 magis
1105 2617 1211 2651 quam

120 2650 313 2694 accepisse,
346 2650 442 2685 salvo
476 2660 529 2692 eo,
564 2651 659 2695 quod
685 2662 728 2686 ex
753 2652 938 2688 commodo
963 2656 1210 2697 repraesenta-

119 2695 225 2730 tionis
257 2696 302 2730 ab
337 2706 378 2730 ea
410 2695 665 2730 fideicommitti
696 2697 824 2741 potuit.
879 2697 1029 2742 proinde
1062 2697 1100 2732 id
1133 2698 1209 2741 qui-

121 2740 210 2782 dem,
236 2740 331 2785 quod
354 2751 418 2785 pro
444 2740 527 2775 dote
550 2741 697 2776 maritus
722 2742 754 2777 ei
777 2742 936 2787 reliquit,
967 2753 1040 2778 non
1065 2746 1211 2787 cogetur

120 2786 324 2828 restituere,
355 2786 423 2821 nisi
455 2786 536 2830 plus
567 2786 636 2821 fuit
669 2787 706 2821 in
740 2797 781 2822 eo
813 2798 920 2832 quam
949 2787 987 2822 in
1012 2788 1211 2832 quantitate

121 2831 231 2866 dotis:
272 2831 452 2866 residuum
482 2841 585 2874 vero,
622 2832 717 2876 quod
748 2836 934 2877 praeterea
964 2833 1016 2867 illi
1047 2833 1210 2868 relictum

121 2880 184 2918 est,
210 2887 292 2910 cum
315 2876 492 2911 fructibus
518 2880 664 2921 cogetur
687 2878 885 2913 restituere.
933 2878 1082 2913 habebit
1103 2878 1212 2923 igitur

120 2921 348 2966 praecipuam
371 2921 490 2957 dotem
515 2932 595 2957 cum
620 2923 693 2957 suis
718 2922 914 2959 fructibus:
938 2923 976 2958 id
993 2934 1090 2965 vero,
1114 2923 1211 2975 quod

120 2967 339 3002 extrinsecus
372 2967 403 3002 ei
435 2967 597 3002 relictum
629 2971 701 3011 est,
735 2979 815 3004 cum
846 2968 1043 3011 fructibus,
1076 2979 1138 3013 qui
1165 2968 1211 3003 ad

121 3022 198 3046 eam
221 3012 457 3057 pervenerint,
481 3013 657 3048 restituet.

166 3054 190 3093 3
227 3057 419 3092 IULIANUS
459 3057 549 3094 libro
594 3059 776 3104 triqesimo
813 3062 945 3104 quarto
990 3059 1211 3105 diqestorum

121 3101 190 3145 Qui
219 3102 271 3137 ita
299 3102 394 3147 legat
419 3103 522 3138 uxori
546 3113 652 3138 suae:
686 3103 814 3139 ‘Titiae
838 3105 990 3149 amplius
1015 3115 1122 3149 quam
1148 3104 1210 3140 do-

121 3150 205 3182 ‘tem
228 3157 357 3182 aureos
380 3151 435 3183 tot
457 3149 560 3183 heres
584 3159 684 3184 meus
709 3149 857 3185 damnas
885 3153 961 3185 esto
994 3149 1103 3192 dare',
1135 3160 1210 3184 ma-

122 3192 270 3228 nifestus
296 3196 350 3228 est
374 3193 493 3229 dotem
518 3204 659 3239 quoque
682 3194 870 3239 relegasse.

167 3235 192 3273 4
218 3238 442 3273 AFRICANUS
462 3238 553 3274 libro
579 3240 704 3285 quinto
730 3240 979 3285 quaestionum
1027 3240 1116 3276 Cum
1135 3240 1210 3275 vol-

120 3282 197 3326 gari
220 3283 323 3318 modo
349 3283 422 3318 dies
445 3283 642 3328 legatorum
674 3284 876 3329 profertur,
907 3286 996 3321 nihil
1027 3296 1106 3321 eam
1137 3296 1212 3320 rem

121 3326 282 3406 ialdbdotis
306 3328 557 3373 relegationem
580 3330 758 3374 pertinere
782 3330 850 3373 ait,
885 3331 968 3375 quia
991 3342 1095 3367 suum
1120 3331 1213 3366 diem

147 3382 169 3406 a
196 3376 264 3407 eat.

168 3415 192 3453 5
218 3416 452 3454 MARCIANUS
478 3419 569 3455 libro
595 3421 699 3455 tertio
731 3420 941 3466 reqularum
996 3421 1091 3456 Dote
1121 3421 1212 3456 rele-

122 3464 206 3504 gata
229 3473 301 3496 non
325 3466 378 3497 est
401 3463 504 3499 heres
528 3464 737 3508 audiendus,
766 3466 797 3501 si
819 3466 904 3500 velit
927 3466 973 3501 ob
999 3466 1213 3502 donationes

122 3506 160 3539 in
183 3507 363 3558 mulierem
386 3507 502 3544 factas
527 3510 739 3545 solutionem
764 3511 905 3546 differre
928 3511 983 3546 vel
1008 3512 1054 3546 ob
1074 3512 1212 3556 impen-

124 3560 184 3585 sas
208 3551 308 3593 alias,
333 3562 440 3596 quam
463 3564 553 3598 quae
572 3555 650 3600 ipso
670 3556 748 3591 iure
768 3556 886 3591 dotem
907 3556 1088 3592 minuunt:
1113 3556 1213 3591 aliud

1209 121 1294 169 465

2125 125 2375 169 XXXIII4

1287 251 1340 282 est
1364 247 1455 282 enim
1481 248 1651 282 minorem
1677 257 1755 282 esse
1779 247 1911 282 factam
1937 248 2073 292 dotem,
2107 248 2203 294 quod
2225 259 2291 294 per
2313 259 2375 284 ne-

1286 293 1460 328 cessarias
1500 293 1678 338 impensas
1718 292 1867 335 accidit,
1909 294 2005 328 aliud
2043 294 2199 340 pignoris
2234 293 2377 330 nomine

1285 338 1428 373 retineri
1458 338 1577 373 dotem
1609 338 1654 372 ob
1689 347 1748 379 ea,
1779 348 1870 382 quae
1894 339 2077 375 mulierem
2099 340 2248 375 invicem
2271 349 2376 385 prae-

1285 387 1382 418 stare
1406 394 1559 428 aequum
1582 386 1647 418 est.

1332 426 1357 466 6
1389 428 1523 463 LABEO
1557 428 1648 464 libro
1682 427 1839 463 secundo
1868 430 2114 474 posteriorum
2149 443 2172 466 a
2202 430 2375 466 Iavoleno

1285 474 1559 519 epitomatorum
1616 473 1704 508 Cum
1736 472 1909 518 scriptum
1940 479 2051 509 esset:
2089 479 2193 520 ‘quae
2224 476 2377 521 pecunia

1286 522 1444 564 ‘propter
1476 529 1623 554 uxorem
1658 528 1774 553 meam
1809 517 1856 553 ad
1890 529 1946 554 me
1980 520 2075 554 venit
2106 522 2374 567 quinquaginta,

1286 564 1507 599 ‘tantundem
1541 575 1607 609 pro
1641 574 1684 599 ea
1716 563 1798 599 dote
1824 564 1928 599 heres
1953 575 2051 600 meus
2077 566 2183 610 dato’,
2216 567 2375 611 quamvis

1286 609 1422 654 quadra
1448 609 1523 644 'nta
1555 609 1648 644 dotis
1678 608 1850 652 fuissent,
1882 613 2002 645 tamen
2035 611 2291 657 quinquaginta
2314 612 2374 647 de-

1284 655 1369 690 bere
1439 653 1542 690 fenus
1562 655 1681 690 Varus
1698 654 1857 690 Servium
1879 655 2106 700 respondisse
2130 657 2266 699 scribit,
2293 658 2378 702 quia

1287 703 1301 734 1
1351 700 1538 745 proposita
1569 711 1707 735 summa
1735 700 1994 745 quinquaginta
2016 701 2158 736 adiecta
2182 703 2239 737 sit.
2286 702 2375 737 Item

1284 744 1335 787 ei,
1368 755 1460 789 quae
1492 745 1609 780 dotem
1642 745 1776 780 nullam
1805 745 1983 788 habebat,
2019 746 2071 781 vir
2102 747 2152 781 sic
2176 748 2373 792 legaverat:

1284 793 1432 835 ‘quanta
1446 791 1601 835 pecunia
1618 790 1710 825 dotis
1727 790 1880 826 nomine'
1902 795 1938 826 et
1956 791 2102 836 reliqua,
2125 795 2201 837 ‘pro
2217 803 2259 828 ea
2273 794 2373 838 quin-

1284 835 1465 881 ‘quaginta
1487 836 1590 871 heres
1615 835 1725 871 dato’.
1773 836 1894 871 deberi
1918 837 1950 872 ei
1973 837 2127 881 legatum
2149 837 2273 873 Ofilius
2291 838 2375 873 Cas-

1284 881 1427 923 cellius,
1453 881 1539 916 item
1562 885 1598 916 et
1622 880 1735 916 Servii
1758 880 1940 917 auditores
1963 882 2197 918 rettulerunt:
2230 884 2376 928 perinde

1283 926 1487 962 habendum
1520 936 1597 962 esse
1628 937 1671 961 ac
1703 927 1734 962 si
1761 937 1883 962 servus
1908 927 2015 962 alicui
2038 931 2199 963 mortuus
2224 933 2287 963 aut
2310 940 2374 973 pro

1285 982 1325 1007 eo
1351 976 1494 1006 centum
1516 972 1634 1017 legata
1659 975 1789 1007 essent.
1837 972 1933 1017 quod
1956 983 2078 1008 verum
2102 977 2175 1015 est,
2208 974 2290 1018 quia
2321 975 2375 1008 his

1283 1017 1401 1097 vegbis
1433 1027 1505 1052 non
1538 1018 1602 1053 dos
1633 1017 1733 1063 ipsa,
1769 1016 1833 1053 sed
1863 1028 1928 1063 pro
1962 1018 2045 1054 dote
2074 1019 2228 1064 pecunia
2259 1020 2377 1063 legata

1283 1062 1317 1098 vi
1343 1066 1433 1098 etur.

1330 1106 1354 1144 7
1388 1107 1638 1143 Pipnvmws
1670 1108 1760 1144 libro
1795 1111 1920 1144 octavo
1953 1108 2090 1144 decimo
2127 1111 2376 1156 quaestionum

1283 1153 1393 1188 Pater
1417 1153 1535 1189 dotem
1559 1163 1582 1188 a
1605 1165 1699 1188 nuru
1724 1159 1909 1199 acceptam
1939 1154 2013 1189 filio
2039 1155 2254 1191 exheredato
2279 1156 2376 1201 lega-

1283 1199 1350 1234 vit:
1382 1199 1486 1234 heres
1516 1199 1631 1244 patris
1664 1199 1832 1244 opposita
1862 1199 1934 1235 doli
1966 1200 2175 1245 exceptione
2198 1211 2271 1236 non
2295 1206 2378 1236 ante

1284 1245 1420 1279 solvere
1443 1244 1599 1289 legatum
1624 1244 1804 1289 cogendus
1831 1249 1894 1286 est,
1920 1256 2026 1290 quam
2051 1246 2082 1281 ei
2107 1249 2251 1281 cautum
2271 1246 2378 1282 fuerit

1287 1293 1301 1324 1
1352 1290 1396 1325 de
1419 1290 1650 1325 indemnitate
1674 1290 1791 1325 soluto
1816 1290 2052 1326 matrimonio.
2102 1291 2173 1326 Sed
2196 1292 2237 1334 si,
2261 1293 2377 1337 prius-

1284 1346 1390 1380 quam
1421 1335 1579 1380 legatum
1610 1335 1682 1370 filio
1716 1336 1929 1378 solveretur,
1968 1336 2095 1372 mulier
2126 1337 2245 1372 dotem
2276 1348 2377 1373 suam

1284 1383 1303 1415 2
1351 1381 1582 1425 reciperavit,
1615 1380 1751 1416 frustra
1780 1380 1876 1416 filius
1903 1381 1947 1416 de
1970 1382 2087 1426 legato
2113 1386 2206 1427 aget.
2254 1382 2324 1418 Sed
2348 1383 2378 1418 si

1283 1426 1342 1461 lex
1372 1426 1535 1461 Falcidia
1569 1426 1689 1461 locum
1719 1426 1758 1461 in
1787 1426 1905 1471 legato
1938 1426 2032 1462 dotis
2065 1427 2234 1463 adversus
2266 1427 2378 1463 filium

1284 1471 1539 1506 exheredatum
1573 1471 1740 1507 habuerit
1775 1475 1812 1506 et
1845 1472 1970 1507 mulier
2010 1472 2223 1508 solutionem
2262 1479 2378 1508 ratam

1283 1517 1428 1559 fecerit,
1460 1520 1608 1562 propter
1640 1527 1717 1552 eam
1749 1518 2003 1562 quantitatem,
2038 1528 2145 1563 quam
2168 1519 2271 1554 heres
2294 1520 2377 1554 reti-

1284 1563 1421 1605 nuerit,
1452 1562 1550 1597 utilis
1583 1563 1678 1598 actio
1706 1562 1799 1598 dotis
1825 1563 1856 1598 ei
1881 1563 2036 1598 dabitur.
2086 1564 2182 1609 quod
2206 1564 2236 1599 si
2258 1568 2377 1599 ratum

1282 1618 1356 1643 non
1386 1608 1537 1650 habeat,
1576 1607 1719 1643 defendi
1751 1608 1892 1653 quidem
1925 1608 2069 1644 debebit
2100 1610 2205 1644 heres
2237 1620 2259 1644 a
2290 1610 2376 1652 viro,

1283 1654 1343 1698 qui
1367 1663 1405 1688 se
1429 1653 1657 1688 defensurum
1680 1653 1862 1698 promisit:
1895 1654 1958 1689 sed
1991 1654 2021 1689 si
2052 1658 2166 1689 totam
2197 1655 2293 1690 litem
2324 1656 2378 1691 vir

1283 1699 1381 1734 solus
1400 1698 1559 1741 subierit,
1585 1698 1678 1733 actio
1703 1698 1862 1741 iudicati,
1888 1699 1919 1734 si
1943 1703 2088 1734 cautum
2112 1710 2185 1735 non
2209 1701 2284 1741 erit,
2309 1712 2376 1746 pro

1284 1754 1326 1778 ea
1350 1744 1567 1789 quantitate,
1617 1754 1684 1779 uae
1706 1744 1784 1779 iure
1807 1744 1989 1780 Falcidiae
2012 1745 2190 1790 petenda⁷
2215 1751 2288 1788 est,
2313 1746 2375 1781 ad-

1286 1792 1305 1824 3
1353 1799 1476 1824 versus
1500 1789 1585 1824 here
1613 1800 1668 1824 em
1692 1788 1849 1824 dabitur.
1891 1789 1961 1825 Sed
1984 1790 2025 1832 si,
2049 1791 2259 1836 priusquam
2281 1791 2376 1836 lega-

1282 1838 1359 1869 tum
1382 1834 1455 1870 filio
1480 1834 1696 1877 solveretur,
1721 1835 1849 1870 mulier
1873 1835 2031 1878 divertit,
2061 1846 2166 1880 quam
2191 1847 2276 1871 uam
2298 1837 2378 1882 ipsa

1282 1879 1441 1915 nondum
1472 1881 1704 1926 praecipere⁸
1735 1880 1854 1915 dotem
1885 1881 2017 1925 possit,
2049 1891 2122 1916 non
2153 1882 2165 1916 i
2191 1891 2232 1917 eo
2257 1885 2377 1917 tamen

1283 1926 1376 1961 actio
1400 1924 1464 1960 filii
1488 1925 1667 1960 differtur:
1694 1926 1778 1970 quia
1800 1930 1888 1961 tunc
1910 1926 2024 1961 isdem
2048 1926 2172 1962 diebus
2192 1926 2266 1962 filio
2289 1928 2377 1962 solvi

1283 1970 1402 2006 dotem
1425 1981 1637 2016 responsum
1662 1976 1726 2013 est,
1753 1982 1834 2006 cum
1853 1971 1948 2016 patri
1972 1982 2037 2017 pro
2061 1975 2164 2017 parte
2187 1972 2291 2007 heres
2316 1983 2376 2007 ex-

1283 2016 1373 2051 stitit
1405 2020 1441 2051 et
1471 2016 1519 2051 ad
1549 2016 1839 2062 praeceptionem
1872 2016 1963 2052 dotis
1996 2016 2115 2053 soluto
2138 2018 2375 2060 matrimonio,

1282 2064 1303 2096 4
1350 2064 1540 2106 postquam
1570 2062 1674 2097 heres
1706 2062 1859 2104 exstitit,
1895 2062 2072 2097 admissus
2103 2066 2169 2099 est.
2218 2063 2256 2098 Si
2284 2063 2378 2098 forte

1308 2117 1346 2141 er
1370 2117 1524 2142 errorem
1549 2107 1667 2142 cautio
1693 2107 1910 2144 defensionis
1930 2107 2061 2142 omissa
2080 2108 2127 2143 sit
2148 2111 2184 2143 et
2203 2119 2247 2143 ex
2267 2119 2378 2143 causa

1280 2118 1545 2187 fideicommissi
1583 2152 1677 2187 filius
1714 2152 1832 2188 dotem
1868 2153 2067 2198 acceperit,
2106 2156 2148 2188 ut
2178 2153 2377 2189 indebitum

1281 2197 1593 2233 fideicommissum
1613 2208 1685 2233 non
1703 2201 1942 2243 repeteretur:
1966 2198 2142 2234 cautionis
2162 2199 2254 2234 enim
2271 2210 2375 2244 prae-

1281 2243 1431 2278 standae
1461 2243 1657 2278 necessitas
1685 2243 1898 2279 solutionem
1921 2248 2101 2286 moratur,
2134 2254 2208 2279 non
2237 2244 2374 2279 indebi-

1281 2294 1357 2323 tum
1387 2288 1476 2324 facit
1499 2288 1594 2333 quod
1617 2288 1687 2323 fuit
1710 2288 1887 2324 debitum:
1921 2289 1984 2325 sed
2015 2300 2088 2324 non
2119 2289 2187 2324 erit
2216 2289 2377 2335 iniquum

1282 2337 1300 2368 5
1349 2333 1471 2369 heredi
1495 2334 1684 2369 subveniri.
1733 2334 1826 2379 Quid
1856 2345 1938 2380 ergo
1972 2335 2003 2370 si
2033 2335 2146 2379 patris
2175 2334 2279 2370 heres
2304 2335 2375 2370 sol-

1282 2378 1394 2414 vendo
1430 2390 1502 2414 non
1538 2379 1610 2415 sit?
1664 2390 1783 2415 nonne
1825 2380 1919 2415 iuste
1958 2380 2097 2415 mulieri
2133 2379 2276 2415 dabitur
2311 2380 2374 2415 ad-

1281 2435 1403 2460 versus
1427 2425 1539 2460 virum
1562 2425 1660 2460 utilis
1686 2425 1779 2460 actio
1805 2424 1924 2460 dotis?
1972 2426 2029 2460 cui
2061 2425 2127 2460 dos
2184 2425 2272 2460 erire
2303 2436 2376 2461 non

1282 2470 1404 2512 debet,
1438 2470 1520 2514 quia
1551 2481 1623 2506 non
1652 2470 1865 2516 interposuit
1894 2480 1958 2515 per
1982 2481 2137 2506 errorem
2187 2480 2264 2506 eres
2289 2481 2374 2506 cau-

1280 2515 1419 2550 tionem.

1328 2557 1352 2598 8
1388 2559 1492 2597 IDEM
1530 2561 1621 2596 libro
1658 2561 1807 2606 septimo
1843 2570 2099 2605 responsorum
2158 2560 2222 2595 Vir
2260 2562 2374 2605 uxori,

1282 2615 1375 2650 quae
1398 2605 1517 2640 dotem
1536 2606 1574 2641 in
1592 2606 1778 2651 mancipiis
1798 2606 1966 2647 habebat,
1991 2606 2181 2650 pecuniam
2205 2617 2271 2652 pro
2292 2607 2375 2642 dote

1280 2651 1476 2696 legaverat:
1522 2652 1599 2687 vivo
1641 2651 1715 2687 viro
1755 2651 1941 2696 mancipiis
1981 2650 2130 2687 mortuis
2166 2662 2258 2687 uxor
2291 2656 2375 2698 post

1280 2696 1394 2731 virum
1424 2696 1498 2731 vita
1528 2696 1692 2732 decessit.
1748 2695 1794 2731 ad
1828 2696 1995 2731 heredem
2030 2696 2106 2731 eius
2141 2698 2236 2732 actio
2266 2697 2375 2743 legati

1280 2746 1377 2821 rectg
1418 2742 1691 2784 transmittitur,
1736 2741 1905 2787 quoniam
1946 2741 2064 2776 mariti
2099 2742 2264 2778 voluntas
2299 2754 2373 2779 ser-

1280 2797 1349 2822 van
1375 2798 1397 2822 a
1421 2791 1486 2822 est.

1327 2830 1352 2870 9
1386 2832 1494 2867 IDEM
1524 2833 1615 2868 libro
1650 2835 1776 2867 octavo
1807 2842 2063 2878 responsorum
2119 2832 2244 2868 ‘Uxori
2275 2843 2374 2869 meae

1282 2877 1443 2912 ‘fundum
1463 2877 1714 2912 Cornelianum
1739 2877 1798 2912 et⁹
1822 2887 1914 2922 quae
1937 2881 2095 2923 nuptura
2116 2878 2244 2931 optulit
2265 2880 2371 2914 aesti-

1282 2926 1389 2957 ‘mata
1412 2923 1450 2957 in
1473 2923 1661 2967 speciebus
1685 2922 1826 2957 restitui
1849 2923 1954 2958 volo’.
1987 2923 2156 2968 respondi
2173 2934 2246 2959 non
2265 2925 2372 2959 aesti-

1281 2971 1416 3003 matum
1431 2967 1616 3012 praedium
1629 2968 1667 3002 in
1684 2967 1801 3003 dotem
1820 2967 1942 3003 datum
1959 2972 2147 3014 exceptum
2163 2979 2235 3003 non
2250 2969 2371 3010 videri,

1282 3013 1344 3048 sed
1375 3013 1541 3048 universa
1574 3013 1658 3048 dote
1689 3013 1894 3058 praelegata
1909 3015 1936 3034 ¹⁰
1963 3024 2083 3049 rerum
2107 3014 2372 3049 aestimatarum

1280 3058 1434 3103 pretium
1457 3069 1531 3093 non
1557 3058 1741 3100 relictum,
1775 3068 1895 3094 verum
1926 3059 2024 3104 ipsas
2054 3070 2130 3102 res,
2164 3059 2287 3104 quales
2319 3060 2370 3093 in-

1280 3104 1495 3139 venirentur.

1331 3147 1380 3186 10
1406 3148 1610 3184 Scaevoia
1638 3149 1729 3185 libro
1753 3155 1878 3185 octavo
1904 3151 2153 3196 quaestionum
2209 3149 2246 3184 Si
2271 3149 2371 3184 Seiae

1280 3205 1347 3240 pro
1372 3193 1456 3229 dote
1479 3197 1622 3229 centum
1645 3194 1778 3230 fundus
1793 3195 1819 3216 ¹¹
1850 3195 1990 3240 legatus
2015 3197 2061 3231 sit
2084 3195 2247 3239 idemque
2270 3195 2369 3229 Mae-

1281 3240 1357 3275 vio:
1382 3238 1478 3283 quod
1498 3239 1637 3274 Maevio
1658 3239 1823 3275 Falcidia
1847 3241 1975 3283 aufert,
2025 3251 2066 3276 ro
2092 3251 2132 3275 eo
2158 3240 2259 3285 quasi
2285 3250 2369 3274 con-

1283 3295 1410 3320 cursus
1433 3295 1506 3319 non
1527 3284 1648 3327 fuerit,
1672 3285 1799 3320 mulier
1821 3285 1903 3331 plus
1926 3253 2090 3328 vindicet,
2116 3285 2198 3330 quia
2218 3284 2369 3329 amplius

1283 3330 1329 3365 sit
1351 3330 1389 3364 in
1413 3329 1496 3364 dote
1518 3330 1686 3365 mulieris.

1331 3373 1378 3411 11
1407 3374 1463 3409 ΡΑ
1472 3384 1567 3410 ULUS
1587 3376 1677 3411 libro
1701 3376 1853 3421 septimo
1876 3386 2131 3422 responsorum
2184 3374 2265 3409 Seia
2290 3385 2369 3409 cum

1283 3420 1433 3455 nuberet
1448 3419 1561 3455 Lucio
1579 3420 1686 3463 Titio,
1705 3421 1802 3456 dedit
1818 3420 1911 3456 dotis
1927 3420 2068 3455 nomine
2083 3423 2223 3454 centum
2241 3429 2368 3454 aureos

1283 3469 1319 3500 et
1350 3465 1511 3500 adhibuit
1542 3465 1711 3510 Quintum
1741 3467 1920 3507 Mucium,
1953 3465 2013 3509 qui
2045 3465 2131 3499 nihil
2160 3464 2368 3505 numeravit,

1283 3510 1346 3545 sed
1370 3510 1487 3545 dotem
1511 3511 1704 3556 stipulatus
1730 3515 1801 3554 est,
1834 3511 1863 3546 si
1894 3514 2008 3545 morte
2034 3510 2188 3544 mulieris
2214 3509 2367 3560 solutum

1283 3555 1390 3590 fuerit
1413 3556 1686 3592 matrimonium.
1723 3556 1804 3592 Seia
1827 3556 1980 3590 moriens
2001 3557 2213 3589 testamento
2233 3564 2298 3589 suo
2318 3557 2369 3589 ita

126 3665 165 3703 (1)
191 3667 259 3696 tota
282 3677 348 3697 cum
369 3665 405 3697 B
424 3677 486 3698 scr.
625 3670 668 3709 (2)
693 3669 949 3701 fideieommisso
970 3670 1100 3711 erogari
1122 3670 1206 3703 Hal.

127 3710 170 3750 (3)
195 3708 270 3740 siF
374 3711 416 3750 (4)
442 3711 471 3742 is
484 3711 545 3744 ins.
655 3715 698 3753 (5)
723 3715 962 3748 restitueretF
1058 3715 1102 3756 (6)
1128 3715 1209 3747 reli-

128 3754 201 3796 quit
214 3754 274 3786 del.
289 3754 362 3787 dett.
464 3758 505 3796 (τ)
531 3759 661 3790 retenta
677 3759 827 3793 Cuiacius
927 3761 970 3801 (8)
996 3760 1170 3802 percipere
1184 3760 1212 3793 S

1279 3670 1322 3709 (9)
1348 3668 1488 3701 fundum
1511 3669 1746 3702 Cornelianum
1771 3671 1804 3701 et
1827 3669 1887 3702 del.
2052 3668 2111 3707 (10)
2137 3666 2284 3709 relegata
2303 3679 2365 3700 scr.

1280 3716 1334 3756 (11)
1360 3715 1604 3757 quinquaginta
1620 3717 1678 3749 ins.
1694 3715 1814 3758 Menye

2049 3815 2093 3848 59
