2528 3918
46 3357 58 3361 ““
112 3367 177 3392 suo
211 3356 337 3392 mulier
367 3359 526 3402 nuptura
559 3357 612 3392 ita
652 3356 770 3392 dotem
809 3355 1046 3401 promisisset:

116 139 293 171 Do'rmm

162 246 215 287 43
248 247 443 285 viamus
481 246 572 283 libro
604 247 714 281 tertio
748 246 1034 292 disputationum
1103 246 1207 282 Licet

115 294 231 330 soleat
261 293 325 329 dos
356 301 422 338 per
452 290 762 337 acceptilationem
794 290 983 333 constitui,
1018 294 1150 334 tamen,
1176 291 1208 327 si

115 343 200 374 ante
222 337 485 374 matrimonium
516 335 743 381 acceptilatio
767 335 876 370 fuerit
906 335 1118 381 interposita
1140 345 1207 371 nec

115 383 262 430 nuptiae
284 385 448 424 secutae,
481 380 654 417 Scaevola
683 380 736 416 ait
764 379 980 415 matrimonii
1012 391 1122 416 causa
1144 391 1206 416 ac-

114 427 379 474 ceptilationem
396 426 645 471 interpositam
665 436 739 461 non
759 424 891 461 secutis
915 425 1048 470 nuptiis
1072 426 1207 461 nullam

115 483 194 509 esse
216 477 325 518 atque
346 472 427 508 ideo
452 481 518 508 suo
541 471 622 507 loco
646 480 789 506 manere
812 469 1081 514 obligationem:
1115 481 1207 516 quae

119 522 134 553 1
183 517 360 555 sententia
393 527 478 553 vera
513 519 578 552 est.
645 515 816 561 Quotiens
860 518 979 550 autem
1015 518 1205 551 extraneus

113 566 263 609 accepto
292 562 365 598 fert
395 561 547 597 debitori
578 561 670 597 dotis
703 560 973 596 constituendae
1009 570 1139 602 causa,
1176 560 1206 595 si

114 608 258 654 quidem
280 607 429 653 nuptiae
450 606 636 642 insecutae
666 616 740 641 non
769 605 921 647 fuerint,
944 605 1108 640 liberatio
1133 616 1206 641 non

113 657 302 700 sequetur:
334 652 403 688 nisi
424 651 518 687 forte
541 651 593 687 sic
616 654 767 703 accepto
785 649 879 693 tulit,
899 653 941 685 ut
963 650 1047 685 velit
1068 650 1207 685 mulieri

113 699 150 734 in
174 703 289 734 totum
313 697 503 734 donatum:
536 700 624 731 tunc
656 706 749 731 emm
781 694 996 731 credendum
1030 699 1085 730 est
1107 695 1206 731 brevi

113 754 222 779 manu
245 746 433 788 acceptum
456 752 479 777 a
497 741 643 777 muliere
668 744 704 776 et
726 740 854 776 marito
877 740 1019 775 datum:
1046 743 1205 775 ceterum

113 788 251 824 mulieri
273 798 338 834 per
361 787 507 823 liberam
538 796 726 832 personam
759 785 936 821 condictio
970 785 1109 830 adquiri
1132 796 1205 821 non

114 837 134 869 2
181 837 312 880 potest.
347 833 460 868 Plane
484 831 616 867 secutis
640 831 774 876 nuptiis
797 830 924 865 mulier
947 830 1064 866 soluto
1081 830 1203 866 matri-

112 879 231 915 monio
256 878 349 914 dotis
374 877 596 913 exactionem
607 876 765 919 habebit,
785 876 854 911 nisi
871 875 966 911 forte
983 875 1034 911 sic
1054 879 1203 921 accepto

112 924 196 959 tulit
218 927 421 966 extraneus,
445 925 486 957 ut
507 922 595 967 ipse,
620 932 689 967 quo
715 931 761 956 uo
785 920 890 956 modo
915 921 1072 956 solutum
1095 920 1206 956 fuerit

112 968 386 1011 matrimonium,
413 967 672 1003 condictionem
730 966 853 1001 abeat:
886 970 974 1001 tunc
1007 966 1100 1001 enim
1131 976 1205 1001 non

112 1014 259 1050 habebit
287 1012 414 1049 mulier
443 1012 631 1047 actionem.
664 1011 860 1047 secundum
892 1021 984 1056 quae
1008 1010 1205 1046 constituta

111 1058 196 1095 dote
245 1069 284 1095 er
307 1057 616 1103 acceptilationem
639 1060 675 1092 et
697 1056 829 1092 secutis
850 1056 984 1101 nuptiis
1003 1056 1035 1091 is
1056 1055 1204 1092 effectus

112 1104 181 1141 erit
229 1104 297 1140 otis
321 1102 510 1146 exactioni,
534 1105 586 1144 ut,
610 1102 641 1138 si
665 1101 805 1147 quidem
835 1111 928 1146 pura
959 1101 1005 1136 sit
1035 1101 1203 1146 obligatio

111 1159 204 1195 quae
227 1151 375 1194 accepto
406 1147 483 1183 lata
512 1151 586 1190 est,
610 1157 684 1182 non
706 1147 786 1192 ipsa
808 1146 879 1181 iam
903 1146 1122 1181 restituenda
1146 1146 1203 1189 sit,

112 1195 177 1230 sed
207 1193 378 1230 solvenda
409 1193 473 1228 dos
505 1192 702 1228 secundum
733 1202 800 1227 sua
829 1195 1002 1236 tempora.
1042 1192 1097 1226 sin
1119 1202 1203 1227 vero

111 1239 280 1285 obligatio
304 1239 342 1274 in
366 1238 458 1274 diem
481 1237 550 1273 fuit
572 1247 638 1272 nec
661 1239 746 1272 ante
765 1237 920 1272 solutum
940 1237 1204 1272 matrimonium

111 1285 189 1321 dies
213 1283 439 1329 obligationis
462 1282 656 1328 praeteriit,
680 1281 918 1317 restauranda
942 1283 1019 1317 est¹
1050 1282 1088 1316 in
1112 1281 1204 1317 diem

111 1329 301 1375 pristinum
311 1328 478 1373 obligatio
488 1332 534 1370 et,
544 1328 574 1363 si
583 1327 740 1362 debitum
750 1338 831 1362 cum
841 1326 1076 1362 satisdatione
1083 1326 1202 1369 fuerit,

111 1374 298 1411 satisdatio
310 1373 516 1410 renovanda
529 1376 594 1408 est.
620 1372 794 1417 similique
805 1371 910 1407 modo
924 1375 960 1407 et
972 1372 1003 1407 si
1021 1372 1202 1407 condicio-

111 1420 201 1456 nalis
212 1419 323 1455 fuerit
334 1418 502 1464 obligatio
516 1427 608 1470 quae
618 1417 657 1453 in
670 1418 787 1453 dotem
806 1427 979 1453 conversa
994 1420 1050 1452 est
1062 1421 1098 1452 et
1113 1427 1202 1470 pen-

110 1466 217 1501 dente
247 1464 462 1509 obligatione
501 1462 689 1498 d1vortium
711 1461 821 1498 fuerit
843 1466 1029 1504 secutum,
1061 1462 1203 1498 venus²

110 1509 362 1555 obligationem
394 1509 460 1544 sub
493 1508 618 1544 eadem
649 1508 858 1543 condicione
887 1507 1029 1543 restitui
1052 1507 1201 1543 debere:

110 1556 176 1591 sed
207 1555 238 1591 si
270 1554 432 1590 condicio
464 1553 640 1589 exstiterit
670 1555 858 1588 constante
888 1553 1132 1595 matrimonio,
1159 1564 1202 1588 ex

110 1601 169 1636 die
193 1600 333 1636 divortii
354 1603 517 1644 tempora
541 1598 736 1634 exactionis
760 1601 1004 1633 numerantur.

157 1644 212 1683 44
235 1645 429 1681 IULIANUS
459 1644 550 1680 libro
581 1646 687 1679 sexto
719 1643 855 1679 decimo
887 1643 1110 1690 diqestorum
1165 1642 1203 1678 Si

110 1695 214 1736 pater
242 1690 337 1725 filiae
368 1689 510 1725 nomine
541 1688 660 1724 dotem
690 1687 911 1733 promisisset
941 1691 977 1724 et
1008 1698 1088 1724 eam
1118 1691 1203 1723 ante

111 1736 255 1782 nuptias
280 1734 553 1780 emancipasset‚
577 1744 650 1769 non
672 1733 862 1769 resolvitur
884 1732 1092 1779 promissio:
1119 1743 1203 1768 nam

111 1785 148 1816 et
172 1792 253 1817 cum
277 1784 361 1816 ante
384 1779 528 1825 nuptias
559 1782 664 1823 pater
693 1782 908 1821 moreretur,
943 1779 1053 1814 nihilo
1085 1779 1201 1813 minus

111 1826 259 1862 heredes
306 1825 382 1861 eius
430 1835 473 1860 ex
543 1823 754 1859 romissione
801 1823 947 1869 obligati
992 1824 1199 1859 manebunt.

115 1876 130 1907 1
179 1871 279 1916 Quae
298 1870 492 1906 debitorem
537 1869 623 1904 lium
640 1868 795 1904 familias
814 1869 934 1910 habet,
960 1869 990 1904 si
1013 1869 1107 1914 patri
1126 1869 1201 1904 eius

109 1917 162 1952 ita
194 1917 314 1952 dotem
348 1914 568 1961 promiserit:
613 1913 722 1959 ‘quod
755 1913 841 1949 mihi
876 1913 983 1949 debes
1018 1914 1074 1949 vel
1106 1913 1203 1959 quod

111 1961 209 1997 ‘mihi
231 1961 326 1996 filius
349 1965 434 1995 tuus
459 1960 575 2001 debet,
596 1959 671 1995 doti
689 1959 755 1994 tibi
775 1959 898 2002 erunt’,
918 1970 991 1994 non
1011 1959 1201 2004 obligatur,

109 2007 174 2043 sed
198 2005 320 2049 efficit,
344 2009 385 2040 ut
406 2005 454 2047 id,
478 2005 574 2050 quod
597 2004 739 2039 actione
773 2004 817 2039 de
847 2004 987 2049 peculio
1023 2004 1157 2040 servari
1181 2014 1204 2038 a

110 2056 214 2098 patre
272 2054 407 2093 oterat,
439 2050 476 2085 in
508 2050 590 2085 dote
620 2050 676 2085 sit.
713 2049 954 2085 Mmcnnnus.
993 2049 1073 2084 Sive
1095 2050 1203 2094 igitur

110 2108 192 2133 cum
267 2107 288 2132 o
319 2100 403 2141 post
432 2095 501 2130 hac
533 2095 605 2130 sive
629 2105 711 2130 cum
733 2098 836 2140 patre
859 2104 881 2129 a
906 2104 964 2129 ere
995 2094 1200 2136 instituerit,

110 2141 322 2187 exceptione
363 2140 461 2186 pacti
502 2140 667 2175 conventi
712 2149 892 2175 summove
917 2139 1008 2175 itur:
1061 2140 1203 2175 actione

110 2191 232 2223 autem
254 2186 298 2222 de
322 2185 405 2222 dote
438 2186 468 2221 si
500 2185 701 2230 experietur
710 2186 735 2228 ³,
776 2188 1016 2230 consequetur
1047 2184 1143 2230 quod
1165 2185 1202 2219 in

109 2232 250 2278 peculio
284 2230 398 2267 fuisse
428 2231 635 2276 apparuerit
665 2241 706 2266 eo
742 2233 902 2275 tempore
934 2241 1003 2282 quo
1029 2230 1094 2265 dos
1118 2240 1201 2275 pro-

111 2277 339 2313 mittebatur:
373 2276 496 2321 utique
520 2275 550 2311 si
573 2279 656 2320 post
678 2275 823 2321 nuptias
846 2285 1022 2320 promissa
1045 2275 1110 2311 dos
1135 2278 1200 2310 est.

110 2333 194 2358 nam
217 2321 300 2358 dote
323 2325 407 2357 ante
436 2332 487 2356 nu
512 2320 581 2356 tias
614 2321 812 2366 promissa⁴
846 2320 922 2355 eius
945 2320 1115 2365 temporis
1139 2330 1201 2365 pe-

110 2368 244 2404 culium
266 2366 447 2402 aestimari
495 2366 587 2408 ebet‚
612 2376 681 2410 quo
705 2365 852 2411 nuptiae
874 2365 1011 2401 fierent.

156 2411 210 2450 45
237 2411 517 2449 TRYPHONJNUS
526 2411 617 2447 libro
638 2414 763 2446 octavo
787 2411 1073 2457 disputationum
1098 2409 1202 2454 Quod

110 2458 141 2493 si
164 2460 324 2503 nuptura
347 2456 500 2492 debitori
522 2455 595 2491 filio
619 2454 772 2491 familias
805 2455 984 2491 actionem
1015 2455 1203 2491 dumtaxat

109 2503 155 2538 de
177 2501 318 2548 peculio
341 2501 515 2547 promisit,
539 2500 588 2544 id,
614 2500 708 2546 quod
733 2511 776 2536 ex
801 2511 844 2536 ea
867 2511 979 2536 causa
1002 2501 1071 2536 sibi
1094 2500 1201 2536 debe-

113 2552 129 2583 1
178 2550 278 2583 retur
300 2546 506 2592 nuptiarum
528 2549 699 2591 tempore,
723 2546 924 2591 inspicitur.
973 2545 1011 2580 Si
1034 2556 1117 2581 vero
1143 2545 1203 2580 alii

110 2596 268 2638 nuptura
296 2592 402 2628 iussit
431 2590 543 2626 filium
572 2591 726 2626 familias
760 2591 956 2627 debitorem
988 2591 1031 2626 de
1061 2591 1201 2636 peculio

109 2637 229 2674 dotem
241 2637 461 2683 promittere,
481 2639 623 2682 tempus
637 2636 835 2681 inspicitur,
857 2647 926 2681 quo
941 2636 1005 2671 dos
1025 2636 1203 2681 promissa

111 2686 178 2725 est,
202 2685 244 2718 ut
265 2686 407 2718 tantum
428 2681 467 2717 in
489 2681 629 2727 peculio
655 2691 734 2716 esse
757 2681 1017 2717 aestimaretur.

156 2725 211 2765 46
235 2726 431 2763 IULIANUS
450 2726 540 2762 libro
552 2729 657 2762 sexto
671 2726 807 2762 decimo
823 2727 1047 2772 diqestorum
1071 2726 1200 2770 Quem-

109 2772 303 2808 admodum
331 2772 442 2807 invito
475 2771 617 2807 domino
650 2781 774 2807 servus
806 2771 999 2816 stipulatus
1033 2770 1200 2823 adquirit,

110 2818 173 2860 ita,
198 2818 229 2853 si
252 2817 372 2853 dotem
405 2816 538 2852 domini
567 2817 711 2852 nomine
742 2816 810 2852 sibi
840 2817 1000 2862 promitti
1030 2819 1200 2861 patiatur,

109 2862 279 2915 obligatio
315 2862 456 2898 domino
492 2861 539 2897 ad
563 2862 702 2897 uiritur.
750 2861 813 2897 sed
855 2873 879 2897 n
926 2873 972 2897 ue
1005 2861 1202 2907 periculum

109 2908 273 2943 dommus
296 2910 481 2952 praestare
512 2907 555 2942 de
582 2907 655 2942 ebit
685 2906 728 2946 (si
758 2906 852 2942 forte
876 2872 1015 2942 debitor
1046 2905 1201 2940 mulieris

109 2953 231 2988 dotem
253 2952 469 2998 promiserit)
503 2962 617 2997 neque
649 2952 802 2997 culpam.
844 2952 1036 2987 traditione
1061 2961 1130 2996 quo
1157 2960 1202 2985 ue

110 2998 163 3033 rei
186 2997 315 3033 dotalis
338 2997 376 3032 in
398 3007 555 3042 persona
577 2997 668 3032 servi
691 2996 746 3032 vel
765 2997 830 3032 filii
847 2997 1000 3032 familias
1018 2997 1117 3031 facta
1161 3005 1202 3030 os

110 3043 341 3079 constituitur
361 3042 424 3085 ita,
448 3045 490 3077 ut
512 3052 627 3087 neque
650 3042 849 3094 periculum
880 3052 947 3077 nec
971 3042 1114 3086 culpam
1138 3040 1201 3075 do-

111 3088 227 3123 minus
251 3091 315 3123 aut
337 3091 441 3132 pater
463 3090 631 3132 praestet.
656 3087 764 3132 igitur
786 3088 881 3123 hanc
902 3087 1019 3122 dotem
1042 3085 1201 3131 periculo

111 3132 267 3168 mulieris
292 3142 369 3168 esse
393 3132 485 3175 dico,
507 3132 678 3177 quamdiu
701 3131 864 3167 dominus
884 3132 938 3167 vel
961 3135 1065 3176 pater
1087 3134 1203 3165 ratam

111 3177 381 3222 promissionem
426 3178 483 3213 vel
520 3177 771 3213 donationem⁵
811 3176 996 3212 habuerit:
1051 3175 1203 3220 ideoque

112 3222 219 3257 etiam
240 3225 407 3257 manente
429 3221 653 3258 matrimonio
685 3232 744 3258 res
776 3232 866 3267 quas
897 3221 1086 3256 tradiderit
1116 3230 1202 3255 con-

112 3267 267 3303 dictione
297 3267 547 3312 repetituram‚
585 3267 671 3302 item
699 3267 830 3302 incerti
860 3266 1086 3302 condictione
1117 3275 1202 3300 con-

115 3315 130 3346 1
181 3315 397 3355 secuturam,
421 3315 464 3347 ut
493 3312 727 3357 promissione
750 3311 931 3346 liberetur.
980 3310 1018 3346 Si
1052 3309 1205 3388 debitmdi

1096 3358 1178 3399 ‘quo

113 3401 211 3436 ‘mihi
234 3401 342 3438 debes
365 3404 429 3437 aut
450 3401 584 3437 fundus
608 3401 887 3446 Sempronianus
919 3400 994 3435 doti
1024 3399 1090 3434 tibi
1113 3399 1203 3440 erit',

113 3449 232 3482 utrum
262 3446 390 3482 mulier
419 3446 541 3489 vellet,
571 3446 610 3481 id
638 3446 677 3481 in
709 3445 793 3480 dote
825 3446 908 3480 erit:
942 3448 978 3479 et
1008 3445 1039 3479 si
1062 3443 1204 3489 quidem

114 3490 271 3526 debitum
290 3491 474 3526 maluisset
496 3490 590 3526 dotis
610 3490 753 3526 nomine
773 3489 870 3534 apud
882 3489 996 3524 virum
1008 3497 1202 3529 remanere,

114 3539 232 3579 potest
256 3545 299 3571 ea
322 3536 531 3580 exceptione
554 3545 594 3571 se
616 3535 710 3570 tueri
733 3534 902 3569 adversus
922 3537 1101 3579 petentem
1120 3532 1203 3567 fun-

1186 123 1276 172 303

2156 133 2303 176 XXIII
2334 139 2358 177 3

1277 247 1380 282 dum:
1448 247 1520 283 uod
1554 248 1585 283 si
1618 248 1767 283 fundum
1803 250 1975 294 dedisset,
2012 255 2197 298 pecuniam
2233 257 2357 293 marito

1277 294 1298 327 2
1347 302 1415 328 con
1455 296 1522 328 cet.
1569 291 1680 327 Pater
1704 294 1840 330 etiamsi
1862 295 1953 332 falso
1978 298 2181 334 existimans
2205 310 2244 335 se
2267 301 2360 338 filiae

1276 346 1364 372 suae
1389 337 1585 373 debitorem
1609 347 1686 372 esse
1718 338 1835 374 dotem
1866 342 2101 386 promisisset,
2135 344 2206 380 obli
2229 345 2358 382 abitur.

1322 379 1375 418 47
1400 381 1508 418 IDEM
1528 382 1618 418 libro
1642 386 1767 418 octavo
1791 384 1925 420 decimo
1938 387 2155 433 diqeslorum
2227 390 2239 425 i
2258 401 2358 428 servo

1274 426 1314 461 in
1337 426 1455 462 dotem
1479 431 1563 462 ante
1587 427 1730 472 nuptias
1756 427 1837 463 dato
1852 430 2021 466 donatum
2040 432 2171 478 aliquid
2191 435 2244 470 vel
2263 435 2358 482 lega-

1274 474 1351 506 tum
1384 475 1468 507 ante
1498 483 1547 507 nu
1574 472 1644 508 tias
1675 471 1822 516 fuisset,
1854 475 2043 520 ampliatur
2073 478 2156 522 dos,
2189 480 2282 516 sicut
2313 491 2360 517 ex

1274 515 1452 552 fructibus
1475 517 1542 553 fun
1570 517 1591 560 ',
1616 517 1677 562 qui
1700 521 1783 552 ante
1806 519 1948 564 nuptias
1972 522 2122 558 traditus
2147 527 2210 559 est.

1320 557 1374 599 48
1398 561 1508 597 IDEM
1526 562 1617 598 libro
1640 562 1796 598 secundo
1821 564 1870 598 ad
1895 563 2052 600 Urseium
2075 567 2244 604 Ferocem
2278 569 2360 607 Tali

1274 605 1374 641 facta
1412 607 1458 642 sti
1484 607 1660 642 ulatione:
1707 607 1841 643 ‘decem
1874 608 1912 643 in
1946 620 2038 646 anno
2073 613 2231 657 proximo
2266 614 2358 651 dotis

1275 651 1417 687 nomine
1466 662 1527 687 are
1551 652 1736 697 spondes’?
1769 653 1966 697 quaesitum
1991 659 2060 698 est,
2085 667 2197 693 annus
2220 669 2265 694 ex
2288 671 2358 705 quo

1274 699 1433 741 tempore
1458 701 1551 732 esset
1571 696 1825 740 numerandus,
1847 702 1966 733 utrum
1987 709 2030 734 ex
2050 700 2105 735 die
2124 702 2358 748 stipulationis

1273 740 1394 793 factae
1417 751 1464 776 an
1488 752 1533 777 ex
1557 753 1598 777 eo
1624 742 1692 784 die,
1718 753 1788 787 quo
1814 742 1879 778 dos
1911 754 1988 779 esse
2010 747 2202 796 potuisset,
2233 748 2270 783 id
2303 754 2358 785 est

1274 789 1491 831 nuptiarum.
1527 790 1563 822 et
1585 797 1796 832 responsum
1820 791 1874 822 est
1907 798 1950 823 ex
1984 788 2040 824 die
2069 791 2270 836 nuptiarum
2294 804 2357 829 an·
2403 822 2412 831 .

1274 842 1359 865 num
1391 841 1470 866 esse
1499 832 1777 875 numerandum,
1801 843 1864 875 ne,
1897 834 1928 868 si
1958 834 2060 869 aliter
2084 836 2357 881 observaremus,

1274 875 1305 911 si
1327 875 1423 911 intra
1446 887 1581 912 annum
1603 878 1751 922 nuptiae
1773 877 1893 913 factae
1916 889 1988 913 non
2012 879 2092 923 sint,
2116 881 2224 916 videri
2246 884 2358 928 possit

1278 924 1303 973 1·
1342 920 1408 957 dos
1433 931 1476 957 ex
1501 932 1544 957 ea
1567 922 1782 966 obligatione
1805 922 1936 958 deberi.
1996 923 2104 959 Socer
2133 936 2259 970 genero
2293 939 2358 964 suo

1274 976 1326 1001 sic
1349 965 1383 1001 le
1407 970 1546 1002 averat:
1582 967 1707 1002 ‘Lucio
1732 967 1825 1003 Titio
1858 967 1953 1003 filiae
1983 979 2082 1004 meae
2112 971 2250 1007 nomine
2275 983 2356 1008 cen-

1274 1013 1362 1046 ‘tum
1382 977 1488 1046 {eres
1512 1022 1612 1047 meus
1637 1012 1787 1048 damnas
1811 1016 1887 1048 esto
1913 1013 2022 1048 dare’.
2057 1014 2150 1050 hanc
2173 1018 2359 1060 pecuniam

1272 1066 1442 1101 generum
1464 1060 1586 1102 petere
1610 1056 1757 1099 debere,
1794 1061 1956 1093 exactam
1969 1059 1983 1080 ⁶
2022 1063 2205 1104 acceptam
2236 1061 2359 1106 legatis

1272 1100 1408 1144 referri,
1433 1102 1496 1137 sed
1531 1102 1679 1137 divortio
1713 1102 1811 1138 facto
1845 1102 1889 1137 de
1920 1103 2002 1138 dote
2033 1105 2196 1139 actione⁷
2226 1107 2362 1142 mulieri
2397 1136 2413 1142 r

1273 1146 1490 1181 reddendam
1513 1147 1689 1182 Proculus
1713 1148 1897 1193 respondit
1921 1152 1956 1183 et
1979 1149 2087 1184 nihilo
2120 1150 2235 1185 minus
2267 1151 2359 1186 dotis

1274 1201 1352 1226 esse
1382 1191 1528 1227 factam.
1585 1192 1764 1228 lucanus
1800 1196 1920 1228 notat:
1962 1194 2067 1229 immo
2099 1205 2165 1229 nec
2196 1195 2307 1238 filiae,
2332 1197 2362 1231 si

1273 1236 1436 1279 voluerit,
1461 1237 1670 1282 deneganda
1693 1240 1749 1273 est
1770 1238 1973 1273 huiusmodi
1998 1239 2102 1274 actio.

1319 1279 1374 1319 49
1398 1282 1508 1318 IDEM
1526 1282 1617 1318 libro
1668 1283 1767 1318 uinto
1791 1294 1842 1318 ex
1865 1284 2011 1319 Minicio
2057 1283 2122 1318 Vir
2153 1285 2199 1319 ab
2224 1295 2277 1327 eo,
2302 1286 2361 1330 qui

1273 1327 1377 1363 uxori
1401 1327 1475 1363 eius
1501 1327 1619 1363 dotem
1659 1337 1762 1363 acere
1785 1328 1938 1371 volebat,
1960 1332 2091 1363 certam
2110 1330 2298 1374 pecuniam
2321 1341 2361 1366 eo

1272 1372 1415 1407 nomine
1448 1372 1639 1417 stipulatus
1673 1376 1746 1415 est,
1782 1372 1908 1408 deinde
1939 1384 2025 1409 acce
2051 1378 2125 1409 tam
2156 1385 2233 1409 eam
2256 1374 2360 1410 fecit:

1273 1418 1523 1470 quaerebatur,
1550 1421 1689 1453 essetne
1713 1428 1755 1452 ea
1778 1418 1930 1463 pecunia
1953 1418 1990 1453 in

1273 1473 1303 1497 si
1326 1466 1512 1508 acceptam
1535 1473 1608 1498 non
1631 1462 1775 1497 fecisset
1799 1466 1835 1498 et
1857 1463 2052 1507 promissor
2082 1464 2248 1500 solvendo
2285 1475 2362 1501 esse

1273 1507 1438 1551 desisset,
1472 1518 1740 1553 quaereremus,
1773 1518 1819 1542 an
1851 1508 1957 1553 culpa
1988 1509 2105 1544 mariti
2138 1519 2180 1544 ea
2209 1510 2362 1554 pecunia

1273 1556 1401 1588 exacta
1433 1563 1506 1588 non
1531 1556 1640 1588 esset:
1674 1563 1755 1587 cum
1785 1563 1866 1588 vero
1899 1557 2083 1598 acceptam
2112 1553 2215 1597 fecit,
2248 1555 2360 1590 omni-

1272 1597 1376 1633 modo
1394 1598 1591 1643 periculum
1603 1598 1649 1632 ad
1662 1608 1739 1633 eum
1752 1598 1958 1643 pertinebit:
1979 1598 2123 1643 perinde
2136 1599 2227 1635 enim
2241 1603 2304 1642 est,
2317 1610 2361 1635 ac

1272 1644 1302 1679 si
1325 1643 1507 1688 acceperit
1527 1643 1717 1688 pecuniam
1731 1648 1767 1678 et
1778 1642 1926 1678 eandem
1941 1644 2147 1688 promissori
2166 1643 2359 1680 donaverit.

1317 1687 1370 1726 50
1406 1689 1634 1724 AFRICANUS
1665 1688 1756 1723 libro
1791 1691 1916 1723 octavo
1952 1689 2200 1734 quaestionum
2260 1689 2360 1733 Quae

1270 1733 1421 1768 fundum
1443 1733 1481 1768 in
1505 1733 1588 1768 dote
1611 1733 1778 1775 habebat,
1813 1732 1961 1768 divortio
1985 1733 2081 1769 facto
2114 1744 2194 1768 cum
2224 1734 2262 1769 in
2284 1745 2360 1769 ma·

1270 1778 1474 1814 trimonium
1497 1778 1648 1820 rediret,
1674 1781 1781 1830 pacta
1805 1782 1859 1813 est
1883 1788 1962 1813 cum
1986 1778 2079 1821 viro,
2103 1779 2156 1814 uti
2179 1778 2300 1814 decem
2322 1779 2361 1814 in

1272 1824 1390 1859 dotem
1414 1824 1595 1868 acciperet
1619 1826 1654 1858 et
1672 1822 1823 1857 fundum
1835 1822 1903 1857 sibi
1921 1824 2141 1866 restitueret,
2166 1833 2210 1859 ac
2245 1823 2361 1859 datis⁸

1272 1869 1405 1911 decem,
1455 1869 1637 1920 riusquam
1660 1867 1794 1903 fundus
1827 1867 1858 1902 ei
1889 1869 2154 1910 restitueretur,
2178 1868 2215 1904 in
2238 1870 2358 1903 matri-

1271 1914 1388 1950 monio
1438 1918 1575 1949 ecessu.
1600 1913 1687 1948 illud
1711 1924 1755 1948 ex
1778 1913 1874 1948 bona
1896 1912 1966 1948 fide
1986 1917 2040 1948 est
2060 1917 2096 1949 et
2114 1913 2254 1958 negotio
2275 1923 2359 1949 con-

1270 1962 1386 1994 tracto
1412 1959 1588 2001 convenit,
1612 1962 1653 1993 ut
1675 1957 1829 2000 fundus,
1862 1958 1964 2003 quasi
1998 1958 2073 1994 sine
2104 1968 2215 1993 causa
2252 1968 2360 2003 penes

1275 2008 1289 2039 1
1339 2004 1507 2039 maritum
1526 2014 1604 2039 esse
1625 2003 1792 2048 coeperit,
1807 2003 2025 2038 condicatur.
2072 2003 2122 2038 Et
2132 2003 2201 2039 hoc
2220 2003 2360 2038 eviden-

1271 2049 1342 2084 tius
1367 2049 1464 2084 circa
1496 2049 1673 2084 actionem
1704 2048 1970 2093 pigneratieiam
2003 2048 2199 2093 apparebit.
2234 2048 2359 2083 etenim

1271 2095 1312 2137 si,
1338 2105 1420 2129 cum
1441 2093 1593 2129 fundum
1614 2093 1862 2128 Cornelianum
1885 2093 2041 2145 pignoris
2066 2103 2176 2128 causa
2198 2093 2263 2128 tibi
2286 2096 2360 2128 tra-

1272 2138 1438 2174 didissem
1449 2139 1475 2181 ⁹,
1506 2142 1634 2183 postea
1665 2148 1709 2173 ex
1740 2142 1973 2173 conventione
2004 2137 2155 2172 fundum
2180 2137 2360 2173 Titianum

1271 2185 1308 2219 in
1330 2185 1400 2219 hoc
1423 2183 1489 2219 tibi
1512 2183 1719 2218 tradiderim
1733 2184 1771 2224 ¹⁰,
1796 2187 1838 2217 ut
1862 2182 2109 2218 Cornelianum
2140 2182 2225 2217 mihi
2257 2182 2359 2218 resti-

1271 2234 1408 2265 tueres:
1448 2228 1591 2263 minime
1623 2231 1710 2273 puto
1743 2227 1977 2263 dubitandum
2009 2228 2093 2270 erit,
2126 2227 2209 2272 quin
2240 2227 2359 2262 statim

1271 2278 1368 2326 recte
1391 2273 1623 2319 pigneratieia
1647 2273 1694 2308 ad
1716 2272 1959 2317 recipiendum
1984 2272 2232 2307 Cornelianum
2255 2281 2360 2316 agere

1297 2330 1415 2354 oss1m.

1271 2331 1295 2365 p
1318 2363 1367 2401 51
1404 2363 1598 2399 ULPIANUS
1626 2363 1715 2398 libro
1740 2362 1895 2398 secundo
1927 2371 2181 2406 responsorum
2228 2360 2265 2395 Si
2287 2370 2357 2403 res,

1272 2420 1361 2455 quas
1385 2408 1480 2444 filiae
1505 2408 1751 2453 emancipatae
1782 2410 1885 2452 pater
1916 2405 2078 2447 donavit,
2110 2416 2154 2440 ex
2176 2405 2358 2440 voluntate

1272 2455 1347 2490 eius
1370 2457 1498 2500 postea
1519 2454 1557 2489 in
1581 2453 1700 2488 dotem
1723 2462 1787 2496 pro
1808 2461 1851 2486 ea
1870 2451 1974 2485 datae
1994 2453 2087 2491 sunt,
2100 2460 2122 2484 a
2141 2449 2215 2484 filia
2226 2449 2356 2491 dotem,

1271 2511 1343 2535 non
1367 2509 1390 2534 a
1438 2502 1515 2534 atre
1537 2497 1647 2533 videri
1670 2497 1800 2532 datam.

1318 2542 1371 2581 52
1437 2552 1632 2578 ARCIANUS
1652 2542 1743 2578 libro
1768 2541 1871 2576 tertio
1895 2539 2102 2585 reqularum
2136 2538 2219 2573 Non
2242 2538 2357 2574 solum

1272 2590 1302 2625 si
1326 2589 1534 2625 aestimatus
1557 2587 1701 2629 fundus,
1726 2585 1789 2621 sed
1812 2585 1917 2620 etiam
1940 2584 1971 2619 si
1994 2594 2066 2618 non
2089 2583 2295 2619 aestimatus
2319 2583 2357 2618 in

1272 2635 1390 2671 dotem
1422 2634 1528 2668 datus
1560 2636 1614 2668 est
1645 2635 1681 2667 et
1710 2631 1817 2672 alias,
1850 2639 1930 2664 cum
1963 2637 2108 2663 necesse
2130 2638 2203 2663 non
2225 2627 2358 2663 habeat

1271 2680 1397 2714 mulier
1420 2678 1564 2723 duplum
1588 2676 1802 2722 promittere,
1823 2673 2001 2719 promisit:
2027 2672 2110 2717 quia
2127 2672 2204 2718 ipse
2223 2671 2356 2708 fundus

1272 2728 1327 2760 est
1357 2724 1394 2759 in
1426 2723 1527 2764 dote,
1560 2721 1806 2767 quodcumque
1843 2729 1907 2763 pro
1935 2722 1990 2752 ter
2022 2728 2102 2752 eum
2141 2720 2356 2753 consecutus

1269 2769 1378 2805 fuerit
1401 2778 1424 2803 a
1447 2767 1591 2802 muliere
1614 2766 1773 2807 maritus,
1799 2773 1894 2809 quan
1920 2772 2011 2807 oque
2033 2762 2198 2797 restituet
2217 2761 2355 2797 mulieri

1274 2815 1319 2850 de
1343 2814 1426 2849 dote
1449 2812 1577 2857 agenti.

1317 2856 1369 2896 53
1395 2857 1601 2893 Nmmos
1620 2856 1710 2891 libro
1735 2853 1839 2888 tertio
1862 2852 2149 2887 membranarum
2196 2851 2285 2887 Cum
2303 2851 2354 2886 vir

1271 2903 1374 2939 uxori
1407 2902 1541 2937 donare
1572 2900 1696 2942 vellet,
1728 2897 1866 2933 debitor
1896 2896 2050 2931 mulieris
2089 2896 2149 2941 qui
2187 2895 2354 2931 solvendo

1271 2960 1343 2984 non
1367 2950 1443 2983 erat
1466 2946 1583 2981 dotem
1607 2945 1639 2979 ei
1661 2943 1833 2989 promisit.
1858 2941 1905 2977 ad
1927 2941 1965 2976 id
1977 2941 2172 2983 dumtaxat,
2193 2941 2241 2976 ad
2260 2940 2355 2986 quod

1271 2991 1438 3029 solvendo
1471 2991 1559 3032 fuit,
1590 2989 1654 3024 viri
1685 2987 1843 3033 periculo
1877 2996 1919 3022 ea
1949 2996 2006 3022 res
2038 2990 2111 3021 est:
2151 2989 2187 3021 et
2216 2986 2247 3021 si
2295 2985 2355 3019 uid

1272 3037 1425 3074 debitori
1443 3035 1490 3070 ad
1509 3034 1714 3070 solvendum
1735 3032 1919 3068 facultatis
1939 3030 2141 3073 accesserit,
2159 3030 2257 3075 peric
2295 3039 2354 3064 um

1271 3083 1318 3118 ad
1342 3092 1419 3118 eam
1443 3090 1615 3116 summam
1638 3088 1728 3123 quae
1752 3077 1944 3113 accesserit
1963 3079 2101 3111 crescet
2118 3074 2352 3124 permanebit-

1272 3138 1340 3174 que
1375 3126 1480 3161 etiam
1494 3151 1502 3167 ,
1539 3124 1569 3159 si
1603 3133 1725 3158 rursus
1768 3121 1958 3167 pauperior
1990 3120 2110 3156 factus
2145 3120 2228 3154 erit:
2271 3127 2353 3162 quia

1271 3182 1385 3217 neque
1418 3174 1512 3212 tum,
1548 3179 1629 3204 cum
1664 3167 1728 3203 dos
1764 3166 2047 3212 promitteretur,
2083 3164 2224 3199 donatio
2247 3162 2353 3214 ‚facta

1273 3222 1327 3253 est
1357 3216 1425 3251 nisi
1457 3215 1532 3250 eius
1563 3213 1737 3258 pecuniae
1770 3222 1859 3256 quae
1890 3221 1913 3246 a
1944 3210 2103 3246 debitore
2125 3216 2350 3257 servari-non

1271 3264 1423 3307 poterat,
1443 3268 1559 3303 neque
1578 3268 1659 3293 cum
1677 3257 1843 3292 solvendo
1865 3256 1896 3290 is
1916 3264 1994 3291 esse
2014 3253 2139 3298 coepit,
2153 3252 2350 3301 donationis

1273 3316 1382 3342 causa
1405 3306 1630 3350 permaneat,
1663 3313 1744 3337 cum
1768 3312 1808 3336 eo
1834 3301 1913 3335 loco
1937 3310 1995 3335 res
2018 3299 2074 3340 sit,
2100 3307 2167 3342 quo
2192 3298 2295 3345 esset,
2320 3304 2351 3327 si

1271 3355 1347 3386 tum
1370 3358 1523 3395 quoque,
1548 3358 1628 3383 cum
1650 3347 1914 3392 promitteretur
1938 3344 2012 3386 dos,
2036 3341 2192 3392 locuples
2215 3339 2349 3390 ftusset.

1318 3393 1371 3431 54
1399 3394 1523 3430 aizos
1549 3392 1640 3428 libro
1659 3393 1685 3413 ¹¹
1762 3391 1811 3425 ad
1833 3390 1984 3424 edictum
2002 3389 2185 3432 praetoraes
2196 3383 2224 3435 ξ’
2247 3381 2350 3417 titulo

1272 3440 1316 3476 de
1332 3437 1629 3486 praediatoribus
1674 3435 1757 3477 Res,
1779 3445 1869 3480 quae
1888 3444 1931 3467 ex
1955 3430 2063 3466 dotali
2084 3437 2235 3475 pecunia
2254 3436 2349 3461 com·

1271 3487 1420 3530 paratae
1443 3485 1537 3525 sunt,
1562 3481 1698 3516 dotales
1723 3491 1800 3515 esse
1824 3478 1996 3512 videntur.
2028 3520 2035 3527 ·
2320 3513 2329 3521 ·

1318 3527 1371 3565 55
1396 3527 1555 3563 PAULUS
1575 3526 1666 3561 libro
1694 3526 1814 3571 primo
1840 3523 1888 3556 ad
1913 3521 2092 3555 Plautzum
2138 3516 2225 3551 Cum
2255 3514 2349 3549 dotis

119 3587 2346 3615 M

115 3645 156 3688 (1)
181 3647 246 3679 erit
257 3645 309 3679 F2
448 3649 490 3689 (2)
517 3649 568 3679 est
580 3648 641 3681 ins.
655 3648 729 3681 edd.
870 3647 912 3687 (3)
939 3646 1132 3688 experiatur
1146 3645 1181 3677 F
1185 3643 1200 3663 ²

115 3691 160 3731 (4)
183 3690 243 3723 dos
257 3693 308 3723 est
320 3701 397 3723 nam
410 3691 442 3724 d.
460 3702 489 3723 a.
501 3702 534 3724 n.
547 3691 713 3733 promissa
725 3692 803 3724 add.
817 3704 879 3725 sec.
893 3691 939 3733 B,
955 3703 1013 3723 om.
1026 3691 1062 3723 F
1155 3690 1198 3729 (5)

119 3734 288 3768 dationem
305 3736 457 3770 Ouiacius
533 3738 577 3778 (6)
593 3746 657 3779 que
670 3736 711 3769 ab
724 3746 763 3768 eo
777 3737 836 3769 ins.

922 3737 964 3776 (7)
992 3735 1160 3767 actionem
1173 3733 1208 3765 F

1584 3641 1625 3678 (9)
1654 3637 1849 3670 tradidisset
1862 3634 1895 3665 F
2005 3631 2062 3669 (10)
2087 3626 2264 3660 tradiderit
2276 3625 2347 3660 Μ

1270 3643 1312 3682 (8)
1339 3639 1468 3673 satisF

1687 3683 1745 3722 (12)
1771 3677 1890 3712 urbani
1904 3676 1979 3709 add.
1996 3673 2048 3706 F²

1271 3688 1324 3727 (11)
1350 3685 1437 3717 libro
1454 3684 1516 3718 del.
1529 3682 1583 3717 ΓΞ

2039 1422 2141 1454 otem.
2167 1420 2361 1464 respondit,
2419 1432 2423 1435 “
