2528 3918
120 107 343 142 meamne

120 219 162 252 de
182 221 349 261 ingenuis
369 218 576 251 manumissis
622 217 657 252 0.
680 219 714 260 7,
738 219 781 253 14

120 264 161 297 (18
181 265 338 307 ingr-m
358 263 472 297 liberis
518 264 552 297 0.
577 265 608 304 8,
632 264 675 297 49

119 309 161 342 (18
187 310 228 342 in
254 308 424 351 integrum
453 309 663 342 restitutione
691 307 860 341 minorum
896 308 1019 352 viginti
1051 309 1199 351 quinque

185 353 284 386 aunis
328 353 364 388 0.
388 355 421 395 2,
444 354 483 388 21

118 401 157 432 in
179 398 347 441 integrm
371 398 581 431 restitutione
602 397 770 440 postulata
791 407 835 431 ne
857 398 939 440 quid
963 398 1042 432 novi
1064 398 1123 430 fiat
1163 397 1198 431 0.

117 488 158 522 (ιο
180 469 220 521 el
241 488 409 530 integrum
433 487 701 521 restitutionibus
745 487 790 523 υ.
813 490 847 531 4,
877 491 888 522 ι

116 534 270 567 iniuncti
298 533 445 565 muneris
473 535 626 575 sumptus
654 532 697 566 ad
719 543 832 567 omnes
855 533 998 575 collegas
1029 532 1198 574 pertinere

116 622 157 656 de
180 624 325 656 iniuriis
369 622 402 655 J.
425 623 458 663 4,
480 623 502 656 4
550 621 586 657 0.
609 624 642 664 9,
666 624 709 658 35

116 668 156 701 (18
179 670 325 701 iniuriis
348 669 381 700 81
403 666 536 700 famosis
557 667 682 701 libellis
726 668 770 701 D.
794 670 848 707 47,
876 669 916 700 10

115 713 156 746 (18
176 714 308 746 iniusto
332 714 432 754 rupto
454 712 552 746 irrito
575 712 663 747 facto
687 714 883 746 testamento

114 758 155 791 de
176 760 217 791 in
237 757 292 790 ius
314 755 461 790 vocando
504 757 550 792 D.
574 759 607 801 2,
630 761 651 792 4
699 758 734 792 0.
759 760 790 799 2,
815 759 834 791 2

114 805 152 835 in
175 803 228 836 ius
249 802 359 835 vocati
381 804 422 835 ut
443 805 521 836 eant
542 805 603 836 aut
624 804 704 836 satis
727 802 779 835 vel
802 804 936 834 cautum
956 801 1036 833 dent
1068 801 1111 834 D.
1125 802 1157 843 2,
1173 802 1193 835 6

114 848 154 881 (18
176 850 214 881 in
236 847 331 881 litem
353 847 464 881 dando
485 850 597 881 tutore
620 848 672 882 vel
696 850 849 881 curatore
897 847 931 880 0.
956 848 989 888 5,
1008 848 1053 880 44

113 893 153 926 (18
175 895 215 926 in
236 892 331 926 litem
353 892 497 926 iurando
541 894 585 927 D.
613 895 663 936 12,
689 896 708 927 3
757 893 792 927 0.
816 895 848 933 5,
871 894 913 925 53

113 938 153 970 de
174 936 387 978 inofficiosis
407 938 643 972 donationibus
690 937 725 971 0.
750 940 781 979 3,
805 939 849 972 29

112 983 152 1016 de
174 982 388 1025 inofficiosis
408 983 541 1017 dotibus
587 984 622 1018 0.
646 985 677 1025 3,
702 985 745 1017 30

112 1028 152 1061 (18
173 1027 375 1070 inofficioso
395 1030 591 1062 testamento
635 1029 668 1062 J.
692 1029 724 1069 2,
750 1029 790 1063 18
836 1027 880 1060 D.
907 1028 939 1069 5,
963 1028 985 1061 2
1033 1025 1126 1070 0.·3,
1148 1028 1192 1061 28

110 1075 149 1106 in
172 1073 295 1116 quibus
324 1074 432 1107 causis
452 1076 556 1108 cessat
583 1073 677 1116 longi
706 1073 864 1116 temporis
893 1072 1111 1115 praescriptio
1158 1072 1194 1106 0.

110 1165 149 1197 in
171 1144 295 1206 qdibus
323 1164 431 1197 causis
460 1163 571 1197 coloni
599 1163 717 1197 censiti
749 1163 901 1196 dominos
931 1172 1086 1195 accusare
1118 1172 1193 1205 pos-

176 1211 257 1243 sunt
303 1209 340 1243 0.
365 1211 418 1251 11,
440 1211 484 1243 50

108 1256 149 1288 in
171 1254 294 1297 quibus
314 1254 423 1288 causis
452 1255 489 1287 in
512 1255 681 1297 integrum
712 1253 882 1287 restitutio
910 1253 1094 1286 necessaria
1124 1262 1192 1285 non

108 1346 148 1378 in
171 1344 294 1387 quibus
315 1345 422 1378 causis
446 1342 627 1377 militantes
658 1343 724 1377 fori
751 1342 1013 1387 praescriptione
1042 1342 1095 1376 uti
1123 1352 1194 1376 non

276 1392 316 1423 nt
361 1389 396 1423 0.
420 1391 452 1431 3,
476 1390 518 1423 25

108 1437 148 1469 in
170 1400 293 1478 ms
317 1435 424 1468 causis
453 1434 576 1477 pignus
604 1433 657 1467 vel
680 1434 866 1477 hypotheca
893 1432 995 1466 tacite
1022 1432 1194 1467 contrahi-

177 1483 234 1514 tur
277 1480 322 1513 D.
345 1481 400 1520 20,
424 1481 445 1514 2
492 1479 584 1521 0.8,
611 1481 651 1513 14

108 1527 149 1559 in
170 1525 293 1569 quibus
315 1525 423 1558 causis
445 1526 589 1558 tutorem
612 1524 750 1557 habenti
773 1525 867 1557 tutor
889 1522 942 1557 vel
962 1525 1098 1557 curator
1120 1524 1194 1557 dari

176 1572 285 1615 potest
331 1569 367 1603 0.
390 1572 423 1612 5,
446 1572 490 1604 36

109 1616 151 1650 (18
171 1618 212 1649 in
233 1626 303 1649 rem
326 1625 420 1648 verso
465 1615 509 1647 D.
536 1617 588 1656 15,
611 1616 631 1648 3

110 1662 151 1695 de
172 1661 390 1705 inspiciendo
415 1662 529 1693 ventre
551 1659 834 1702 custodiendoque
855 1660 957 1703 partu
1002 1659 1049 1693 D.
1071 1661 1127 1702 25,
1148 1661 1172 1694 4

109 1707 151 1740 de
172 1707 353 1739 institoria
375 1706 506 1738 actione
551 1705 594 1738 D.
621 1706 674 1745 14,
698 1706 718 1739 3

109 1752 150 1785 (18
171 1752 352 1784 institoria
375 1752 409 1784 et
431 1750 628 1783 exercitoria
650 1750 782 1782 actione
829 1749 865 1783 0.
888 1751 921 1792 4,
946 1751 989 1784 25

108 1796 150 1830 (18
171 1796 454 1830 {munctionibus
482 1794 537 1829 vel
559 1794 854 1828 substitutionibus
884 1804 943 1828 seu
970 1794 1193 1828 restitutioni-

175 1841 238 1875 bus
259 1841 320 1874 sub
343 1840 539 1874 condicione
561 1840 658 1873 factis
705 1839 741 1874 0.
765 1842 798 1883 6,
822 1841 865 1875 25

109 1887 151 1920 de
171 1889 344 1920 insu-ueto
367 1885 421 1919 vel
443 1886 665 1919 instrumento
687 1884 800 1928 legato
844 1885 890 1919 D.
914 1886 968 1927 33,
993 1888 1011 1920 7

110 1932 151 1966 (18
172 1931 237 1966 fide
258 1933 571 1965 instrumentorum
602 1933 636 1964 et
665 1931 842 1964 amissione
865 1941 980 1963 eorum
1026 1930 1070 1964 D.
1095 1931 1150 1974 22,
1173 1932 1195 1964 4

179 1977 215 2012 0.
237 1978 271 2019 4,
293 1978 334 2010 21

107 2024 203 2056 inter
224 2021 308 2055 alios
329 2023 404 2054 acta
424 2021 479 2055 vel
500 2021 649 2054 iudicata
672 2020 749 2053 aliis
774 2030 843 2054 non
867 2031 987 2054 nocere
1035 2019 1070 2056 0.
1095 2022 1127 2063 7,
1152 2022 1195 2055 60

110 2068 150 2101 (18
172 2067 372 2101 interdictis
415 2066 448 2101 J.
471 2069 504 2108 4,
531 2068 569 2101 15
618 2066 653 2100 0.
676 2067 709 2108 8,
735 2068 750 2099 1

110 2113 151 2146 (18
172 2112 372 2146 interdictis
394 2113 428 2144 et
450 2111 606 2154 relegatis
629 2113 662 2145 et
685 2111 867 2154 deportatis
911 2111 956 2145 D.
981 2112 1036 2154 48,
1061 2112 1104 2145 22

109 2158 150 2191 de
171 2157 372 2191 interdictis
398 2157 467 2190 sive
497 2157 769 2190 extraordinariis
798 2156 988 2190 actionibus
1019 2166 1104 2199 quae
1133 2167 1196 2200 pro

177 2203 231 2236 his
253 2204 446 2245 competunt
489 2202 534 2237 D.
558 2204 613 2244 43,
640 2203 656 2236 1

110 2248 151 2282 (18
172 2247 362 2281 interdicto
385 2247 597 2281 matrimonio
619 2247 709 2281 inter
730 2246 896 2290 pupillam
920 2248 954 2280 et
975 2248 1122 2280 tutorem
1137 2256 1195 2279 seu

154 2295 341 2327 curatorem
363 2292 515 2335 filiosque
538 2303 653 2326 eorum
700 2292 735 2326 0.
759 2295 792 2335 5,
816 2294 837 2327 6

110 2338 151 2372 (18
172 2350 209 2372 re
230 2338 380 2371 iudicata
409 2340 442 2371 et
473 2338 513 2372 de
537 2339 656 2372 effectu
683 2338 924 2371 sententiarum
956 2338 990 2370 81
1019 2337 1060 2370 (18
1087 2338 1196 2370 inter-

157 2383 392 2417 locutionimn
436 2383 481 2416 D.
505 2384 560 2425 42,
587 2386 601 2417 1

110 2429 151 2462 de
162 2428 335 2462 sententiis
346 2430 379 2461 et
390 2428 721 2462 interlocutionibus
728 2428 877 2461 omnium
889 2426 1041 2460 iudicum
1066 2426 1101 2460 0.
1111 2428 1143 2468 7,
1151 2428 1194 2460 45

111 2474 152 2508 de
174 2475 516 2516 interrogationibus
536 2474 574 2507 in
596 2473 670 2507 iure
693 2473 854 2507 faciendis
877 2474 911 2506 et
928 2472 1196 2514 interrogatoriis

179 2519 367 2552 actionibus
410 2519 454 2552 D.
481 2521 533 2558 11,
559 2521 573 2553 1

111 2565 153 2600 (18
174 2564 360 2597 inutilibus
381 2563 655 2606 stipulationibus
698 2564 731 2598 J.
755 2566 788 2606 3,
818 2565 856 2598 19
906 2562 942 2597 0.
965 2564 999 2606 8,
1024 2564 1067 2598 38

111 2610 154 2644 (18
174 2609 372 2642 frenat-cluis
418 2609 453 2643 0.
480 2612 531 2651 10,
556 2611 597 2643 77

112 2655 154 2689 (18
175 2656 305 2688 itiner-e
325 2656 468 2696 actuque
490 2655 620 2697 privato
666 2655 710 2687 D.
735 2655 790 2696 43,
816 2655 858 2688 19

112 2700 154 2734 (18
176 2699 316 2733 Iudaeis
338 2702 372 2732 et
393 2699 560 2733 caelicolis
606 2699 641 2733 0.
668 2701 698 2742 1,
721 2701 742 2733 9

111 2745 309 2779 iudicatum
330 2743 415 2777 solvi
459 2745 503 2779 D.
527 2747 582 2787 46,
606 2746 625 2778 7

112 2791 154 2824 de
174 2790 319 2823 iudiciis
365 2789 400 2824 0.
425 2791 456 2828 3,
484 2792 498 2823 1

112 2836 153 2870 de
175 2835 320 2869 iudiciis
348 2836 383 2868 et
412 2834 471 2868 nbi
503 2835 643 2877 quisque
675 2845 772 2876 agere
801 2834 855 2867 vel
884 2835 1057 2868 conveniri
1080 2833 1198 2868 debeat

156 2880 201 2914 D.
224 2882 257 2923 5,
284 2881 300 2915 1

112 2925 154 2959 de
175 2925 250 2969 lege
272 2924 367 2958 Iulia
390 2925 534 2958 ambitus
580 2925 624 2958 D.
647 2926 703 2967 48,

112 2971 154 3005 de
174 2970 250 3014 lege
272 2970 365 3003 Iulia
389 2970 429 3003 de
452 2980 585 3003 annona
629 2969 673 3003 D.
694 2926 770 3011 48,
780 2971 820 3003 12

112 3015 154 3050 (18
175 3015 304 3049 indicta
327 3014 492 3048 viduitate
522 3017 556 3048 et
584 3015 624 3048 de
652 3014 726 3057 lege
750 3014 841 3047 Iulia
867 3014 1018 3048 Miscella
1049 3014 1198 3070 tollenda

112 3105 231 3149 delsg·
232 3117 250 3139 e
266 3086 367 3139 Iulia
389 3105 648 3148 repetundarum
694 3104 738 3137 D.
761 3106 815 3145 48,
844 3106 880 3138 11

111 3151 155 3185 ad
177 3150 285 3195 legem
308 3150 436 3183 Iuliam
459 3150 499 3183 de
522 3149 696 3183 adulteriis
718 3149 907 3182 coercendis
952 3150 996 3184 D.
1019 3151 1074 3192 48,
1099 3152 1119 3185 5

929 711 971 746 ι).
997 712 1053 754 28,
1076 712 1096 745 3

112 3196 155 3230 ad
175 3195 284 3240 legem
307 3195 436 3229 Iuliam
460 3195 501 3228 de
523 3195 697 3228 adulteriis
720 3197 753 3227 et
776 3194 817 3227 de
839 3196 954 3237 stupro
1002 3194 1038 3229 0.
1062 3175 1095 3238 9,
1118 3196 1140 3229 9

112 3241 155 3275 ad
175 3240 285 3286 legem
308 3240 438 3274 Iuliam
461 3241 501 3274 de
524 3240 651 3273 ambitu
699 3239 734 3274 0.
758 3241 791 3281 9,
816 3240 858 3273 26

112 3286 155 3320 ad
176 3286 284 3331 legem
309 3284 437 3319 Iuliam
459 3285 500 3319 de
523 3286 558 3318 vi
579 3285 709 3329 privata
754 3264 797 3318 D.
826 3285 881 3325 48,
906 3286 925 3317 7

112 3332 155 3365 ad
176 3330 285 3376 legem
307 3330 437 3364 Iuliam
460 3330 501 3364 de
523 3331 557 3364 vi
579 3330 714 3374 publica
760 3329 805 3362 D.
828 3331 883 3370 48,
908 3331 927 3362 6

112 3377 155 3411 ad
176 3376 284 3455 legem
308 3375 435 3409 [uuam
458 3375 498 3409 de
522 3376 556 3409 vi
578 3375 714 3419 publica
736 3385 794 3408 seu
816 3374 948 3417 privata
996 3374 1086 3416 C.9,
1113 3376 1153 3409 12

113 3421 190 3456 adl
177 3432 285 3500 legem
307 3420 437 3455 Iuliam
459 3421 640 3454 maiestatis
686 3419 729 3453 D.
754 3421 809 3461 48,
834 3422 854 3452 4
903 3418 936 3452 0.
962 3420 994 3461 9,
1020 3420 1039 3452 8

113 3467 190 3501 adl
192 3477 285 3511 egem
307 3465 436 3500 [uuam
457 3465 633 3510 peculatus
661 3467 695 3499 et
725 3464 765 3498 de
788 3463 959 3506 sacrilegis
990 3466 1024 3497 et
1055 3464 1094 3497 de
1118 3466 1197 3498 resi-

182 3512 258 3547 duis
300 3510 347 3545 D.
369 3513 425 3553 48,
453 3513 493 3547 13

114 3557 158 3591 ad
179 3557 286 3601 legem
310 3556 438 3591 Iuliam
459 3556 719 3600 repetundarum
770 3554 805 3589 0.
827 3556 860 3597 9,
884 3555 926 3588 27

114 3603 156 3636 (18
177 3604 256 3636 iure
278 3612 456 3637 aureorum
477 3601 656 3635 anulorum
701 3600 746 3635 D.
770 3602 826 3641 40,
851 3580 893 3634 10

114 3647 156 3682 (18
177 3650 256 3682 iuro
278 3658 456 3682 aureorum
479 3646 657 3681 anulorum
688 3648 722 3680 et
752 3645 793 3679 de
820 3644 989 3679 natalibus
1020 3644 1196 3678 restituen-

181 3693 233 3727 dis
278 3694 415 3736 0.6,8

1184 95 1289 142 VIII

2122 112 2346 157 anl'rnu

1266 218 1307 252 de
1329 220 1410 252 iuro
1432 218 1662 254 codicillorum
1708 221 1754 256 D.
1776 223 1831 266 29,
1854 224 1874 257 7

1267 264 1307 296 (18
1329 265 1410 296 iure
1432 264 1639 299 deliberandi
1683 266 1727 300 D.
1752 268 1807 311 28,
1829 270 1850 303 8

1266 308 1307 341 (18
1328 308 1643 397 ιᾱιῖτζωᾱώἓιοιέαιιξίί)
1658 313 1692 344 81
1713 312 1755 345 (18
1776 312 1928 346 adeunda
1950 313 2002 347 vel
2025 314 2230 358 adquirenda
2252 316 2346 350 here-

1266 397 1307 430 de
1329 400 1409 432 iure
1430 399 1571 432 dominii
1593 400 1802 443 Mpetrando
1849 402 1885 437 0.
1909 405 1942 446 8,
1964 405 2007 438 33

1264 442 1306 476 (18
1329 444 1408 476 iure
1431 444 1559 478 dotium
1604 444 1650 479 D.
1673 446 1728 489 23,
1752 448 1772 481 3
1820 446 1856 482 0.
1880 450 1979 491 5,12

1265 487 1306 520 (18
1328 489 1573 542 emphyteutico
1594 491 1676 523 iure
1721 490 1756 526 0.
1780 493 1812 534 4,
1836 493 1880 527 66

1264 532 1305 566 (18
1327 543 1408 567 ture
1430 534 1501 567 fisci
1545 535 1590 568 D.
1613 537 1668 578 49,
1695 538 1735 570 14
1784 536 1939 580 C.1o,1

1263 577 1304 611 (18
1327 580 1407 612 iure
1429 580 1651 613 immunitatis
1697 582 1741 614 D.
1765 583 1820 623 50,
1845 585 1866 616 6

1262 621 1304 656 (18
1326 623 1426 657 rebus
1447 625 1583 658 creditis
1605 627 1639 658 et
1661 626 1701 659 de
1723 627 1957 661 iureiurando

1264 666 1304 700 de
1326 669 1562 703 iureiurando
1585 673 1721 713 propter
1743 671 1942 706 calumniam
1969 673 2078 706 dando
2126 672 2162 707 0.
2186 675 2217 715 2,
2241 675 2284 709 58

1263 711 1304 746 de
1326 715 1560 748 iureiurando
1589 716 1658 748 sive
1680 716 1872 750 voluntario
1899 719 1969 751 sive
1993 719 2174 752 necessario
2202 718 2271 751 sive
2293 718 2346 752 iu-

1330 757 1446 791 diciali
1490 759 1535 792 D.
1563 761 1615 801 12,
1639 762 1659 795 2

1263 802 1303 835 (18
1325 805 1406 836 iure
1429 803 1612 838 liberorum
1659 805 1694 839 0.
1719 806 1751 847 8,
1775 808 1818 840 58

1262 847 1302 880 (18
1325 850 1406 881 iure
1427 848 1577 882 naturali
1600 851 1633 883 et
1654 830 1806 893 gentium
1830 852 1864 885 et
1886 851 1979 885 civili
2025 853 2057 887 J.
2084 855 2114 896 1,
2137 855 2158 887 2

1261 892 1302 925 (18
1324 894 1405 926 iure
1425 897 1622 937 patronatus
1665 895 1710 930 D.
1735 897 1790 938 37,
1817 897 1856 930 14

1261 937 1302 970 de
1325 937 1421 971 bonis
1442 938 1640 973 libertorum
1664 942 1698 974 et
1721 940 1761 974 de
1783 943 1864 974 iure
1885 943 2080 984 patronatus
2127 941 2163 978 0.
2188 945 2221 986 6,
2243 945 2265 978 4

1261 982 1302 1015 (18
1324 985 1404 1016 iure
1424 994 1640 1027 personarum
1685 985 1718 1020 J.
1747 987 1776 1027 1,
1800 987 1821 1021 3

1261 1027 1302 1060 (18
1324 1030 1404 1061 iure
1425 1029 1476 1062 rei
1497 1029 1652 1073 publicae
1699 1030 1734 1065 0.
1763 1011 1814 1074 11,
1838 1033 1881 1066 30

1262 1072 1302 1105 (18
1325 1072 1435 1107 officio
1457 1075 1608 1108 iuridici
1651 1075 1695 1110 D.
1724 1077 1753 1117 1,
1777 1077 1820 1110 20

1261 1118 1301 1150 (18
1324 1118 1435 1151 officio
1457 1119 1607 1154 iuridici
1629 1120 1850 1155 Alexandriae
1896 1121 1989 1164 0.1,
2012 1123 2055 1156 57

1260 1163 1301 1196 (18
1323 1163 1571 1198 iurisdictione
1614 1165 1659 1200 D.
1684 1167 1716 1209 2,
1743 1168 1758 1201 1

1260 1208 1301 1241 (18
1323 1209 1570 1296 igrisdiclione
1592 1211 1741 1244 omnium
1764 1211 1915 1244 iudicum
1939 1213 1973 1244 et
1995 1211 2035 1245 de
2053 1211 2126 1244 foro
2145 1212 2347 1254 competenti

1260 1297 1301 1332 de
1322 1300 1416 1332 iuris
1437 1301 1471 1332 et
1492 1300 1574 1332 facti
1596 1300 1789 1343 ignorantia
1833 1301 1878 1336 D.
1903 1301 1957 1343 22,
1981 1303 2002 1336 6
2050 1302 2188 1344 c.1,8

1261 1342 1302 1377 de
1323 1346 1463 1378 iustitia
1485 1346 1519 1378 et
1541 1346 1616 1379 iure
1659 1346 1692 1380 J.
1718 1347 1789 1389 1,1
1838 1346 1883 1381 D.
1912 1348 1984 1389 1,1

2005 628 2141 665 0.4,1

1781 1447 1832 1492 L.

1261 1523 1303 1556 de
1330 1522 1463 1557 Latina
1495 1523 1650 1557 libertate
1684 1524 1834 1559 tollenda
1869 1528 1902 1559 et
1935 1537 1995 1570 per
2025 1529 2133 1561 certos
2162 1528 2277 1562 modos
2309 1528 2348 1561 in

1330 1568 1498 1601 civitatem
1521 1569 1702 1602 Romanam
1726 1571 1893 1604 transfusa
1940 1572 1975 1606 0.
2000 1574 2032 1616 7,
2057 1575 2077 1607 6

1262 1613 1302 1646 (18
1327 1613 1562 1656 legationibus
1606 1615 1651 1649 D.
1676 1617 1731 1658 50,
1754 1618 1772 1649 7
1823 1616 1859 1650 0.
1886 1619 1938 1659 10,
1961 1619 2004 1653 65

1262 1658 1454 1702 delegans
1499 1659 1588 1701 J.2,
1613 1661 1657 1694 20
1704 1660 1795 1704 0.6,
1819 1663 1861 1696 37

1263 1703 1303 1736 (18
1327 1703 1452 1747 legatis
1475 1706 1508 1738 et
1529 1686 1795 1739 fideicommissis
1831 1707 1876 1741 D.
1900 1708 1954 1741 30.
1978 1709 2033 1742 31.
2056 1709 2099 1742 32

1262 1750 1451 1782 communia
1474 1750 1515 1783 de
1538 1749 1664 1793 legatis
1687 1753 1721 1784 81
1741 1751 2000 1785 fideicommissis
2045 1752 2080 1787 0.
2104 1754 2136 1792 6,
2159 1755 2203 1787 43

1262 1794 1302 1827 (18
1335 1794 1461 1837 legatis
1490 1795 1697 1837 praestandis
1725 1798 1842 1830 contra
1872 1797 2003 1831 tabulas
2031 1797 2194 1830 bonorum
2222 1808 2347 1841 posses—

1327 1839 1421 1873 sione
1443 1840 1550 1882 petita
1594 1841 1638 1875 D.
1663 1843 1718 1884 37,
1742 1843 1763 1876 5

1262 1884 1563 1927 delegeAquilia
1606 1886 1695 1929 J.4,
1719 1887 1739 1921 3
1789 1885 1824 1921 0.
1848 1889 1880 1929 3,
1905 1889 1947 1921 35

1262 1929 1303 1963 (18
1328 1929 1404 1972 lege
1426 1931 1651 1964 commissoria
1693 1931 1738 1965 D.
1767 1932 1819 1973 18,
1843 1933 1864 1966 3

1278 1974 1318 2007 de
1342 1974 1418 2018 lege
1440 1975 1666 2009 commissoria
1682 1976 1719 2008 in
1732 1976 1931 2019 pignoribus
1948 1977 2165 2010 rescindenda
2197 1977 2232 2012 0.
2247 1979 2278 2020 8,
2291 1978 2347 2022 34]

1286 2030 1303 2053 8
1327 2019 1402 2062 lege
1425 2020 1582 2054 Cornelia
1605 2021 1645 2055 de
1667 2021 1760 2055 falsis
1789 2023 1823 2055 81
1851 2021 1892 2055 (18
1915 2024 2048 2056 senatus
2070 2022 2222 2056 consulto
2245 2003 2347 2058 L’ibo-

1307 2064 1410 2098 niano
1455 2065 1501 2100 D.
1524 2067 1580 2107 48,
1607 2068 1647 2100 10

1263 2109 1303 2143 de
1328 2109 1403 2153 lege
1424 2110 1532 2144 Fabia
1553 2091 1594 2144 d'e
1615 2110 1790 2154 plagiariis
1832 2111 1877 2146 D.
1903 2113 1958 2154 48,
1984 2113 2024 2147 15

1263 2155 1304 2188 (18
1328 2154 1404 2198 legs
1424 2154 1579 2189 Falcidia
1623 2156 1656 2190 J.
1679 2158 1711 2199 2,
1735 2158 1778 2191 22

1265 2200 1305 2233 (18
1330 2200 1406 2242 lege
1427 2201 1525 2234 Fufia
1549 2201 1693 2234 Caninia
1714 2201 1845 2235 sublata
1888 2202 1922 2236 J.
1950 2203 1978 2244 1,
2001 2203 2021 2237 7

1264 2245 1304 2278 (18
1329 2245 1404 2288 lege
1425 2246 1524 2279 Fufia
1547 2245 1692 2279 Caninia
1714 2246 1865 2280 tollenda
1911 2246 1949 2281 0.
1971 2249 2004 2290 7,
2028 2249 2048 2283 3

1263 2290 1304 2323 (18
1328 2290 1403 2333 lege
1425 2290 1516 2324 Iulia
1538 2291 1682 2324 ambitus
1727 2292 1772 2326 D.
1795 2293 1852 2334 48,
1879 2293 1919 2326 14

1264 2335 1304 2368 (18
1328 2335 1404 2378 lege
1426 2335 1517 2369 Iulia
1539 2336 1580 2370 de
1602 2347 1736 2370 annona
1779 2337 1824 2371 D.
1849 2338 1904 2379 48,
1932 2337 1970 2371 12

1264 2380 1304 2414 (18
1325 2380 1455 2459 iGndicta
1482 2381 1647 2416 viduitate
1678 2384 1712 2416 et
1740 2381 1781 2415 de
1813 2382 1888 2425 lege
1910 2381 2000 2415 Iulia
2023 2381 2173 2417 Miscella
2200 2383 2347 2419 tollenda

1264 2470 1304 2504 (ιο
1329 2451 1517 2514 1030’111112
1539 2471 1800 2515 repetundarum
1845 2472 1889 2506 D.
1914 2473 1970 2514 48,
1997 2473 2036 2506 11

1264 2516 1305 2549 (18
1328 2516 1403 2559 lege
1424 2516 1583 2560 Pompeia
1606 2516 1647 2550 de
1668 2517 1858 2560 parricidiis
1903 2517 1948 2551 D.
1973 2518 2028 2560 48,
2050 2517 2072 2551 9
2114 2550 2117 2551 ⁷

1264 2561 1305 2594 de
1329 2561 1404 2603 lege
1426 2561 1559 2595 Rhodia
1582 2561 1622 2595 de
1644 2562 1735 2596 iactu
1780 2561 1824 2597 D.
1852 2563 1904 2605 14,
1928 2563 1949 2596 2
1996 2560 2084 2604 αἴ

1264 2606 1633 2649 adlegemAquiliam
1678 2607 1722 2641 D.
1746 2609 1780 2648 9,
1803 2609 1824 2641 2

1264 2651 1307 2684 ad
1331 2651 1441 2694 legem
1464 2651 1654 2685 Corneliam
1675 2652 1716 2686 de
1738 2632 1831 2685 falsis
1876 2651 1914 2686 C.
1939 2653 1971 2695 9,
1996 2653 2038 2686 22

1264 2695 1306 2729 8ᾶ
1331 2696 1441 2739 legem
1464 2696 1655 2730 Corneliam
1679 2697 1719 2730 de
1741 2697 1870 2730 sicariis
1916 2696 1954 2732 C.
1979 2698 2011 2739 9,
2039 2698 2079 2731 16

1265 2741 1307 2774 ad
1330 2741 1442 2785 Iegem
1465 2741 1655 2776 Corneliam
1679 2742 1719 2775 de
1741 2742 1870 2776 sicariis
1893 2743 1926 2776 et
1948 2741 2101 2776 veneficis

1264 2786 1307 2819 ad
1331 2786 1441 2829 legem
1462 2787 1602 2821 Fabiam
1650 2787 1685 2822 0.
1709 2789 1742 2830 9,
1765 2789 1809 2822 20

1264 2831 1307 2864 ad
1330 2831 1439 2875 legem
1461 2831 1647 2866 Falcidiam
1692 2833 1736 2867 D.
1760 2834 1816 2874 35,
1839 2833 1859 2866 2
1909 2832 1943 2866 0.
1968 2834 2000 2874 6,
2024 2833 2068 2867 50

1264 2876 1307 2909 8(1
1331 2877 1441 2920 legem
1463 2877 1588 2910 Iuliam
1610 2877 1651 2911 de
1673 2877 1848 2912 adulteriis
1870 2877 2059 2910 coercendis
2102 2876 2146 2911 D.
2170 2879 2225 2919 48,
2249 2880 2269 2912 5

1264 2921 1307 2955 ad
1331 2922 1443 2966 legem
1465 2922 1589 2956 Iuliam
1613 2923 1654 2957 de
1676 2922 1851 2956 adulteriis
1874 2924 1907 2955 et
1930 2922 1970 2956 de
1992 2924 2108 2966 stupro
2155 2922 2190 2957 0.
2213 2924 2246 2965 9,
2268 2923 2290 2957 9

1265 2967 1306 3000 ad
1331 2967 1442 3010 legem
1465 2967 1589 3001 Iuliam
1613 2967 1654 3001 de
1676 2967 1804 3001 ambitu
1852 2966 1886 3002 0.
1910 2969 1943 3010 9,
1967 2968 2011 3002 26

1265 3012 1308 3045 ad
1330 3012 1441 3056 legem
1463 3012 1587 3046 Iuliam
1610 3012 1650 3046 (18
1673 3013 1708 3046 vi
1729 3013 1861 3056 privata
1905 3013 1951 3047 D.
1972 3013 2028 3055 48,
2052 3014 2070 3045 7

1265 3057 1308 3090 ad
1331 3057 1442 3101 legem
1463 3057 1587 3091 Iuliam
1611 3058 1651 3092 de
1674 3058 1708 3091 vi
1729 3057 1866 3101 publica
1911 3057 1956 3092 D.
1978 3059 2034 3099 48,
2058 3059 2079 3092 6

1265 3102 1307 3135 8ᾱ
1331 3102 1442 3146 legem
1463 3102 1587 3135 Iuliam
1610 3103 1651 3136 de
1673 3103 1708 3135 vi
1729 3102 1866 3147 publica
1887 3113 1946 3136 seu
1965 3102 2097 3146 privata
2144 3101 2179 3136 0.
2202 3102 2236 3144 9,
2263 3101 2302 3136 12

1264 3147 1307 3180 ad
1331 3147 1442 3190 legem
1464 3147 1588 3181 Iuliam
1610 3149 1794 3182 maiestatis
1838 3148 1881 3182 D.
1906 3149 1961 3190 48,
1985 3149 2007 3182 4
2055 3147 2088 3182 0.
2113 3147 2146 3189 9,
2168 3147 2190 3182 8

1265 3192 1308 3225 ad
1330 3192 1440 3270 Ιέςωπ
1463 3193 1587 3226 Iuliam
1609 3193 1784 3237 peculatus
1813 3195 1847 3227 et
1874 3192 1914 3227 (18
1936 3192 2106 3235 sacrilegis
2137 3193 2171 3226 et
2197 3190 2239 3225 de
2268 3191 2349 3224 resi-

1355 3238 1409 3270 uis
1453 3238 1497 3272 D.
1522 3240 1576 3281 48,
1605 3240 1645 3274 13

1265 3282 1307 3316 ad
1331 3282 1442 3325 legem
1463 3283 1587 3316 Iuliam
1610 3283 1869 3328 repetundarum
1916 3282 1952 3319 0.
1976 3285 2009 3326 9,
2032 3283 2074 3317 27

1265 3327 1308 3361 ad
1332 3327 1442 3371 legem
1464 3327 1638 3362 Viselliam
1687 3328 1720 3363 0.
1746 3330 1778 3371 9,
1802 3330 1843 3363 21

1266 3373 1307 3407 ds
1330 3372 1465 3415 legibus
1495 3375 1528 3407 et
1558 3354 1856 3408 constitutionibus
1876 3373 2068 3417 principum
2095 3371 2130 3406 et
2150 3370 2267 3406 edictis
2313 3369 2348 3405 0.

1265 3463 1307 3497 (18
1329 3461 1465 3541 lssgzbus
1495 3465 1694 3506 senatusque
1724 3463 1886 3497 consultis
1919 3464 1954 3496 et
1983 3463 2084 3506 longa
2110 3461 2350 3496 consuetudin·

1369 3534 1377 3542 .
1404 3510 1435 3550 1,
1459 3510 1479 3542 3

1267 3554 1307 3588 de
1331 3552 1489 3597 logiuma
1512 3553 1733 3596 adgnatorum
1756 3553 1961 3587 successione
2005 3552 2037 3587 J.
2062 3553 2094 3595 3,
2119 3553 2140 3586 2

1267 3599 1308 3633 (18
1331 3597 1490 3642 leg-aima
1513 3598 1734 3641 adgnatorum
1757 3597 1864 3631 tutela
1909 3597 1941 3632 J.
1968 3598 1996 3639 1,
2024 3599 2064 3632 15

1267 3644 1308 3678 de
1332 3643 1489 3687 legitima
1511 3643 1702 3687 parentium
1724 3643 1831 3676 tutela
1875 3643 1907 3678 J.
1934 3645 1964 3686 1,
1990 3643 2030 3677 18

1266 3689 1308 3724 (18
1331 3687 1489 3732 leg-tuma
1511 3690 1728 3731 patronorum
1751 3687 1858 3722 tutela
1902 3688 1935 3723 J.
1963 3689 1993 3732 1,
2017 3688 2057 3723 17

2145 2741 2312 2785 8488
2368 2787 2371 2790 Α
