2528 3918
163 92 372 136 XXVIIII
401 96 440 134 4.
466 95 492 134 5

1236 89 1320 137 41⁰
1566 80 1582 149 s(
1601 160 1611 163 ῃ

1507 21 1511 52 ὃ,

1518 53 1577 78 “N

1845 104 1906 136 DE
1934 105 2130 139 sunam
2158 106 2393 141 CONSULTO

210 211 258 250 21
296 211 488 248 lomim
519 212 610 248 libro
644 213 821 249 vkese‘mo.
841 214 993 261 septimo
1027 212 1246 259 diqestm-un
1313 212 1376 248 filii
1399 212 1592 264 possideat,
1637 212 1732 250 idem
1761 213 1849 251 iuris
1881 214 1949 251 erit
1975 217 2012 250 et
2033 214 2064 251 si
2086 214 2160 252 filio
2182 214 2288 253 heres
2310 215 2396 254 data

164 258 203 294 Si
233 258 326 293 filius
358 267 460 310 meus
488 267 511 292 a
542 260 656 293 matre
685 267 753 310 sua
775 258 879 294 heres
903 258 1059 303 scriptus
1081 256 1189 310 fuerit
1210 261 1248 293 et

160 306 766 398 {ffisdtssssmffinffossffie‘t'iwm
779 303 1248 399 ἒέἒὲὛέαξοἭῑζᾚ

164 392 240 427 dari
276 391 418 427 debebit
455 401 527 426 non
561 401 666 428 secus
701 402 744 428 ac
778 393 809 428 si
844 392 921 437 ipse
954 392 1058 427 heres
1091 395 1246 437 scriptus

164 438 295 471 omissa
326 446 437 471 causa
468 437 669 472 testamenti
702 437 875 472 bonorum
909 436 1169 481 possessionem
1199 436 1246 471 ab

163 481 332 516 intestato
356 481 584 526 accepissem.

210 523 263 562 22
287 524 395 561 Imm
413 526 505 562 libro
530 526 707 562 tricesimo
724 528 847 573 primo
871 526 1092 571 diqestorum
1143 525 1181 561 Si
1210 525 1248 561 in

162 574 374 606 testamento
405 570 458 606 ita
488 570 558 606 scri
691 571 816 606 fuerit:
855 570 983 606 ‘Titius
1014 570 1118 606 heres
1149 574 1245 606 esto:

161 615 206 650 ‘si
230 615 345 650 Titius
377 615 480 651 heres
513 620 597 657 erit,
630 616 790 651 Maevius
821 616 924 650 heres
952 615 1041 651 esto’
1072 619 1109 650 et
1132 615 1247 651 Titius

161 660 294 696 omissa
327 670 438 696 causa
468 661 673 696 testamenti
695 660 926 696 hereditatem
948 660 1140 705 legitimam
1162 670 1246 706 pos-

162 704 305 747 sederit,
330 705 469 741 Maevio
494 705 662 741 adversus
686 716 766 741 eum
788 705 915 750 petitio
938 704 1146 740 hereditatis
1170 704 1249 740 dari

160 760 236 785 non
259 749 364 785 debet
386 761 451 795 pro
474 754 590 796 parte,
614 761 720 795 quam
744 750 932 785 habiturus
957 754 1061 792 esset,
1085 750 1118 785 si
1136 754 1247 785 testa-

162 794 273 830 menti
304 805 415 831 causa
445 795 579 831 omissa
609 806 681 830 non
711 794 847 830 fuisset.
896 805 977 830 cum
1000 795 1092 830 enim
1116 795 1247 830 omisso

162 843 375 875 testamento
407 840 585 876 hereditas
616 839 837 885 possidetur,
876 839 1072 885 legatorum
1107 840 1248 885 quidem

164 888 200 919 et
229 884 448 920 libertatium
478 885 570 920 ratio
603 885 768 920 habenda
796 888 871 926 est,
928 885 988 919 uia
1015 885 1118 919 aliter
1141 895 1248 930 quam

162 929 208 964 ab
232 929 364 965 herede
386 929 465 965 dari
487 940 559 966 non
582 934 793 975 potuerunt:
819 896 1027 965 hereditatis
1049 940 1131 965 vero
1156 940 1248 975 quae

161 974 214 1010 ita
238 974 325 1010 data
348 978 403 1010 est
424 975 597 1010 rationem
619 975 752 1010 habere
775 978 918 1020 praetor
940 984 1014 1010 non
1035 974 1158 1010 debet:
1182 984 1249 1010 sua

163 1020 256 1054 eniin
287 1019 394 1065 culpa
423 1023 577 1055 testator
607 1020 674 1055 sub
706 1020 775 1055 hac
807 1019 1016 1055 condicione
1040 1019 1248 1055 hereditatis

166 1068 180 1098 1
225 1068 367 1117 partem
392 1064 499 1107 dedit,
524 1074 630 1109 quain
653 1064 770 1109 potuit
792 1074 881 1109 pure
905 1063 1024 1100 dare¹.
1072 1064 1191 1109 Quare
1213 1068 1249 1099 et

162 1109 194 1144 si
222 1114 275 1144 ita
304 1110 475 1155 scriptum
506 1109 649 1144 fuisset:
683 1109 810 1144 ‘Titius
835 1109 937 1144 heres
961 1113 1057 1145 esto:
1090 1109 1248 1155 quisquis

163 1154 262 1189 ‘mihi
281 1164 325 1190 ex
344 1164 454 1199 supra
473 1154 616 1199 scriptis
635 1154 738 1189 heres
759 1154 835 1196 erit,
857 1153 1001 1189 Stichus
1020 1154 1110 1189 liber
1128 1154 1248 1190 heres-

162 1202 245 1244 ‘que
276 1199 365 1235 esto’
397 1203 433 1234 et
463 1199 578 1234 Titius
610 1199 739 1234 omisso
771 1203 985 1234 testamento
1016 1199 1249 1235 hereditatem

162 1243 360 1289 possideat,
392 1244 593 1279 libertatem
614 1247 759 1296 praetor
783 1243 896 1279 Stichi
925 1244 1018 1279 tueri
1047 1255 1120 1279 non
1144 1244 1250 1279 debet

163 1292 182 1323 2
230 1298 296 1324 nec
326 1289 532 1324 hereditatis
563 1288 768 1334 petitionem
800 1288 833 1324 ei
862 1288 959 1324 dare.
1007 1289 1045 1324 Si
1076 1289 1155 1334 quis
1177 1289 1248 1325 hoc

162 1333 937 1414 ΡῶἳὲῧὲῗέἰὲθὲἓῖωθέῗῇῗὶίῗὲῃὲΤέῗὲξ
958 1333 1062 1414 ’ὲὲἔέῗ
1089 1334 1250 1425 ξὶξοεᾷὦῗ

615 1404 625 1421 ,
1047 1405 1056 1414 .

163 1423 259 1458 ‘mihi
290 1433 335 1458 ex
366 1433 475 1468 supra
499 1423 640 1468 scriptis
664 1424 766 1459 heres
791 1423 876 1464 erit,
907 1423 1066 1467 Maevio,
1100 1424 1132 1460 si
1163 1424 1250 1459 mihi

162 1468 277 1503 ‘heres
299 1478 374 1503 non
397 1468 482 1510 erit,
517 1471 659 1503 centum
683 1467 791 1511 dato’‚
824 1468 951 1503 deinde
974 1469 1090 1505 Titius
1117 1469 1248 1505 omisso

161 1516 374 1548 testamento
398 1512 590 1558 legitimam
613 1513 843 1548 hereditatem
867 1513 1060 1558 possideat,
1085 1525 1133 1549 an
1146 1514 1248 1549 Mae-

161 1557 237 1600 vio,
269 1558 372 1593 cuius
394 1557 433 1592 in
481 1562 634 1593 otestate
657 1557 744 1600 fuit,
776 1562 817 1593 ut
840 1569 885 1593 ex
907 1559 1162 1594 substitutione
1185 1558 1248 1594 ad-

162 1602 279 1637 eundo
311 1606 424 1638 totam
483 1602 687 1638 ereditatem
717 1603 884 1645 haberet,
921 1603 1118 1648 legatorum
1153 1603 1248 1639 actio

162 1647 240 1682 dari
272 1647 419 1690 debeat,
455 1647 646 1692 quaeritur.
702 1651 738 1682 et
771 1648 890 1693 placet
924 1648 1011 1691 dari,
1048 1649 1133 1694 quia
1162 1647 1250 1684 nihil

161 1692 326 1737 prohibet
348 1692 527 1728 Maevium
557 1692 687 1727 iustam
712 1702 858 1727 causam
884 1692 1072 1736 habuisse,
1102 1697 1250 1739 propter

162 1747 268 1782 quam
291 1737 402 1772 nollet
425 1737 575 1782 negotiis
597 1737 821 1773 hereditariis
843 1737 1029 1782 implicari.

207 1779 260 1819 23
292 1781 488 1818 mmmm
505 1782 596 1818 libro
613 1782 891 1835 quadraqesimo
906 1787 1013 1818 sexto
1029 1782 1080 1818 ad
1093 1783 1248 1819 edictum

162 1826 200 1862 Si
230 1826 325 1862 filius
357 1827 418 1872 qui
446 1827 579 1862 mansit
606 1827 645 1862 in
675 1831 789 1879 patris
819 1831 1016 1872 potestate,
1055 1829 1140 1864 item
1173 1827 1249 1863 filia

161 1870 310 1908 heredes
344 1871 497 1907 instituti
530 1876 723 1917 praeterito
757 1872 870 1908 fratre
905 1872 1148 1925 emancipato,
1187 1873 1249 1926 qui

163 1920 290 1952 contra
312 1917 454 1952 tabulas
479 1917 643 1962 accipere
664 1917 927 1962 possessionem
953 1922 1090 1963 potuit.
1121 1922 1163 1954 ut
1192 1929 1247 1954 in-

163 1961 283 1997 testati
306 1961 419 2006 patris
443 1962 706 2007 possessionem
733 1963 957 2008 acceperint,
988 1962 1106 2008 legata
1135 1963 1247 1999 omni—

164 2006 228 2042 bus
252 2007 488 2051 praestabunt
509 2016 577 2042 nec
598 2007 674 2042 filia
693 2006 813 2043 dotem
831 2017 935 2043 suam
951 2007 1056 2043 fratri
1077 2008 1248 2051 conferet,

162 2061 243 2086 cum
266 2055 309 2086 ut
331 2051 466 2096 scripta
488 2051 651 2087 videatur
671 2051 907 2088 hereditatem
929 2052 1074 2089 habere.

208 2093 263 2132 24
287 2095 344 2131 ΡΑ
352 2105 447 2131 vans
467 2097 557 2132 libro
580 2098 808 2143 sexaqesimo
832 2097 884 2132 ad
904 2098 1058 2133 edictum
1105 2098 1143 2134 Si
1166 2098 1247 2134 dolo

160 2141 290 2176 tutoris
314 2140 471 2176 omiserit
492 2141 648 2186 pupillus
673 2151 820 2177 causam
849 2143 1055 2178 testamenti
1077 2147 1113 2179 et
1134 2143 1247 2189 legiti-

161 2195 256 2221 mam
289 2185 523 2221 hereditatem
560 2185 763 2231 possideat,-
799 2186 920 2222 danda
958 2191 1013 2223 est
1050 2188 1247 2233 legatorum

162 2230 257 2266 actio
282 2230 320 2265 in
343 2231 536 2283 pupillum,
568 2230 632 2266 sed
664 2235 830 2274 eatenus,
861 2235 1038 2277 quatenus
1068 2233 1247 2268 hereditas

162 2276 195 2310 ei
225 2274 404 2320 adquisita
434 2280 498 2311 est.
569 2275 631 2311 uid
654 2276 765 2318 enim,
797 2276 828 2311 si
859 2287 941 2312 cum
972 2277 1041 2313 alio
1065 2278 1249 2323 possideat

165 2324 179 2355 1
228 2320 487 2356 hereditatem?
533 2287 603 2356 Sqed
637 2321 707 2356 hoc
742 2326 779 2356 et
810 2321 849 2356 in
883 2331 926 2356 eo
958 2322 1019 2367 qui
1049 2323 1161 2368 pubes
1193 2327 1248 2359 est

160 2364 320 2411 plerique
342 2369 472 2410 putant
494 2365 832 2411 observandum,‚ut
853 2376 919 2412 pro
944 2377 1016 2412 qua
1038 2371 1141 2413 parte
1162 2378 1246 2414 pos·

161 2410 287 2452 sideat‚
311 2414 485 2453 teneatur,
510 2411 668 2463 quamvis
691 2415 836 2456 praetor
858 2411 1006 2456 perinde
1028 2412 1067 2448 in
1085 2423 1166 2448 eum
1186 2412 1248 2448 det

161 2454 352 2498 actionem,
375 2459 484 2501 atque
507 2465 538 2491 si
560 2455 694 2492 adisset
716 2456 960 2493 hereditatem.

206 2497 260 2538 25
296 2500 442 2536 Cusus
471 2501 563 2536 libro
594 2504 701 2536 sexto
734 2501 872 2538 deceno
907 2501 1129 2548 diyestorum
1182 2501 1249 2537 Cui

161 2554 284 2580 servus
318 2545 431 2598 ipsius
465 2546 682 2581 substitutus
717 2549 790 2589 est,
830 2557 969 2582 servum
1007 2556 1112 2582 suum
1149 2546 1248 2582 adire

161 2589 276 2625 iussit.
317 2600 348 2625 si
371 2590 505 2626 idcirco
530 2590 626 2633 fecit,
650 2601 697 2627 ne
718 2591 837 2637 legata
859 2595 1070 2636 praestaret,
1095 2594 1249 2637 utraque

160 2635 377 2680 praestabit,
418 2639 454 2670 et
508 2646 556 2670 ua
586 2636 689 2671 heres
721 2640 775 2672 est
805 2641 843 2672 et
897 2646 945 2672 ua
975 2636 1108 2672 omissa
1138 2646 1249 2672 causa

160 2680 363 2714 testamenti
380 2680 478 2725 possi
504 2685 539 2715 et
553 2691 597 2715 ex
612 2681 867 2717 substitutione
910 2681 1124 2724 ereditatem,
1149 2681 1248 2717 salva

162 2723 324 2759 Falcidia
347 2724 379 2759 ei
402 2729 553 2760 servata.

208 2766 263 2806 26
295 2768 543 2805 Pammenes
572 2770 663 2807 libro
694 2775 800 2806 sexto
831 2770 967 2807 decimo
999 2771 1246 2817 quaestionum

161 2812 320 2849 Iulianus
352 2813 477 2849 scribit
504 2819 662 2860 patrem,
717 2816 756 2851 ui
784 2815 894 2851 filiam
925 2816 995 2852 sibi
1016 2816 1248 2853 substitutam

159 2858 266 2894 iussit
295 2858 394 2893 adire
424 2858 672 2903 hereditatem,
718 2866 823 2906 egata
853 2871 946 2906 quae
976 2861 1022 2897 ab
1053 2861 1132 2906 ipso
1161 2861 1248 2898 data

163 2906 249 2939 sunt
271 2913 315 2939 ex
338 2904 515 2939 sententia
538 2905 644 2940 edicti
667 2909 950 2951 praestaturum,
983 2906 1152 2959 quoniam
1173 2906 1248 2942 filia

160 2947 255 2994 patri
278 2948 505 2983 substituitur
527 2949 564 2984 in
588 2960 694 2993 casu,
725 2962 798 2987 non
825 2955 867 2986 ut
889 2951 1074 2987 arbitrium
1097 2950 1247 2996 eligendi

160 2993 398 3038 relinquatur:
438 2993 502 3029 sed
540 2995 570 3029 si
604 2995 703 3030 varia
740 2996 858 3041 legata
891 3006 1002 3042 supra
1036 2995 1246 3032 dodrantem

162 3037 248 3073 data
270 3037 360 3079 sint,
393 3047 515 3073 eorum
539 3039 638 3084 prius
662 3040 834 3076 rationem
857 3041 1077 3084 habendam,
1109 3051 1202 3086 quae
1224 3051 1248 3077 a

160 3082 236 3118 filia
265 3082 392 3118 relicta
421 3087 515 3118 sunt.
564 3095 636 3119 non
667 3085 759 3120 enim
791 3090 891 3121 caret
921 3085 1003 3122 dolo
1029 3090 1153 3131 pater,
1185 3086 1247 3132 qui

161 3127 298 3163 honore
327 3127 472 3172 proprio
500 3128 630 3164 omisso
654 3134 800 3175 propter
823 3130 1071 3176 compendium
1095 3131 1247 3167 alienam

166 3175 177 3207 l
229 3172 486 3208 institutionem
506 3172 640 3207 maluit.
678 3174 840 3227 Denique
863 3175 895 3211 si
917 3175 1011 3211 filiae
1034 3179 1138 3221 pater
1159 3176 1246 3212 sub-

161 3217 309 3252 stitutus
346 3216 436 3252 adiit
474 3216 721 3260 hereditatem,
762 3220 848 3255 nihil
888 3230 968 3256 eum
1007 3220 1090 3257 dolo
1125 3220 1246 3257 facere

160 3261 320 3298 Iulianus
353 3261 549 3305 existimat,
606 3263 664 3314 uia
696 3274 798 3300 nemo
829 3264 925 3301 filiae
954 3270 1092 3311 patrem
1119 3269 1245 3302 contra

161 3311 282 3342 votum
339 3307 513 3342 arentium
544 3317 586 3342 su
613 3310 759 3344 stituere
789 3309 946 3353 videtur,
980 3309 1044 3346 sed
1077 3314 1119 3346 ut
1149 3310 1244 3347 arbi-

160 3351 269 3386 trium
293 3318 444 3397 efigendi
466 3351 653 3397 relinquat.

208 3394 261 3433 27
288 3396 419 3432 'loru
437 3397 528 3433 libro
550 3401 655 3433 sexto
678 3407 934 3443 responsorum
975 3399 1095 3435 Mater
1115 3409 1243 3436 secun-

162 3440 216 3478 dis
250 3441 381 3476 tabulis
415 3441 589 3487 impuberi
622 3440 695 3477 filio
735 3442 930 3479 substituta
967 3444 1085 3479 locum
1125 3443 1243 3480 edicto

162 3485 267 3529 facit,
306 3486 336 3521 si
375 3486 505 3522 omisso
541 3489 754 3522 testamento
788 3487 978 3532 legitimam
1013 3488 1244 3525 hereditatem

162 3601 201 3636 (i)
226 3598 348 3632 dari?
452 3598 904 3643 (2)ad§1qfiPep.D.38
929 3607 986 3639 ⁶‚8

162 3643 233 3675 filio
253 3642 453 3675 exheredato
472 3644 519 3676 sit
539 3643 724 3677 substituta
742 3656 804 3677 scr.

166 3687 331 3731 Krueyer:
357 3687 445 3720 bona
458 3690 517 3722 im.
531 3689 583 3721 F¹
651 3692 694 3729 (t)
718 3693 752 3720 et
764 3689 826 3722 ine.

1102 3605 1144 3641 (a)
1169 3605 1202 3634 et
1213 3600 1243 3634 si

936 3644 979 3688 (⁴)
1004 3655 1064 3688 per
1083 3655 1157 3678 eum
1177 3646 1240 3680 del.

1311 3651 1338 3679 4.
1360 3651 1399 3679 11.
1419 3651 1548 3685 2⁰...283

1310 3691 1354 3731 (τ)
1378 3689 1496 3722 amnia
1509 3690 1546 3724 Γ

1317 261 1332 293 1
1382 262 1429 293 sit
1459 262 1495 293 et
1523 258 1752 294 substituta&
1797 257 1841 296 In
1871 259 2083 295 sententiam
2113 259 2222 297 edicti
2248 264 2395 308 propter

1313 302 1510 355 legatorum
1534 312 1680 339 causam
1702 302 1816 340 frater
1836 303 2003 340 incidisse
2022 314 2094 341 non
2112 304 2308 347 videbatur,
2333 307 2395 353 qui

1313 347 1426 382 filium
1448 357 1553 400 suum
1575 348 1809 401 substitutum
1830 348 2006 403 impuberi
2036 352 2257 416 testamento⁴
2271 350 2394 405 fratris

1314 395 1663 473 imiimi?
1681 392 2395 494 ssfflss,mqffi“aesffiffl⁶ssmsffi⁸gg

1313 482 1417 517 heres
1449 491 1522 517 non
1594 481 1639 525 ἰ,
1677 492 1708 518 si
1741 482 1876 519 fraudis
1911 483 2057 519 consilio
2093 494 2175 520 cum
2203 484 2396 523 heredibus

1314 526 2287 616 gpqffigffiffffifflffffioffi
2306 531 2395 611 3²33·

1360 613 1386 652 2
1438 614 1675 652 Mis-mnus
1694 615 1785 653 libro
1902 622 1938 654 to
1958 584 2313 670 fidctgommi‘ssorum
2359 620 2397 655 Si

1315 670 1454 696 servum
1473 660 1641 696 heredem
1658 661 1858 698 institutum
1877 662 2051 706 dominus,
2075 664 2136 709 qui
2154 664 2232 709 ipse
2250 668 2397 710 rogatus

1314 704 1434 741 fuerat
1470 705 1779 743 fideicommissum
1813 711 2015 752 praestare,
2054 708 2262 754 priusquam
2300 709 2398 746 adire

1315 750 1465 792 iuberet,
1489 750 1696 802 vendiderit,
1718 754 1903 797 praestare
1924 752 1961 787 id
1984 752 2101 796 debet,
2125 763 2206 789 cum
2228 764 2295 800 per
2315 765 2397 800 pre·

1315 795 1404 830 tium
1441 805 1533 831 servi
1571 795 1778 832 hereditatis
1813 807 1954 842 quoque
1993 798 2276 835 aestimationem
2315 810 2397 835 con-

1322 844 1332 874 1
1383 844 1566 892 sequatur.
1611 841 1801 877 Institutus
1831 842 1936 878 heres
1967 845 2004 878 et
2031 846 2179 887 rogatus
2209 843 2398 881 restituere

1315 885 1548 920 hereditatem
1585 885 1617 921 si
1654 885 1786 922 omissa
1824 896 1935 923 causa
1972 887 2176 925 testamenti
2208 888 2398 934 legitimam

1315 929 1547 966 hereditatem
1576 930 1776 976 possideat,
1808 941 1880 967 non
1913 930 2020 967 dubie
2052 935 2094 967 ut
2122 932 2239 977 legata
2261 937 2398 969 cetera-

1316 985 1385 1019 que
1407 974 1697 1018 fideicommissa,
1720 976 1772 1011 ita
1794 975 2026 1012 hereditatem
2049 987 2120 1022 quo
2145 987 2190 1013 ue
2211 978 2400 1014 restituere

1316 1019 1580 1064 compellendus
1595 1024 1662 1063 est,
1678 1020 1863 1056 libertates
1879 1031 2019 1066 quoque
2033 1025 2107 1057 tam
2149 1022 2157 1029 '
2179 1025 2277 1058 ectas
2292 1033 2399 1068 quam

1316 1064 1672 1101 fideicommissarias.
1719 1065 1807 1101 sed⁵
1830 1065 1861 1101 si
1883 1065 2017 1101 alienos
2041 1076 2161 1102 servos
2183 1071 2329 1112 rogatus
2354 1068 2401 1104 sit

1316 1109 1575 1153 manumittere,
1595 1110 1717 1156 utique
1735 1110 1907 1146 redimere
1924 1121 1985 1147 eos
2001 1110 2154 1147 debebit.
2187 1121 2266 1148 eam
2281 1116 2400 1148 autem

1316 1154 1557 1207 decessionem
1579 1155 1736 1208 patietur
1757 1155 1789 1207 is
1813 1155 1872 1191 cui
1893 1155 2060 1208 restituta
2081 1155 2190 1192 fuerit
2211 1156 2400 1200 hereditas,

1317 1210 1423 1296 ‘1⁰33
1446 1199 2279 1299 ffzssffiffsssrffffifafffiguffiiseifflssmmmm

1316 1300 1449 1325 omissa
1480 1299 1591 1325 causa
1621 1293 1824 1326 testamenti
1855 1290 1902 1325 ab
1925 1293 2093 1327 intestato
2116 1291 2277 1336 possidet
2298 1291 2400 1328 here-

1316 1334 1481 1377 ditatem,
1513 1344 1634 1370 servos
1664 1335 1711 1370 ad
1739 1335 1940 1371 libertatem
1970 1335 2165 1380 pei-ducere
2196 1336 2320 1379 debet,
2355 1347 2402 1373 ne

1317 1380 1367 1415 eis
1397 1379 1533 1415 factum
1563 1383 1695 1416 noceat
1726 1380 1801 1417 eius
1825 1380 1887 1425 qui
1909 1390 1954 1415 ex
1976 1383 2190 1417 testamento
2213 1381 2313 1418 adire
2335 1392 2400 1418 no-

1315 1424 1399 1460 luit:
1424 1424 1476 1460 sic
1499 1428 1630 1466 tamen,
1653 1428 1696 1460 ut
1717 1424 1851 1461 habeat
1870 1424 2028 1460 libertos.

1362 1467 1415 1507 30
1438 1469 1785 1505 flexuosarum-vs
1804 1469 1895 1506 libro
1920 1471 2025 1506 tertio
2049 1470 2141 1507 iuris
2162 1471 2400 1518 epitomarum

1316 1513 1386 1558 Qui
1415 1514 1547 1550 omissa
1578 1524 1689 1550 causa
1718 1515 1922 1550 testamenti
1955 1525 2021 1560 pro
2057 1518 2216 1567 emptore
2248 1516 2304 1551 vel
2333 1526 2398 1561 pro

1317 1559 1400 1594 dote
1423 1559 1479 1594 vel
1525 1569 1567 1594 ro
1592 1558 1724 1595 donato
1744 1559 1817 1595 sive
1836 1559 1905 1595 alio
1926 1559 2084 1605 quolibet
2101 1559 2217 1603 titulo,
2243 1561 2400 1606 exceptis

1315 1614 1381 1649 pro
1404 1604 1470 1639 her
1515 1613 1536 1639 e
1559 1607 1595 1638 et
1642 1614 1683 1639 ro
1706 1614 1925 1650 possessore,
1953 1604 2134 1649 possideat
2155 1604 2400 1648 hereditatem,

1316 1658 1339 1684 a
1361 1648 1540 1694 legatariis
1564 1652 1601 1684 et
1617 1615 1956 1685 fideicommissariis
1979 1659 2052 1685 non
2075 1649 2295 1686 convenitur.

1827 1785 1899 1825 V‘.

1362 1851 1424 1884 DE
1472 1851 1676 1884 SENATUS
1723 1850 1956 1885 CONSULTO
2003 1851 2251 1885 SILANIANO
2296 1851 2357 1885 m·

1385 1897 1667 1930 CLAUDIANO:
1708 1895 1899 1932 QUORUM
1930 1896 2236 1930 TESTAMENTA
2269 1897 2334 1930 NE

1707 1941 2010 1974 APERIANTUR.

1365 2005 1384 2044 1
1419 2006 1615 2044 Uimi-vs
1629 2006 1721 2044 libro
1741 2007 2040 2054 quinquaqesimo
2059 2007 2111 2043 ad
2123 2007 2278 2044 edietum
2311 2006 2403 2043 Cum

1316 2051 1421 2090 aliter
1449 2052 1550 2088 nulla
1583 2052 1708 2088 domus
1742 2055 1822 2087 tuta
1857 2061 1936 2088 esse
1968 2051 2102 2098 possit,
2139 2052 2209 2088 nisi
2242 2052 2401 2098 periculo

1316 2097 1445 2142 capitis
1483 2096 1540 2133 sui
1579 2096 1778 2133 custodiam
1818 2096 1968 2133 dominis
2005 2101 2080 2133 tam
2118 2097 2164 2135 ab
2199 2096 2403 2134 domesticis

1316 2152 1423 2187 quain
1457 2142 1504 2178 ab
1539 2142 1718 2178 exn-aneis
1752 2145 1936 2187 praestare
1966 2142 2060 2178 servi
2090 2146 2282 2188 cogantur,
2321 2142 2401 2178 ideo

1316 2191 1462 2223 senatus
1494 2187 1661 2223 consulta
1690 2186 1895 2222 introducta
1924 2190 2010 2223 sunt
2040 2186 2083 2223 de
2105 2187 2250 2234 publica
2272 2197 2401 2233 quaes·

1320 2235 1333 2266 1
1383 2232 1481 2267 tione
1519 2241 1542 2267 a
1578 2231 1738 2267 familia⁷
1780 2235 1989 2267 necatorum
2025 2232 2200 2268 habenda.
2258 2231 2403 2268 Domini

1316 2276 1556 2322 appellatione
1587 2276 1789 2313 continetur
1812 2277 1872 2322 qui
1894 2277 2004 2312 habet
2025 2277 2300 2322 proprietatem,
2335 2277 2402 2313 etsi

1316 2325 1336 2356 2
1363 2331 1472 2357 rusus
1502 2320 1643 2357 fructus
1675 2321 1809 2357 alienus
1833 2321 1890 2356 sit.
1937 2321 2005 2366 Qui
2035 2331 2175 2358 sei-vum
2205 2322 2303 2358 bona
2331 2321 2403 2358 fide

1315 2366 1494 2412 possedit,
1526 2366 1660 2402 domini
1686 2365 1925 2412 appellatione
1947 2376 2020 2402 non
2044 2365 2302 2410 continebitur,
2333 2376 2401 2403 nec

1317 2415 1336 2447 3
1384 2411 1446 2456 qui
1468 2421 1573 2446 usum
1595 2410 1753 2447 fructum
1776 2411 1891 2446 solum
1917 2410 2056 2446 habuit.
2103 2410 2231 2447 Servus
2262 2411 2401 2457 pignori

1315 2455 1440 2499 datus,
1496 2455 1568 2491 uod
1591 2456 1720 2492 attinet
1741 2454 1789 2491 ad
1813 2455 1982 2491 debitoris
2013 2465 2155 2498 necem,
2186 2466 2252 2502 per
2282 2456 2402 2492 omnia

1314 2500 1484 2583 ΞΘἯέι-ἳὶ
1507 2500 2400 2583 2²¹²eiffifissituzfiiimpffssffnfflisffioeiii

1315 2557 1663 2635 condicionepfiegan·
1692 2594 1794 2643 sunt-z
1826 2600 1911 2643 nain
1940 2590 2056 2632 medio
2080 2572 2239 2644 tempore
2286 2591 2400 2628 eredis

1315 2640 1411 2679 sunt,
1435 2645 1502 2671 nec
1525 2635 1622 2681 quod
1646 2635 1808 2671 condicio
1831 2639 1986 2672 existens
2009 2635 2136 2678 efficit,
2166 2639 2208 2671 ut
2237 2635 2401 2672 demant

1315 2691 1393 2717 esse
1416 2680 1566 2724 heredis,
1591 2680 1680 2716 facit
1701 2690 1747 2717 ne
1769 2679 1958 2716 videantur
1978 2680 2119 2716 interim
2143 2680 2219 2717 eius
2229 2681 2253 2715 ⁸.
2287 2680 2399 2718 idem·

1315 2729 1335 2761 5
1384 2735 1453 2771 que
1484 2725 1552 2761 erit
1582 2725 1796 2762 dicendum⁹
1824 2725 1863 2760 in
1894 2725 2114 2761 statulibero.
2168 2725 2240 2762 Sed
2270 2725 2310 2762 in
2343 2735 2400 2769 eo,

1315 2771 1375 2806 cui
1404 2769 1678 2806 fideicommissa
1706 2769 1852 2806 libertas
1877 2780 1973 2823 pure
2002 2770 2168 2814 debetur,
2200 2773 2318 2807 exstat
2342 2781 2398 2808 re·

1314 2813 2399 2897 ffiffigtussnffigsgflfgfiggffiffisffiffi,3333

1314 2905 1587 2941 fideicommissa
1608 2905 1756 2941 libertas
1780 2905 1947 2941 debetur:
1973 2909 2008 2941 et
2030 2916 2066 2940 m
2114 2905 2122 2913 ’
2166 2908 2238 2958 est,
2257 2886 2309 2958 ne
2330 2916 2397 2952 pu-

1314 2951 1436 2987 niatur
1458 2950 1505 2986 ob
1528 2950 1599 2986 hoc
1622 2949 1719 2995 quod
1741 2949 1809 2985 sub
1830 2949 1953 2986 eodem
1976 2954 2072 2986 tecto
2137 2949 2146 2959 “
2198 2960 2267 2986 msi
2284 2950 2397 2996 parti·

1315 2999 1336 3032 6
1384 3005 1469 3040 ceps
1485 2994 1629 3031 sceleris
1645 2993 1764 3030 fuerit.
1797 2994 1939 3031 Domini
1956 2994 2192 3041 appellatione
2207 2995 2314 3031 etiam
2329 3005 2397 3041 pro

1316 3043 1334 3075 ‘1
1382 3043 1486 3086 parte
1515 3039 1696 3076 dominum
1728 3039 1903 3076 contineri
1929 3039 2116 3076 dicendum
2140 3043 2205 3076 est.
2251 3039 2398 3077 Domini

1315 3084 1553 3131 appellatione
1575 3087 1613 3121 et
1633 3083 1729 3120 filius
1753 3083 1905 3120 familias
1929 3084 2106 3130 ceterique
2127 3083 2247 3127 liberi,
2275 3084 2338 3130 qni
2359 3084 2398 3121 in

1339 3133 1493 3166 otestate
1515 3133 1608 3172 sunt,
1633 3129 1879 3166 continentur:
1910 3133 2056 3165 senatus
2079 3129 2280 3165 consultum
2304 3129 2398 3166 enim

1340 3174 1534 3211 ilanianum
1557 3184 1630 3210 non
1653 3174 1769 3210 solum
1792 3173 1839 3210 ad
1860 3178 1981 3220 patres
2004 3173 2174 3217 familias,
2205 3184 2327 3210 verum
2349 3173 2398 3211 ad

1315 3223 1334 3255 8
1380 3219 1512 3255 liberos
1536 3229 1677 3264 quoque
1699 3219 1863 3265 pertinet.

1313 3264 1415 3300 liberi
1445 3274 1518 3300 non
1549 3263 1622 3300 sint
1650 3264 1688 3300 in
1718 3263 1920 3309 potestate?
1959 3262 2152 3299 Marcellus
2182 3263 2273 3300 libro
2305 3263 2395 3300 duo-

1314 3308 1450 3345 decimo
1482 3307 1699 3354 digestorum
1730 3308 1887 3344 dubitat:
1920 3317 1983 3354 ego
2014 3311 2101 3353 puto
2131 3307 2273 3354 plenius
2299 3308 2395 3345 scoi-

1312 3353 1500 3400 piendum,
1531 3357 1573 3389 ut
1603 3354 1709 3389 etiam
1732 3353 1779 3389 ad
1802 3363 1864 3390 eos
1885 3352 2016 3389 liberos
2040 3353 2234 3398 pertineat,
2265 3353 2326 3407 qui
2357 3353 2395 3390 in

1313 3402 1558 3480 iffi&
1572 3397 2395 3489 55333210itm00i2t0213⁸23301222231¹3

1316 3491 1357 3523 10
1401 3468 1489 3531 tum,
1513 3488 1672 3534 quamvis
1693 3487 1733 3524 in
1750 3486 1922 3533 adoptato
1942 3487 2060 3524 locum
2078 3487 2198 3524 habet.
2239 3487 2309 3524 Sed
2327 3497 2394 3524 nec

1907 3218 1999 3263 Quid
2022 3217 2149 3254 deinde
2172 3218 2342 3262 dicemus,
2366 3219 2397 3256 si

1358 3602 1402 3640 ια)
1426 3599 1821 3636 Sab.i.s.s...1o.12...is.
1836 3607 1881 3635 24.
1896 3607 1951 3639 τις
1974 3601 2281 3640 Ed.2.1e...1e.2⁷;
2306 3601 2392 3645 Pap.

1578 3646 1666 3690 App.
1687 3651 1735 3679 20.
1755 3662 1801 3670 —
1823 3645 1905 3678 Bas.
1927 3646 1982 3686 35,
2003 3652 2045 3680 1⁸.
2066 3663 2113 3671 —
2135 3645 2185 3688 os.
2203 3646 2282 3680 cod.
2302 3647 2335 3686 6,
2355 3652 2391 3681 ³5

1627 3692 1672 3731 (a)
1697 3699 1767 3722 esse
1780 3689 1858 3723 add.
1873 3689 1924 3723 Ρ
2014 3692 2059 3730 (ο)
2083 3692 2118 3723 et
2133 3691 2193 3724 im.
2207 3689 2258 3724 Γ*
