2528 3918
209 110 426 154 XXVII!

1285 104 1375 152 354

1973 121 2036 152 nn
2063 119 2454 158 nouum-romnus
2470 102 2484 145 Ϊ·

1120 163 1559 189 ——d-*x

211 234 253 268 12
307 229 447 276 Νόμων
480 228 520 264 δὲ
554 227 768 265 διδάσκαλοι
801 232 841 264 ἐν
878 232 969 275 ἑπαρ
991 232 1030 272 tq
1065 227 1296 265 διδάσκοντες

370 270 454 355 ⁰⁶51
465 273 707 355 5⁵:335&ss
726 272 957 355 &aaa
978 276 1295 354 muta„

207 333 370 401 mega.
402 330 629 399 itapscribit:
664 364 832 400 Athletae
862 364 996 416 hab-ent
1027 373 1050 398 a
1085 329 1199 416 tultela
1230 373 1295 399 ex-

208 410 440 452 cusationem,
466 408 529 444 sed
546 410 607 454 qui
630 410 740 445 sacris
757 409 1009 445 certamimbus
1026 412 1188 443 coronati
1199 411 1293 443 sunt.

212 459 250 490 14
294 452 446 489 Ἑθνους
471 453 631 498 ἱεραρχία
641 455 664 495 ²,
699 454 780 489 οἷον
797 450 996 499 Ἀσιαρχία,
1032 453 1259 499 Βιθυναρχία
1269 453 1292 494 ³,

206 496 538 544 Καππαδοκαρχία,
564 502 710 544 παρέχει
733 494 1025 544 ἄλειτουργησίαν
1049 493 1120 532 ἀπὸ
1146 500 1294 543 ἐπιτρο-

211 547 249 579 15
296 544 387 585 πῶν,
413 538 509 578 τοῦτ’
534 545 634 579 Ιστιν
656 546 724 579 ἕως
749 542 901 589 ἇνᾶρχῃ.
949 542 1079 578 Tutela
1093 552 1167 578 non
1178 542 1296 578 estrei

205 588 373 634 publicae
395 598 525 624 munus
548 598 615 624 nec
640 589 736 634 quod
759 588 806 623 ad
829 589 1026 633 impensam
1042 587 1207 632 pertinet,
1231 587 1295 623 sed

206 633 326 669 civile:
360 643 428 669 nec
450 633 669 679 provinciale
691 633 831 669 videtur
859 632 1008 667 tutelam
1033 632 1293 668 administrare.

209 682 250 714 16
281 673 466 725 Ἀφίενται
476 680 670 724 ἐπιτροπῆς
683 681 743 712 καὶ
756 677 1006 724 κουρατορίοιςΔ
1017 679 1212 724 στρατηγοὶ
1218 678 1296 711 τῶν

209 726 248 759 17
294 721 450 758 πόλεων.
490 722 652 758 Δίδωσιν
668 721 797 768 ἄφεσιν
818 722 1012 768 ἐπιτροπῆς
1036 724 1097 755 καὶ
1121 720 1295 767 κεφαλικὴ

205 768 322 814 ἔχθρα
344 769 401 812 τῷ
414 769 709 815 χειροτονηθέντι
730 780 813 814 γενο
853 769 861 777 ’
940 765 1030 812 πρὸς
1058 766 1126 802 τὸν
1153 769 1294 813 πατέρα

203 815 285 894 §aaz
304 808 491 893 ᾇρῖῐιῖῶν,
515 812 627 891 §mosa
637 813 669 866 εἰ
690 811 740 869 μῂ
764 811 856 866 κατὰ
881 779 1066 865 διαθήκας
1081 815 1212 866 φανείη
1232 809 1292 865 δο-

205 871 394 946 assim
410 869 607 949 2333&ss
628 870 738 949 '3752
748 869 993 948 ᾞῖἕαπῖἕς
1014 869 1296 944 Ξῖῗῖκῗυῗσῖἶῖ

204 950 306 990 ε’στη,
339 946 363 991 ἢ
387 948 419 982 εἰ
440 947 490 993 μὴ
519 949 742 994 πρεσβυτέρα
764 949 831 991 μέν
853 949 952 981 ἐστιν
983 948 1044 989 τῆς
1067 944 1248 989 διαθήκης
1271 943 1294 989 ἡ

203 992 333 1037 ἔχθρα,
359 989 422 1027 διὰ
443 994 551 1027 τοῦτο
586 989 626 1026 δὲ
657 990 758 1026 δοκεῖ
788 989 966 1027 δίδοσθαι
994 994 1206 1037 ἐπίτροπος,
1234 991 1294 1025 ἵνα

202 1034 414 1118 uligossssffl}
422 1038 524 1091 ενοχῇ
549 1040 610 1071 καὶ
632 1035 954 1116 σιτλρέάγμιιιῖσὶἔζηέαὶ
975 1037 1083 1115 gogo
1095 1035 1134 1090 ἐξ
1145 1039 1289 1115 dringo-

202 1094 399 1174 maemmm·
398 1085 858 1172 ,Ἒῖιῖεἶίἷέἷφαῗρῗῡτηῖιν
877 1095 1009 1170 τῖἑὲῷ
1034 1094 1295 1173 ᾰὲφῖἷῖῑ”πεὲἷ

202 1173 266 1215 τῆς
289 1171 657 1227 καταστάρεωςῖκιγῇ,
684 1174 857 1226 φαίνηται
893 1169 933 1205 δὲ
962 1172 1071 1206 τοῦτο
1101 1170 1152 1216 μὴ
1171 1184 1296 1228 ‘ovato-e

202 1214 1293 1318 ἵξᾞῖώῖἶιΐὲἵίιιῖἐῗωῖἱαῗῗὲἑοῗὲᾝῗῷῧέηῗαῖῗῃῆεξέ

201 1307 279 1341 τῶν
301 1303 482 1355 ἀγροίκων
505 1309 566 1340 καὶ
595 1308 674 1340 τῶν
694 1308 880 1341 ταπεινῶν
910 1308 972 1340 καὶ
1000 1308 1079 1341 τῶν
1101 1301 1291 1353 ἀγραμμα-

201 1365 280 1386 των
300 1350 436 1399 γράφει
457 1349 623 1387 nael-03⁶
646 1347 784 1386 οὑτωσί
789 1362 797 1369 ·
832 1351 1066 1387 Mediocritas
1091 1355 1126 1386 et
1148 1351 1291 1387 rustici-

201 1400 259 1432 tas
282 1396 461 1432 interdum
484 1396 751 1432 excusationem
774 1397 948 1442 praebent
978 1396 1174 1432 secundum
1198 1396 1291 1448 epis-

200 1442 297 1477 tulas
333 1441 493 1477 divorum
526 1441 701 1477 Hadriani
737 1445 773 1477 et
805 1441 979 1477 Antonini
989 1443 1012 1474 ⁸.
1058 1442 1134 1478 eius
1168 1452 1229 1487 qui
1252 1451 1292 1477 se

201 1489 307 1532 neget
336 1486 476 1523 litteras
506 1486 615 1529 scire,
647 1487 829 1522 excusatio
862 1487 979 1532 accipi
1007 1497 1081 1523 non
1111 1486 1236 1529 debet,
1260 1486 1291 1522 si

202 1531 308 1568 modo
332 1542 407 1568 non
429 1531 476 1568 sit
499 1541 543 1567 ex
570 1541 626 1567 ers
650 1532 873 1577 negotiorum
882 1533 908 1567 ⁷.

247 1574 273 1614 7
304 1575 503 1613 mmmm
522 1576 547 1612 lt
591 1588 613 1612 ο
636 1577 819 1624 sinqulari
849 1577 1148 1613 eaecuasationuw
1192 1576 1287 1612 Pau-

201 1691 242 1733 (1)
266 1690 409 1732 ἔχουσιν
417 1689 556 1735 Krr'lqcr
624 1692 667 1732 (2)
681 1687 842 1735 ἷεραρχία
855 1691 950 1723 hodie
963 1697 1047 1724 certe
1059 1702 1122 1723 non
1137 1690 1255 1734 leqitur
1267 1691 1300 1723 in

199 1736 236 1769 F
248 1736 309 1769 hoc
322 1735 392 1769 loco
405 1736 566 1770 wenido.-
579 1731 758 1780 ἱερωσύνη
771 1735 958 1769 Politianus
1029 1736 1072 1777 (3)
1096 1733 1297 1781 Βιθυνιαρ·

199 1791 260 1822 κτα
271 1780 305 1813 F
344 1781 389 1822 (4)
411 1777 516 1814 olins.
528 1780 679 1814 Her-cher
724 1783 768 1822 (5)
779 1780 907 1814 =Vat.
919 1786 974 1814 244
1020 1781 1064 1822 (6)
1075 1779 1201 1812 Paulus
1210 1779 1298 1813 libro

202 1824 373 1868 singulari
386 1825 428 1858 de
439 1825 552 1858 officio
561 1824 727 1868 praetoris
737 1824 904 1858 tutelaris.
928 1824 1148 1858 Mediocritas
1157 1827 1191 1858 et
1196 1825 1299 1858 rusti·

201 1870 287 1903 citas
307 1873 342 1903 et
358 1869 560 1903 domesticae
577 1869 656 1903 lites
674 1870 844 1903 interdurn
861 1870 1111 1903 excusationem
1127 1872 1299 1904 merentur

201 1925 243 1948 ex
258 1914 405 1958 epistula
423 1917 498 1957 [scr.
512 1915 683 1958 epistulis]
694 1915 847 1948 divorum
856 1914 1027 1948 Hadriani
1039 1918 1074 1948 et
1082 1915 1248 1950 Antonini
1265 1918 1300 1948 et

199 1959 343 1993 fratrum
363 1960 406 1993 ad
427 1960 628 1993 Caerelliam
648 1961 803 1993 Priscum
822 1963 1011 2004 praetorem
1024 1960 1203 1993 tutelarem
1222 1961 1296 1994 Vat.

200 2007 244 2046 (7)
269 2006 306 2039 id
316 2012 383 2038 est:
407 2005 446 2038 Si
464 2005 548 2038 duas
568 2005 691 2038 tutelas
707 2005 848 2038 habenti
874 2006 958 2038 duae
968 2005 1055 2038 aliae
1067 2006 1169 2038 simul
1182 2006 1297 2038 iniun-

200 2053 335 2093 gantur,
356 2049 475 2083 ordine
489 2051 591 2083 tertia
611 2051 642 2084 ei
664 2051 818 2094 procedit
837 2051 874 2083 in
886 2049 1122 2084 liberationem
1134 2061 1155 2084 a
1166 2054 1296 2093 quarta,

200 2095 266 2128 etsi
285 2095 474 2138 inperator
493 2096 541 2128 sit
564 2095 624 2138 qui
645 2099 798 2137 quartam
809 2095 970 2138 iniunxit,
982 2095 1035 2128 vel
1043 2096 1187 2136 tertiam,
1200 2096 1297 2139 prius

201 2143 332 2181 tamen,
349 2149 449 2181 quam
459 2139 675 2183 imperatoris
698 2140 883 2181 resciverit,
909 2141 952 2173 ad
972 2140 1075 2173 aliam
1098 2144 1237 2174 vocatus
1251 2141 1298 2173 sit

203 2186 311 2227 [immo
335 2185 390 2218 vel
409 2189 532 2228 quarta
543 2186 582 2218 in
593 2184 830 2218 liberationem
844 2196 865 2218 a
877 2186 990 2226 tertia,
1002 2186 1032 2218 si
1048 2189 1171 2226 tamen,
1183 2186 1296 2229 prius-

200 2240 301 2273 quam
326 2229 367 2263 de
392 2231 495 2263 tertia
517 2231 704 2271 resciverit,
728 2230 770 2263 ab
796 2231 997 2273 imperatore
1020 2231 1064 2264 ad
1085 2231 1187 2264 aliam
1199 2241 1296 2263 voca-

201 2278 257 2308 tus
280 2275 353 2317 sit1.
389 2275 480 2318 quod
503 2275 534 2308 si
558 2276 641 2308 ordo
665 2286 733 2308 non
747 2280 920 2319 appareat,
944 2275 1003 2309 sed
1015 2276 1130 2309 eodem
1143 2276 1198 2309 die
1211 2275 1297 2309 duae

205 2320 456 2353 nominationes
480 2323 716 2363 proponantur
739 2321 776 2353 in
795 2321 1031 2354 instrumentis
1050 2321 1203 2364 diversis,
1227 2332 1297 2354 non

202 2366 263 2408 qui
286 2365 397 2398 factus
421 2369 483 2406 est,
508 2365 566 2398 sed
590 2366 651 2408 qui
671 2376 746 2398 eum
770 2366 853 2399 fecit
871 2366 975 2408 eliget
985 2369 1097 2399 utram
1110 2366 1224 2399 subire
1238 2366 1294 2399 de—

202 2412 219 2445 1
245 2410 336 2445 beat.
360 2410 593 2450 Gmmmatici,
613 2411 786 2453 sophistae
797 2411 958 2451 rhetores,
970 2411 1092 2444 medici
1106 2412 1164 2453 qui
1178 2411 1296 2444 dicun-

200 2458 257 2488 tur
269 2455 446 2489 ciroitores
459 2458 499 2488 ut
511 2466 532 2488 a
545 2456 685 2498 reliquis
704 2455 911 2496 muneribus,
924 2456 975 2489 ita
987 2457 1088 2489 etiam
1101 2456 1226 2489 tutelae
1239 2467 1297 2489 cu-

199 2502 221 2535 2
245 2510 371 2544 raeque
393 2500 605 2534 vacationem
627 2501 769 2535 habent.
810 2502 877 2534 Est
895 2504 1007 2534 autem
1020 2501 1120 2534 etiam
1138 2512 1297 2534 numerus

199 2545 360 2579 definitus
379 2556 493 2578 eorum
514 2546 574 2588 qui
597 2547 635 2579 in
658 2546 804 2588 singulis
828 2545 1026 2579 civitatibus
1049 2546 1298 2580 immunitatem

199 2591 367 2632 habeant,
392 2594 427 2624 et
449 2591 668 2624 condiciones
692 2591 854 2633 quaedam
879 2591 1031 2624 adiectae
1043 2591 1080 2624 in
1092 2591 1185 2634 lege:
1208 2591 1298 2634 quod

199 2635 413 2678 intellegitur
436 2646 476 2669 ex
499 2635 648 2679 epistula
669 2637 837 2670 Antonini
856 2646 942 2678 quae
966 2636 1046 2669 data
1068 2639 1120 2669 est
1142 2636 1186 2670 ad
1209 2647 1297 2669 com-

202 2691 303 2714 mune
317 2682 428 2721 Asiae,
442 2681 499 2714 sed
514 2682 663 2724 pertinet
676 2681 718 2714 ad
731 2682 846 2714 orbem
858 2681 1060 2723 universum,
1074 2682 1171 2714 cuius
1183 2685 1234 2715 est
1246 2692 1298 2714 ca-

226 2729 266 2758 ut
278 2726 368 2758 infra
382 2722 754 2770 scn'ptumt‘Civitates
765 2727 912 2760 minores
932 2730 1075 2769 possunt
1094 2727 1216 2760 habere
1235 2727 1298 2760 im·

222 2781 340 2803 munes
352 2771 499 2805 medicos
507 2772 658 2814 quinque
666 2775 700 2804 et
711 2772 882 2815 sophistas
893 2774 961 2804 tres
969 2771 1150 2814 eodemque
1160 2782 1299 2805 numero

201 2811 213 2825 ‘
227 2816 483 2858 grammaticos:
507 2816 651 2850 maiores
675 2817 833 2850 civitates
855 2820 984 2860 septem
1009 2817 1069 2860 qui
1092 2817 1299 2857 medeantur,

198 2856 208 2869 ¹
224 2862 399 2903 [quattuor
421 2861 602 2903 sophistas,
625 2861 708 2894 item
732 2863 807 2903 ina]
833 2865 994 2905 quattuor
1016 2862 1076 2905 qui
1087 2862 1230 2895 doceant
1240 2861 1299 2895 lit-

200 2901 210 2914 ‘
227 2911 316 2938 teras
340 2908 519 2949 utrasquez
551 2907 716 2940 maximae
746 2917 826 2940 vero
859 2907 1007 2941 medicos
1030 2907 1143 2940 decem
1167 2910 1203 2941 et
1224 2907 1298 2940 rhe-

198 2947 206 2959 ‘
224 2954 313 2983 tores
347 2950 498 2993 quinque
529 2951 709 2995 eodemque
740 2962 879 2985 numero
910 2953 1157 2995 grammaticos.
1197 2963 1299 2996 super

199 2991 209 3005 ‘
223 2995 316 3029 hunc
328 2998 439 3028 autem
453 3006 627 3030 numerum
642 3008 684 3030 ne
697 2997 843 3030 maxima
856 2997 992 3040 quidem
1003 2997 1126 3030 civitas
1139 2997 1297 3031 immuni—

198 3035 208 3051 ‘
224 3043 328 3073 tatem
347 3035 509 3075 confert'.
539 3046 682 3085 apparet
705 3046 816 3075 autem
836 3043 981 3075 maximo
999 3053 1138 3075 numero
1157 3043 1211 3075 uti
1229 3053 1298 3075 me-

202 3084 351 3129 tropoles
363 3085 624 3130 provinciarum,
635 3088 782 3121 secundo
795 3088 950 3121 civitates
963 3088 1000 3120 in
1013 3087 1136 3130 quibus
1148 3088 1202 3120 ius
1211 3087 1298 3121 dici-

204 3132 224 3166 3
249 3134 316 3171 tur,
324 3131 428 3165 tortio
439 3130 597 3174 reliquas.
609 3133 710 3165 Hunc
723 3142 899 3165 numerum
911 3132 1069 3165 excedere
1081 3133 1217 3175 quidem
1228 3143 1298 3165 non

202 3176 285 3210 licet
305 3185 414 3218 neque
435 3175 655 3210 decurionum
669 3178 804 3211 decreto
816 3188 926 3220 neque
938 3177 1007 3210 alio
1019 3177 1136 3221 aliquo
1147 3178 1296 3219 invento,

202 3222 356 3255 minuere
379 3220 471 3261 licet,
496 3222 656 3263 quoniam
674 3226 815 3266 apparet
827 3233 866 3256 eo
878 3223 988 3255 iuvari
999 3233 1137 3255 munera
1149 3222 1296 3265 publica.

202 3268 223 3301 4
247 3266 403 3309 Denique
415 3275 484 3299 non
496 3265 598 3299 aliter
608 3267 821 3300 immunitate
842 3267 903 3301 illa
923 3268 1087 3308 fruentur,
1100 3268 1170 3300 nisi
1185 3267 1297 3301 decre·

203 3314 239 3343 to
252 3311 474 3344 decurionum
490 3310 527 3343 in
541 3321 714 3344 numerum
728 3312 925 3356 permissum
941 3312 1129 3346 referantur
1140 3315 1174 3346 et
1186 3312 1298 3347 officio

205 3358 223 3390 5
250 3366 319 3388 non
331 3355 550 3399 neglegenter
561 3356 756 3398 fungantur.
769 3357 994 3400 Philosophos
1004 3367 1138 3400 quoque
1151 3367 1171 3390 a
1180 3357 1298 3390 tutelis

203 3403 221 3434 7
248 3400 386 3434 liberari
406 3399 533 3433 Paulus
552 3401 674 3434 scribit
685 3402 734 3434 sic
749 3426 755 3433 .
771 3426 779 3433 .
793 3427 802 3435 .
822 3402 872 3435 De
894 3403 1106 3446 philosophis
1119 3405 1231 3436 autem
1243 3412 1297 3435 ea-

203 3446 278 3479 dem
290 3446 491 3479 coustitutio
503 3445 559 3479 Pii
575 3446 625 3479 sio
638 3446 742 3479 dicit:
753 3442 1049 3490 ‘Philosophorum
1061 3450 1173 3480 autern
1184 3457 1299 3480 nume-

201 3486 209 3499 ¹
217 3501 290 3524 rum
302 3501 370 3524 non
381 3491 605 3531 definivimus,
615 3491 774 3534 quoniam
786 3493 888 3534 pauci
898 3495 978 3525 sunt
986 3493 1046 3535 qui
1055 3492 1298 3536 philosophan-

201 3531 282 3570 ‘tur.
294 3539 378 3580 puto
390 3539 502 3569 autem
514 3535 646 3569 divitiis
659 3535 867 3569 abundantes
877 3548 1014 3570 munera
1023 3547 1108 3580 quae
1120 3537 1163 3571 ad
1170 3548 1239 3570 rem
1248 3537 1298 3570 fa-

202 3577 379 3614 ‘miliarem
389 3581 562 3623 pertinent
573 3583 694 3624 sponte
706 3580 917 3624 praebituros
929 3583 1052 3624 patriis
1065 3582 1153 3615 suis:
1167 3582 1256 3624 quod
1267 3582 1298 3615 si

202 3621 419 3659 'cavillentur
430 3626 471 3659 de
483 3626 710 3668 patrimoniis,
727 3636 767 3659 eo
785 3626 860 3668 ipso
873 3626 939 3658 iam
953 3637 987 3659 se
1000 3626 1217 3660 declarabunt
1228 3637 1297 3660 non

206 3672 226 3704 8
249 3667 450 3714 ‘sapientiae
463 3664 660 3705 studiosos?
673 3671 739 3704 Sed
750 3674 801 3703 est
809 3671 910 3703 etiam
920 3671 955 3703 in
966 3672 1225 3705 constitutiones
1234 3672 1296 3704 im-

206 3716 372 3757 peratoris
382 3715 554 3749 Commodi
567 3716 710 3751 relatum
722 3718 826 3758 caput
837 3726 878 3749 ex
890 3716 1036 3757 epistula
1049 3717 1120 3749 divi
1129 3717 1195 3757 Pii,
1209 3717 1296 3750 unde

1367 232 1493 273 pertas
1517 229 1630 277 sane⁹
1663 228 1726 264 dat
1757 230 2041 272 excusationem,
2065 230 2097 265 si
2119 230 2198 275 quis
2220 231 2390 276 imparem
2412 243 2452 270 se
2486 242 2505 275 ’,ἦ

1370 274 1471 309 oneri
1493 273 1653 326 iniunjcto
1675 275 1791 320 possit
1814 275 1968 320 probare
1985 276 2024 317 ¹⁰,
2057 274 2164 320 idque
2195 274 2356 311 divorum
2378 276 2451 314 fra-
2495 273 2503 310 ἶ

1368 322 1464 354 trum
1486 322 1660 364 rescripto
1684 319 1897 355 continetur.
2490 351 2492 354 ,

1411 360 1437 401 8
1464 362 1720 399 Monsmrvs
1740 363 1831 400 libro
1843 365 1949 400 tertio
1965 364 2239 400 excusationum
2277 363 2322 400 Οἱ
2337 364 2454 402 πάλαι

1365 408 1592 452 στρατιῶται
1615 407 1652 442 οἱ
1674 411 1844 453 ἐπιτίμους
1865 407 2120 455 πληρώσαντες
2149 408 2217 444 τὸν
2246 411 2307 452 τῆς
2342 422 2454 456 στρα-
2499 440 2501 442 .

1362 457 1464 488 τείας
1477 451 1618 531 ἔρόνον
1639 450 1770 498 ἄφεσιν
1791 455 1932 495 ἔχουσιν
1960 454 2169 499 ἐπι-τροπῶν
2196 453 2285 511 πρὸς
2316 453 2455 492 πάντας

1362 497 1445 533 τοὺς
1463 498 1477 531 ἰ
1501 495 1619 532 caitae.
1642 496 1732 544 oreos
1747 495 1788 532 δί
1802 497 1883 534 τοὺς
1894 496 2028 534 παῖδας
2037 499 2115 533 τῶν
2123 499 2185 542 τῆς
2195 500 2304 541 αυτῆς
2318 497 2455 539 τάξεως

1364 540 1688 584 κεκοινωνηκότων
1699 540 1722 585 ἢ
1735 543 1762 564 ¹¹
1771 541 1924 577 πάντων
1935 543 1963 564 ¹²
1978 542 2095 578 πάλαι
2106 546 2342 600 στρατιωτῶν
2353 543 2455 583 ἐντὸς

1362 590 1430 632 μὲν
1463 588 1630 621 ἐνιαυτοῦ
1657 587 1724 622 τοῧ
1753 582 2100 632 ἂποστρατεῦσαθαι
2137 601 2267 634 αφεσιν
2303 590 2453 631 ἔχουσιν,

1362 630 1456 676 μετὰ
1475 629 1515 665 δὲ
1533 630 1700 666 ἐνιαυτὸν
1717 627 1843 667 οὐκέτι.
1866 631 1911 667 τὸ
1922 631 1991 679 γὰρ
2011 631 2179 678 ἰσότιμον
2188 634 2253 677 τῆς
2267 637 2456 678 στρατείας

1365 674 1596 723 ἰσχυρότερον
1610 676 1791 722 ἐνομίσθη
1809 678 1873 719 τῆς·
1883 679 1961 712 τῶν
1973 675 2090 711 πάλαι
2110 679 2347 724 στρατιωτῶν
2362 691 2456 724 προ-

1363 724 1503 761 ventac,
1529 720 1595 756 ἐὰν
1614 720 1665 766 μὴ
1688 719 1760 767 ἄρα
1784 720 1874 756 ἄλλα
1898 724 2031 764 ἔχωσιν
2054 720 2178 757 δίκαια
2200 722 2293 768 πρὸς·
2314 726 2453 769 παραί-

1362 779 1471 809 τησιν
1501 767 1712 813 ἐπιτροπῆς,
1746 764 1828 801 οἷον
1858 762 2022 812 ἀριθμὸν
2051 768 2146 801 ἐτῶν
2175 765 2199 811 ἧ
2228 781 2266 802 τι
2295 770 2452 810 τοιοῦτο,

1364 807 1498 846 ὁποῖον
1519 814 1581 845 καὶ
1603 815 1679 847 τοῖς
1703 808 1868 848 ἰδιώταις
1902 810 1994 855 πρὸς
2026 807 2190 850 ἅπαντας
2214 813 2455 858 συναίρεσθαι

1365 856 1513 890 εἴωθεν.
1560 857 1676 890 ταῦτα
1700 853 1741 890 δὲ
1761 858 1845 902 περὶ
1866 855 1968 897 υἱῶν,
1993 852 2070 899 οὐχὶ
2091 860 2175 905 περὶ
2197 856 2360 904 ἐκγόνων
2381 859 2456 892 τῶν

1363 899 1478 935 πάλαι
1496 902 1751 947 στρατιωτῶν·
1776 900 1813 936 οἱ
1826 900 1896 949 γὰρ
1914 903 2058 948 ἔκγονοι
2072 903 2150 936 τῶν
2163 901 2279 937 πάλαι
2297 915 2457 948 σρατιω-

1361 946 1440 980 τῶν
1469 948 1510 980 ἐν
1530 947 1574 993 τῇ
1599 941 1731 993 αὐτῇ18
1758 945 1835 992 χῶρ
1890 947 1967 980 τῶν
2000 945 2141 981 λοιπῶν
2171 945 2333 982 ἰδιωτῶν
2365 947 2458 982 εἶναι

1365 994 1381 1026 1
1433 989 1756 1034 πιστευθήσονται.
1807 994 1851 1026 Oc
1880 993 2007 1036 μέντοι
2039 987 2176 1036 ἀτίμως
2208 988 2457 1039 ἀποστρατευ-

1363 1034 1520 1115 :wz
1539 1031 1663 1115 ³233:
1680 1034 2461 1126 ‘xassvaffszmwfflzaz

1361 1130 1439 1164 τοῖς
1469 1124 1614 1160 τούτων
1644 1129 1773 1161 παισὶν
1784 1127 1812 1147 ¹⁴
1851 1124 1968 1160 πάλαι
2007 1095 2229 1172 στρατιαξται
2266 1130 2458 1173 ἐπίτροποι

1362 1173 1383 1206 2
1431 1169 1604 1208 δοθέντες
1627 1169 1973 1213 κατασχεθήσονται.
2004 1166 2116 1206 Ἐσθ’
2143 1167 2204 1206 ὅτε
2238 1169 2278 1206 δὲ
2301 1167 2343 1206 οὗ
2365 1170 2459 1215 πλη-

1361 1216 1468 1263 ροῧσί
1486 1227 1583 1253 τινες
1604 1214 1672 1250 τὸν
1688 1217 1753 1259 τῆς
1778 1220 1968 1262 στρατείας
1985 1217 2119 1262 χρόνον
2141 1219 2202 1250 καὶ
2233 1212 2334 1262 ὅμως
2355 1218 2458 1259 ἔχου-

1362 1274 1421 1315 qm
1444 1258 1575 1317 ᾆφεσιν
1592 1262 1802 1314 ὀπιτροπῶν
1817 1260 1911 1315 κατὰ
1932 1259 1980 1296 τὰ
1997 1256 2087 1295 αὐτὰ
2111 1265 2190 1314 τοῖς
2204 1259 2457 1315 πληρῶρασιν·

1361 1317 1693 1386 ἷινζῗρπῗὲἶῖἶῖτῗ.
1708 1308 1791 1395 ἔῖξῖ
1808 1309 2458 1399 ,ἶῖζραῖἷίἶῖἷίῗὸνπτξῖβῗτρᾙιᾚ

1361 1398 1381 1432 3
1425 1394 1569 1442 χρόνον.
1600 1393 1647 1431 ‘0
1670 1393 1711 1430 δὲ
1732 1394 1835 1434 ἐντὸς
1851 1394 1994 1431 τούτων
2006 1397 2084 1430 τῶν
2105 1397 2198 1431 ἐτῶν
2221 1391 2375 1442 ἀφεθεὶς
2396 1392 2461 1431 οὐκ

1359 1442 1432 1495 ἔχει
1456 1439 1602 1484 διηνεκῆ
1625 1439 1693 1485 τὴν
1723 1444 1783 1476 ἐπὶ
1805 1445 1885 1479 ταῖς
1908 1443 2122 1488 ἐπιτροπαῖς
2145 1437 2454 1489 ἀλειτουργησίαν,

1361 1484 1448 1520 αλλὰ
1471 1485 1564 1533 πρὸς
1583 1485 1724 1532 χρόνον,
1759 1482 1883 1532 ῶσπερ
1915 1489 1976 1520 καὶ
1997 1487 2075 1521 τῶν
2097 1484 2238 1521 λοιπῶν
2259 1484 2462 1522 πολιτικῶν

1359 1529 1591 1578 λειτουργιῶν
1613 1529 1746 1577 ἄφεσιν
1768 1533 1850 1573 ἔχει.
1891 1529 1911 1566 ὁ
1934 1533 2002 1576 μὲν
2021 1530 2091 1578 γὰρ
2114 1530 2217 1568 ἐντὸς
2235 1534 2344 1566 πέντε
2365 1533 2462 1566 ἑτῶν

1359 1577 1422 1620 τῆς
1436 1580 1627 1623 στρατείας
1643 1572 1840 1614 ἀπολυθεὶς
1852 1571 2025 1621 οὐδεμίαν
2039 1577 2157 1620 ἑαυτῷ
2171 1575 2356 1619 ἐκδικήσει
2369 1572 2461 1611 ἄλει-

1370 1690 1586 1722 manifestum
1606 1690 1644 1722 fit
1664 1690 1764 1723 etiam
1786 1689 2007 1733 philosophos
2027 1700 2144 1722 vacare
2165 1700 2186 1722 a
2205 1689 2332 1723 tutelis.
2358 1689 2461 1724 verba

1368 1738 1482 1768 autem
1493 1735 1575 1768 haec
1589 1739 1677 1768 sunt.
1701 1730 1709 1742 ‘
1724 1735 1890 1768 Similiter
1909 1735 1963 1767 his
1985 1735 2141 1768 omnibus
2154 1734 2252 1768 divus
2261 1738 2359 1778 pater
2367 1746 2460 1769 meus
2522 1735 2524 1738 '

1365 1775 1583 1822 ‘simulatque
1607 1780 1774 1823 imperare
1786 1780 1953 1823 coepisset
1966 1780 2078 1813 edicto
2096 1779 2240 1813 honores
2253 1783 2287 1813 et
2299 1781 2458 1814 immuni-

1365 1820 1466 1858 ‘tates
1491 1825 1714 1865 confirmavit,
1735 1825 1885 1858 scribens
1899 1825 2120 1868 philosophos
2133 1825 2283 1858 rhetores
2294 1836 2460 1868 gramma-

1365 1866 1465 1903 ‘ticos
1493 1870 1642 1903 medicos
1669 1880 1786 1903 vacare
1814 1880 1834 1903 a
1861 1869 2142 1913 gymnasiarchiis
2165 1873 2199 1903 et
2230 1871 2460 1913 agoranomiis

1365 1911 1414 1949 ‘et
1423 1915 1622 1948 sacerdotiis
1634 1919 1669 1948 et
1679 1916 1827 1959 hospitis
1836 1915 2025 1958 recipiendi
2042 1925 2142 1948 onere
2154 1918 2189 1948 et
2208 1925 2290 1948 cura
2297 1915 2456 1949 frumenti
2519 1916 2521 1930 l

1365 1956 1486 1994 ‘oleive
1494 1960 1720 2001 emendi‚item
1729 1971 1793 2003 neq
1798 1971 1837 1993 ue
1845 1960 1996 1993 iudicare
2008 1970 2117 2002 neque
2125 1959 2354 2003 legationibus
2361 1961 2461 2004 fungi
2519 1983 2521 1987 v

1362 2002 1485 2048 ‘neque
1498 2006 1625 2038 invitos
1637 2005 1782 2038 militiae
1795 2016 1917 2038 nomen
1931 2005 2010 2038 dare
2022 2015 2130 2048 neque
2144 2005 2236 2038 aliud
2245 2016 2366 2039 munus
2380 2017 2460 2049 pro·

1366 2052 1387 2085 9
1409 2046 1419 2059 ‘
1435 2050 1581 2084 vinciale
1595 2050 1655 2084 ⁴vel
1676 2051 1770 2083 aliud
1791 2050 1982 2094 quodquam
2001 2053 2040 2083 ut
2050 2051 2240 2094 suscipiant
2251 2051 2328 2093 cogi
2336 2044 2358 2085 ².
2382 2051 2458 2084 Hoc

1367 2106 1501 2139 quoque
1514 2096 1689 2129 sciendum
1709 2099 1760 2128 est
1780 2096 1817 2128 in
1838 2105 1899 2128 sua
1911 2106 2075 2138 quemque
2088 2095 2227 2128 civitate
2238 2096 2458 2139 profitentem

1367 2141 1419 2174 vel
1431 2145 1605 2174 curantem
1617 2141 1865 2174 immunitatem
1878 2151 1951 2173 eam
1963 2139 2104 2175 habere:
2118 2151 2193 2173 cum
2205 2144 2318 2174 autem
2327 2142 2386 2184 qui
2397 2140 2459 2174 Co-

1365 2197 1485 2220 manus
1505 2189 1556 2220 est
1567 2187 1601 2218 N
1602 2196 1816 2220 eocaesareae
1836 2186 2038 2219 rhetoricam
2050 2186 2156 2218 tradit
2166 2186 2219 2219 vel
2232 2189 2328 2219 curat
2340 2186 2392 2219 vel
2403 2186 2460 2220 do-

1366 2234 1430 2274 cet,
1443 2231 1535 2274 apud
1547 2230 1712 2264 comanos
1724 2231 1972 2264 immunitatem
1988 2242 2057 2264 non
2069 2231 2182 2272 habet,
2193 2231 2295 2274 idque
2307 2231 2359 2264 ita
2370 2231 2460 2265 ordi·
2527 2251 2528 2279 ἦ

1368 2278 1410 2311 10
1434 2280 1552 2310 natum
1572 2279 1623 2310 est
1642 2287 1663 2309 a
1682 2276 1770 2309 divis
1784 2277 1905 2309 Severo
1925 2279 1959 2309 et
1978 2277 2160 2309 Antonino.
2186 2277 2344 2309 Attamen
2364 2276 2460 2310 valde
2527 2285 2528 2290 ¹

1366 2322 1482 2355 doctos
1495 2322 1598 2354 etiam
1609 2332 1711 2364 super
1730 2331 1907 2354 numerum
1918 2324 1953 2354 et
1964 2322 2001 2353 in
2014 2321 2126 2354 aliena
2138 2321 2276 2354 civitate
2287 2326 2457 2355 morantes

1365 2368 1532 2400 immunes
1541 2377 1612 2399 esse
1620 2366 1745 2399 Paulus
1755 2366 1886 2406 scribit,
1895 2366 2011 2399 dicens
2020 2366 2135 2398 divum
2142 2367 2352 2399 Antoninum
2360 2367 2460 2400 Pium
2514 2366 2517 2377 ¹

1371 2414 1407 2446 ll
1434 2412 1485 2445 ita
1507 2412 1656 2445 iussisse.
1682 2411 1750 2448 Qui
1773 2411 1898 2444 Romae
1922 2411 2036 2444 rhetor
2060 2414 2111 2444 est
2134 2412 2204 2444 sive
2229 2411 2352 2444 salario
2376 2422 2456 2444 con-

1367 2457 1489 2490 stituto
1502 2457 1572 2490 sive
1584 2457 1658 2489 sine
1676 2456 1801 2489 salario
1813 2457 2024 2489 vacationem
2036 2456 2159 2489 habere
2171 2457 2394 2490 constitutum
2407 2459 2459 2490 est

1365 2513 1386 2536 a
1409 2501 1497 2535 divis
1522 2501 1644 2534 Severo
1667 2504 1702 2534 et
1723 2501 1898 2534 Antonino
1929 2505 2098 2544 tamquam
2122 2502 2152 2534 si
2175 2502 2213 2534 in
2237 2511 2298 2534 sua
2321 2502 2459 2535 civitate
2511 2536 2516 2546 ,Χ

1366 2547 1589 2591 profiteretur.
1615 2557 1756 2589 quarum
1768 2546 2050 2579 constitutionum
2063 2547 2172 2589 possit
2184 2546 2260 2589 quis
2273 2556 2345 2579 earn
2354 2547 2458 2580 ratio·
2511 2572 2513 2574 -

1366 2603 1443 2626 nem
1455 2591 1603 2632 reddere,
1618 2591 1707 2634 quod
1720 2602 1797 2624 cum
1807 2591 1889 2624 urbs
1898 2595 2034 2624 aeterna
2046 2593 2232 2624 communis
2240 2592 2355 2634 patria
2366 2594 2400 2625 et
2412 2592 2459 2625 sit

1366 2641 1400 2672 et
1411 2638 1586 2677 habeatur,
1606 2640 1696 2670 recte
1713 2641 1883 2679 tamquam
1897 2637 1954 2679 qui
1969 2637 2005 2669 in
2018 2637 2156 2680 propria
2173 2637 2286 2679 patria
2305 2637 2377 2669 eius
2389 2637 2457 2669 uti-

1369 2684 1409 2716 12
1433 2682 1589 2715 litatibus
1613 2682 1755 2715 inservit
1773 2681 1986 2714 immunitate
2004 2682 2145 2715 fruatur.
2189 2681 2254 2718 Qui
2280 2682 2334 2714 ius
2357 2681 2458 2715 civile

1367 2728 1489 2760 docent
1511 2727 1549 2760 in
1572 2727 1759 2770 provincia,
1782 2727 1991 2759 vacationem
2006 2737 2078 2759 non
2089 2726 2223 2759 habent.
2260 2727 2384 2759 Romae
2398 2727 2456 2759 do-

1370 2774 1477 2807 13.14
1502 2776 1616 2805 centes
1632 2771 1767 2805 habent.
1792 2771 1960 2814 Ulpianus
1972 2796 1980 2803 .
1995 2796 2002 2804 .
2017 2798 2024 2805 .
2039 2772 2191 2805 coronati
2203 2774 2292 2804 sunt.
2316 2772 2457 2805 Provin-

1367 2818 1439 2852 ciae
1452 2817 1687 2858 sacerdotium,
1706 2821 1744 2850 ut
1756 2817 1943 2857 Asiarchia,
1955 2817 2209 2861 Bithynarchia,
2221 2815 2455 2860 Cappadocar-

1368 2862 1455 2903 chia,
1467 2862 1714 2895 immunitatem
1726 2865 1876 2904 praestat
1887 2872 1907 2894 a
1920 2861 2047 2903 tutelis,
2068 2862 2200 2895 scilicet
2213 2862 2317 2894 donec
2328 2862 2404 2905 quis
2416 2872 2456 2895 eo
2507 2872 2513 2898 ⁴,

1371 2910 1423 2942 15.
1442 2910 1482 2942 16
1506 2907 1671 2950 fungitur.
1696 2907 1816 2940 Tutela
1828 2932 1838 2942 .
1851 2932 1859 2941 .
1873 2907 2119 2941 administrare.
2140 2907 2357 2940 Excusantur
2369 2917 2390 2939 a
2403 2911 2455 2940 tu·
2510 2929 2513 2931 -

1371 2954 1410 2987 17
1436 2952 1504 2985 tela
1515 2952 1568 2985 vel
1579 2961 1660 2985 cura
1679 2954 1897 2995 magistratus
1909 2952 2140 2996 municipales.
2170 2952 2389 2985 Vacationem
2401 2955 2455 2984 tu-

1368 2998 1455 3031 telae
1467 2998 1551 3031 dant
1562 3000 1597 3030 et
1607 2997 1810 3030 inimicitiae
1833 2997 2006 3039 capitales,
2031 3008 2115 3040 quae
2138 2997 2229 3030 inter
2240 3000 2384 3030 tutorem
2397 2996 2455 3030 da·

1367 3046 1440 3077 tum
1453 3045 1488 3076 et
1498 3045 1630 3086 patrem
1641 3042 1848 3085 pupillorum
1862 3043 2057 3083 extiterunt,
2069 3042 2137 3075 nisi
2150 3043 2180 3075 si
2191 3052 2232 3075 ex
2255 3044 2455 3075 testamento

1368 3090 1462 3121 tutor
1483 3087 1582 3120 datus
1606 3091 1674 3126 est,
1699 3092 1931 3129 praeterquam
1963 3087 2023 3120 ubi
2054 3091 2132 3130 post
2159 3087 2323 3130 scriptum
2353 3090 2454 3119 teste,-

1367 3135 1518 3167 mentum
1538 3131 1700 3175 capitales
1722 3132 1926 3165 inimicitiae
1953 3132 2044 3165 inter
2062 3143 2118 3165 eos
2131 3132 2317 3165 extiterunt
2327 3131 2380 3164 vel
2394 3131 2454 3165 ubi
2498 3159 2499 3162 ,

1367 3177 1570 3211 inimicitiae
1579 3176 1715 3219 quidem
1724 3181 1907 3222 coeperunt
1915 3181 1993 3210 ante
2002 3181 2247 3217 testamentum,
2257 3177 2333 3209 ideo
2341 3181 2453 3210 autem
2501 3199 2509 3222 5

1368 3222 1468 3256 datus
1475 3222 1608 3255 videtur
1620 3232 1690 3255 esse
1703 3226 1805 3263 tutor,
1818 3226 1858 3255 ut
1867 3221 2075 3265 obligatione
2092 3226 2126 3255 et
2133 3222 2277 3264 negotiis
2286 3226 2453 3263 oneretur,
2498 3239 2509 3250 κ

1370 3269 1411 3302 18
1435 3267 1537 3310 idque
1549 3271 1691 3310 apparet
1702 3278 1742 3300 ex
1750 3267 1894 3320 epistula
1906 3267 2119 3309 imperatoris
2129 3267 2251 3300 Severi.
2277 3268 2453 3299 Praeterea

1368 3322 1389 3346 a
1398 3312 1507 3345 tutela
1526 3311 1691 3345 liberatur
1710 3314 1739 3345 si
1753 3323 1828 3355 quis
1840 3312 1973 3355 pupillo
1985 3313 2027 3345 de
2039 3315 2129 3345 statu
2143 3312 2372 3354 quaestionem
2382 3321 2452 3344 mo-
2498 3319 2509 3332 ¹·

1369 3357 1455 3391 verit
1474 3356 1577 3400 idque
1590 3367 1665 3390 eum
1678 3361 1838 3400 appareat
1850 3357 1969 3390 secisse
1978 3368 2046 3389 non
2066 3357 2193 3398 fraude,
2207 3357 2264 3389 sed
2276 3356 2364 3389 bona
2377 3356 2451 3397 fide,

1369 3403 1412 3437 19
1436 3402 1537 3445 idque
1556 3401 1628 3435 divi
1639 3402 1773 3436 Marcus
1785 3405 1819 3436 et
1833 3402 1940 3435 Verus
1959 3403 2216 3435 constituerunt.
2242 3402 2292 3434 De
2315 3402 2451 3434 rusticis

1368 3450 1402 3480 et
1419 3446 1606 3480 humilibus
1630 3450 1665 3480 et
1687 3448 1730 3481 iis
1754 3447 1812 3490 qui
1835 3447 1967 3480 litteras
1990 3448 2148 3480 nesciunt
2170 3446 2219 3479 sic
2231 3446 2351 3479 scribit
2362 3447 2450 3479 Pau-

1365 3490 1429 3526 lus.
1455 3491 1672 3525 Mediocritas
1685 3518 1694 3527 .
1710 3518 1719 3527 .
1733 3518 1743 3527 .
1755 3493 1977 3535 negotiorum.
2116 3494 2160 3534 (8)
2185 3504 2225 3525 esc
2250 3492 2390 3535 Ulpiani
2411 3492 2451 3525 ds

1367 3538 1479 3579 officio
1507 3539 1672 3580 praetoris
1705 3538 1852 3571 uniaris
1877 3537 1960 3571 libro
1982 3537 2146 3582 sinqulan'
2167 3537 2279 3570 eadem
2303 3537 2451 3580 afferant
2479 3559 2485 3578 ,η
2506 3564 2507 3567 ,

2151 3582 2213 3622 (10)
2238 3581 2356 3613 docere
2375 3581 2447 3614 ναι.
2480 3587 2482 3589 “

2206 3627 2265 3666 (12)
2287 3625 2366 3680 τῶν
2386 3626 2446 3658 ins.

2244 3674 2302 3711 (14)
2327 3681 2363 3703 οι
2386 3681 2446 3702 zm.

1375 3582 1447 3615 ναι.
1461 3589 1526 3616 185.
1540 3589 1595 3616 2⁴⁰
1742 3583 1787 3623 (e)
1813 3580 1912 3625 plane
1922 3583 1995 3616 Vae.

1367 3627 1422 3667 (11)
1445 3622 1469 3668 ἣ
1492 3628 1623 3660 evanuit
1645 3627 1679 3661 u‘n
1702 3627 1742 3669 F,
1767 3629 1827 3659 καὶ
1851 3627 2037 3661 politianus

1365 3671 1517 3750 Ξῖξλὴῖ
1675 3674 1733 3714 (18)
1758 3666 1845 3717 αὗτῇ
1867 3673 1930 3706 del.
1950 3672 2098 3706 Hercher
