2528 3918
144 107 201 136 ET
228 107 719 141 DEMONSTRATIONIBUS

147 225 181 256 ct
194 220 272 256 ideo
287 230 353 255 nec
370 220 541 256 Muciana
556 220 790 258 satisdatione
810 221 1023 268 interposita
1038 234 1166 269 capere
1185 224 1235 259 le-

144 269 263 311 gatum
283 269 414 311 potest.
439 265 504 302 sed
527 270 564 302 et
588 266 648 302 alii
666 266 836 303 nubendo
856 267 966 303 nihilo
998 269 1114 305 minus
1140 270 1237 314 lega-

146 316 219 347 tum
239 311 481 355 consequitur.

192 354 269 394 107
299 356 423 392 011108
443 356 534 392 libro
559 356 745 403 sinqulari
775 356 820 392 de
843 357 986 393 casibus
1031 359 1235 404 Aliquando

144 401 285 444 accidit,
310 405 351 436 ut
374 402 441 438 sub
467 401 678 437 condicione
702 401 826 437 datum
848 402 1005 448 legatum
1028 415 1158 450 purum
1181 404 1235 440 in-

144 447 341 492 tellegatur,
364 447 475 482 veluti
494 447 590 492 quod
609 447 677 483 sub
700 447 822 482 eadem
844 447 1053 484 condicione
1071 450 1236 485 relictum
1256 476 1260 495 ‚

143 497 214 536 est,
245 492 312 528 sub
361 502 409 527 ua
439 492 545 528 etiam
574 493 677 528 heres
708 493 798 528 alius
829 493 1014 529 institutus
1046 499 1119 537 est,
1151 495 1235 533 item

143 536 239 584 quod
262 538 328 573 sub
379 548 422 573 ac
447 537 655 573 condicione
678 538 841 573 relictum
855 542 909 574 est
933 539 977 574 ‘si
1000 540 1235 576 hereditatem

143 582 306 618 ‘adierit'.
354 593 399 618 ex
422 582 560 618 diverso
594 594 663 629 quo
691 593 736 618 ue
765 594 895 630 purum
928 584 1051 620 datum
1080 586 1235 631 legatum

144 627 390 664 condicionale
430 627 586 671 videtur,
635 639 678 664 ve
691 629 744 664 uti
780 629 876 674 quod
914 630 982 666 sub
1026 631 1235 667 condicione

141 673 345 754 aderlrliptum
369 676 439 716 est,
473 674 556 719 quia
580 674 647 710 sub
673 675 854 710 contraria
879 675 1087 712 condicione
1110 677 1234 712 datum

139 719 213 755 inte
241 729 260 754 e
286 719 367 754 'tur.
774 744 776 746 .

189 730 500 802 lOSgISUAEVOLA
524 765 614 800 libro
640 776 736 800 nono
762 765 899 801 decimo
924 766 1148 812 diqestorum
1172 766 1233 801 Li-

139 811 252 846 bertis
277 810 442 846 omnibus
466 810 595 855 legavit
619 810 760 845 domum
786 815 821 846 et
843 811 934 847 haec
952 812 1062 847 verba
1083 811 1231 847 adiecit:

141 859 193 890 ‘ut
215 855 254 890 in
278 866 320 890 ea
344 856 506 891 habitent
529 856 666 898 liberti,
691 866 736 893 ne
761 856 805 891 de
836 857 980 892 nomine
1005 861 1110 892 exeat
1134 861 1170 893 et
1193 860 1234 892 ut

141 901 198 936 ‘ad
220 912 342 943 unum,
368 901 428 946 qui
452 901 665 936 novissimus
691 902 877 944 exstiterit,
904 903 1104 947 perveniat:
1131 907 1166 938 et
1191 913 1232 938 eo

140 947 304 991 ‘amplius
328 946 460 982 eisdem
492 946 630 982 libertis
659 948 746 982 meis
777 947 855 982 dari
878 948 957 984 volo
991 947 1142 983 fundum
1167 948 1230 984 So-

140 992 313 1026 ‘sianum’.
346 992 545 1037 quaesitum
571 996 635 1034 est,
661 1003 708 1027 011
732 992 893 1028 condicio
919 993 1095 1038 adposita,
1120 1004 1166 1029 ne
1190 993 1234 1029 de

139 1038 278 1072 nomine
302 1038 423 1080 exiret,
448 1037 495 1072 ad
518 1048 670 1083 sequens
686 1049 828 1084 quoque
850 1038 1007 1083 legatum
1030 1039 1232 1084 pertineret.

138 1093 193 1118 res
222 1082 342 1118 ondit¹
368 1083 557 1127 pertinere.

212 1126 265 1166 09
291 1128 399 1163 IDEM
418 1128 508 1163 libro
540 1129 706 1165 vicesimo
738 1128 960 1175 diyeslorum
1003 1131 1037 1164 A
1061 1133 1233 1166 testatore

138 1178 294 1219 rogatus,
320 1178 360 1208 ut
383 1174 541 1218 acceptis
567 1177 710 1209 centum
727 1175 879 1210 nummis
897 1176 1106 1211 restitueret
1127 1176 1231 1210 here-

138 1218 285 1254 ditatem
314 1219 431 1254 Titiae
464 1219 629 1254 coheredi
660 1230 769 1262 suae,
809 1220 909 1255 adita
939 1221 1138 1256 hereditate
1171 1221 1231 1256 de-

139 1265 262 1300 cessit:
301 1264 461 1299 similiter
496 1268 533 1300 et
568 1264 680 1306 Titia,
718 1268 910 1311 antequam
941 1267 1044 1302 daret
1068 1271 1228 1301 centum:

137 1310 336 1355 quaesitum
363 1313 426 1351 est,
453 1320 499 1344 011
523 1311 625 1344 116168
640 1310 755 1345 Titiae
769 1311 951 1347 offerendo
965 1316 1107 1347 centum
1131 1311 1230 1347 fidei-

139 1356 325 1390 commisso
350 1359 489 1400 partem
512 1355 722 1390 hereditatis
739 1358 909 1402 consequi
931 1358 1054 1402 possit.
1081 1367 1230 1403 respon-

138 1401 188 1435 dit
212 1400 376 1436 heredem
401 1400 601 1435 condicioni
624 1411 753 1445 parere
774 1412 846 1437 non
865 1413 983 1447 posse.
1027 1402 1229 1438 CLAUDIUS.

137 1457 263 1491 magno
287 1445 428 1490 ingenio
454 1445 497 1481 de
521 1446 599 1480 iure
622 1450 746 1491 aperto
772 1448 969 1492 respondit,
1006 1459 1087 1483 cum
1110 1451 1232 1494 potest

136 1492 309 1533 dubitari,
333 1501 380 1526 an
403 1491 440 1525 in
463 1491 647 1536 proposito
673 1491 836 1528 condicio
861 1497 967 1528 esset.

185 1535 262 1574 110
289 1536 518 1572 POMPONIUS
538 1536 629 1572 libro
653 1539 775 1573 nouo2
798 1539 1035 1584 epistularum
1077 1539 1231 1574 Etiamsi

135 1582 251 1617 invitis
274 1581 467 1617 heredibus
481 1592 525 1617 ex
549 1582 690 1627 peculio
715 1584 904 1619 statuliber
926 1584 1117 1629 pecuniam
1135 1585 1228 1620 Titio

135 1628 204 1670 det,
228 1627 319 1663 liber
336 1627 478 1672 quidem
501 1627 560 1662 fit:
582 1627 646 1663 sed
663 1628 791 1673 Titius,
840 1629 876 1664 ui
900 1630 1018 1665 invitis
1036 1630 1228 1666 heredibus

134 1674 249 1709 sciens
274 1673 424 1717 accepit,
447 1683 514 1718 pro
539 1683 746 1718 possessore
772 1675 806 1709 vi
832 1679 913 1710 etur
937 1685 1015 1710 eam
1037 1676 1229 1721 pecuniam

136 1718 328 1764 possidere,
344 1722 386 1753 ut
400 1728 551 1754 avocare
561 1729 639 1754 eam
650 1719 698 1762 hi,
713 1719 774 1765 qui
788 1721 888 1755 inviti
903 1720 1059 1764 fuerunt,
1103 1721 1227 1757 ossint.

183 1762 258 1800 111
298 1763 401 1798 IDEM
427 1764 518 1800 libro
549 1765 737 1800 undecimo
768 1766 1006 1812 epistularum
1092 1767 1129 1802 ui
1161 1767 1227 1802 sub

137 1809 343 1845 condicione
378 1809 556 1844 rationum
588 1809 848 1846 reddendarum
883 1811 974 1847 liber
998 1821 1075 1847 esse
1109 1812 1228 1848 iussus

137 1860 204 1897 est,
238 1854 367 1890 docere
392 1854 498 1889 debet
522 1859 688 1890 constare
712 1854 818 1891 fidem
843 1857 1026 1900 omnibus,
1060 1868 1152 1902 quae
1181 1858 1227 1893 ab

136 1910 173 1936 eo
197 1904 299 1946 gesta
323 1903 418 1942 sunt,
443 1904 483 1935 ut
506 1911 622 1944 neque
646 1901 865 1937 subtraxerit
887 1901 970 1947 quid
992 1913 1035 1937 ex
1056 1903 1111 1938 his
1136 1914 1227 1948 quae

132 1956 217 1981 acce
245 1946 310 1980 erit
334 1956 449 1990 neque
474 1956 669 1991 expensum
699 1947 899 1983 rationibus
929 1949 1226 1993 praescripserit-'³

132 2002 201 2036 quo
250 2002 322 2026 non
348 1991 512 2026 dederat:
538 1991 600 2026 sed
625 1995 660 2026 et
685 1992 781 2036 quod
804 1992 978 2038 reliquum
1001 2004 1067 2039 per
1079 1998 1225 2029 contex-

133 2043 207 2071 tum
231 2036 405 2081 scriptum
430 2040 484 2072 est
507 2047 692 2072 remanere
707 2038 804 2082 apud
823 2049 914 2081 eum,
939 2038 1076 2074 solvere
1102 2039 1224 2075 debet:

132 2092 245 2128 neque
281 2082 374 2117 enim
409 2082 513 2117 aliter
545 2082 637 2118 fiber
671 2093 749 2118 esse
782 2087 914 2129 potest,
952 2094 1058 2129 quam
1095 2085 1126 2120 si
1154 2085 1225 2120 hoc

132 2127 234 2163 modo
261 2127 478 2170 condicioni,
503 2128 570 2163 sub
597 2138 703 2173 quam
729 2128 814 2163 data
837 2133 893 2165 est
925 2129 1091 2172 libertas,
1117 2131 1222 2166 satis-

131 2173 268 2209 fecerit.
294 2177 451 2208 ceterum
465 2172 655 2217 debitores,
680 2184 761 2209 cum
786 2175 913 2219 quibus
938 2175 1015 2220 ipse
1033 2177 1223 2219 contraxit,

131 2229 203 2254 non
226 2218 350 2263 utique
372 2218 410 2252 in
435 2218 527 2254 diem
552 2218 676 2254 mortis
701 2219 835 2255 domini
859 2220 914 2255 sui
938 2220 1051 2256 fuisse
1074 2220 1222 2258 idoneos

130 2268 316 2308 praestare
340 2264 517 2309 cogendus
542 2268 606 2308 est,
631 2264 694 2299 sed
719 2275 761 2300 eo
786 2268 957 2311 tempore,
983 2276 1052 2318 quo
1077 2266 1132 2302 his
1146 2277 1222 2303 cre-

131 2309 242 2344 ditum
268 2313 337 2353 est,
375 2309 450 2345 eius
475 2309 694 2345 condicionis
719 2310 846 2353 fuisse,
884 2314 924 2346 ut
949 2311 1096 2357 diligens
1120 2317 1224 2357 pater

130 2354 283 2390 familias
306 2354 361 2390 his
387 2354 587 2391 crediturus
610 2355 730 2390 fuerit.

179 2397 258 2437 112
282 2399 389 2435 IDEM
410 2400 500 2436 libro
526 2400 736 2437 duodecimo
751 2401 988 2447 epistularum
1013 2402 1120 2438 Tales
1137 2414 1220 2438 con-

130 2445 287 2481 diciones
322 2446 364 2481 ‘si
399 2447 678 2481 monumentum'
714 2451 804 2491 puta
840 2446 1014 2482 ‘fecerint'
1055 2448 1222 2493 pluribus

130 2491 360 2537 11101108110046
392 2501 466 2527 11011
493 2495 646 2537 possunt
675 2492 743 2527 nisi
765 2493 804 2526 in
823 2492 986 2528 omnibus
1011 2493 1117 2528 simul
1140 2504 1221 2539 per-

134 2540 145 2570 1
197 2536 293 2571 801118
324 2537 505 2572 exsistere.
554 2536 659 2571 Item:
694 2537 736 2572 ‘si
760 2537 959 2583 Symphoro
994 2542 1029 2573 et
1052 2538 1221 2575 Ianuario

131 2585 285 2616 ‘centum
310 2581 425 2617 Titius
454 2582 694 2627 praestiterit,
725 2582 876 2617 fundum
909 2583 940 2618 ei
970 2584 1071 2628 lego’.
1121 2584 1220 2630 Sym-

129 2627 242 2672 phoro
268 2630 407 2662 mortuo
431 2637 478 2662 an
502 2628 655 2672 legatum
679 2628 856 2673 perisset?
891 2629 954 2664 sed
984 2629 1054 2664 hoc
1079 2641 1222 2675 quoque

129 2672 181 2708 sic
205 2676 294 2717 puto
319 2673 624 2717 interpretandum
647 2675 709 2708 ut5
740 2673 786 2716 si,
817 2673 901 2708 dum
926 2674 1075 2719 quisque
1099 2685 1222 2710 eorum

130 2717 231 2762 vivet,
251 2718 500 2763 praestitisset.
533 2718 596 2753 sed
616 2718 771 2762 benigna
787 2719 1081 2763 interpretatione
1100 2720 1221 2756 dicen-

130 2762 233 2805 dum,
264 2763 293 2798 si
324 2774 398 2798 non
428 2767 511 2808 post
540 2774 675 2798 moram
701 2763 787 2798 Titii
810 2763 1032 2815 Symphorus
1058 2765 1220 2808 decessit,

130 2808 282 2844 debere⁶
318 2813 457 2853 partem
493 2809 672 2844 dimidiam
703 2810 870 2844 Ianuario
907 2809 1050 2845 dantem
1082 2816 1221 2855 partem

131 2857 149 2887 2
198 2854 301 2889 fundi
324 2854 503 2889 dimidiam
527 2854 737 2900 legatarium
752 2865 830 2890 esse
851 2859 1141 2892 consecuturum.
1166 2856 1221 2891 De

130 2899 188 2935 illo
202 2909 342 2945 quoque
356 2900 555 2944 quaeritur:
581 2899 714 2935 fundus
735 2900 948 2946 quibusdam
958 2902 981 2922 ⁶¹
998 2902 1137 2946 legatus
1155 2906 1219 2944 est,

130 2945 159 2979 si
181 2944 371 2990 pecuniam
388 2949 521 2980 certam
546 2945 582 2980 in
606 2945 714 2981 funus
737 2946 1004 2991 impensamque
1019 2946 1221 2992 perferendi

131 2990 289 3035 corporis
314 2990 350 3024 in
374 2991 481 3025 aliam
504 2991 683 3035 regionem
708 2991 898 3026 dedissent.
925 3002 1008 3026 nam
1031 2992 1100 3027 nisi
1123 2996 1218 3027 uter-

153 3045 198 3070 ue
239 3035 393 3079 dederit,
447 3037 566 3071 neutri
604 3041 658 3071 est
697 3036 873 3081 legatum,
919 3037 1087 3082 quoniam
1133 3049 1218 3073 0011-

154 3080 220 3116 ’010
253 3081 321 3116 11181
355 3091 420 3125 per
454 3085 645 3126 utrumque
680 3082 816 3126 expleri
851 3093 924 3118 non
965 3086 1095 3127 potest.
1157 3083 1219 3118 sed

131 3125 218 3160 haec
240 3126 430 3161 humanius
454 3126 681 3172 interpretari
705 3128 869 3170 solemus,
894 3132 945 3170 ut,
972 3139 1052 3162 cum
1077 3128 1217 3164 duobus

132 3169 262 3205 fundus
297 3172 433 3215 legatus
469 3171 534 3213 sit,
580 3172 608 3207 si
644 3172 766 3207 decem
802 3173 1000 3215 dedissent,
1046 3177 1081 3209 et
1115 3173 1218 3208 alteri

131 3217 149 3247 3
198 3215 313 3251 dando
338 3221 475 3261 partem
498 3217 652 3261 legatum
678 3228 819 3263 quoque
844 3218 1027 3253 debeatur.
1071 3219 1217 3254 Priscus

131 3260 314 3304 respondit
361 3262 608 3297 statuliberum
656 3274 728 3297 non
774 3263 896 3308 utique
933 3264 983 3299 ibi
1018 3264 1080 3299 ubi
1113 3268 1218 3309 pater

131 3304 282 3339 familias
313 3305 465 3341 decessit
495 3310 559 3342 aut
589 3308 651 3343 11111
681 3308 758 3353 ipse
792 3309 938 3344 relictus
975 3309 1023 3344 sit
1057 3313 1121 3344 aut
1155 3309 1218 3345 ubi

131 3349 223 3392 velit,
249 3350 404 3386 rationes
427 3351 578 3388 reddere
601 3352 740 3395 debere,
766 3353 828 3388 sed
850 3354 1017 3389 1111611111·1
1037 3354 1218 3400 proficisci

128 3467 165 3507 (ι)
192 3466 396 3508 respondiF
439 3469 481 3508 (2)
506 3469 621 3500 nonF
669 3470 709 3510 (3)
735 3470 1213 3513 praescripseratEporscrip-
1246 3475 1248 3483 '

127 3511 207 3544 serit
221 3512 303 3544 Rob.
317 3510 504 3554 Stephanus
596 3515 638 3553 (4)
662 3514 868 3557 praepositae
879 3513 933 3546 ΓΞ
1031 3517 1071 3555 (5)
1098 3518 1137 3548 ut
1150 3517 1213 3549 del.

128 3559 171 3598 (6)
196 3555 314 3589 debere
327 3556 388 3589 del.
398 3555 525 3591 Iona-ius
572 3559 627 3599 (6⁸)
652 3558 781 3592 duobus
791 3572 853 3592 scr.
902 3560 943 3601 (7)
968 3559 1138 3593 interdum
1149 3573 1213 3595 scr.

175 3602 218 3641 (8)
244 3601 331 3644 Pap.
344 3609 370 3635 1.
383 3608 482 3635 3...33.
495 3609 608 3636 36...41.
625 3610 678 3643 933
704 3605 770 3638 Ed.
784 3612 811 3638 2.
826 3612 871 3639 34.
885 3611 931 3638 35.
945 3612 1064 3639 42...50.
1082 3613 1210 3644 52...68;

132 3646 210 3679 Sab.
224 3654 265 3680 51.
281 3653 410 3686 69...92;
433 3647 522 3690 App.
536 3654 657 3682 94...96.
676 3667 722 3673 -
744 3650 829 3683 Bas.
843 3651 936 3691 41,1.
952 3669 997 3673 —
1020 3651 1070 3693 Cf
1083 3650 1165 3684 Inst.
1179 3652 1210 3693 2,

130 3697 182 3730 223
212 3692 288 3725 cod.
304 3693 335 3733 6,
347 3698 384 3724 50
465 3693 509 3732 (9)
535 3693 581 3725 ad
595 3696 611 3732 fi
627 3700 643 3727 9
657 3695 700 3736 cf:
719 3695 793 3728 Vat.
799 3697 850 3738 fr.
867 3699 883 3733 §
899 3701 935 3728 08
1018 3696 1081 3737 (ιο)
1105 3705 1209 3738 usque

130 3735 169 3767 ad
182 3736 374 3769 dodrantem
387 3736 447 3769 del.
467 3737 618 3770 Cuiacz’us
722 3740 775 3780 (11)
801 3739 840 3772 (16
852 3749 912 3771 sua
921 3738 1067 3781 pecunia*
1076 3740 1208 3782 suisque

1240 97 1324 145 507

2125 103 2293 146 XXXV
2328 103 2404 147 1.2

1307 223 1356 259 ad
1380 233 1472 267 eum,
1499 224 1557 260 cui
1581 223 1729 258 reddere
1746 224 1884 268 debeat,
1910 225 2032 271 utique
2057 226 2087 261 si
2109 226 2141 262 is
2165 226 2217 262 rei
2239 226 2406 273 publicae

1308 279 1422 304 causa
1446 270 1580 306 aberit:
1618 268 1838 304 verissimum
1870 274 1924 306 est
1955 275 2094 314 autem,
2129 275 2171 307 ut
2193 272 2283 308 alias
2308 272 2405 308 aliud

1308 324 1353 349 ex
1377 325 1533 359 persona
1556 314 1710 360 locoque
1734 315 1781 349 sit
1805 316 2076 352 aestimandum.

1359 358 1437 398 113
1463 360 1521 396 Pa
1529 370 1624 396 ULUs
1651 360 1893 406 imperialium
1924 363 2184 398 sententiarum
2220 363 2258 397 in
2281 373 2323 398 co
2352 364 2404 398 ni-

1307 406 1466 441 tionibus
1482 406 1717 453 prolatarum
1743 416 1793 441 ex
1816 405 1917 441 libris
1936 417 2004 442 sea:
2025 407 2116 443 libro
2132 407 2289 443 secundo
2344 419 2404 443 um

1305 449 1402 486 filius
1427 454 1574 496 rogatus
1599 450 1727 486 fuisset
1752 461 1774 485 a
1797 453 1917 496 patre,
1943 451 1992 494 si,
2018 456 2212 498 antequam
2235 463 2292 489 res
2317 464 2403 489 suas

1306 495 1561 532 administrare
1594 499 1738 542 posset,
1775 495 2003 539 decessisset,
2038 498 2272 534 hereditatem
2307 498 2402 534 Titio

1305 542 1519 585 restituere,
1552 546 1587 577 et
1619 551 1783 587 egressus
1814 541 1937 586 viginti
1961 553 2074 579 annos
2099 543 2322 588 decessisset,
2345 555 2401 580 re-

1306 587 1482 632 scriptum
1507 591 1563 624 est
1585 586 1899 623 fideicommissum
1924 586 2056 623 deberi.

1818 725 1894 765 11⁸.

1585 792 1647 824 AD
1670 791 1836 824 LEGEM
1858 791 2128 825 FALOIDIAM.

1356 854 1401 892 1⁹
1438 855 1594 892 PAULUs
1627 856 1717 893 libro
1749 857 1935 904 sinqulari
1972 857 2022 893 ad
2052 857 2165 904 leqem
2200 860 2400 896 Falcidiam

1304 901 1383 936 Lex
1405 900 1570 937 Falcidia
1592 902 1670 937 lata
1694 906 1758 945 est,
1784 913 1876 948 quae
1899 902 2014 948 primo
2039 903 2157 948 capite
2180 904 2327 940 liberam
2351 906 2400 941 le-

1303 945 1411 991 gandi
1446 946 1658 983 facultatem
1693 947 1791 983 dedit
1825 958 1940 994 usque
1977 948 2023 983 ad
2059 948 2270 984 dodrantem
2284 953 2311 972 ¹0
2345 952 2400 987 his

1305 993 1441 1027 verbis:
1468 993 1542 1038 ‘qui
1567 993 1660 1028 cives
1678 992 1832 1028 Romani
1855 998 1951 1036 sunt,
1977 994 2038 1039 qui
2055 1004 2178 1029 60111111
2201 1000 2285 1040 post
2307 996 2401 1032 hanc

1306 1037 1431 1083 ‘legem
1455 1046 1617 1083 rogatam
1646 1040 1938 1074 ¹¹testamentum
1962 1038 2082 1075 facere
2105 1040 2218 1083 volet,
2250 1045 2291 1076 ut
2323 1052 2401 1078 eam

1307 1084 1508 1129 ‘pecuniam
1541 1094 1673 1129 easque
1703 1095 1762 1120 res
1795 1085 1996 1130 quibusque
2028 1085 2114 1120 dare
2144 1085 2265 1131 legare
2296 1088 2399 1130 volet,

1305 1130 1371 1164 ‘ius
1395 1132 1629 1175 potestasque
1654 1133 1743 1172 esto,
1768 1133 1809 1165 ut
1831 1130 1900 1165 hac
1924 1131 2001 1175 lege
2026 1132 2231 1176 80(1116111112
2254 1131 2398 1168 licebit’.

1304 1174 1463 1210 secundo
1490 1176 1608 1220 capite
1633 1175 1777 1211 modum
1808 1175 2009 1221 legatorum
2034 1177 2219 1212 constituit
2242 1177 2298 1213 his
2322 1189 2399 1214 ver-

1303 1220 1377 1255 bis:
1424 1220 1652 1267 ‘quicumque
1691 1221 1776 1256 civis
1816 1221 2001 1257 Romanus
2043 1226 2128 1267 post
2159 1222 2253 1258 hanc
2287 1223 2399 1269 legem

1304 1268 1477 1310 ‘rogatam
1501 1270 1755 1302 testamentum
1778 1266 1906 1310 faciet,
1930 1268 1960 1302 is
1986 1271 2156 1312 quantam
2181 1268 2310 1313 cuique
2334 1270 2399 1304 civi

1302 1310 1479 1347 ‘Romano
1511 1312 1703 1357 pecuniam
1740 1313 1818 1348 iure
1848 1312 1996 1357 publico
2031 1312 2116 1348 dare
2145 1314 2264 1358 legare
2293 1315 2398 1358 volet,

1303 1357 1370 1392 ‘ius
1392 1360 1625 1403 potestasque
1661 1361 1755 1400 esto,
1793 1358 1877 1393 dum
1907 1358 1959 1393 ita
1984 1358 2088 1393 detur
2111 1359 2319 1403 legatum¹³,
2354 1371 2399 1396 ne

1300 1402 1431 1437 ‘minus
1447 1413 1553 1448 quam
1570 1406 1707 1448 partem
1722 1407 1887 1449 quartam
1899 1404 2107 1439 hereditatis
2127 1414 2168 1440 eo
2185 1409 2397 1441 testamento

1301 1447 1460 1483 ‘heredes
1486 1449 1642 1493 capiant,
1678 1449 1704 1469 ¹⁴
1715 1450 1775 1492 618,
1808 1449 1939 1501 (111111118
1964 1449 2049 1494 quid
2071 1450 2123 1484 ita
2148 1450 2271 1485 datum
2302 1451 2397 1497 lega-

1301 1495 1431 1528 ‘tumve
1463 1494 1548 1536 erit,
1589 1504 1668 1529 eam
1698 1505 1888 1539 pecuniam
1917 1495 1993 1530 sine
2021 1495 2148 1531 fraude
2180 1506 2246 1531 sua
2271 1507 2398 1542 capere

1300 1538 1417 1574 ‘liceto
1443 1539 1544 1584 isque
1568 1540 1692 1582 heres,
1729 1541 1791 1586 qui
1815 1551 1892 1575 eam
1916 1541 2106 1585 pecuniam
2130 1541 2216 1577 dare
2238 1542 2397 1578 iussus¹⁵

1301 1583 1503 1619 ‘damnatus
1529 1585 1612 1629 erit,
1646 1596 1725 1621 eam
1747 1586 1938 1631 pecuniam
1963 1586 2091 1622 debeto
2117 1586 2222 1630 dare,
2248 1598 2356 1633 (1110111
2369 1590 2396 1610 ¹⁶

1304 1633 1317 1664 1
1369 1629 1573 1666 ‘damnatus
1598 1631 1675 1666 est'.
1724 1631 1803 1666 Lex
1825 1631 1989 1667 Falcidia
2014 1632 2120 1667 etiam
2144 1633 2191 1668 ad
2224 1643 2304 1676 eos,
2336 1634 2395 1679 qui

1299 1675 1396 1720 apud
1439 1676 1562 1711 hostes
1603 1677 1823 1721 moriuntur,
1857 1680 2008 1723 propter
2047 1678 2160 1722 legem
2196 1678 2391 1715 Corneliam

1298 1721 1478 1766 pertinere
1502 1721 1661 1764 videtur,
1695 1722 1792 1767 quod
1817 1733 1859 1758 ea
1883 1723 1940 1758 lex
1962 1723 2112 1768 perinde
2136 1734 2259 1759 eorum
2282 1728 2392 1761 testa-

1302 1770 1422 1801 menta
1455 1767 1660 1810 confirmat,
1694 1771 1802 1812 atque
1832 1768 1864 1803 si
1893 1768 1932 1803 in
1963 1768 2106 1804 civitate
2139 1769 2391 1806 decessissent:

1296 1815 1446 1856 propter
1470 1823 1577 1857 quam
1602 1813 1783 1848 fictionem
1806 1813 1864 1848 lex
1888 1813 2051 1849 Falcidia
2075 1817 2112 1849 et
2135 1825 2257 1851 omnes
2282 1819 2391 1852 testa-

1297 1857 1492 1892 mentariae
1506 1859 1532 1879 ¹⁷
1555 1859 1748 1903 pertinent,
1773 1869 1865 1904 quae
1880 1862 2001 1895 tamen
2024 1860 2165 1904 possint
2187 1861 2305 1896 locum
2329 1861 2391 1897 ha-

1298 1905 1317 1936 2
1365 1903 1461 1939 bere.
1493 1903 1552 1939 Ad
1576 1913 1650 1947 eos,
1674 1904 1735 1950 qui
1759 1904 1891 1940 omissa
1915 1915 2027 1940 causa
2050 1906 2254 1942 testamenti
2303 1907 2392 1943 ossi-

1297 1947 1382 1983 dent
1405 1949 1651 1994 hereditatem,
1676 1960 1750 1985 non
1773 1950 1929 1995 pertinet
1951 1951 2010 1985 lex
2034 1950 2212 1987 Falcidia:
2238 1962 2277 1988 se
2325 1963 2391 1998 per

1297 1996 1315 2027 3
1365 1993 1520 2029 edictum
1543 1995 1720 2040 praetoris
1744 1994 1927 2030 inducitur
1949 1999 2110 2041 potestas
2134 1996 2233 2042 legis.
2276 1997 2392 2033 Idem-

1296 2041 1315 2072 4
1363 2049 1433 2090 (1116
1457 2043 1522 2082 681,
1548 2040 1579 2075 81
1593 2040 1824 2075 iurisiurandi
1841 2041 2002 2077 condicio
2019 2041 2169 2077 remissa
2186 2042 2243 2078 sit.
2285 2043 2393 2079 ¹⁸Sed

1294 2087 1331 2118 et
1354 2094 1385 2119 s1
1409 2095 1511 2121 servo
1536 2096 1600 2120 suo
1626 2089 1778 2121 testator
1802 2086 1886 2122 data
1908 2086 2073 2122 libertate
2097 2087 2283 2131 legaverit,
2309 2089 2393 2134 quia

1294 2129 1456 2165 differtur
1479 2130 1517 2165 in
1539 2131 1575 2166 id
1599 2134 1760 2176 tempus,
1786 2142 1855 2177 quo
1879 2132 1970 2168 liber
1994 2132 2136 2168 futurus
2161 2138 2226 2176 est,
2251 2134 2336 2169 item
2360 2135 2391 2170 ei

1294 2175 1356 2220 qui
1387 2175 1485 2221 apud
1519 2176 1642 2212 hostes
1680 2180 1733 2212 est
1764 2181 1830 2212 aut
1861 2178 1893 2213 ei
1924 2178 1984 2224 qui
2009 2178 2168 2213 nondum
2203 2183 2312 2215 natus
2337 2184 2391 2216 est

1294 2224 1312 2254 5
1363 2220 1486 2256 datum
1518 2222 1564 2257 sit
1588 2222 1739 2267 aliquid,
1772 2222 1862 2258 haee
1886 2223 1945 2258 lex
1975 2223 2096 2258 10011111
2126 2224 2286 2260 habebit.
2331 2226 2390 2263 Ad

1294 2266 1514 2312 municipum
1544 2278 1686 2312 quoque
1723 2267 1843 2312 legata
1874 2268 1929 2304 vel
1962 2269 2069 2304 etiam
2100 2279 2161 2312 ea,
2199 2280 2290 2315 quae
2322 2270 2387 2306 deo

1297 2315 1315 2346 6
1364 2312 1455 2346 161111
1482 2316 1636 2355 1111111111,
1669 2313 1728 2348 lex
1759 2313 1923 2349 Falcidia
1950 2314 2118 2359 pertinet.
2165 2314 2249 2351 Non
2272 2316 2388 2351 solum

1293 2361 1412 2392 autem
1436 2368 1459 2392 a
1507 2368 1564 2393 res
1588 2359 1753 2404 proprias
1776 2359 1960 2395 testatoris
1984 2360 2131 2404 legatas,
2156 2360 2220 2396 sed
2244 2364 2280 2396 et
2303 2362 2387 2397 alie-

1294 2405 1310 2435 7
1361 2413 1427 2438 nas
1450 2403 1509 2437 lex
1539 2404 1707 2448 pertinet.
1754 2404 1806 2438 Et
1835 2415 1939 2440 omne
1974 2405 2070 2450 quod
2106 2416 2149 2441 ex
2185 2406 2288 2442 bonis
2326 2407 2385 2442 de-

1291 2447 1406 2483 functi
1430 2453 1598 2493 erogatur
1621 2449 1778 2485 refertur
1801 2449 1847 2485 ad
1871 2450 1965 2486 hanc
1988 2451 2111 2496 legem,
2148 2452 2221 2486 sive
2243 2452 2282 2486 in
2307 2463 2385 2488 cor-

1291 2503 1380 2538 pore
1413 2498 1554 2529 constet
1587 2499 1682 2530 certo
1717 2495 1898 2531 incertove
1933 2497 2007 2531 sive
2043 2496 2203 2541 pondere
2237 2508 2384 2534 numero

1290 2549 1458 2575 mensura
1482 2540 1598 2575 valeat
1621 2544 1685 2575 aut
1708 2541 1814 2576 etiam
1839 2541 1869 2576 si
1891 2541 1947 2576 ius
1971 2541 2127 2586 legatum
2151 2543 2198 2577 sit
2222 2545 2275 2584 (ut
2299 2554 2385 2579 usus

1292 2587 1310 2618 8
1359 2583 1513 2627 fructus)
1539 2590 1603 2620 aut
1627 2585 1722 2631 quod
1752 2586 1791 2620 in
1813 2586 2016 2622 nominibus
2051 2590 2114 2622 est.
2165 2587 2254 2622 Item
2278 2588 2309 2623 si
2323 2589 2385 2624 ita

1290 2629 1445 2673 legatum
1477 2630 1541 2665 sit:
1577 2630 1691 2666 ‘heres
1714 2641 1815 2666 meus
1840 2631 1921 2667 Seio
1950 2642 2082 2678 penum
2113 2633 2213 2668 dato:
2251 2633 2279 2668 si
2311 2645 2384 2669 non

1291 2675 1458 2719 ‘dederit‚
1492 2675 1614 2711 decem
1640 2676 1749 2719 dato',
1783 2676 1928 2722 quidam
1957 2680 2089 2723 putant
2120 2678 2321 2715 omnimodo
2346 2680 2383 2715 in

1290 2720 1406 2765 legato
1432 2720 1555 2756 decem
1579 2732 1676 2764 esse,
1712 2732 1843 2767 penum
1875 2725 1993 2758 autem
2017 2724 2140 2759 mortis
2166 2734 2278 2759 causa
2303 2726 2383 2770 capi

1290 2776 1356 2801 nec
1387 2765 1425 2800 in
1450 2766 1649 2802 Falcidiam
1683 2767 1860 2811 imputare
1890 2767 1928 2803 id
1951 2768 2118 2804 heredem
2149 2780 2268 2815 posse.
2317 2781 2381 2824 ego

1290 2815 1410 2846 autem
1434 2811 1560 2855 didici,
1594 2812 1624 2847 si
1647 2812 1683 2846 in
1710 2812 1906 2848 continenti
1936 2813 2040 2849 heres
2068 2825 2201 2859 penum
2226 2815 2380 2858 solverit,

1288 2856 1399 2891 videri
1422 2857 1492 2892 hoc
1516 2857 1673 2902 legatum
1697 2867 1775 2892 esse
1808 2861 1844 2893 et
1872 2858 1911 2893 in
1943 2858 2055 2904 legem
2087 2859 2286 2896 Falcidiam
2315 2862 2379 2896 im-

1288 2901 1408 2946 putari
1430 2913 1557 2947 posse:
1583 2907 1618 2938 et
1643 2902 1739 2948 quod
1763 2903 1834 2938 dixi
1859 2904 1907 2939 ‘in
1937 2904 2144 2940 continenti'
2168 2906 2219 2941 ita
2233 2906 2261 2927 ¹⁹
2285 2908 2377 2942 acci-

1288 2946 1456 2991 piendum
1481 2958 1562 2982 cum
1587 2948 1705 2993 aliquo
1732 2948 1860 2993 spatio.
1892 2949 1988 2994 quod
2012 2950 2041 2984 si
2064 2950 2135 2985 iam
2159 2961 2259 2986 mora
2280 2951 2379 2988 facta

1288 2992 1434 3027 solverit
1455 2993 1559 3028 heres
1610 3003 1726 3034 enum,
1750 2997 1837 3028 tunc
1861 3005 1928 3030 nec
1952 2995 2107 3040 legatum
2133 3007 2212 3031 eum
2221 2998 2252 3018 ²⁰
2276 3007 2376 3032 acce-

1288 3037 1384 3082 pisse
1416 3047 1484 3072 nec
1514 3039 1552 3073 in
1617 3038 1782 3074 alcidiam
1812 3040 1981 3085 imputari
2015 3051 2138 3086 posse:
2182 3042 2253 3077 iam
2285 3042 2377 3077 enim

1287 3082 1510 3118 transfusum
1539 3083 1695 3128 legatum
1720 3094 1799 3120 esse
1823 3089 1858 3120 et
1888 3085 2009 3121 decem
2034 3086 2165 3121 deberi.
2212 3086 2376 3132 idemque

1288 3127 1354 3163 erit
1377 3131 1414 3162 et
1437 3128 1468 3163 si
1492 3128 1537 3163 ab
1562 3128 1662 3164 initio
1686 3129 1737 3164 ita
1760 3129 1916 3174 legatum
1940 3131 2061 3166 datum
2086 3132 2153 3167 sit:
2181 3133 2221 3166 ‘si
2243 3142 2372 3176 penum

1287 3184 1358 3207 non
1383 3172 1539 3216 dederit,
1577 3174 1697 3209 decem
1732 3175 1848 3217 dato',
1882 3176 1965 3220 quia
1996 3177 2055 3211 hic
2086 3187 2200 3221 penus
2225 3188 2297 3211 non
2322 3182 2374 3212 est

1285 3218 1404 3262 legata
1427 3222 1462 3253 et
1484 3229 1599 3264 penus
1624 3219 1655 3255 si
1678 3220 1801 3263 datur,
1827 3222 1949 3257 mortis
1975 3231 2085 3257 causa
2110 3222 2266 3266 capitur,
2292 3221 2374 3266 quia

1286 3267 1306 3297 9
1354 3263 1475 3298 deficit
1503 3264 1611 3308 legati
1642 3265 1815 3301 condicio.
1873 3266 1911 3302 Si
1947 3277 2033 3301 usus
2063 3266 2202 3301 fructus
2234 3267 2372 3318 legatus

1286 3308 1334 3344 sit
1359 3309 1432 3353 (qui
1455 3313 1492 3344 61
1514 3309 1623 3344 dividi
1645 3314 1783 3355 potest,
1808 3322 1881 3347 non
1905 3311 1998 3347 sicut
2022 3315 2160 3346 ceterae
2185 3315 2371 3347 servltutes

1284 3353 1487 3390 individuae
1502 3355 1650 3399 sunt)²¹,
1674 3361 1812 3392 veteres
1829 3356 1970 3402 quidem
1986 3356 2244 3392 aestimandum
2256 3360 2371 3392 totum

1252 3432 2364 3445 —————.-—.———.—-.————-

1283 3470 1381 3503 rebus
1393 3472 1455 3504 ins.
1565 3475 1623 3514 (12)
1649 3475 1802 3516 sequenti
1815 3476 1878 3509 del.
1990 3478 2047 3516 (18)
2072 3475 2203 3518 legetur
2219 3477 2369 3511 Cuiacius

1284 3522 1341 3556 (14)
1366 3516 1480 3557 itaque
1493 3517 1552 3549 ins.
1653 3520 1711 3560 (15)
1736 3519 1845 3552 iussus
1857 3520 1919 3553 del.
2020 3521 2079 3561 (16)
2105 3531 2204 3562 quam
2217 3521 2294 3554 dare
2306 3535 2365 3560 scr.

1283 3562 1341 3602 (17)
1366 3561 1409 3593 ad
1420 3571 1475 3594 eos
1487 3571 1619 3605 quoque
1632 3564 1691 3597 ins.
1799 3566 1859 3605 (18)
1885 3566 2005 3598 excidit
2016 3573 2115 3608 caput
2123 3567 2277 3610 qenerale
2291 3567 2367 3600 Fal-

1281 3606 1400 3639 cidiam
1425 3608 1588 3649 pertinere
1615 3611 1662 3642 ad
1686 3610 1864 3653 leqatarios
1892 3622 1997 3643 omnes
2143 3612 2203 3651 (19)
2227 3611 2263 3643 id
2283 3612 2365 3645 Hal.

1281 3653 1343 3691 (20)
1370 3651 1456 3695 eum]
1469 3651 1582 3685 Seium
1592 3667 1655 3688 scr.
1771 3659 1827 3691 (21¹
1854 3655 2031 3696 requiritur
2042 3665 2120 3696 non,
2140 3656 2228 3688 sicut
2239 3658 2366 3689 ceterae

1278 3695 1454 3729 servitutes
1463 3697 1658 3742 individuae
1669 3701 1758 3741 sunt,
1778 3698 1972 3732 individuus
1984 3701 2048 3732 est:
2074 3702 2134 3734 sed
2151 3708 2247 3734 totum
2266 3714 2364 3734 enun-

1279 3742 1389 3775 tiatum
1402 3741 1461 3790 qui
1473 3744 1506 3785 et
1559 3746 1638 3776 sunt
1649 3746 1776 3778 videtur
1783 3745 1921 3788 positum
1937 3746 2004 3779 loco
2017 3757 2080 3778 non
2092 3758 2150 3779 suo
2161 3748 2216 3790 (cfl
2229 3746 2299 3780 ναι.
2312 3752 2363 3790 68)

2024 3795 2092 3827 64*
