2528 3918
102 155 466 190 SIGNIFICATIONE

1173 135 1250 184 861

2210 147 2328 189 1216

105 269 279 302 momento
310 265 478 312 temporis
507 264 672 301 observat
701 267 929 315 extremoque
960 262 1028 299 diei
1055 262 1182 297 mensis
1215 271 1218 288 ¹
1251 273 1331 296 cum
1372 265 1426 297 est
1461 264 1623 305 eatenus,
1664 274 1734 308 qua
1775 264 1924 301 maxime
1963 266 2092 301 fluctus
2132 270 2329 308 exaestuat,

105 315 123 346 2
171 311 359 347 Februarii
375 310 548 346 adtribuit
562 309 713 354 Quintus
727 309 880 344 Muclus.
912 308 1047 344 Mensis
1064 311 1182 343 autem
1249 307 1341 342 idem
1368 317 1412 342 ue
1436 307 1522 341 iuris
1547 312 1601 341 est
1618 309 1691 342 in'²
1715 309 1806 351 lacu,
1833 310 1897 345 nisi
1919 311 1948 346 is
1969 315 2065 346 totus
2084 312 2242 357 privatus
2265 316 2328 346 est.

103 356 326 392 intercalaris
351 359 492 391 constat
516 365 560 390 ex
583 354 708 390 diebus
731 354 852 398 viginti
876 356 969 390 octo.

150 399 203 438 99
235 401 428 437 ULPIANUS
449 400 539 436 libro
555 401 678 445 primo
698 399 742 434 de
765 399 890 444 officio
909 398 1066 434 consulis
1098 397 1181 432 ‘No-

105 446 258 482 ‘tionem’
290 446 452 491 accipere
480 455 669 489 possumus
702 447 738 479 et
762 443 995 488 cognitionem
1019 446 1054 477 et
1078 442 1182 477 iuris-

109 495 121 526 1
173 491 374 526 dictionem.
448 490 690 525 ‘Continentes
738 488 974 534 provincias'¹
1020 487 1183 532 accipere

105 537 273 572 debemus
304 546 384 578 eaS,
423 545 514 579 quae
545 534 669 569 Italiae
700 534 842 569 iunctae
880 537 981 575 sunt,
1022 536 1062 567 ut
1096 536 1183 577 puta

106 582 271 617 Galliam:
297 580 359 616 sed
376 583 412 615 et
433 579 651 625 provinciam
676 578 829 614 Siciliam
852 578 963 622 magis
987 578 1079 612 inter
1098 587 1182 612 con-

104 627 255 663 tinentes
294 625 457 678 accipere
494 635 559 660 nos
597 627 754 669 oportet,
794 633 885 668 quae
922 623 1060 658 modico
1092 622 1182 656 freto

106 675 126 707 2
178 670 282 706 Italia
320 670 499 705 divlditur.
568 668 907 704 ‘Instrumentorum'
945 667 1184 713 appellatione

106 727 196 762 quae
220 715 603 761 compraehendantur‚
628 724 797 759 perquam
823 713 966 748 difficile
991 713 1057 747 erit
1081 722 1183 756 sepa-

106 773 204 797 rare:
238 771 329 806 quae
357 761 451 796 enim
481 760 624 805 proprie
652 758 723 795 sint
751 759 1004 800 instrumenta,
1038 760 1185 808 propter

107 811 124 841 3
173 816 264 851 quae
287 805 410 840 dilatio
435 805 553 840 danda
577 804 641 846 sit,
673 803 779 839 inde2
802 803 1037 839 dinoscemus.
1086 802 1124 837 S1
1146 801 1183 836 in

105 851 342 897 praesentiam
370 860 562 895 personae,
588 859 678 895 quae
700 849 877 884 instruere
900 849 1031 893 possit,
1062 847 1184 882 dilatio

105 901 246 941 petatur
262 898 365 941 (puta
389 895 449 940 qui
473 898 592 930 actum
614 894 734 939 gessit,
758 894 842 929 licet
865 894 902 928 in
926 893 1105 934 servitute,
1129 891 1185 927 vel

105 941 164 986 qui
188 944 289 976 actor
311 940 380 975 fuit
410 940 649 981 constitutus),
681 942 801 984 putem
834 938 942 974 videri
972 939 1183 974 instrumen-

104 990 221 1022 torum
245 996 356 1021 causa
403 985 452 1019 eti
476 984 689 1020 dilationem.

154 1030 230 1068 100
254 1031 360 1066 loru
393 1031 470 1066 ibro
493 1030 649 1066 secundo
673 1029 718 1064 de
741 1028 867 1074 officio
892 1027 1047 1064 consulis
1086 1026 1185 1072 ‘Spe-

105 1076 232 1112 ‘ciosas
262 1075 445 1120 personas'
478 1074 641 1120 accipere
673 1074 840 1109 debemus
865 1072 1079 1109 clarissimas
1103 1081 1184 1116 per-

105 1131 210 1157 sonas
230 1121 412 1165 utriusque
434 1130 551 1162 sexus,
572 1120 656 1155 item
676 1129 799 1155 eorum
807 1120 831 1161 ³,
857 1129 948 1163 quae
969 1117 1185 1154 ornamentis

104 1165 290 1202 senatoriis
314 1169 472 1200 utuntur.

153 1209 226 1248 101
255 1210 508 1246 Moosssrmvs
529 1209 618 1245 libro
644 1220 738 1244 nono
763 1208 1050 1255 differentiarum
1089 1207 1187 1241 Inter

104 1256 288 1301 ‘stuprum’
321 1259 358 1290 et
389 1255 622 1290 ‘adulterium'
655 1254 724 1289 hoc
747 1254 918 1289 interesse
952 1252 1095 1298 quidam
1119 1263 1184 1297 pu-

103 1305 192 1343 tant,
240 1300 312 1336 uod
336 1300 547 1336 adulterium
570 1299 607 1334 in
625 1302 784 1344 nuptam,
809 1302 971 1344 stuprum
991 1298 1028 1333 in
1044 1297 1186 1333 viduam

104 1346 347 1383 committitur.
396 1345 457 1380 sed
490 1345 547 1380 lex
578 1345 669 1379 Iulia
700 1344 743 1379 de
775 1344 960 1379 adulteriis
984 1343 1053 1378 hoc
1077 1343 1184 1378 verbo

108 1395 120 1426 1
172 1391 409 1426 indifferenter
440 1390 563 1425 utitur.
622 1389 843 1424 ‘Divortium‘
882 1389 975 1424 inter
1005 1388 1119 1423 virum
1151 1390 1187 1422 et

103 1447 250 1472 uxorem
273 1435 351 1471 fieri
375 1435 515 1479 dicitur,
541 1434 750 1480 ‘repudium'
774 1445 856 1469 vero
882 1443 1035 1479 sponsae
1054 1432 1186 1468 remitti

103 1481 252 1517 videtur.
301 1480 396 1526 quod
427 1484 462 1516 et
492 1480 529 1515 in
558 1480 679 1515 uxoris
712 1490 899 1525 personam
929 1490 1000 1515 non
1031 1477 1187 1514 absurde

104 1530 124 1561 2
172 1525 278 1561 cadit.
337 1526 470 1561 Verum
507 1529 561 1560 est
599 1524 782 1560 ‘morbum’
831 1535 910 1560 esse
953 1523 1185 1568 temporalem

104 1571 263 1625 corporis
287 1570 569 1613 inbecillitatem,
596 1570 740 1605 ‘vitium'
764 1580 846 1605 vero
871 1573 1082 1615 perpetuum
1107 1579 1184 1603 cor-

103 1628 200 1662 pons
223 1616 528 1662 impedimentum,
553 1615 661 1651 veluti
685 1615 714 1650 si
739 1615 872 1650 talum⁴
896 1614 1070 1650 excussit:
1104 1624 1186 1648 nam

105 1666 124 1697 3
171 1665 208 1697 et
230 1661 350 1697 luscus
375 1660 498 1706 utique
521 1660 668 1696 vitiosus
692 1664 757 1695 est.
796 1659 913 1696 Servis
937 1660 1062 1705 legatis
1081 1659 1186 1694 etiam

103 1706 249 1743 ancillas
270 1706 391 1742 deberi
410 1706 552 1751 quidam
572 1709 711 1750 putant,
731 1705 833 1750 quasi
853 1715 1039 1740 commune
1058 1715 1187 1739 nomen

104 1756 293 1797 utrumque
317 1762 439 1787 sexum
463 1751 654 1786 contineat.

152 1795 231 1835 102
262 1796 370 1832 IDEM
395 1797 486 1832 libro
515 1807 554 1831 se
582 1797 665 1831 timo
697 1794 906 1842 regularum
960 1794 1186 1839 ‘Derogatur'

105 1843 170 1888 {egi
193 1845 257 1877 aut
281 1841 507 1886 ‘abrogatur'.
539 1807 732 1886 {erogatur
754 1839 832 1886 legi,
859 1850 939 1875 cum
963 1850 1048 1886 pars
1067 1840 1185 1875 detra-

105 1888 216 1924 hitur:
242 1887 437 1932 abrogatur
458 1886 529 1931 legi
538 1889 562 1930 ⁵,
588 1897 668 1922 cum
692 1896 840 1932 prorsus
862 1885 1012 1920 tollitur.

153 1931 230 1970 103
265 1932 371 1968 IDEM
398 1932 490 1968 libro
522 1934 647 1968 octavo
679 1930 888 1985 reqularum
942 1930 1046 1965 Licet
1077 1929 1185 1975 ‘capi-

104 1978 208 2014 ‘talis'
232 1977 361 2013 Latine
384 1977 613 2022 loquentibus
637 1987 749 2012 omms
775 1986 886 2011 causa
915 1975 1186 2010 existimationis

102 2023 273 2067 videatur,
298 2026 416 2059 tamen
440 2032 486 2067 ap
513 2022 631 2058 ellatio
656 2020 843 2067 capitalis⁶
866 2021 988 2057 mortis
1004 2021 1061 2056 vel
1080 2020 1185 2055 amis-

104 2069 213 2105 sionis
237 2068 387 2103 civitatis
411 2034 646 2113 intefiegenda
669 2071 734 2103 est.

153 2112 255 2151 104⁷
280 2113 387 2148 IDEM
413 2113 504 2149 libro
533 2113 689 2148 secundo
716 2111 992 2148 excusationum
1045 2108 1088 2144 ‘H
1112 2112 1188 2144 τῶν

104 2162 239 2225 τέκνιὶων
269 2158 519 2205 προοηγορίαῧ
548 2160 608 2191 καὶ
638 2159 697 2192 ἐπὶ
724 2155 805 2191 τοὺς
837 2154 1000 2203 ἐγγόνους
1033 2159 1186 2190 ἐκτείνε-

104 2218 165 2238 ‘lac
193 2231 201 2238 .

153 2247 230 2287 105
256 2247 362 2283 Imm
390 2248 479 2284 libro
504 2247 690 2283 undecimo
714 2257 968 2293 responsorum
1014 2246 1186 2282 Modesti-

104 2305 172 2330 nus
195 2293 379 2338 respondit
401 2292 456 2328 his
480 2292 596 2329 verbis
627 2292 775 2327 ‘libertis
798 2291 1065 2337 libertabusque
1087 2292 1186 2327 meis'

104 2340 268 2375 libertum
292 2338 441 2373 libertae
464 2337 645 2373 testatoris
670 2348 742 2372 non
765 2337 948 2372 contineri.

153 2382 231 2422 106
269 2383 372 2418 IDEM
414 2383 504 2419 libro
541 2382 723 2428 sinyulari
757 2383 801 2417 de
834 2383 1188 2429 praescriptionibus

105 2428 347 2465 ‘Dimissoriae
377 2428 529 2464 litterae’
560 2428 747 2470 dicuntur,
779 2437 870 2472 quae
899 2427 1001 2508 volgo
1034 2427 1188 2472 apostoli

105 2475 281 2510 dicuntur.
332 2473 552 2509 dimissoriae
577 2476 696 2508 autem
720 2472 852 2515 dictae,
886 2483 954 2518 quo
1006 2483 1117 2508 eausa
1141 2472 1187 2507 ad

104 2531 185 2556 eum
230 2519 268 2554 ui
293 2519 493 2564 appellatus
518 2521 571 2554 est
596 2517 794 2553 dimittitur.

153 2530 231 2603 1Οὲ
262 2564 367 2599 IDEM
402 2564 493 2599 libro
523 2564 627 2598 tertio
654 2563 920 2609 pandectarum
979 2561 1188 2608 ‘Adsignare

103 2610 279 2646 libertum’
305 2609 373 2644 hoc
396 2612 450 2644 est
467 2607 662 2652 testificari,
687 2609 788 2644 cuius
812 2618 856 2644 ex
879 2607 1000 2643 liberis
1021 2608 1187 2643 libertum

104 2666 186 2691 eum
207 2665 287 2690 esse
309 2653 431 2689 voluit.

154 2697 233 2738 108
265 2699 371 2734 IDEM
406 2698 496 2735 libro
528 2702 658 2744 quarto
691 2698 957 2744 pandectarum
1017 2697 1186 2732 ‘Debitor'

104 2744 320 2789 intellegitur
341 2744 383 2787 is,
408 2753 431 2779 a
454 2754 524 2789 quo
547 2743 656 2778 invito
683 2743 773 2788 exigi
797 2742 950 2788 pecunia
972 2744 1100 2787 potest.

154 2788 232 2827 109
257 2789 364 2823 IDEM
383 2788 473 2825 libro
498 2790 623 2834 quinto
640 2789 908 2834 pandectarum
948 2788 1082 2823 ‘Bonae
1105 2787 1187 2822 fidei

106 2834 265 2880 ‘emptor'
291 2843 369 2869 esse
387 2833 536 2877 videtur,
562 2833 623 2878 qui
645 2833 819 2878 ignoravit
839 2843 918 2868 eam
941 2843 1016 2867 rem
1035 2833 1188 2868 alienam

106 2890 201 2924 esse,
234 2882 296 2914 aut
318 2879 457 2924 putavit
481 2889 561 2914 eum
584 2878 645 2923 qui
667 2878 824 2914 vendidit
846 2879 901 2913 ius
925 2877 1099 2913 vendendi
1122 2878 1186 2912 ha-

104 2927 200 2968 bere,
225 2927 313 2969 puta
336 2927 604 2968 procuratorem
628 2927 692 2959 aut
715 2927 869 2959 tutorem
893 2933 982 2959 esse.

154 2969 232 3007 110
267 2968 370 3004 IDEM
405 2968 495 3004 libro
526 2973 631 3004 sexto
653 2969 920 3015 pandectarum
973 2967 1030 3003 ‘Se
1056 2968 1186 3003 uester'

106 3016 251 3058 dicitur,
291 3013 385 3058 apud
423 3023 527 3059 quem
562 3014 682 3059 plures
718 3013 866 3049 eandem
905 3023 997 3057 rem,
1060 3023 1079 3048 e
1117 3023 1188 3057 qua

106 3059 348 3096 controversia
379 3063 452 3101 est,
477 3058 736 3104 deposuerunt:
775 3059 890 3094 dictus
921 3058 966 3094 ab
997 3068 1057 3100 eo,
1091 3058 1186 3102 quod

106 3104 308 3141 occurrenti
344 3107 407 3138 aut
443 3104 545 3149 quasi
581 3104 742 3149 sequenti
778 3114 839 3140 eos
877 3103 938 3148 qui
970 3102 1188 3138 contendunt

106 3150 347 3187 committitur.

154 3193 229 3232 111
252 3194 515 3230 IAVOLE'NUsw
539 3193 628 3229 libro
648 3197 753 3229 seoeto
772 3204 822 3229 ex
844 3193 964 3229 Cassio
1009 3193 1186 3228 ‘censere'

106 3244 161 3276 est
196 3239 411 3276 constituere
447 3242 481 3273 et
517 3238 734 3284 praecipere.
795 3238 890 3274 unde
924 3238 1031 3274 etiam
1070 3238 1188 3273 dicere

106 3285 259 3321 solemus
284 3288 424 3320 ‘censeo
448 3284 517 3319 hoc
540 3283 664 3319 facias’
690 3286 727 3319 et
758 3284 917 3319 ‘semet¹¹
947 3282 1080 3327 aliquid
1105 3293 1187 3318 cen-

107 3330 255 3366 ‘suisse’.
301 3329 384 3365 inde
416 3328 574 3365 censoris
605 3338 733 3364 nomen
756 3328 895 3364 videtur
918 3338 996 3364 esse
1019 3331 1185 3363 tractum.

155 3372 235 3412 112
258 3373 365 3410 loru
385 3374 475 3411 libro
498 3373 685 3410 undecimo
709 3384 759 3410 ex
784 3373 906 3409 Cassio
940 3373 1044 3409 Litus
1067 3373 1186 3418 publi-

106 3489 147 3530 (1)
172 3487 398 3531 provinoipias
417 3488 453 3521 F
558 3490 601 3528 (2)
626 3486 663 3519 in
679 3496 716 3520 re
734 3499 796 3520 scr.

107 3534 150 3575 (4)
174 3532 275 3575 fregit
295 3532 347 3565 vel
367 3532 502 3565 oculum
522 3533 582 3566 ins.
676 3533 720 3573 (5)
744 3531 812 3574 legi
832 3531 893 3565 del.
994 3531 1038 3571 (6)
1062 3541 1188 3574 poenae

107 3578 147 3610 de
158 3588 266 3620 poena
277 3578 436 3610 similiave
448 3579 509 3611 ins.
598 3579 640 3619 (Ί)
665 3593 710 3606 =
721 3577 768 3610 D.
782 3578 836 3618 27,
849 3584 874 3618 1,
888 3583 915 3618 2,
929 3584 944 3610 Ἰ
1030 3577 1074 3618 (8)
1101 3571 1188 3607 ἀλλὰ

168 3623 251 3667 περὶ
272 3621 349 3655 τῶν
367 3622 522 3655 τέκνων
547 3618 569 3664 ἡ
589 3619 628 3654 δὲ
646 3622 869 3668 προσηγορία
887 3616 975 3663 αὕτη
1000 3621 1046 3655 D.
1068 3622 1086 3654 l.
1105 3633 1187 3665 yem.

107 3669 152 3706 (9)
178 3667 215 3701 id
230 3674 294 3701 est.-
317 3666 516 3700 Liberorum
532 3677 654 3700 nomen
671 3666 714 3699 ad
730 3668 867 3710 nepotes
878 3676 1011 3709 quoque
1024 3665 1187 3708 pervenit.

108 3714 168 3753 (10)
191 3711 339 3745 involem
359 3712 396 3746 F
530 3714 583 3755 (11)
608 3713 759 3745 senatum
778 3711 808 3744 S
951 3712 1010 3750 (12)
1033 3711 1070 3743 in
1093 3711 1143 3743 bis
1162 3710 1195 3742 F·

109 3757 167 3798 (13)
192 3756 364 3801 estam,
384 3764 409 3799 1,
430 3764 477 3800 65,
495 3765 510 3792 1
619 3759 678 3799 (14)
702 3767 801 3790 nomo
822 3757 858 3790 F
960 3758 1018 3797 (15)
1043 3765 1122 3797 ager
1140 3756 1190 3786 est

919 3486 963 3528 (3)
988 3496 1103 3519 eorum
1124 3486 1185 3519 del.

1300 351 1344 388 11
1391 353 1417 373 ¹³
1441 351 1547 386 IDEM
1568 352 1657 387 libro
1684 358 1812 406 quarto
1837 356 1971 390 decimo
1996 368 2045 392 ecc
2064 358 2184 393 Cassio
2221 357 2330 391 ‘Mor-

1251 397 1329 432 ‘bus
1352 396 1523 432 sonticus'
1548 401 1612 440 est,
1637 409 1697 442 qui
1721 399 1848 443 cuique
1871 400 1922 434 rei
1946 405 2059 436 nocet.

1300 441 1378 478 114
1408 440 1516 477 IDEM
1549 442 1639 477 libro
1673 445 1796 487 quinto
1828 444 1962 479 decimo
1995 457 2043 481 ex
2078 446 2197 481 Cassio
2252 446 2330 481 Sol-

1251 487 1363 523 vendo
1389 497 1466 522 esse
1490 497 1592 522 nemo
1607 487 1633 506 ¹⁴
1658 486 1887 531 intellegitur,
1921 490 1985 525 nisi
2010 491 2070 535 qui
2095 491 2243 526 solidum
2268 503 2330 535 po-

1251 535 1322 568 test
1345 532 1492 567 solvere.

1301 575 1378 614 115
1406 577 1511 612 IDEM
1532 576 1633 627 libro·
1648 580 1777 621 quarto
1802 579 2035 623 epistularum
2074 579 2241 623 Quaestio
2267 585 2330 621 est,

1252 622 1385 658 fundus
1422 632 1444 657 a
1479 631 1704 666 possessmne
1749 622 1803 656 vel
1840 633 1924 667 agro
1970 625 2023 659 vel
2066 626 2209 669 praedio
2249 626 2331 669 quid

1252 667 1370 703 distet.
1426 666 1580 701 ‘fundus’
1613 669 1667 700 est
1704 677 1824 709 omne,
1868 668 2036 713 quidquid
2074 670 2149 704 solo
2181 674 2329 704 tenetur.

1254 712 1360 757 ‘ager'
1385 713 1459 754 est,
1484 711 1515 747 si
1539 710 1676 755 species
1700 710 1800 746 fundi
1815 713 1841 733 ¹⁵
1864 713 1909 747 ad
1934 725 2036 748 usum
2062 714 2212 749 hominis
2238 726 2331 749 com-

1252 761 1413 802 paratur.
1451 756 1653 801 ‘possessio'
1678 756 1723 790 ab
1749 767 1833 800 agro
1858 758 1944 793 iuris
1968 759 2187 803 proprietate
2210 759 2331 794 distat

1253 802 1424 847 quidquid
1454 801 1546 836 enim
1578 800 1892 845 adprehendimus,
1926 804 2025 838 cuius
2059 804 2258 847 proprietas
2289 804 2332 838 ad

1252 858 1318 883 nos
1342 858 1415 882 non
1438 846 1593 891 pertinet
1616 849 1679 880 aut
1703 857 1769 881 nec
1793 850 1911 891 potest
1933 848 2128 892 pertinere,
2161 849 2228 883 hoc
2252 859 2334 894 pos-

1253 892 1448 928 sessionem
1464 891 1703 936 appellamus:
1729 892 1907 936 possessio
1929 903 2011 936 ergo
2033 904 2127 935 usus,
2151 903 2232 937 ager
2252 904 2333 937 pro-

1252 938 1385 982 prietas
1404 937 1474 973 loci
1493 940 1559 972 est.
1586 936 1795 981 ‘praedium’
1814 936 1998 982 utriusque
2016 948 2124 982 supra
2143 938 2294 982 scriptae
2309 940 2335 958 ¹¹*

1252 982 1417 1027 generale
1440 992 1569 1017 nomen
1594 985 1666 1016 est:
1692 991 1775 1015 nam
1799 984 1835 1016 et
1859 992 1943 1026 ager
1966 986 2002 1018 et
2025 983 2204 1027 possessio
2230 983 2335 1017 huius

1254 1027 1502 1073 appellationis
1527 1027 1664 1071 species
1690 1030 1783 1061 sunt.

1303 1070 1381 1110 116
1415 1072 1520 1107 IDEM
1557 1072 1648 1107 libro
1682 1072 1832 1117 septimo
1865 1072 2099 1117 epistularum
2161 1072 2256 1115 ‘Quis
2284 1073 2336 1107 uis

1254 1118 1351 1152 ‘mihi
1375 1117 1465 1153 alius
1489 1116 1553 1151 filii
1576 1116 1712 1151 filiusve
1736 1117 1837 1151 heres
1862 1117 1937 1152 sit’:
1971 1117 2093 1152 Labeo
2126 1128 2197 1151 non
2228 1118 2260 1151 vi
2288 1118 2336 1151 eri

1253 1163 1362 1198 filiam
1387 1161 1573 1204 contineri,
1602 1161 1776 1196 Proculus
1802 1166 1937 1197 contra.
1985 1162 2071 1196 mihi
2094 1162 2215 1196 Labeo
2241 1162 2334 1196 vide-

1253 1213 1312 1243 tur
1328 1208 1518 1243 verborum
1537 1206 1688 1251 figuram
1707 1206 1818 1251 sequi,
1836 1207 2012 1242 Proculus
2031 1211 2184 1241 mentem
2203 1210 2336 1241 testan-

1254 1254 1311 1288 tis.
1343 1252 1528 1304 respondit
1541 1253 1586 1287 ¹⁷:
1613 1262 1685 1287 non
1705 1251 1839 1295 dubito,
1861 1252 1947 1297 quin
1965 1252 2144 1287 Labeonis
2165 1252 2337 1287 sententia

1253 1309 1338 1334 vera
1360 1308 1433 1333 non
1457 1301 1514 1332 sit.

1303 1340 1381 1380 117
1414 1342 1521 1377 IDEM
1554 1342 1644 1377 libro
1685 1352 1780 1376 nono
1813 1341 2047 1388 epistularum
2108 1341 2190 1377 Non
2222 1345 2340 1386 potest

1254 1388 1364 1440 videri
1388 1387 1514 1422 ‘minus
1540 1387 1695 1423 solvisse'
1720 1387 1762 1429 is,
1787 1386 1824 1422 in
1849 1397 1952 1431 quem
1976 1386 2157 1432 amplioris
2182 1397 2338 1422 summae

1254 1437 1347 1469 actlo
1372 1443 1445 1468 non
1470 1432 1649 1477 competit.

1303 1475 1382 1516 118
1412 1478 1640 1512 POMPONIUS
1668 1477 1759 1512 libro
1790 1476 1947 1511 secundo
1980 1476 2030 1511 ad
2059 1476 2227 1519 Quintum
2260 1476 2338 1511 Mu—

1254 1525 1347 1559 cium
1404 1522 1558 1558 ‘Hostes’
1591 1522 1628 1556 hi
1659 1525 1760 1565 sunt,
1794 1522 1854 1566 qui
1886 1521 1988 1556 nobis
2018 1526 2082 1556 aut
2112 1522 2240 1566 quibus
2264 1532 2339 1557 rnos

1254 1569 1397 1650 pdublice
1412 1569 1543 1648 bellpm
1562 1567 1799 1603 decrevimus:
1820 1567 1929 1602 ceteri
1949 1566 2128 1602 ‘latrones'
2145 1570 2208 1601 aut
2228 1569 2335 1612 ‘prae-

1256 1620 1264 1633 ‘
1293 1625 1378 1649 ones
1415 1624 1482 1649 sun
1503 1641 1510 1647 .

1303 1657 1381 1697 119
1409 1658 1514 1694 IDEM
1538 1658 1629 1693 libro
1655 1658 1759 1692 tertio
1784 1656 1834 1692 ad
1859 1656 2024 1699 Quintum
2049 1656 2208 1692 Mucium
2257 1657 2338 1691 ‘He-

1255 1704 1439 1740 ‘reditatis'
1471 1714 1493 1738 a
1518 1702 1663 1748 pellatio
1694 1702 1770 1737 sine
1796 1701 1905 1737 dubio
1931 1702 2088 1737 continet
2112 1701 2217 1736 etiam
2240 1701 2338 1736 dam-

1256 1760 1380 1785 nosam
1404 1749 1488 1784 here
1516 1749 1654 1783 'tatemt
1687 1747 1775 1784 iuris
1802 1746 1895 1782 enim
1918 1757 2045 1782 nomen
2069 1750 2123 1782 est
2147 1747 2251 1782 sicuti
2275 1747 2338 1782 bo-

1254 1806 1382 1830 norum
1405 1793 1596 1840 possessio.

1304 1838 1382 1877 120
1407 1839 1515 1874 IDEM
1533 1838 1624 1874 libro
1649 1838 1774 1883 quinto
1799 1837 1849 1872 ad
1870 1836 2036 1879 Quintum
2055 1836 2215 1873 Mucium
2251 1836 2339 1871 Ver-

1254 1885 1310 1921 bis
1334 1884 1421 1930 legis
1447 1883 1633 1919 duodecim
1656 1882 1862 1918 tabularum
1885 1881 1940 1917 his
1966 1881 2030 1916 ‘uti
2047 1881 2232 1926 legassit¹⁸
2256 1892 2341 1916 suae

1255 1930 1328 1973 ‘rei,
1353 1930 1405 1964 ita
1418 1930 1444 1950 ¹⁹
1467 1930 1523 1964 ius
1548 1929 1636 1964 esto'
1665 1928 1839 1963 latissima
1862 1930 2021 1972 potestas
2045 1926 2181 1962 tributa
2204 1926 2341 1962 videtur

1256 1980 1291 2011 et
1320 1974 1462 2011 heredis
1491 1973 1700 2009 instituendi
1729 1976 1765 2007 et
1793 1973 1910 2017 legata
1942 1975 1978 2007 et
2005 1972 2187 2008 libertates
2223 1971 2340 2013 dandi,

1255 2021 1385 2056 tutelas
1417 2030 1558 2065 quoque
1590 2017 1838 2054 constituendi.
1888 2017 1950 2053 sed
1980 2016 2018 2051 id
2047 2016 2341 2062 interpretatione

1256 2068 1528 2110 coangustatum
1553 2068 1606 2100 est
1630 2064 1684 2099 vel
1708 2064 1825 2108 legum
1849 2063 1903 2098 vel
1923 2062 2137 2098 auctoritate
2155 2062 2235 2097 iura
2257 2072 2340 2096 con-

1255 2111 1487 2147 stituentium.

1304 2154 1379 2192 121
1406 2155 1513 2191 IDEM
1533 2155 1623 2190 libro
1644 2157 1750 2190 sexto
1771 2154 1821 2189 ad
1838 2153 2007 2196 Quintum
2027 2152 2187 2188 Mucium
2226 2152 2342 2187 Usura

1254 2201 1443 2246 pecuniae,
1470 2210 1575 2244 quam
1599 2198 1834 2245 percipimus,
1859 2199 1897 2233 in
1921 2198 2041 2233 fructu
2065 2208 2137 2232 non
2160 2200 2233 2239 est,
2259 2197 2341 2242 quia

1255 2258 1327 2282 non
1351 2256 1395 2281 ex
1417 2245 1496 2299 ipso
1522 2255 1690 2289 corpore,
1723 2244 1787 2280 sed
1819 2254 1862 2279 ex
1886 2243 1957 2279 alia
1982 2253 2093 2278 causa
2117 2245 2189 2285 est,
2221 2242 2258 2277 id
2288 2245 2342 2277 est

1257 2302 1349 2327 nova
1373 2290 1602 2335 obligatione.

1305 2334 1385 2373 122
1409 2336 1517 2371 IDEM
1535 2336 1626 2371 libro
1647 2337 1771 2370 octavo
1796 2333 1846 2369 ad
1865 2332 2033 2376 Quintum
2053 2331 2212 2368 Mucium
2259 2331 2339 2366 Ser-

1256 2382 1333 2417 vius
1357 2382 1417 2423 ait,
1444 2380 1476 2416 si
1495 2381 1546 2415 ita
1567 2380 1739 2424 scriptum
1760 2378 1823 2414 sit:
1849 2378 1933 2414 ‘filio
1952 2377 2104 2422 filiisque
2124 2377 2209 2412 meis
2231 2376 2340 2411 hosce

1257 2429 1406 2462 ‘tutores
1436 2426 1505 2468 do',
1536 2425 1705 2460 masculis
1730 2424 1917 2459 dumtaxat
1939 2426 2075 2457 tutores
2100 2421 2218 2463 datos,
2253 2432 2339 2466 quo-

1257 2473 1352 2507 niam
1376 2472 1439 2506 a²⁰
1463 2469 1634 2515 singulari
1658 2480 1745 2504 casu
1769 2470 1839 2504 hoc
1864 2468 1959 2504 ‘filio'
1984 2467 2030 2502 ad
2053 2467 2225 2511 pluralem
2245 2467 2339 2501 vide-

1256 2521 1316 2552 tur
1339 2516 1510 2552 transisse
1536 2515 1775 2550 continentem
1799 2515 1950 2549 eundem
1974 2523 2115 2554 sexum,
2141 2522 2243 2557 quem
2268 2511 2338 2546 sin-

1255 2562 1389 2607 gularis
1414 2561 1513 2606 prior
1536 2560 1674 2605 positus
1698 2559 1895 2595 habuisset.
1944 2558 2006 2593 sed
2034 2558 2103 2592 hoc
2133 2557 2237 2599 facti,
2269 2567 2341 2591 non

1256 2608 1345 2643 iuris
1370 2607 1479 2642 habet
1503 2605 1765 2651 quaestionem:
1790 2607 1908 2649 potest
1932 2603 2023 2638 enim
2047 2602 2134 2645 fieri,
2158 2605 2198 2637 ut
2221 2601 2339 2645 singu-

1256 2653 1323 2687 lari
1354 2662 1441 2687 casu
1471 2651 1514 2686 de
1547 2650 1619 2685 filio
1650 2649 1817 2692 senserit,
1851 2648 1977 2684 deinde
2007 2647 2146 2692 plenius
2177 2647 2340 2682 omnibus

1256 2697 1376 2733 liberis
1406 2696 1633 2742 prospexisse
1664 2695 1702 2730 in
1733 2698 1851 2729 tutore
1883 2693 1999 2728 dando
2031 2692 2191 2728 voluerit.
2245 2691 2340 2736 quod

1257 2743 1367 2787 magis
1391 2740 1603 2777 rationabile
1628 2750 1706 2776 esse
1729 2739 1879 2774 videtur.

1305 2784 1382 2825 123
1397 2788 1427 2808 ²¹
1458 2786 1566 2821 IDEM
1601 2786 1691 2821 libro
1726 2785 1917 2820 vicensimo
1949 2786 2053 2817 sexto
2093 2781 2142 2816 ad
2171 2780 2339 2824 Quintum

1257 2832 1417 2869 Mucium
1462 2831 1622 2867 Verbum
1655 2829 1743 2865 ‘erit'
1774 2828 1950 2864 interdum
1981 2827 2085 2862 etiam
2109 2825 2338 2871 praeteritum

1256 2888 1321 2913 nec
1359 2877 1473 2913 solum
1509 2876 1669 2911 futurum
1700 2878 1841 2919 tempus
1873 2873 2102 2908 demonstrat.
2160 2870 2255 2915 quod
2286 2874 2341 2904 est

1257 2922 1360 2958 nobis
1392 2921 1633 2957 necessarium
1665 2920 1757 2955 scire
1789 2922 1825 2954 et
1856 2928 1936 2953 cum
1961 2916 2113 2952 codicilli
2137 2917 2187 2950 ita
2211 2915 2338 2950 confir-

1255 2968 1341 3002 mati
1365 2969 1578 3002 testamento
1601 2965 1752 3000 fuerint:
1784 2963 1889 3008 ‘quod
1912 2963 1949 2997 in
1974 2961 2144 2997 codicillis
2168 2960 2338 3005 scriptum

1257 3013 1357 3055 ‘erit',
1390 3016 1555 3047 utrumne
1586 3010 1701 3045 futuri
1732 3008 1902 3054 temporis
1927 3005 2180 3042 demonstratio
2204 3004 2268 3039 fiat
2292 3014 2337 3038 an

1257 3058 1362 3093 etiam
1386 3056 1585 3102 praeteriti,
1618 3055 1647 3090 si
1678 3058 1760 3089 ante
1791 3053 1943 3098 scriptos
1974 3050 2155 3086 codicillos
2181 3049 2258 3093 quis
2283 3059 2337 3083 re-

1255 3104 1404 3148 linquat.
1453 3101 1547 3146 quod
1579 3099 1719 3145 quidem
1743 3110 1787 3134 ex
1810 3098 1993 3133 voluntate
2016 3094 2203 3131 scribentis
2227 3094 2336 3128 inter-

1255 3147 1468 3193 pretandum
1500 3149 1565 3181 est.
1622 3143 1916 3190 quemadmodum
1947 3145 2065 3176 autem
2089 3140 2162 3191 ,hoc
2193 3139 2338 3173 verbum

1257 3193 1333 3228 ‘est’
1359 3203 1430 3227 non
1454 3191 1570 3227 solum
1593 3200 1774 3235 praesens,
1800 3188 1862 3223 sed
1887 3190 1922 3222 et
1945 3188 2174 3230 praetentum
2198 3187 2337 3227 tempus

1256 3237 1448 3282 significat,
1480 3237 1531 3270 ita
1560 3239 1595 3270 et
1624 3235 1694 3270 hoc
1723 3234 1869 3269 verbum
1894 3231 1982 3266 ‘erit'
2007 3240 2077 3264 non
2103 3229 2217 3263 solum
2240 3227 2336 3261 futu-

1255 3293 1350 3324 rum,
1389 3281 1453 3317 sed
1493 3280 1671 3315 interdum
1709 3279 1813 3314 etiam
1844 3275 2073 3321 praeteritum
2092 3276 2245 3325 ‘tempus
2277 3271 2337 3305 de-

1256 3326 1483 3368 monstrat22,
1508 3335 1591 3360 nam
1616 3335 1696 3360 cum
1721 3323 1865 3359 dicimus
1891 3320 2034 3355 ‘Lucius
2059 3318 2173 3353 T1t1us
2198 3316 2335 3352 solutus

1256 3375 1323 3407 ‘est
1365 3371 1410 3406 ab
1453 3370 1691 3415 obligatione'‚
1740 3372 1775 3403 et
1816 3365 2045 3411 praeteritum
2090 3366 2126 3397 et
2168 3370 2337 3407 praesens

1256 3485 1379 3527 species
1398 3483 1514 3516 fundi:
1538 3483 1567 3515 si
1585 3494 1646 3516 scr.
1669 3479 1829 3520 (similiter
1840 3478 1936 3518 Hal.)
2030 3477 2087 3514 (16)
2112 3473 2161 3506 rei
2183 3475 2241 3507 ins.
2264 3473 2335 3506 edd.

1258 3534 1316 3571 (17)
1341 3528 1497 3571 respondi
1510 3527 1561 3561 F²
1612 3528 1671 3567 (18)
1692 3524 1830 3565 legasset
1844 3521 1893 3555 Γ)
1947 3521 2006 3561 (19)
2027 3520 2075 3552 rei
2087 3518 2145 3560 ita]
2160 3517 2263 3552 relata
2277 3518 2336 3557 F‘,

1257 3575 1306 3607 rei
1319 3574 1388 3606 iata
1402 3574 1473 3615 (sic)
1489 3572 1540 3605 F2
1624 3572 1688 3611 (20)
1711 3578 1730 3599 a
1743 3580 1799 3601 om.
1816 3568 1847 3598 F
1928 3572 1984 3600 ‹21›
2012 3566 2052 3606 ‹gfl
2069 3563 2228 3596 Scaevola
2247 3563 2338 3605 apud

1269 3619 1408 3653 Gellium
1425 3620 1475 3655 17,
1489 3625 1516 3659 7,
1529 3624 1544 3650 3
1629 3616 1691 3656 (22)
1718 3611 1990 3653 quemadmodum
2004 3611 2113 3641 autem
2126 3608 2188 3639 hoc
2200 3607 2336 3639 verbum

1258 3662 1343 3697 ‘erit'
1363 3673 1431 3695 non
1450 3657 1556 3694 solum
1576 3661 1737 3697 futurum,
1756 3656 1812 3687 sed
1829 3655 1996 3687 interdum
2012 3653 2110 3685 etiam
2122 3652 2335 3694 praeteritum

1258 3710 1387 3751 tempus
1399 3706 1611 3746 demonstrat,
1630 3704 1678 3735 ita
1694 3704 1726 3734 et
1738 3702 1800 3733 hoc
1812 3699 1948 3732 verbum
1962 3698 2030 3730 ‘est'
2044 3707 2111 3729 non
2123 3697 2229 3729 solum
2241 3706 2331 3738 prae·

1258 3762 1342 3795 sens,
1353 3752 1410 3786 sed
1421 3753 1455 3785 et
1464 3749 1682 3795 praeteritum
1693 3748 1822 3789 tempus
1833 3743 1998 3788 significat
2010 3742 2180 3785 Schultiny
