2528 3918
180 108 326 151 msT.
345 108 423 162 111,
459 110 523 150 19.
545 109 598 149 20

182 234 278 270 'iuris
307 230 552 278 interpretatio
583 228 682 264 facta
705 231 759 264 est
770 229 788 272 ,⁴
812 231 854 264 ut
874 228 968 265 idem
991 230 1077 266 iuris
1101 228 1268 271 habeant,

182 279 276 326 quod
296 277 476 324 pubertati
495 274 657 320 proximi.
694 273 758 310 sed
777 274 838 320 qui
856 274 894 310 in
912 276 1071 320 parentis
1091 277 1269 320 potestate

182 330 236 361 est
270 324 450 369 impubes,
486 331 552 356 nec
583 322 732 355 auctore
766 319 907 366 quidem
941 324 1044 366 patre
1078 319 1270 371 obligatur:

186 374 221 406 11
273 370 311 405 Si
333 366 560 414 impossibilis
585 364 748 401 condicio
772 365 1048 411 obligationibus
1080 364 1266 407 adimatur,

180 416 267 452 nihil
290 415 384 450 valet
402 410 597 456 stipulatio.
633 410 859 456 impossibilis
880 415 999 446 autem
1019 410 1181 446 condicio
1200 410 1264 445 ha-

179 462 284 497 betur
297 462 318 502 ¹,
333 459 389 494 cui
402 462 532 492 natura
543 455 793 508 impedimento
807 459 872 498 est,
893 467 962 501 quo
985 456 1101 491 minus
1122 455 1264 498 existat,

180 506 285 541 veluti
319 505 349 540 si
380 503 457 548 quis
489 502 541 536 ita
573 501 718 537 dixerit:
745 501 787 537 ‘si
811 501 918 546 digito
944 501 1080 536 caelum
1104 500 1265 546 attigero,

180 552 277 586 ‘dare
296 548 495 595 spondes?'
521 550 560 582 at
583 546 614 582 si
636 547 689 582 ita
711 547 911 591 stipuletur,
938 546 978 581 ‘si
999 546 1107 591 digito
1129 546 1265 581 caelum

179 601 262 632 ‘non
295 595 466 639 attigero,
499 592 586 628 dare
618 592 818 637 spondes?‘
850 602 939 636 pure
969 592 1068 627 facta
1098 591 1169 627 obli
1194 591 1266 627 atio

183 646 221 677 12
267 639 484 684 intellegitur
513 638 664 683 ideoque
694 638 815 673 statim
846 642 969 682 petere
998 640 1129 682 potest.
1195 640 1267 672 tem

180 687 363 723 verborum
394 683 562 729 obligatio
594 683 688 718 inter
719 683 885 718 absentes
922 685 1097 728 concepta
1131 682 1266 718 inutilis

178 737 242 768 est.
277 731 339 768 sed
356 741 446 772 ,cum
476 730 546 765 hoc
576 728 761 764 materiam
792 727 907 762 litium
939 727 1170 763 contentiosis
1201 728 1265 763 ho-

179 778 330 813 minibus
361 775 589 822 praestabat,
622 774 715 809 forte
746 776 829 819 post
858 777 996 818 tempus
1020 773 1110 809 tales
1134 773 1265 818 allega-

178 824 292 859 tiones
324 821 588 868 opponentibus
620 823 656 855 et
687 830 758 854 non
791 822 998 863 praesentes
1031 828 1110 854 esse
1140 819 1196 855 vel
1227 829 1266 854 se

177 869 231 904 vel
248 867 470 904 adversarios
488 876 574 902 suos
595 864 909 901 contendentibus:
934 863 1015 899 ideo
1036 867 1160 899 nostra
1180 875 1265 900 con-

176 914 314 950 stitutio
325 914 339 934 ²
351 915 498 959 propter
511 911 726 947 celeritatem
739 909 1013 944 dirimendarum
1027 909 1141 945 litium
1152 909 1266 945 intro-

177 960 287 995 ducta
311 962 375 1002 est,
401 968 506 1004 quam
530 956 577 992 ad
597 955 878 991 Caesareenses³
902 954 1097 990 advocatos
1121 955 1265 1000 scripsi-

177 1016 275 1048 mus,
306 1015 372 1050 per
395 1014 501 1049 quam
533 1001 771 1047 disposuimus
803 1000 895 1035 tales
927 1000 1142 1045 scripturas,
1198 1010 1266 1036 uae

176 1054 319 1097 praesto
345 1060 422 1085 esse
446 1051 567 1094 partes
590 1046 762 1088 indicant,
787 1045 990 1081 omnimodo
1016 1056 1094 1082 esse
1118 1056 1178 1082 cre
1205 1057 1265 1081 en-

177 1097 262 1139 das,
294 1095 362 1131 nisi
384 1095 479 1140 ipse,
512 1093 573 1138 qui
596 1092 727 1127 talibus
751 1090 865 1126 utitur
887 1091 1059 1136 improbis
1083 1091 1266 1137 allegatio-

175 1142 299 1184 nibus,
331 1138 625 1176 manifestissimis
650 1136 922 1183 probationibus
945 1137 1001 1172 vel
1024 1147 1089 1189 per
1111 1137 1265 1182 scriptu-

175 1199 252 1223 ram
283 1187 338 1223 vel
361 1196 426 1232 per
447 1189 557 1220 testes
579 1183 728 1219 idoneos
752 1182 1004 1228 approbaverit
1025 1193 1063 1218 in
1085 1182 1097 1218 i
1123 1193 1163 1218 so
1187 1186 1264 1219 toto

177 1233 234 1269 die
265 1243 334 1278 quo
369 1230 625 1267 conficiebatur
654 1228 928 1263 instrumentum
959 1238 1039 1263 sese
1061 1238 1103 1264 ve
1139 1227 1264 1263 adver·

178 1282 218 1314 13
266 1278 399 1314 sarium
430 1286 533 1311 suum
564 1275 602 1309 in
633 1273 712 1309 aliis
744 1273 834 1309 locis
859 1283 948 1309 esse.
996 1273 1086 1309 Post
1115 1277 1264 1309 mortem

175 1335 278 1360 suam
311 1323 388 1358 dari
419 1321 486 1357 sibi
518 1329 621 1356 nemo
652 1318 818 1364 stipulari
847 1321 1009 1365 poterat,
1044 1329 1118 1354 non
1151 1319 1263 1364 magis

175 1380 282 1416 quam
311 1372 395 1414 post
426 1367 502 1402 eius
533 1368 683 1401 mortem
715 1374 738 1399 a
761 1375 831 1409 quo
856 1364 1107 1409 stipulabatur.
1144 1374 1188 1400 ac
1219 1374 1264 1400 ne

174 1416 216 1458 is,
241 1415 302 1460 qui
320 1415 357 1449 in
377 1413 528 1448 alicuius
549 1413 727 1456 potestate
747 1413 811 1452 est,
835 1414 918 1455 post
935 1413 1084 1445 mortem
1104 1410 1180 1446 eius
1199 1410 1262 1445 sti-

174 1460 290 1506 pulari
310 1461 462 1505 poterat,
484 1457 568 1502 quia
588 1455 701 1501 patris
721 1455 778 1491 vel
798 1454 930 1491 domini
950 1465 1037 1491 voce
1056 1456 1155 1501 loqui
1165 1454 1262 1491 vide-

174 1512 242 1542 tur.
280 1505 343 1541 sed
367 1508 402 1539 et
425 1503 455 1539 si
479 1502 558 1548 quis
580 1501 633 1536 ita
656 1501 864 1546 stipuletur,
890 1500 1015 1553 ‘pridie
1046 1511 1154 1547 quam
1185 1511 1261 1536 mo-

174 1552 257 1587 riar'
281 1551 336 1586 vel
360 1548 485 1595 ‘pridie
508 1558 615 1593 quam
645 1546 807 1582 morieris
839 1545 986 1581 dan⁴‘?’
1016 1546 1152 1583 inutilis
1185 1549 1263 1582 erat

174 1596 368 1642 stipulatio.
405 1594 469 1630 sed
493 1604 585 1636 cum,
610 1596 651 1627 ut
672 1592 744 1627 iam
769 1591 902 1627 dictum
927 1594 992 1634 est,
1017 1602 1061 1628 ex
1085 1602 1263 1628 consensu

174 1640 460 1678 contrahentium
495 1638 744 1684 stipulationes
778 1637 917 1680 valent,
959 1637 1095 1683 placuit
1135 1637 1263 1674 nobis⁵

174 1689 280 1724 etiam
311 1687 348 1722 in
379 1686 476 1721 hunc
506 1684 594 1720 iuris
619 1683 808 1719 articulum
830 1683 1071 1719 necessariam
1093 1683 1262 1719 inducere

174 1732 466 1773 emendationem,
491 1733 542 1772 ut,
567 1729 641 1765 sive
664 1731 748 1775 post
764 1731 914 1764 mortem
932 1728 1005 1764 sive
1022 1728 1137 1774 pridie
1155 1738 1262 1774 quam

174 1779 344 1815 morietur
366 1776 556 1822 stipulator
579 1775 653 1811 sive
671 1773 867 1820 promissor
886 1774 1068 1819 stipulatio
1089 1777 1262 1820 concepta

176 1828 216 1859 14
264 1827 329 1866 est,
352 1822 470 1858 valeat
493 1820 686 1866 stipulatio.
734 1820 825 1855 Item
848 1819 880 1855 si
903 1819 982 1872 quis
1005 1819 1057 1855 ita
1072 1819 1262 1865 stipulatus

174 1873 268 1905 erat:
295 1869 337 1904 ‘si
360 1868 460 1903 navis
485 1877 528 1902 ex
552 1866 640 1901 Asia
662 1865 810 1908 venerit,
833 1864 940 1901 hodie
958 1864 1044 1900 dare
1062 1865 1261 1910 spondes?’

172 1915 306 1951 inutilis
332 1917 408 1949 erat
427 1912 622 1965 stipulatio,
647 1910 731 1956 quia
750 1914 980 1963 praepostere
1001 1914 1177 1956 concepta
1197 1913 1260 1946 est.

173 1961 235 1997 scd
268 1971 349 1996 cum
372 1959 447 1994 Leo
479 1957 624 1993 inclitae
665 1955 924 1992 recordationis
948 1955 986 1991 in
1009 1955 1153 1991 dotibus
1178 1966 1261 1992 ean-

173 2007 253 2043 dem
273 2004 539 2050 stipulationem
565 2012 656 2048 quae
673 2005 908 2047 praepostera
933 2005 1165 2054 nuncupatur
1190 2011 1262 2037 non

173 2062 252 2088 esse
275 2049 490 2086 reiciendam
522 2047 752 2090 existimavit,
785 2047 914 2082 nobis⁶
944 2047 1083 2092 placuit
1113 2050 1149 2082 et
1178 2047 1262 2082 huic

172 2097 369 2143 perfectum
392 2095 503 2131 robur
526 2092 813 2136 accommodare,
837 2095 880 2127 ut
901 2102 975 2128 non
998 2092 1114 2128 solum
1136 2092 1174 2128 in
1198 2092 1262 2129 do-

172 2144 287 2185 tibus,
320 2140 384 2177 sed
415 2140 522 2176 etiam
551 2139 588 2174 in
622 2138 786 2174 omnibus
809 2137 928 2173 valeat
950 2137 1154 2173 huiusmodi
1178 2148 1262 2174 con-

176 2191 214 2224 15
264 2186 380 2232 ceptio
405 2184 655 2230 stipulationis.
702 2184 760 2219 Ita
791 2187 911 2219 autem
943 2193 1054 2219 conce
1079 2186 1119 2219 ta
1150 2183 1263 2229 stipu-

171 2234 276 2276 latio,
301 2231 410 2268 veluti
434 2232 463 2266 si
487 2230 603 2265 Titius
628 2229 726 2265 dicat
749 2232 843 2264 ‘cum
866 2229 1015 2271 moriar,
1066 2239 1128 2264 are
1151 2239 1260 2274 spon-

172 2278 290 2315 ‘des‘t'’
322 2277 378 2313 vel
402 2279 496 2312 ‘cum
518 2275 702 2318 morieris',
728 2278 764 2310 et
787 2274 883 2320 apud
906 2278 1043 2310 veteres
1067 2274 1163 2310 utilis
1187 2277 1264 2310 erat

174 2328 215 2360 16
262 2327 299 2359 et
329 2333 426 2358 nunc
449 2321 553 2357 valet.
606 2321 695 2356 Item
718 2323 802 2365 post
823 2323 974 2356 mortem
997 2320 1144 2355 alterius
1166 2323 1264 2355 recte

174 2373 213 2405 17
262 2368 485 2421 stipulamur.
534 2366 595 2402 '¹Si
619 2366 791 2411 scriptum
821 2365 930 2401 fuerit
958 2365 997 2401 in
1026 2365 1262 2401 instrumento

171 2415 375 2462 promisisse
398 2414 569 2458 aliquem,
601 2411 749 2457 perinde
770 2411 944 2454 habetur,
969 2414 1077 2456 atque
1100 2410 1131 2446 si
1153 2411 1262 2446 inter-

174 2463 215 2496 18
262 2459 446 2505 rogatione
476 2457 713 2503 praecedente
743 2467 954 2502 responsum
986 2456 1043 2492 sit.
1092 2455 1263 2501 Quotiens

171 2507 291 2552 plures
315 2515 373 2541 res
396 2514 469 2539 una
493 2502 723 2549 stipulatione
747 2501 1106 2547 comprehenduntur,
1131 2501 1162 2537 si
1185 2501 1262 2547 qui-

171 2552 251 2587 dem
275 2550 470 2596 promissor
493 2548 700 2594 simpliciter
722 2547 939 2593 respondeat
962 2547 1059 2583 ‘dare
1078 2547 1262 2592 spondeo',

171 2599 318 2643 propter
338 2605 460 2631 omnes
479 2597 638 2629 tenetur:
665 2594 695 2629 si
714 2604 798 2629 vero
818 2603 927 2629 unam
948 2602 992 2628 ex
1009 2593 1066 2628 his
1086 2593 1142 2629 vel
1154 2603 1261 2638 quas-

172 2643 254 2678 dam
286 2641 452 2676 daturum
482 2650 521 2675 se
553 2639 804 2685 spoponderit,
840 2638 1009 2684 obligatio
1040 2638 1078 2673 in
1107 2638 1164 2674 liis
1194 2649 1261 2683 pro

172 2688 301 2733 quibus
337 2685 570 2731 spoponderit
604 2685 838 2720 contrahitur.
888 2694 932 2719 ex
966 2684 1130 2729 pluribus
1169 2684 1261 2719 enim

171 2731 464 2778 stipulationibus
495 2740 569 2765 una
599 2730 654 2765 vel
685 2730 860 2776 quaedam
889 2729 1055 2764 videntur
1078 2739 1157 2764 esse
1179 2739 1260 2774 per-

170 2778 304 2814 fectae:
331 2776 486 2821 singulas
511 2776 602 2810 enim
626 2785 682 2810 res
706 2775 870 2820 stipulari
894 2778 930 2809 et
953 2774 999 2810 ad
1023 2774 1181 2820 singulas
1204 2784 1260 2809 re-

174 2826 215 2859 19
261 2822 438 2868 spondere
470 2821 648 2856 debemus.
699 2821 834 2856 ⁸Alteri
865 2820 1047 2866 stipulari,
1079 2823 1121 2855 ut
1150 2830 1261 2865 supra

172 2868 306 2904 dictum
331 2870 403 2910 est,
428 2877 530 2902 nemo
556 2869 692 2911 potest:
724 2867 889 2902 inventae
912 2869 997 2901 sunt
1021 2865 1114 2901 enim
1137 2865 1259 2900 huius-

171 2914 267 2950 modi
290 2912 523 2957 obligationes
548 2912 594 2946 ad
626 2912 715 2955 hoc,
747 2915 789 2947 ut
819 2911 1065 2956 unusquisque
1096 2911 1165 2946 sibi
1196 2910 1259 2946 ad-

172 2959 289 3006 quirat
307 2957 402 3004 quod
422 2968 488 2993 sua
503 2957 669 2992 interest:
696 2960 852 2992 ceterum
876 2957 931 2992 si⁹
954 2956 1015 2992 alii
1034 2956 1148 2998 detur,
1173 2956 1260 2991 nihil

170 3006 320 3041 interest
349 3002 580 3048 stipulatoris.
616 3002 723 3047 plane
747 3003 777 3038 si
801 3002 880 3048 quis
912 3002 997 3037 velit
1026 3002 1096 3037 hoc
1127 3001 1258 3044 facere,

170 3060 324 3096 poenam
348 3048 512 3093 stipulari
537 3048 739 3091 conveniet,
769 3051 826 3090 ut,
847 3047 929 3083 vnisi
958 3047 1010 3083 ita
1041 3046 1178 3082 factum
1201 3047 1258 3090 sit,

170 3100 211 3132 ut
234 3094 528 3140 comprehensum
552 3095 696 3135 esset¹⁰,
730 3093 970 3129 committetur
984 3093 1010 3114 ¹¹
1033 3102 1172 3138 poenae
1195 3093 1258 3128 sti-

169 3140 310 3187 pulatio
334 3140 440 3175 etiam
464 3139 497 3174 ei
529 3138 631 3173 cuius
662 3139 749 3173 nihil
780 3139 947 3174 interest:
980 3148 1133 3184 poenam
1166 3138 1259 3173 enim

171 3197 252 3223 cum
275 3185 467 3230 stipulatur
490 3183 580 3229 quis,
603 3194 677 3219 non
699 3184 786 3219 illud
809 3184 1014 3229 inspicitur,
1039 3183 1125 3228 quid
1147 3183 1258 3219 inter-

170 3232 217 3268 sit
245 3231 340 3273 eius,
373 3229 437 3266 sed
461 3239 554 3275 quae
577 3229 624 3264 sit
647 3229 828 3273 quantitas
852 3230 889 3264 in
913 3229 1123 3265 condicione
1145 3228 1258 3274 stipu-

170 3276 324 3313 lationis.
362 3285 444 3320 ergo
469 3274 500 3309 si
547 3274 602 3310 uis
629 3274 818 3319 stipuletur
838 3274 932 3310 Titio
955 3274 1043 3317 dari,
1068 3273 1155 3309 nihil
1174 3273 1258 3319 agit,

170 3321 234 3358 sed
266 3321 297 3357 si
326 3320 502 3356 addiderit
557 3329 576 3355 e
605 3329 722 3364 poena
746 3319 826 3354 ‘nisi
858 3319 1014 3362 dederis,
1045 3322 1101 3355 tot
1130 3329 1258 3355 aureos

170 3370 214 3404 20
260 3366 360 3402 ‘dare
372 3364 571 3411 spondes?
584 3368 672 3400 tunc
685 3365 915 3400 committitur
928 3364 1122 3410 stipulatio.
1153 3365 1180 3386 ¹²
1188 3364 1257 3399 Sed

170 3483 210 3525 (1)
234 3480 388 3523 habetur]
398 3481 476 3522 AB,
486 3479 678 3523 appellatur
691 3479 723 3512 T

171 3529 214 3569 (3)
240 3527 464 3560 caesarienses
476 3526 556 3560 libri
629 3527 672 3566 (4)
697 3524 784 3566 dari]
799 3524 875 3565 BT,
887 3523 982 3557 dabis
992 3526 1021 3558 A

171 3575 201 3614 8,
212 3580 246 3608 37
257 3574 372 3615 (38),11
477 3572 521 3613 (6)
549 3570 628 3605 God.
643 3572 675 3611 6,
688 3577 734 3610 23,
744 3578 781 3604 25
884 3573 927 3609 (Ἰ)
954 3574 1012 3609 §¹¹1
1022 3571 1138 3604 similis
1146 3570 1254 3603 Paulo

170 3620 202 3661 5,
213 3626 240 3662 ⁷,
250 3625 268 3652 ι
383 3617 429 3659 (s)
457 3616 1013 3659 meinamma45,1,3s‚1·1(Ulp.
1026 3616 1045 3648 l.
1058 3623 1092 3649 49
1104 3615 1252 3657 adSab.)

171 3665 217 3705 (9)
241 3664 283 3705 si]
294 3666 333 3696 ut
341 3664 422 3707 Diq.
494 3664 553 3703 (ιο)
576 3661 625 3696 sic
631 3661 712 3702 AB,
723 3664 773 3694 est
786 3661 894 3705 TDiy.
962 3662 1017 3702 (ιι)
1041 3662 1088 3694 sic
1097 3661 1253 3704 ATD1·9.,

170 3709 436 3741 committeretur
445 3708 481 3741 B
596 3708 654 3747 (12)
683 3711 748 3745 §20
759 3719 797 3740 ex
806 3707 985 3750 D59.45,1,
996 3713 1043 3745 38,
1055 3714 1100 3739 2ο.
1112 3713 1147 3739 23
1157 3706 1252 3748 (Ulp.

172 3754 194 3788 1.
203 3756 248 3798 c.)
415 3758 473 3796 (13)
501 3757 518 3793 θ
529 3760 565 3788 22
574 3753 689 3787 similis
698 3753 776 3796 Diy.
789 3753 842 3792 45,
853 3760 880 3794 ι,
890 3759 924 3785 87
936 3751 1046 3791 (Paul.
1059 3752 1078 3784 l.
1092 3759 1125 3784 75
1136 3751 1182 3784 ad
1189 3752 1253 3791 ed.)

887 3480 930 3520 (2)
959 3479 1036 3513 Cod.
1049 3481 1079 3523 8,
1090 3480 1253 3521 37(38),14

1101 3527 1145 3565 (5)
1174 3525 1252 3558 cod.

1275 100 1338 149 38³

1323 3479 1380 3519 (14)
1406 3479 1485 3520 quo]
1494 3478 1537 3519 A,
1548 3477 1636 3520 quod
1648 3477 1724 3517 BT,
1735 3486 1800 3519 qua
1808 3476 1890 3519 Diq.

1323 3524 1448 3566 (Pomp.
1463 3523 1484 3557 l.
1498 3530 1533 3557 27
1548 3523 1595 3556 ad
1605 3523 1701 3563 Sat.)

1322 3569 1401 3602 dare
1415 3569 1495 3602 libri

1963 121 2024 152 nn
2053 99 2418 156 rmnmssoaisus

1337 231 1374 264 et
1396 228 1427 264 si
1451 228 1530 274 quis
1553 229 1743 275 stipuletur
1766 231 1838 274 alii,
1863 241 1944 267 cum
1963 231 2038 267 eius
2061 232 2260 277 interesset,
2282 233 2420 279 placuit

1337 273 1602 327 stipulationem
1625 275 1753 312 valere.
1790 287 1872 312 nam
1895 276 1926 312 si
1948 276 1999 320 is,
2031 279 2091 331 qui
2122 278 2248 324 pupilli
2271 279 2419 315 tutelam

1336 318 1584 371 admimstrare
1615 324 1800 367 coeperat,
1833 322 1941 358 cessit
1963 323 2268 360 administratione
2292 327 2418 361 contu-

1334 368 1405 399 tori
1433 375 1500 417 suo
1533 369 1569 400 et
1598 365 1789 411 stipulatus
1821 370 1876 402 est
1905 378 1979 402 rem
2010 370 2136 414 pupilli
2165 369 2300 405 salvam
2329 369 2418 414 fore,

1335 420 1502 454 quoniam
1525 410 1674 446 interest
1695 412 1915 458 stipulatoris
1933 412 2009 448 fieri
2027 415 2122 459 quod
2141 414 2332 460 stipulatus
2352 419 2417 458 est,

1335 466 1416 508 cum
1440 455 1615 501 obligatus
1637 456 1781 493 futurus
1805 461 1900 493 esset
1922 458 2067 510 pupillo,
2092 460 2124 495 si
2145 460 2238 495 male
2259 470 2317 496 res
2339 471 2410 505 ges·

1335 503 1431 543 serit,
1456 504 1554 536 tenet
1577 501 1757 547 obligatio.
1794 513 1877 547 ergo
1902 507 1938 538 et
1960 513 1990 538 si
2008 505 2086 549 quis
2106 505 2331 550 procuratori
2352 516 2417 542 suo

1335 545 1412 581 dari
1436 546 1627 591 stipulatus
1651 547 1708 590 sit,
1733 548 1914 594 stipulatio
1933 548 2025 584 vires
2045 550 2200 586 habebit.
2238 554 2274 586 et
2291 551 2322 586 si
2342 561 2417 587 cre-

1335 591 1441 627 ditori
1464 602 1530 627 suo
1578 592 1651 627 uod
1673 603 1740 628 sua
1757 593 1915 636 interest,
1939 604 1985 628 ne
2003 593 2096 630 forte
2113 595 2169 631 vel
2186 605 2303 648 poena
2322 606 2417 632 com-

1335 636 1496 671 mittatur
1519 603 1577 673 veff
1597 638 1745 682 praedia
1768 638 2013 675 distrahantur
2043 650 2135 685 quae
2170 641 2309 686 pignori
2333 641 2418 677 data

1335 684 1375 716 21
1426 686 1548 725 erant,
1588 682 1683 735 valet
1714 683 1907 736 stipulatio.
1955 683 2070 720 Versa
2103 685 2181 721 vice
2214 686 2275 731 qui
2309 686 2418 722 alium

1334 726 1515 763 facturum
1538 729 1719 773 promisit,
1743 729 1882 765 videtur
1904 730 1942 765 in
1964 740 2007 766 ea
2030 741 2108 766 esse
2132 741 2258 774 causa,
2282 735 2324 767 ut
2345 742 2418 768 non

1335 775 1378 807 22
1425 776 1608 816 teneatur,
1639 773 1709 809 nisi
1738 784 1889 820 poenam
1919 774 1996 820 ipse
2029 776 2240 821 promiserit.
2294 777 2417 813 13Ιιειιιι

1335 827 1437 853 nemo
1469 829 1543 854 rem
1575 829 1676 854 suam
1706 819 1865 855 futuram
1895 820 1932 855 in
1963 831 2044 856 eum
2072 832 2196 858 casum
2219 833 2289 867 quo
2302 822 2329 843 ¹⁴
2353 833 2419 858 sua

1335 866 1377 898 23
1425 863 1467 898 fit
1499 864 1634 900 utiliter
1667 865 1869 910 stipulatur.
1917 865 1954 900 Si
1986 866 2031 901 de
2058 867 2129 902 alia
2158 877 2198 903 re
2229 868 2419 912 stipulator

1335 909 1496 952 senserit,
1522 909 1566 944 de
1585 910 1656 945 alia
1701 910 1880 952 romissor,
1905 911 2051 956 perinde
2074 913 2172 948 nulla
2195 913 2418 948 contrahitur

1335 954 1514 1006 obligatio,
1539 965 1583 990 ac
1603 955 1634 991 si
1651 921 1699 990 ag
1716 956 1971 1000 interrogatum
1990 967 2201 1002 responsum
2221 969 2293 994 non
2313 962 2417 1001 esset,

1334 999 1442 1035 veluti
1466 1000 1495 1035 si
1519 1000 1696 1035 hominem
1716 1000 1878 1036 Stichum
1901 1011 1924 1037 a
1941 1005 1977 1037 te
1995 1002 2184 1055 stipulatus
2206 1003 2284 1048 quis
2299 1003 2417 1046 fuerit,

1334 1048 1374 1080 tu
1398 1045 1443 1080 de
1465 1045 1652 1091 Pamphilo
1676 1046 1849 1088 senseris,
1875 1057 1979 1092 quem
2003 1047 2164 1084 Stichum
2195 1049 2317 1084 vocari
2341 1059 2416 1084 cre·

1335 1093 1378 1125 24
1425 1090 1566 1143 dideris.
1615 1091 1718 1135 Quod
1752 1092 1848 1136 turpi
1883 1102 1926 1127 ex
1961 1103 2071 1128 causa
2104 1094 2317 1139 promissum
2353 1098 2417 1136 est,

1333 1135 1441 1171 veluti
1465 1147 1496 1171 si
1519 1136 1597 1182 quis
1621 1136 1847 1172 homicidium
1870 1138 1926 1173 vel
1941 1138 2163 1183 sacrilegium
2183 1150 2221 1175 se
2238 1139 2418 1176 facturum

1334 1182 1529 1226 promittat,
1554 1192 1627 1217 non
1649 1182 1753 1218 valet.

1334 1230 1375 1262 25
1470 1226 1559 1263 Cum
1582 1227 1666 1273 quis>
1685 1228 1752 1263 sub
1776 1227 1896 1273 aliqua
1927 1227 2135 1264 condicione
2166 1228 2275 1264 fuerit
2304 1230 2417 1276 stipu-

1333 1272 1445 1315 latus,
1469 1273 1555 1309 licet
1577 1276 1662 1309 ante
1685 1273 1930 1309 condicionem
1953 1273 2163 1317 decesserit,
2195 1278 2322 1319 postea
2345 1276 2418 1311 exi-

1334 1320 1451 1353 stente
1475 1318 1685 1354 condicione
1707 1319 1810 1355 heres
1835 1319 1911 1355 eius
1943 1329 2048 1364 agere
2078 1322 2209 1365 potest.
2241 1320 2334 1356 idem
2365 1323 2419 1357 est

1333 1366 1376 1399 26
1423 1367 1460 1399 et
1483 1374 1505 1399 a
1528 1364 1752 1410 promissoris
1775 1367 1888 1410 parte.
1934 1364 2037 1409 ¹⁵Qui
2058 1364 2129 1400 hoc
2152 1374 2246 1401 anno
2270 1369 2334 1402 aut
2348 1366 2418 1402 hoc

1332 1419 1453 1445 mense
1476 1409 1555 1444 dari
1577 1409 1768 1455 stipulatus
1786 1410 1842 1452 sit,
1866 1409 1936 1446 nisi
1951 1410 2114 1446 omnibus
2134 1410 2296 1455 partibus
2339 1422 2417 1447 rae-

1332 1457 1374 1489 27
1421 1454 1535 1490 teritis
1575 1455 1661 1490 anni
1699 1455 1755 1491 vel
1793 1455 1925 1491 mensis
1956 1465 2029 1491 non
2058 1458 2156 1491 recte
2185 1458 2304 1502 petet¹
2325 1483 2334 1492 .
2381 1457 2416 1492 Si

1331 1499 1481 1553 fundum
1512 1500 1590 1536 dari
1603 1501 1630 1522 ¹⁷
1654 1500 1836 1553 stipuleris
1866 1501 1921 1537 vel
1952 1500 2149 1544 hominem,
2180 1512 2255 1538 non
2284 1503 2418 1547 poteris

1332 1549 1502 1581 continuo
1525 1556 1650 1592 agere,
1682 1546 1752 1582 nisi
1774 1549 1914 1582 tantum
1937 1546 2044 1592 spatii
2074 1547 2315 1592 praeterierit,
2347 1559 2417 1594 quo

1330 1590 1474 1628 traditio
1498 1591 1576 1627 fieri
1598 1591 1724 1638 possit.

1823 1685 1894 1724 XX
1905 1684 1932 1706 is

1635 1751 1697 1784 DE
1720 1751 2106 1786 FIDEIUSSORIBUS.

1379 1817 1495 1854 ιοῬι·ο
1520 1829 1561 1855 eo
1586 1818 1647 1864 qui
1663 1818 1838 1864 promittit
1856 1817 1973 1854 solent
1991 1818 2051 1854 alii
2067 1817 2226 1864 obligari,
2250 1817 2311 1864 qui
2329 1817 2415 1853 fide-

1330 1863 1494 1900 ’iussores
1525 1864 1769 1909 appellantur,
1826 1874 1891 1899 uos
1921 1863 2082 1899 homines
2107 1864 2269 1909 accipere
2291 1863 2417 1905 solent,

1334 1913 1348 1945 1
1398 1909 1493 1945 'dum
1522 1913 1670 1952 curant,
1701 1913 1743 1944 ut
1800 1908 1974 1954 “gentius
2005 1909 2074 1945 sibi
2103 1913 2248 1945 cautum
2271 1909 2328 1945 sit.
2375 1909 2417 1944 ln

1331 1955 1504 1991 *omnibus
1528 1958 1648 1990 autem
1672 1954 1948 2000 obligationibus
1967 1954 2107 1990 adsumi
2122 1958 2285 2000 possunt,
2309 1953 2346 1990 id
2364 1957 2418 1990 est

1331 2001 1413 2036 'sive
1443 2011 1483 2036 re
1514 2001 1588 2036 sive
1618 2000 1735 2036 verbis
1767 2000 1840 2036 sive
1869 1999 1995 2035 litteris
2026 2000 2099 2036 sive
2130 2010 2307 2036 consensu
2331 2010 2416 2035 con-

1331 2046 1479 2082 'tractae
1501 2045 1648 2082 fuerint.
1682 2055 1726 2081 ac
1748 2056 1795 2081 ne
1816 2045 1905 2081 illud
1929 2045 2071 2090 quidem
2102 2045 2268 2088 interest,
2298 2048 2417 2080 utrum

1331 2092 1452 2128 'civilis
1476 2102 1524 2127 an
1546 2091 1720 2127 naturalis
1744 2091 1791 2127 sit
1814 2091 2000 2136 obligatio,
2033 2091 2092 2127 cui
2122 2090 2299 2126 adiciatur
2328 2089 2416 2125 fide-

1331 2137 1469 2180 ‘iussor‚
1494 2136 1584 2173 adeo
1609 2136 1762 2183 quidem,
1786 2139 1827 2171 ut
1849 2147 1915 2182 pro
1939 2146 2041 2172 servo
2066 2146 2208 2182 quoque
2230 2135 2416 2188 obligetur,

1332 2183 1414 2219 'sive
1437 2186 1628 2218 extraneus
1652 2182 1699 2218 sit
1721 2182 1782 2227 qui
1804 2181 2049 2217 fideiussorem
2073 2191 2096 2216 a
2118 2191 2219 2217 servo
2251 2180 2416 2226 accipiat,

1331 2228 1513 2309 ’ἕὴῆὲξὲθ
1536 2226 2036 2309 ttfflssoinssssnqtfflb}
2062 2226 2416 2317 52²‘fflissf1st02'33

1331 2322 1351 2355 3
1398 2300 1505 2354 etiain
1527 2318 1692 2354 heredem
1716 2317 1910 2363 obligatum
1933 2283 2110 2363 relinqliiit.
2158 2298 2366 2353 Fideiussor
2381 2320 2416 2352 et

1330 2367 1353 2400 4
1398 2364 1614 2410 praecedere
1649 2363 1900 2408 obligationem
1936 2366 1972 2398 et
2003 2363 2104 2408 sequi
2143 2365 2272 2408 potest.
2329 2362 2361 2383 ²⁰
2369 2361 2416 2398 'Si

1332 2410 1460 2463 'plures
1473 2410 1545 2445 sint
1554 2409 1794 2452 fideiussores,
1809 2411 1985 2454 quotquot
2000 2411 2105 2443 erunt
2116 2418 2273 2451 numero,
2287 2407 2416 2453 singuli

1332 2455 1378 2491 'in
1410 2455 1562 2491 solidum
1593 2458 1771 2490 tenentur.
1809 2455 1931 2500 itaque
1952 2453 2103 2490 liberum
2125 2456 2182 2489 est
2204 2452 2371 2489 creditori
2394 2463 2417 2488 a

1332 2501 1340 2515 ⁵
1365 2511 1411 2537 uo
1436 2501 1519 2536 velit
1543 2500 1696 2536 solidum
1725 2503 1858 2545 petere.
1894 2499 1958 2535 sed
1990 2509 2034 2535 ex
2065 2498 2219 2544 epistula
2248 2497 2319 2534 divi
2341 2498 2415 2534 Ha·

1331 2547 1339 2560 ’
1355 2546 1456 2588 ,riani
1480 2546 1702 2591 compellitur
1725 2545 1879 2581 creditor
1901 2555 1925 2581 a
1947 2544 2106 2590 singulis,
2131 2543 2192 2590 qui
2215 2543 2319 2580 modo
2343 2543 2414 2580 sol-

1331 2591 1453 2627 'vendo
1478 2592 1550 2627 sint
1572 2591 1645 2626 litis
1669 2594 1892 2627 contestatae
1921 2593 2099 2636 tempore,
2129 2593 2250 2635 partes
2281 2591 2413 2634 petere.

1331 2637 1491 2682 'ideoque
1520 2637 1551 2672 si
1583 2637 1662 2689 quis
1701 2647 1747 2671 ex
1777 2635 2046 2671 fideiussoribus
2078 2645 2120 2671 eo
2151 2638 2311 2680 tempore
2342 2634 2414 2670 sol-

1331 2682 1453 2718 ’vendo
1477 2693 1550 2718 non
1574 2685 1632 2724 sit,
1655 2682 1726 2718 hoc
1750 2685 1887 2718 ceteros
1911 2684 2047 2717 onerat.
2084 2679 2148 2716 sed
2172 2683 2208 2715 et
2230 2679 2261 2716 si
2277 2679 2323 2715 ab
2340 2689 2412 2715 uno

1331 2728 1548 2763 ‘fideiussore
1579 2727 1734 2763 creditor
1764 2730 1879 2762 totum
1909 2729 2125 2764 consecutus
2148 2725 2274 2768 fuerit,
2305 2724 2412 2761 huius

1329 2773 1449 2809 'solius
1480 2773 1730 2809 detrimentum
1758 2772 1843 2815 erit,
1880 2771 1911 2807 si
1941 2771 1972 2807 is
2002 2781 2068 2817 pro
2100 2781 2170 2816 quo
2202 2769 2413 2806 fideiussit²¹

1330 2818 1508 2855 'solvendo
1538 2829 1612 2854 non
1643 2818 1707 2854 sit:
1741 2821 1777 2854 et
1799 2817 1867 2853 sibi
1889 2816 1936 2852 im
1962 2819 2066 2852 utare
2089 2815 2210 2859 debet,
2242 2826 2325 2852 cum
2347 2825 2412 2860 po·

1329 2865 1446 2900 'tuerit
1478 2864 1638 2900 adiuvari
1667 2874 1712 2899 ex
1742 2862 1895 2908 epistula
1953 2862 1997 2897 ’vi
2019 2860 2193 2896 Hadriani
2217 2864 2253 2896 et
2276 2860 2412 2896 deside-

1328 2913 1348 2945 5
1397 2910 1507 2952 rare,
1538 2913 1579 2945 ut
1608 2919 1674 2954 pro
1705 2911 1808 2954 parte
1836 2907 1874 2942 in
1904 2916 1944 2943 se
1967 2906 2072 2943 detur
2095 2906 2201 2942 actio.
2250 2905 2412 2941 Fideius-

1329 2956 1438 2991 'sores
1449 2955 1501 2991 ita
1520 2954 1669 3000 obligari
1688 2964 1760 2989 non
1779 2955 1940 2998 possunt,
1963 2955 2004 2988 ut
2019 2951 2101 2997 plus
2123 2951 2287 2994 debeant,
2306 2961 2413 2996 quam

1328 3001 1445 3037 'debet
1467 3001 1498 3036 is
1521 3010 1587 3045 pro
1611 3009 1681 3045 quo
1714 2998 1942 3043 obligantur‘:
1976 3007 2058 3032 nain
2089 3006 2213 3032 eorum
2242 2995 2411 3041 obligatio

1327 3046 1486 3082 accessio
1519 3049 1574 3081 est
1603 3044 1810 3090 principalis
1842 3042 2066 3088 obligationis
2097 3052 2163 3077 nec
2185 3041 2267 3087 plus
2289 3041 2328 3076 in
2351 3051 2412 3077 ac-

1327 3091 1489 3127 cessione
1520 3100 1598 3126 esse
1628 3093 1748 3135 potest
1771 3099 1877 3134 quam
1899 3088 1937 3123 in
1985 3087 2148 3133 rincipali
2170 3097 2219 3122 re.
2257 3086 2345 3122 ²²'at
2369 3096 2413 3122 ex

1327 3137 1487 3180 'diverso,
1511 3139 1553 3171 ut
1574 3135 1691 3171 minus
1715 3135 1886 3177 debeant,
1911 3133 1957 3169 ob
1973 3133 2059 3179 'gari
2083 3133 2255 3178 possunt·
2290 3132 2413 3184 itaque

1326 3183 1357 3218 si
1379 3192 1462 3218 reus
1486 3181 1608 3217 decem
1632 3190 1759 3216 aureos
1782 3179 1999 3226 promiserit,
2030 3177 2217 3213 fideiussor
2247 3177 2285 3212 iii
2308 3187 2411 3230 quin·

1327 3237 1396 3273 que
1418 3230 1516 3263 recte
1537 3227 1732 3272 obligatur:
1758 3228 1884 3261 contra
1906 3234 1989 3260 vero
2013 3234 2085 3259 non
2107 3226 2227 3268 potest
2249 3221 2409 3275 obhgari.

1326 3273 1409 3309 item
1434 3273 1464 3308 si
1487 3272 1546 3308 ille
1568 3282 1657 3318 pure
1675 3270 1887 3317 promiserit,
1911 3269 2099 3305 fideiussor
2117 3268 2184 3304 sub
2204 3267 2411 3303 condicione

1352 3319 1532 3354 romittere
1563 3321 1700 3363 potest:
1734 3319 1859 3352 contra
1882 3325 1965 3350 vero
1989 3324 2062 3350 non
2085 3316 2214 3359 potest.
2255 3323 2328 3348 non
2351 3322 2409 3348 so-

1326 3329 1400 3399 fum
1423 3364 1517 3399 enim
1539 3363 1577 3399 iii
1600 3362 1811 3408 quantitate,
1835 3360 1899 3396 sed
1922 3359 2028 3395 etiam
2051 3359 2088 3394 in
2112 3362 2271 3404 tempore
2293 3357 2410 3393 minus

1972 3474 2031 3514 (ιε)
2058 3477 2122 3512 §26
2133 3472 2323 3516 eaeD19.45,
2335 3478 2360 3511 1,
2371 3477 2408 3504 42

1783 3523 1844 3563 (ic)
1867 3520 1916 3554 sic
1930 3519 2083 3562 TssDiy„
2097 3518 2186 3560 petit
2198 3517 2267 3550 AB
2348 3519 2408 3556 (ιι)

2344 3604 2407 3647 (1⁹)

1368 3616 1428 3655 (is)
1457 3614 1508 3656 Cf.
1526 3613 1785 3652 Gai.3,115..12·1
1811 3611 1862 3645 Di
1885 3611 1986 3650 .46,ι
2014 3608 2092 3642 Cod.
2107 3609 2138 3649 8,
2152 3614 2189 3641 ⁴⁰
2203 3608 2261 3649 (ιι)
2273 3652 2331 3692 (2¹)
2356 3651 2408 3684 sie

1328 3659 1404 3693 Gai.
1415 3661 1446 3699 3,
1461 3666 1518 3692 115.
1534 3666 1590 3693 ιιι.
1607 3661 1670 3693 ιιι*
1748 3659 1812 3698 (20)
1874 3656 2113 3696 ai.3,121.122.
2129 3659 2180 3687 ιιο

1326 3703 1391 3738 ΤΕ
1403 3703 1492 3744 Gai„
1512 3702 1683 3736 fideiussor
1695 3703 1831 3736 accessit
1843 3702 1878 3736 Β
1969 3701 2034 3741 (22)
2062 3700 2139 3734 Gai.
2154 3701 2185 3741 3,
2198 3705 2249 3733 12⁶
