2528 3918
161 97 369 140 XXVIIII
399 98 424 138 2

207 214 261 256 82
295 217 517 253 Tenemus
549 216 728 254 Casus-ns
757 218 849 254 libro
883 224 989 255 sexto
1025 219 1162 256 decimo
1196 220 1247 256 ad

162 264 274 309 leqem
298 262 431 298 Iuliam
455 268 489 296 et
512 261 668 308 Papiam
722 262 760 299 Si
783 273 907 300 servus
931 264 1006 300 eius
1031 264 1092 310 qui
1116 274 1246 311 capere

161 318 232 343 non
262 310 382 353 potest
411 306 519 358 lieres·
545 307 754 343 instituatur
785 312 821 344 et
843 312 1033 355 antequam
1056 309 1158 345 iussu
1181 309 1245 346 do-

162 352 246 387 mini
269 351 376 387 adeat
397 350 651 395 hereditatem,
682 354 920 393 manumissus
952 354 1171 390 alienatusve
1198 355 1245 390 sit

162 402 197 432 et
217 396 303 431 nihil
322 396 359 431 in
378 394 541 431 fraudem
560 396 647 442 legis
668 396 803 433 factum
823 402 927 441 esset,
951 399 1029 444 ipse
1047 399 1246 435 admittitur

162 441 207 476 ad
230 440 473 476 hereditatem.
522 441 585 477 sed
608 446 645 478 et
667 442 698 478 si
720 446 860 488 partem
885 453 1015 488 capere
1044 444 1160 490 possit
1182 444 1245 480 do-

162 486 276 521 minus
300 485 389 528 eius,
414 485 539 522 eadem
561 486 711 523 dicenda
735 493 819 523 sunt
842 487 886 523 de
908 492 1023 533 parte,
1056 499 1164 535 quain
1186 488 1247 525 ille

162 539 291 576 capere
313 541 386 566 non
408 534 547 576 potest:
580 532 668 567 nihil
691 532 784 568 enim
807 533 973 576 interest,
1006 533 1051 569 de
1081 534 1246 570 universo

161 578 357 621 quaeratur
381 575 477 621 quod
500 586 543 612 ca
569 586 629 613 ere
653 588 725 613 non
747 577 862 623 possit
885 588 931 613 an
956 578 1000 614 de
1021 579 1196 625 portione.

207 617 260 658 83
292 619 488 673 Uimque
512 587 605 658 ligra
636 626 759 658 octavo
791 622 927 658 decimo
959 623 1010 658 ad
1039 623 1153 671 leqem
1183 624 1247 660 Ια-

163 665 247 700 liam
272 668 307 701 et
329 665 486 712 Papiam
532 665 570 702 Si
593 670 705 702 totam
730 669 798 702 an'
822 672 980 712 partem,
1005 678 1050 704 ex
1073 679 1144 715 qua
1167 668 1247 714 quis

162 711 265 745 heres
300 710 485 746 institutus
520 714 593 753 est,
633 712 742 747 tacite
779 716 925 757 rogatus
961 714 1008 748 sit
1045 714 1246 756 restituere,

161 766 207 808 ap
234 758 312 834 {ret
322 755 429 836 11ιιιὲιιῚ
459 755 491 791 ei
523 756 652 792 debere
683 756 910 801 adcrescere,
947 759 1029 803 quia
1063 769 1139 794 rem
1174 769 1247 794 non

160 811 194 835 vi
220 810 239 835 e
256 810 301 836 ur
350 810 372 836 a
397 810 470 837 ere.

207 841 262 882 84
292 844 542 882 Parmam
570 845 661 882 libro
692 850 798 883 sexto
829 846 965 883 decimo
998 848 1247 894 quaestionum

162 890 296 926 Ventre
317 891 512 936 praeterito
544 891 575 926 si
598 891 692 927 filius
717 892 777 937 qui
799 892 893 927 ιἰιίι2
915 893 1160 938 emancipatus
1185 896 1249 928 aut

162 939 263 971 exter
284 935 389 973 heres
411 936 597 971 institutus
621 936 685 979 sit,
718 937 886 982 quamdiu
913 938 1033 983 rumpi
1056 943 1247 974 testamen-

162 986 237 1015 tum
268 984 408 1033 potest,
443 991 516 1016 non
548 980 708 1017 defertur
737 992 782 1017 ex
812 985 1025 1018 testamento
1056 983 1246 1019 hereditas.

162 1025 226 1061 sed
257 1035 289 1061 si
319 1035 433 1061 vacuo
466 1029 589 1062 ventre
619 1027 745 1063 mulier
768 1026 837 1062 fuit
868 1031 904 1063 et
926 1027 1062 1063 incerto
1087 1038 1128 1064 eo
1152 1028 1247 1063 filius

161 1070 198 1106 iii
221 1069 356 1106 familia
378 1074 538 1107 retentus
561 1071 634 1106 vita
657 1071 818 1110 decessit.
847 1072 952 1109 lieres
975 1073 1087 1109 fuisse
1109 1073 1247 1109 intelle-

160 1116 274 1161 gitur:
308 1116 553 1161 emancipatus
581 1120 645 1151 aut
667 1121 768 1152 exter
790 1127 863 1153 non
885 1117 989 1153 aliter
1010 1121 1163 1163 possunt
1185 1119 1247 1153 he-

160 1159 349 1196 reditatem
381 1170 572 1206 quaerere,
606 1171 713 1206 quam
744 1162 774 1198 si
805 1172 878 1198 non
909 1172 988 1198 esse
1016 1167 1248 1215 praegnatem

161 1206 287 1241 sciant.
341 1215 425 1257 ergo
469 1206 500 1241 si
539 1210 662 1242 ventre
703 1207 808 1252 pleno
851 1208 899 1243 sit
939 1207 1084 1250 muher‚
1130 1218 1249 1243 nonne

163 1251 323 1296 iniquum
346 1254 414 1286 erit
436 1251 573 1286 interea
597 1251 801 1288 defunctum
825 1252 937 1288 filium
959 1253 1083 1288 heredi
1106 1263 1172 1289 suo
1190 1262 1247 1289 re-

161 1296 322 1341 linquere
341 1295 455 1330 nihil‘?
478 1299 515 1331 et
532 1295 612 1331 ideo
633 1295 777 1333 decreto
795 1297 867 1334 filio
885 1297 1167 1334 succurrendum
1182 1302 1248 1341 est,

162 1341 255 1386 quia,
280 1341 352 1376 sive
374 1339 487 1376 frater
510 1341 542 1376 ei
565 1345 737 1377 nascatur
761 1342 835 1378 sive
852 1353 926 1379 non
946 1347 1130 1387 nascatur,
1153 1343 1249 1389 patri

162 1387 265 1422 heres
289 1385 432 1421 futurus
456 1390 522 1421 est.
570 1386 693 1422 eadem
719 1397 764 1423 ue
794 1388 886 1424 ratio
918 1387 1025 1431 facit,
1058 1392 1099 1423 ut
1126 1398 1248 1424 eman-

162 1432 281 1476 cipato
314 1440 457 1476 quoque
487 1431 668 1467 subveniri
723 1432 845 1476 ebeat,
879 1434 940 1479 qui
962 1433 1136 1469 alterutro
1162 1443 1250 1470 casu

161 1486 235 1511 rem
260 1475 460 1511 omnimodo
484 1475 674 1512 habiturus
698 1481 763 1512 est.

207 1517 260 1558 85
292 1520 400 1556 loru
425 1521 516 1557 libro
547 1523 730 1568 triqesz‘mo
762 1522 1011 1569 quaestionum
1065 1522 1104 1558 Si
1133 1526 1250 1559 metus

162 1575 273 1601 causa
304 1565 411 1601 adeat
441 1565 571 1611 aliquis
602 1566 856 1610 hereditatem,
889 1567 952 1603 fiet
983 1571 1042 1610 ut,
1079 1568 1164 1613 quia
1193 1567 1249 1603 iii·

161 1611 252 1646 vitus
275 1610 380 1646 heres
404 1610 546 1653 existat,
571 1611 676 1647 detur
700 1611 904 1648 abstinendi
926 1611 1093 1648 facultas.

207 1652 260 1693 86
284 1654 394 1690 Imm
411 1655 503 1691 libro
526 1661 633 1691 sexto
651 1667 907 1703 responsorum
941 1657 1147 1693 Pannonius
1164 1657 1249 1693 Avi—

161 1704 218 1735 tus
254 1710 334 1735 cum
364 1700 403 1735 in
427 1699 550 1735 Cilicia
579 1705 793 1746 procuraret
822 1701 927 1737 heres
957 1701 1142 1738 institutus
1167 1706 1251 1738 ante

164 1746 236 1780 vita
259 1745 474 1787 decesserat,
499 1755 606 1791 quam
628 1747 796 1782 heredem
819 1756 858 1783 se
875 1746 1079 1782 institutum
1099 1757 1250 1793 cognos-

162 1794 270 1826 ceret.
310 1790 396 1835 quia
414 1790 590 1827 bonorum
607 1792 882 1836 possessionem,
932 1802 1016 1828 uam
1034 1796 1251 1838 procurator

161 1835 238 1871 eius
267 1835 439 1880 petierat,
468 1835 620 1872 heredes
644 1837 740 1872 Aviti
769 1841 886 1872 ratam
943 1837 1052 1873 abere
1081 1847 1155 1874 non
1184 1847 1250 1884 po·

162 1883 324 1922 tuerant,
357 1889 402 1915 ex
459 1890 588 1916 ersona
619 1881 778 1917 defuncti
807 1882 1069 1919 restitutionem
1099 1883 1136 1918 iii
1159 1883 1250 1918 inte-

161 1935 264 1970 grum
286 1925 439 1970 implora
465 1930 545 1968 ant,
578 1936 669 1972 quae
701 1927 825 1963 stricto
857 1927 937 1963 iure
966 1938 1040 1963 non
1069 1928 1250 1974 competit,

162 1970 247 2050 quia
266 1970 362 2005 intra
381 1969 473 2006 diem
490 1970 654 2007 aditionis
671 1973 797 2008 Avitus
814 1972 959 2008 obisset.
993 1972 1113 2008 divum
1130 1976 1251 2009 tamen

191 2015 265 2050 ium
290 2019 417 2051 contra
441 2016 691 2052 constituisse³
713 2017 923 2053 Maecianus
954 2017 1046 2054 libro
1071 2018 1250 2063 quaestio-

164 2071 248 2095 num
271 2059 384 2095 refert
404 2060 443 2095 in
467 2070 529 2104 eo,
562 2062 622 2107 qui
652 2062 838 2107 legationis
871 2073 982 2099 causa
1005 2062 1143 2099 Romae
1174 2066 1253 2099 erat

163 2109 199 2140 et
221 2104 352 2147 filium,
386 2105 447 2150 qui
477 2108 602 2142 matris
634 2106 787 2143 delatam
837 2107 1096 2144 ossessionem⁴
1122 2108 1252 2144 absens

163 2150 350 2193 amiserat,
382 2150 459 2186 sine
489 2156 656 2196 respectu
688 2152 765 2187 eius
831 2152 1032 2189 stinctionis
1055 2153 1252 2189 restitutio-

163 2205 243 2230 nem
266 2195 386 2231 locum
408 2195 553 2232 habere.
601 2197 697 2242 quod
726 2200 764 2233 et
792 2197 851 2232 hic
882 2197 1115 2234 humanitatis
1137 2198 1254 2243 gratia

168 2244 179 2274 1
232 2239 466 2285 optinendum
501 2245 565 2276 est.
620 2241 688 2277 Rei
725 2242 979 2287 perduellionis
1018 2242 1253 2278 hereditatem

163 2285 962 2376 3⁰⁸ffi33223⁰fii¹¹³51³333tffiusstgffaniffissteuri’
991 2287 1253 2369 οἳὲιὲθέἐῗὲῗὲ

163 2357 315 2420 gessisse
333 2374 445 2411 filium
466 2358 613 2421 piacui’t,
633 2343 698 2422 gui
721 2343 873 2412 moi-'iens
900 2359 1080 2423 comperto
1104 2381 1253 2413 matrem

164 2430 266 2456 suam
296 2420 467 2457 intestato
495 2420 569 2457 vita
592 2421 788 2458 decessisse
812 2422 983 2458 codicillis
1005 2422 1097 2469 petit
1119 2423 1165 2458 ab
1189 2423 1251 2458 he-

162 2464 247 2501 rede
277 2475 363 2508 suo,
402 2469 444 2501 ut
474 2469 714 2503 maternorum
747 2467 921 2503 bonorum
955 2477 1096 2504 servum
1126 2478 1251 2503 manu-

164 2510 317 2546 mitteret
347 2520 391 2546 ac
423 2510 493 2547 sibi
522 2512 802 2558 parentibusque
831 2512 906 2548 suis
935 2512 974 2548 in
1003 2513 1254 2558 possessione⁵

165 2555 287 2591 matris
310 2559 578 2592 monumentum
602 2561 812 2593 exstrueret.

210 2597 262 2638 87
290 2599 401 2636 loru
425 2601 516 2638 libro
548 2602 684 2638 decimo
715 2612 970 2649 responsorum
1023 2601 1118 2637 Eum
1148 2602 1252 2638 bonis

164 2645 276 2690 patris
300 2654 340 2681 se
362 2645 512 2682 miscere
536 2647 720 2689 convenit,
754 2647 815 2692 qui
837 2650 973 2682 remoto
996 2646 1153 2683 familiae
1175 2648 1251 2682 vin-

165 2690 245 2725 culo
276 2700 342 2735 pro
373 2691 505 2727 herede
536 2702 658 2736 gerere
684 2691 835 2727 videtur.
884 2695 919 2728 et
940 2691 1021 2728 ideo
1044 2691 1159 2736 filius,
1190 2692 1252 2738 qui

163 2739 346 2779 tamquam
383 2745 428 2771 ex
457 2736 561 2772 bonis
592 2737 736 2780 matris,
772 2737 876 2773 cuius
905 2736 1140 2773 hereditatem
1170 2747 1251 2773 sus-

165 2779 277 2825 cepit,
309 2789 434 2825 agrum
465 2780 512 2816 ad
543 2781 775 2818 hereditatem
804 2781 918 2828 patris
947 2783 1182 2828 pertinentem
1211 2785 1253 2818 ut

164 2827 364 2860 maternum
397 2825 564 2877 ignorans
599 2827 776 2872 possedit,
816 2826 1017 2863 abstinendi
1053 2827 1252 2871 consilium,

165 2869 1114 2961 Quini?mzussz‘sstssfissffiifflfffitfflmn
1100 2872 1252 2954 ῗέθὲεῗε

163 2959 378 3002 liberandos,
404 2959 572 2996 confusas
596 2962 755 2998 actiones
778 2962 918 2999 restitui
941 2967 1094 3008 oportet.

212 3001 266 3043 88
297 3003 458 3056 Psaros
486 3005 576 3041 libro
604 3008 726 3053 primo
757 3008 1007 3053 quaestionum
1054 3007 1156 3043 Gerit
1185 3018 1251 3060 pro

164 3048 305 3093 herede,
331 3059 392 3095 qm
415 3050 531 3085 animo
557 3050 742 3096 adgnoscit
764 3052 1038 3096 successionem,
1062 3052 1146 3088 licet
1165 3052 1252 3088 nihil

165 3094 320 3139 attingat
351 3094 616 3130 hereditarium.
671 3097 767 3132 unde
802 3100 838 3133 et
872 3097 904 3133 si
937 3097 1080 3134 domum
1112 3097 1252 3143 pignori

165 3139 287 3174 datam
321 3138 416 3175 sicut
448 3139 700 3176 hereditariam
730 3142 894 3185 retinuit,
934 3142 1036 3179 cuius
1097 3143 1250 3179 ossessio

166 3184 398 3230 qualisqualis
430 3183 502 3219 fuit
534 3185 572 3220 in
606 3186 821 3230 hereditate,
861 3198 927 3233 pro
966 3187 1031 3223 her
1078 3198 1097 3223 e
1130 3198 1252 3233 gerere

165 3229 323 3265 videtur:
354 3229 518 3275 idemque
548 3234 602 3265 est
626 3235 662 3266 et
685 3231 715 3266 si
739 3232 890 3267 alienam
913 3243 987 3268 rem
1010 3237 1051 3268 ut
1073 3232 1250 3268 heredita·

165 3274 256 3309 riam
280 3273 508 3320 possedisset.

213 3316 266 3357 89
291 3318 494 3355 Scaevoia
519 3319 611 3356 libro
636 3321 739 3355 tertio
765 3320 900 3358 decimo
925 3323 1172 3368 quaestionum
1215 3322 1253 3358 Si

191 3364 323 3409 upillus
347 3373 387 3399 se
405 3363 602 3400 hereditate
620 3364 810 3407 abstineat,
835 3366 1116 3403 succurrendum
1139 3371 1194 3403 est
1217 3371 1254 3403 et

166 3375 436 3446 gdeiussoribus
459 3409 506 3445 ab
525 3418 567 3446 eo
587 3409 693 3452 datis,
718 3410 748 3445 si
768 3420 811 3445 ex
830 3411 1043 3448 hereditario
1066 3416 1253 3448 contractu

167 3454 441 3490 convenirentur
450 3455 476 3490 ⁷.

169 3567 207 3607 (ι)
232 3569 339 3599 tutam
360 3576 403 3599 an
424 3566 493 3600 F¹=
517 3576 561 3600 an
582 3566 643 3601 del.
668 3566 909 3610 Bynkershoek
1025 3571 1069 3610 (2)
1094 3569 1153 3610 qui
1172 3568 1251 3610 fuit]

167 3620 247 3643 nius
260 3611 311 3643 vel
322 3623 386 3645 scr.
457 3613 499 3654 (3)
523 3614 567 3656 qt:
580 3611 602 3645 l.
614 3618 651 3647 8⁰
660 3623 714 3655 pr.
729 3612 759 3645 Ιι.
774 3619 794 3645 t.
870 3613 915 3653 (4)
941 3612 1077 3645 absente
1088 3617 1184 3656 patre
1195 3613 1254 3646 ad·

169 3656 301 3688 mittere
313 3666 381 3689 non
394 3659 551 3700 potuerat
562 3657 623 3691 im.
689 3660 732 3695 (ὃ)
755 3657 998 3700 possessionem
1013 3658 1047 3691 F
1101 3661 1144 3698 (6)
1169 3658 1253 3691 omi·

169 3700 251 3732 nisse
265 3713 317 3733 ser
451 3704 494 3742 (τ)
519 3701 764 3735 conveniantur
777 3701 828 3734 Γ*
950 3705 993 3739 18)
1020 3703 1191 3735 desierunt
1202 3702 1254 3736 Γ*

1233 94 1316 143 406
1546 91 1549 125 ί

1486 19 1556 69 L*

1681 114 1744 144 nn
1771 113 1956 153 ADQUIR.
1988 114 2074 145 vni,
2103 114 2255 147 omrr.
2286 116 2394 148 nnn.

1358 218 1411 258 90
1432 219 1591 258 Pinus
1607 222 1699 259 libro
1719 222 1929 260 duodecimo
1947 234 2203 271 responsorum
2234 225 2397 272 Respon-

1313 265 1366 301 dit
1422 275 1461 301 er
1495 270 1696 304 curatorem
1731 267 1965 304 hereditatem
1999 267 2139 314 adquiri
2173 280 2247 306 non
2278 281 2396 317 posse.

1316 314 1329 345 1
1381 276 1479 346 lgem
1509 310 1712 365 respondit,
1746 312 1778 349 si
1810 312 1911 349 iussu
1942 313 1999 349 avi
2028 323 2141 366 nepos
2198 314 2303 359 atris,
2338 316 2398 362 qui

1314 354 1358 391 de
1389 359 1563 392 castrensi
1590 356 1731 403 peculio
1754 360 2007 394 testamentum
2029 357 2134 402 fecit,
2192 359 2398 396 ereditatem

1313 399 1459 452 adisset,
1480 399 1679 446 adquisisse
1695 401 1728 438 ei
1744 411 1788 439 ea
1802 402 1847 438 de
1862 403 1990 449 quibus
2006 406 2111 449 pater
2124 405 2249 440 testari
2267 409 2398 457 potest,

1313 454 1397 490 quia
1421 445 1619 482 castrensia
1642 456 1721 483 esse
1743 448 1941 483 mutatione
1963 457 2139 493 personae
2161 448 2331 485 desierint
2340 451 2365 485 ⁸.

1360 486 1410 527 91
1438 489 1546 525 lusu
1573 490 1664 527 libro
1747 492 1822 528 into
1853 493 1990 529 decimo
2020 503 2275 540 responsorum
2327 494 2399 530 Re-

1313 533 1476 580 spondit,
1511 534 1542 570 si
1574 535 1606 571 is
1641 546 1702 582 qm
1735 536 1838 572 bonis
1872 537 2029 582 paternis
2062 548 2102 574 se
2132 538 2306 574 abstinuit
2333 549 2400 585 per

1313 590 1381 625 sup
1408 579 1535 615 ositam
1557 590 1746 626 personam
1770 582 1939 627 emptoris
1962 582 2059 618 bona
2080 583 2194 629 patris
2218 589 2398 620 mercatus

1314 634 1379 669 pro
1406 627 1509 667 atur,
1532 624 1680 670 perinde
1702 635 1783 662 eum
1807 627 1987 662 conveniri
2010 632 2175 673 oportere
2198 638 2221 663 a
2245 628 2398 665 credito-

1314 669 1414 705 ribus
1438 673 1546 715 atque
1569 670 1600 705 si
1623 670 1726 707 bonis
1748 672 1907 717 paternis
1931 681 1970 708 se
1991 672 2241 709 inmiscuisset.

1361 711 1414 752 92
1439 713 1546 750 IDEM
1561 714 1652 751 libro
1671 717 1822 763 septimo
1841 716 1978 752 decimo
1997 727 2252 764 responsorum
2287 717 2400 754 Filius

1315 758 1466 795 familias
1490 759 1592 795 duxit
1611 770 1776 796 uxorem:
1802 770 1845 795 ea
1866 760 1948 796 filiis
1971 762 2122 797 sublatis
2145 762 2317 798 intestata
2339 763 2400 799 de-

1316 804 1442 840 cessit:
1474 803 1539 839 filii
1569 805 1668 840 iussu
1695 806 1826 850 patris,
1858 816 1930 841 non
1954 806 2011 841 avi
2034 806 2200 842 adierunt
2222 807 2401 844 heredita-

1316 855 1406 885 tem:
1432 859 1577 895 quaero,
1602 859 1650 884 an
1673 859 1738 886 avo
1763 850 1943 896 adquisita
1966 851 2013 886 sit
2034 851 2223 888 hereditas.
2266 852 2401 889 Paulus

1315 894 1499 974 {espondit
1528 895 1724 930 secundum
1757 905 1799 931 ea
1830 905 1922 941 quae
1952 900 2203 941 proponuntur
2230 897 2317 933 nihil
2340 908 2401 934 ac-

1333 950 1391 974 um
1414 949 1505 975 esse.

1362 981 1415 1022 93
1439 984 1549 1020 Ins-u
1566 984 1658 1022 libro
1683 986 1788 1021 tertio
1811 985 2067 1021 sententiarum
2106 985 2216 1022 Pater
2238 987 2402 1032 quotiens

1315 1029 1389 1065 filio
1413 1029 1560 1064 mandat
1583 1029 1699 1073 adire,
1732 1033 1852 1065 certus
1876 1039 1955 1065 esse
1978 1030 2102 1074 debet,
2133 1041 2180 1066 an
2206 1042 2273 1077 pro
2296 1036 2402 1084 parte

1316 1085 1361 1110 an
1381 1084 1426 1110 ex
1445 1084 1535 1117 asse,
1560 1077 1597 1110 et
1614 1085 1662 1110 an
1681 1085 1725 1110 ex
1747 1074 1971 1111 institutione
1994 1085 2042 1111 an
2066 1086 2110 1111 ex
2131 1076 2399 1120 substitutione,

1316 1124 1353 1155 et
1382 1130 1430 1155 an
1459 1123 1673 1155 testamento
1705 1130 1752 1155 an
1783 1120 1830 1155 ab
1860 1120 2029 1156 intestato
2061 1120 2155 1156 filins
2185 1131 2272 1157 suus
2298 1122 2402 1158 heres

1320 1169 1334 1200 1
1385 1164 1526 1200 existat.
1565 1164 1714 1200 Mutus⁹
1736 1168 1840 1211 pater
1862 1165 1918 1200 vel
1940 1164 2103 1202 dominus
2126 1165 2200 1201 filio
2223 1166 2279 1202 vel
2301 1176 2402 1203 servo

1316 1209 1505 1246 heredibus
1528 1209 1700 1245 institutis
1723 1210 1837 1255 magis
1861 1214 1933 1252 est,
1965 1214 2024 1253 ut,
2057 1210 2089 1246 si
2118 1210 2301 1247 intellectu
2331 1222 2404 1247 non

1317 1259 1456 1297 careat,
1489 1258 1581 1290 nutu
1611 1254 1735 1291 iubere
1765 1255 1882 1301 possit
1905 1254 2003 1291 adire
2026 1255 2277 1298 hereditatem,
2308 1260 2349 1292 ut
2372 1257 2404 1292 ei

1315 1300 1394 1336 iure
1418 1299 1494 1335 eius
1518 1300 1742 1336 commodum
1764 1300 1888 1346 quaeri
1917 1300 2051 1345 possit:
2082 1300 2177 1346 quod
2205 1300 2312 1336 facile
2343 1311 2403 1336 ex-

1318 1348 1338 1380 2
1385 1345 1512 1390 plicari
1542 1346 1657 1391 possit
1687 1345 1837 1381 scientia
1867 1345 2076 1381 litterarum.
2127 1345 2251 1382 Mutus
2282 1356 2404 1382 servus

1316 1390 1440 1471 {Iussi}h
1450 1389 1581 1425 domini
1611 1401 1677 1436 pro
1709 1390 1839 1426 herede
1869 1390 2023 1435 gerendo
2058 1390 2193 1435 obligat
2223 1390 2404 1427 dominum

1343 1445 1402 1471 ere
1429 1435 1518 1470 'tati

1364 1477 1419 1518 94
1442 1479 1786 1515 stoossivmiws
1805 1479 1897 1515 libro
1922 1481 2026 1515 tertio
2051 1481 2143 1515 iuris
2164 1482 2403 1527 epitomas-um

1318 1525 1387 1569 Qui
1405 1525 1606 1570 superstitis
1625 1525 1721 1560 bona
1740 1524 1916 1570 repudiat,
1940 1528 2024 1569 post
2043 1528 2193 1561 mortem
2213 1526 2288 1561 eius
2307 1526 2406 1562 adire

1318 1569 1569 1650 Ιιειῗιᾱίιαιεῃι,
1598 1570 1683 1604 item
1706 1570 1880 1605 bonorum
1903 1570 2165 1615 possessionem
2186 1575 2310 1616 petere
2332 1581 2405 1607 non

1342 1625 1384 1650 ro
1411 1615 1423 1649 i
1451 1618 1539 1649 etur.

1318 1626 1342 1660 p
1364 1657 1418 1697 95
1442 1658 1603 1695 Pavzvs
1622 1658 1713 1695 libro
1738 1662 1870 1705 quarto
1893 1660 2151 1695 sententiarum
2164 1661 2193 1682 ¹⁰
2231 1660 2405 1697 Recusari

1318 1703 1498 1740 hereditas
1521 1714 1595 1739 non
1617 1706 1758 1738 tantum
1780 1703 1917 1747 verbis,
1950 1704 2013 1740 sed
2037 1704 2143 1740 etiam
2166 1715 2206 1741 re
2227 1709 2348 1751 potest
2370 1710 2406 1742 et

1319 1749 1388 1785 alio
1413 1748 1538 1794 quovis
1561 1747 1691 1784 indicio
1715 1748 1922 1784 voluntatis.

1365 1791 1419 1832 96
1442 1793 1788 1830 ΗΕΒΜοοΕΜΑΝσε
1807 1791 1899 1829 libro
1923 1795 2028 1830 tertio
2051 1795 2144 1830 iuris
2165 1795 2404 1842 epitomarum

1320 1839 1388 1884 Qui
1411 1849 1451 1874 se
1472 1839 1647 1884 pupillum
1669 1837 1763 1874 falso
1789 1839 2013 1882 existimans,
2045 1850 2126 1875 cum
2158 1843 2252 1876 esset
2304 1841 2405 1884 ubes,

1319 1895 1384 1965 {iffi
1402 1883 1533 1936 herede
1551 1883 1673 1965 ggsisit,
1693 1894 1764 1929 quo
1784 1884 1901 1920 minus
1919 1883 2023 1920 heres
2045 1885 2185 1928 existat,
2231 1885 2239 1893 ⁶
2268 1885 2276 1893 '
2306 1895 2407 1922 error

1385 1939 1402 1965 s
1426 1939 1458 1964 ei
1481 1939 1572 1965 noce
1597 1940 1609 1964 i
1629 1956 1636 1963 .

1365 1972 1418 2012 97
1443 1973 1604 2010 PAULUS
1630 1973 1722 2009 libro
1754 1974 1860 2010 tertio
1884 1974 2108 2010 decretorum
2155 1974 2299 2011 Clodius
2323 1975 2405 2012 Clo-

1320 2019 1446 2055 dianus
1478 2018 1576 2054 facto
1606 2018 1707 2064 prius
1737 2022 1949 2055 testamento
1979 2022 2108 2065 postea
2131 2020 2281 2056 eundem
2303 2020 2405 2057 here-

1321 2064 1400 2100 dem
1431 2064 1468 2099 in
1500 2064 1570 2100 alio
1601 2067 1814 2099 testamento
1845 2064 2018 2100 inutiliter
2053 2063 2149 2100 facto
2183 2065 2404 2101 instituerat:

1321 2110 1475 2155 scriptus
1507 2109 1610 2145 heres
1642 2119 1724 2144 cum
1754 2109 1933 2154 posterius
1962 2112 2106 2155 putaret
2128 2110 2264 2152 valere,
2296 2121 2340 2146 ex
2364 2121 2405 2146 eo

1319 2154 1554 2190 hereditatem
1577 2153 1676 2189 adire
1699 2154 1828 2196 voluit,
1859 2153 1923 2190 sed
1951 2158 2077 2199 postea
2107 2154 2176 2191 hoc
2203 2155 2328 2191 inutile
2350 2166 2405 2192 re-

1320 2204 1463 2245 pertum
1487 2203 1552 2235 est.
1600 2198 1820 2244 Papinianus
1850 2199 2004 2244 putabat
2027 2199 2236 2245 repudiasse
2259 2210 2338 2236 eum
2362 2211 2405 2236 ex

1319 2245 1440 2325 {3³1ss?
1470 2243 2407 2336 ὴῶῗᾶῗῗηξθᾟηθχτθῖῗὲἒὲέἳᾝὲωῖηῗἭιὲἰίῗ

1421 2316 1429 2323 ·
2115 2316 2124 2332 2

1319 2334 1499 2380 posterius
1522 2333 1650 2369 valere.
1698 2333 1942 2379 pronuntiavit
1964 2333 2174 2369 Clodianum
2197 2334 2405 2371 intestatum

1321 2379 1526 2415 decessisse.

1367 2421 1420 2462 98
1453 2423 1657 2459 Seuerou
1699 2422 1792 2459 libro
1834 2423 2000 2459 vicesimo
2037 2427 2142 2458 sexto
2185 2423 2404 2470 diqestorum

1320 2469 1421 2513 Quae
1443 2468 1601 2521 neptis¹¹
1626 2478 1713 2503 suae
1735 2467 1895 2510 nomine,
1928 2477 2035 2512 quain
2065 2478 2109 2503 ex
2133 2467 2215 2503 Seia
2236 2468 2404 2513 habebat,

1320 2513 1529 2559 Sempronio
1572 2516 1628 2548 tot
1669 2512 1762 2548 dotis
1803 2512 1945 2548 nomine
1982 2512 2227 2558 spoponderat
2266 2518 2302 2549 et
2338 2525 2404 2560 pro

1319 2559 1439 2594 usuris
1469 2558 1507 2594 in
1539 2557 1791 2594 exhibitionem
1823 2562 1958 2593 certam
1990 2567 2163 2593 summam
2184 2560 2405 2610 praestabat,

1320 2603 1474 2639 decessit
1504 2603 1633 2638 relicta
1665 2602 1748 2638 Seia
1781 2602 1855 2638 filia
1890 2606 1926 2638 et
1960 2602 2037 2638 aliis
2071 2603 2282 2639 heredibus:
2324 2615 2404 2640 cum

1321 2649 1450 2694 quibus
1485 2648 1565 2684 Sem
1591 2647 1715 2684 ronius
1745 2647 1876 2683 iudicio
1955 2647 1981 2682 't
2012 2647 2308 2694 condemnatique
2337 2659 2403 2695 pro

1320 2693 1546 2739 portionibus
1604 2692 1800 2729 ereditariis
1832 2692 1888 2728 sin
1952 2692 1959 2700 ‘
1991 2692 2159 2736 heredes,
2190 2694 2285 2729 inter
2315 2705 2404 2740 quos

1321 2744 1357 2774 et
1380 2738 1480 2781 Seia,
1513 2737 1722 2784 Sempronio
1746 2741 1916 2773 caverunt
1938 2747 2130 2781 suminam,
2185 2747 2233 2773 ua
2280 2740 2405 2791 uisque

1322 2783 1578 2820 condemnatus
1611 2786 1689 2818 erat
1713 2783 1832 2818 usuris
1855 2782 1986 2825 isdem,
2017 2793 2110 2828 quae
2140 2749 2186 2819 aa
2288 2783 2403 2820 ‘bitio-

1320 2839 1401 2864 nem
1424 2838 1447 2863 a
1470 2827 1655 2864 testatrice
1676 2828 1973 2873 praestabantur:
2023 2831 2124 2863 ostea
2148 2838 2213 2864 exc
2259 2832 2298 2863 ta
2322 2829 2404 2864 Seia

1319 2874 1394 2909 filia
1417 2873 1527 2909 ceteri
1549 2872 1698 2909 heredes
1722 2872 1972 2907 abstinuerunt
2027 2873 2200 2908 ereditate
2257 2873 2402 2909 eneficio

1319 2918 1492 2964 prIncipis
1517 2922 1553 2954 et
1575 2921 1653 2954 tota
1675 2917 1855 2953 hereditas
1875 2917 1921 2952 ad
1941 2917 2058 2953 Seiam
2075 2918 2254 2962 pertinere
2275 2918 2402 2963 coepit.

1320 2973 1473 3009 quaero,
1505 2973 1554 2999 an
1583 2962 1621 2998 iii
1645 2962 1780 3004 Seiam,
1811 2971 1903 3007 quae
1933 2962 2010 2997 sola
2039 2963 2142 2998 heres
2172 2963 2341 2998 remansit
2367 2967 2402 2998 et

1319 3008 1438 3044 omnia
1460 3011 1502 3044 ut
1524 3007 1602 3044 sola
1623 3007 1726 3043 heres
1751 3011 1829 3042 erat
1842 3007 1879 3049 ¹²,
1910 3017 1977 3052 pro
2009 3017 2130 3042 eorum
2178 3018 2295 3053 uoque
2345 3019 2402 3043 or·

1319 3053 1494 3096 tionibus,
1555 3052 1593 3088 ui
1627 3051 1812 3104 beneficio·
1832 3051 2022 3132 grincipali
2060 3051 2145 3087 here
2169 3056 2256 3104 ‘tate
2291 3063 2313 3087 a
2340 3053 2402 3088 sti·

1319 3098 1472 3142 nuci-int,
1497 3063 1594 3133 uffiis
1617 3097 1711 3133 actio
1736 3097 1814 3132 dari
1858 3097 1971 3132 ebeat.
2011 3096 2195 3142 respondit
2239 3108 2279 3132 ro
2300 3102 2404 3143 parte

1319 3153 1453 3188 eorum,
1472 3142 1533 3188 qni
1552 3151 1592 3178 se
1606 3142 1872 3184 abstinuissent,
1893 3140 2051 3177 actiones
2070 3142 2186 3177 solere
2229 3143 2347 3178 ecerni
2365 3143 2403 3178 in

1319 3198 1416 3230 eam,
1455 3197 1547 3268 que-e
1582 3186 1716 3222 adisset
1746 3190 1782 3222 et
1811 3186 1993 3222 maluisset
2021 3186 2158 3231 integra
2188 3187 2404 3223 hereditaria

1319 3242 1429 3269 onera
1451 3242 1495 3268 su
1520 3241 1582 3267 ire.

1365 3274 1419 3315 99
1451 3276 1681 3313 Poupomvs
1711 3276 1802 3312 libro
1826 3276 1950 3322 primo
1980 3280 2128 3310 senatus
2158 3276 2403 3312 consultorum

1319 3323 1440 3358 Aristo
1463 3322 1502 3357 in
1524 3321 1674 3357 decretis
1699 3320 1902 3356 Frontianis
1915 3320 1943 3341 ¹⁸
1964 3320 2017 3355 ita
2039 3320 2158 3356 refert.
2198 3321 2287 3357 Cum
2310 3321 2404 3358 duae

1319 3367 1415 3403 filiae
1436 3366 1532 3413 patri
1555 3366 1778 3402 necessariae
1800 3364 1948 3401 heredes
1973 3366 2202 3408 exstitissent,
2227 3365 2341 3402 altera
2363 3376 2403 3402 se

1319 3416 1471 3457 paterna
1493 3411 1716 3447 abstinuerat
1737 3409 1951 3453 hereditate,
1983 3410 2096 3445 altera
2125 3411 2222 3447 bona
2250 3413 2403 3456 paterna

1320 3456 1501 3492 vindicare
1513 3456 1541 3478 ¹⁴
1579 3459 1762 3502 totumque
1801 3464 1892 3491 onus
1931 3455 2113 3501 suscipere
2149 3459 2278 3501 parata
2315 3460 2402 3492 erat.

1323 3569 1367 3609 (9)
1392 3571 1501 3601 matus
1516 3568 1551 3601 F
1635 3570 1694 3609 (10)
1719 3568 1752 3607 4,
1764 3573 1818 3607 4,i
1911 3571 1963 3606 (ιι)
1989 3567 2105 3609 nuptis
2120 3567 2155 3600 F

1321 3612 1613 3691 ἓξέιαῐᾶοῗοὰοηι
1624 3625 1686 3647 εον.
1767 3612 1828 3653 (18)
1853 3611 2083 3644 Frontinianis
2094 3623 2155 3645 scr.
