2528 3918
178 120 348 167 XXXX
381 123 433 164 12

178 250 299 284 tamen
319 243 461 292 putavit
481 252 521 280 se
541 242 695 279 liberum
715 244 754 278 et
774 241 816 277 10
834 240 999 278 libertate
1015 242 1175 276 moratus
1193 242 1259 283 est,

180 290 368 328 dicendum
397 293 454 325 est
479 288 577 324 hunc
606 288 646 323 in
673 297 718 323 ea
747 296 859 323 causa
887 296 981 329 esse,
1013 289 1055 321 ut
1077 285 1155 322 sine
1177 284 1259 321 dolo

181 337 275 372 malo
299 336 336 370 in
358 335 523 370 libertate
544 332 652 368 fuerit
673 335 782 378 atque
810 332 888 367 ideo
919 330 1136 378 possessoris
1163 340 1259 366 com-

180 385 201 416 4
248 380 354 415 010110
377 379 530 414 fruatur.
574 377 748 414 Probatio
771 380 889 412 autem
913 376 959 411 ad
981 375 1019 410 id
1040 378 1180 420 tempus
1203 385 1261 410 re-

181 426 327 467 feretur,
352 435 432 459 cum
457 423 533 459 sine
556 422 638 458 dolo
662 423 755 458 malo
780 423 816 456 in
840 422 1005 456 libertate
1022 420 1131 456 fuerit
1143 422 1165 463 ¹,
1190 430 1260 465 quo

181 475 200 505 5
249 470 401 515 primum
429 468 468 503 in
494 468 552 503 ius
581 467 718 503 aditum
741 471 806 503 est.
854 466 891 501 Si
915 475 1045 510 operae
1069 465 1177 501 alicui
1201 465 1260 500 de-

180 516 350 556 beantur,
386 514 418 549 is
449 522 589 558 quoque
616 512 756 548 liberali
786 511 916 546 iudicio
949 510 1101 556 experiri
1131 513 1261 555 potest.

182 564 202 595 6
250 560 287 594 Si
311 559 406 603 quod
430 558 596 593 damnum
617 558 705 592 mihi
730 557 883 599 dederit,
909 556 969 600 qui
992 555 1039 590 ad
1062 555 1262 590 libertatem

207 605 397 646 roclamat,
427 603 490 638 illo
512 606 688 648 tempore,
719 612 789 647 quo
814 602 909 636 bona
932 600 1002 636 fide
1025 600 1110 635 milii
1133 600 1262 635 servie-

181 616 261 693 ssat,
292 648 402 684 veluti
431 648 463 683 si
492 657 557 693 ego
587 649 681 682 bona
706 647 775 682 fide
799 646 962 680 dominus
985 645 1108 680 noxali
1129 644 1262 680 iudicio

183 698 376 730 conventus
400 697 437 729 et
460 692 714 728 condemnatus
738 691 811 725 litis
835 690 1116 726 aestimationem
1134 700 1200 735 pro
1220 699 1262 724 eo

182 739 315 785 optuli:
341 739 378 774 in
400 738 437 773 id
460 737 544 773 mihi
567 737 871 773 condemnabitur.

234 781 281 821 13
310 784 434 819 GAIUS
460 783 510 818 ad
537 783 689 817 edictum
715 781 901 827 praetoris
930 781 1064 816 urbam*
1093 779 1196 815 titulo
1220 779 1264 814 de

183 828 325 864 liberali
346 838 458 866 causa
510 827 604 862 Illud
628 831 763 861 certum
786 830 842 862 est
865 826 1032 860 damnum
1056 826 1125 860 1100
1149 824 1264 860 solum

182 873 220 908 in
251 873 320 908 hac
351 873 388 908 in
418 872 555 908 factum
584 873 723 906 actione
753 871 898 913 deduci,
934 870 1030 916 quod
1058 870 1160 912 dolo,
1193 880 1265 904 non

184 918 291 954 etiam
338 917 410 953 uod
434 917 541 962 culpa
562 917 697 951 factum
720 916 778 951 sit.
813 915 965 961 ideoque
981 916 1066 951 licet
1080 915 1265 950 absolutus

183 963 254 999 hoc
276 929 407 999 iudicio
430 963 557 1003 fuerit,
591 962 709 996 adhuc
737 965 856 997 tamen
879 965 1006 1006 postea
1030 971 1111 996 cum
1134 970 1176 995 eo
1199 970 1264 1005 po-

182 1008 267 1044 terit
280 1008 357 1053 lege
373 1007 516 1052 Aquilia
532 1007 601 1051 agi,
626 1017 707 1041 cum
731 1016 775 1042 ea
793 1006 870 1051 lege
891 1006 998 1040 etiam
1019 1006 1125 1051 culpa
1144 1010 1263 1040 tenea-

188 1057 203 1089 1
251 1058 321 1089 tur.
367 1053 457 1088 Item
488 1057 623 1088 certum
655 1056 711 1086 est
732 1055 807 1086 tam
830 1061 887 1087 res
911 1055 1054 1087 nostras
1078 1061 1184 1096 quam
1208 1060 1265 1085 res

182 1099 334 1142 alienas,
365 1108 457 1143 quae
484 1102 604 1132 tamen
634 1096 794 1141 periculo
824 1100 947 1132 nostro
979 1100 1080 1138 sunt,
1111 1096 1149 1130 in
1172 1096 1266 1130 hanc

182 1143 357 1179 actionem
381 1142 520 1186 deduci,
544 1142 653 1178 veluti
677 1141 919 1176 commodatas
936 1145 973 1176 et
987 1141 1143 1176 locatas:
1171 1144 1267 1176 certe

183 1189 365 1234 depositae
395 1187 492 1233 apud
520 1197 586 1222 nos
616 1197 691 1229 100,
732 1186 816 1231 quia
845 1190 969 1222 nostro
1001 1186 1162 1232 periculo
1194 1196 1266 1221 non

183 1238 279 1276 sunt,
304 1233 350 1268 ad
372 1233 467 1268 hanc
491 1232 666 1267 actionem
689 1242 762 1267 non
784 1232 975 1277 pertinent.

231 1277 282 1316 14
307 1277 501 1314 Uzmws
514 1277 604 1313 libro
624 1278 947 1323 quinquaqensimo
967 1277 1092 1322 quinto
1108 1275 1159 1311 ad
1173 1275 1267 1311 edic-

184 1328 257 1358 tum
305 1323 514 1358 Rectissime
534 1328 682 1367 praetor
705 1321 891 1357 calliditati
915 1332 1055 1364 eorum,
1080 1321 1159 1367 qui,
1184 1331 1266 1356 cum

184 1379 223 1405 se
246 1369 377 1404 liberos
400 1369 547 1411 scirent,
578 1367 660 1402 dolo
690 1367 793 1402 malo·
807 1366 907 1413 passi
930 1370 1016 1402 sunt
1038 1376 1077 1402 se
1099 1376 1165 1412 pro
1190 1375 1265 1402 ser-

186 1418 201 1449 1
251 1414 303 1449 vis
334 1423 462 1448 venum
492 1412 588 1454 dari,
627 1413 794 1447 occurrit.
847 1411 958 1447 Dedit
988 1412 1080 1447 enim
1111 1412 1174 1446 in²
1205 1422 1266 1447 eos

183 1459 379 1501 actionem,
411 1468 502 1503 quae
533 1458 628 1492 actio
650 1458 782 1492 totiens
804 1457 924 1493 locum
947 1457 1071 1500 habet,
1104 1457 1266 1502 quotiens

183 1515 255 1539 non
279 1508 334 1539 est
355 1504 392 1538 in
415 1513 460 1539 ea
483 1512 593 1538 causa
622 1502 653 1538 is
678 1502 739 1548 qui
762 1513 801 1538 se
822 1503 945 1538 venire
967 1512 1097 1548 passus
1121 1506 1194 1543 est,
1226 1505 1268 1537 ut

185 1553 205 1584 2
254 1549 287 1584 ei
323 1549 370 1584 ad
406 1548 606 1584 libertatem
643 1547 878 1593 proclamatio
916 1548 1121 1593 denegetur.
1172 1547 1266 1582 Dolo

184 1599 307 1629 801010-
332 1604 406 1629 000
439 1604 522 1628 eum
557 1592 687 1628 fecisse
721 1593 932 1638 accipimus,
967 1594 1029 1639 qui
1063 1603 1136 1628 non
1173 1593 1267 1628 ultro

183 1639 353 1675 instruxit
373 1643 580 1684 emptorem,
600 1638 669 1674 ‘sed
693 1638 759 1683 qui·
777 1637 935 1684 decepit:

233 1684 284 1722 15
310 1685 468 1720 PAULUS
493 1684 584 1719 libro
633 1686 932 1730 uinquaqensimo
949 1684 1074 1730 primo
1103 1683 1153 1718 acl
1175 1682 1268 1718 edic-

185 1734 258 1765 tum
305 1729 355 1774 (id
378 1733 434 1765 est
456 1728 530 1764 sive
551 1693 662 1764 viriqlis
686 1739 793 1764 sexus
817 1729 890 1764 sive
907 1728 1067 1764 feminini
1083 1728 1141 1770 sit,
1166 1728 1268 1763 dum-

185 1774 288 1811 modo
315 1775 391 1810 eius
415 1773 541 1809 aetatis
565 1774 622 1818 sit,
646 1777 688 1808 ut
709 1773 830 1810 dolum
853 1774 1007 1819 capiat):

233 1818 285 1858 16
309 1819 504 1856 ULPIANUS
519 1819 610 1854 libro
624 1819 924 1872 quinquaqesimo
941 1819 1091 1865 quinto³
1110 1817 1160 1853 ad
1174 1817 1268 1853 edic-

187 1869 260 1900 tum
305 1865 412 1900 immo
443 1874 542 1908 eum,
574 1874 636 1908 qui
665 1863 770 1898 finxit
799 1874 838 1899 se
862 1874 1003 1900 servum
1024 1867 1062 1899 et
1084 1863 1137 1899 sic
1159 1862 1269 1898 veniit

187 1916 201 1945 1
253 1909 452 1955 decipiendi
474 1908 644 1961 emptoris
670 1919 791 1944 causa.
839 1908 878 1945 Si
899 1913 1021 1944 tamen
1042 1909 1077 1944 vi
1101 1912 1269 1953 metuque

185 1966 264 1992 com
290 1956 390 1991 ulsus
419 1954 489 1989 fuit
510 1954 570 1988 1110
594 1954 655 1999 1101
677 1953 870 1990 distractus
894 1959 966 1998 est,
998 1954 1155 1989 dicemus
1187 1964 1268 1989 eum

185 2005 205 2036 2
277 2001 334 2036 olo
359 2009 493 2035 carere.
541 1999 645 2034 Tunc
667 1999 777 2034 habet
800 2002 939 2044 emptor
960 1999 1055 2034 hanc
1079 1997 1268 2040 actionem,

186 2056 267 2081 cum
296 2045 447 2081 liberum
477 2053 556 2079 esse
584 2044 755 2079 nesciret:
786 2054 868 2079 nam
900 2045 931 2079 si
962 2044 1031 2079 scit
1058 2044 1210 2078 liberum
1234 2047 1270 2078 et

186 2095 206 2126 3
254 2091 307 2127 sic
330 2091 424 2134 emit,
447 2090 525 2134 ipse
548 2099 588 2124 se
611 2090 851 2124 circumvenit.
899 2089 1018 2134 Quare
1040 2089 1072 2124 si
1095 2087 1190 2123 filius
1213 2088 1268 2123 fa-

186 2136 302 2171 milias
326 2136 421 2178 emit,
446 2135 476 2170 si
500 2133 641 2179 quidem
664 2134 742 2179 ipse
765 2135 844 2177 scit,
869 2139 972 2186 pater
987 2133 1172 2178 ignoravit,
1196 2143 1270 2167 non

187 2181 356 2226 adquisiit
386 2180 482 2225 patri
516 2179 710 2214 actionem:
747 2179 816 2214 hoc
853 2189 884 2214 01
919 2178 1093 2223 peculiari
1127 2178 1270 2213 nomine

186 2226 334 2271 egerit⁴.
380 2228 537 2260 ceterum
560 2224 591 2258 si
615 2228 718 2268 patre
741 2223 951 2267 mandante,
982 2224 1041 2258 hic
1073 2223 1268 2268 quaeritur,

187 2281 234 2306 an
257 2270 322 2306 filii
344 2269 494 2306 scientia
516 2274 662 2304 noceat:
687 2272 724 2304 et
740 2273 828 2313 puto
847 2268 966 2303 8111100
982 2277 1122 2310 000010,
1148 2278 1269 2313 quem-

185 2321 204 2352 4
252 2316 443 2352 admodum
461 2315 709 2359 procuratoris
728 2316 846 2349 nocet.
879 2314 992 2348 Plane
1009 2314 1041 2348 si
1057 2313 1268 2357 11110013οο-

188 2360 297 2403 ravit,
328 2362 434 2405 pater
465 2358 550 2401 scit,
587 2358 706 2394 adhuc
736 2358 817 2402 dico
846 2357 1089 2403 repellendum
1119 2361 1269 2403 patrem,

189 2405 328 2441 etiamsi
356 2404 527 2450 peculiari
554 2403 697 2439 nomine
727 2403 822 2439 filius
851 2403 953 2446 emit,
985 2403 1016 2439 si
1038 2402 1144 2439 modo
1167 2406 1271 2448 pater

188 2460 358 2497 praesens
381 2449 449 2484 fuit
471 2449 659 2494 potuitque
681 2448 794 2484 filium
812 2458 934 2484 emere
957 2447 1159 2493 prohibere.

238 2493 287 2532 17
313 2495 369 2530 ΡΑ
378 2503 472 2530 ULvs
500 2494 591 2529 libro
615 2495 938 2540 quinquaqensimo
960 2494 1080 2539 primo
1106 2493 1155 2528 ad
1177 2492 1270 2529 edic-

191 2546 262 2575 tum
308 2541 351 2575 In
380 2550 480 2575 servo
513 2543 549 2574 et
578 2539 615 2573 in
645 2549 704 2582 eo,
737 2539 797 2583 qui
827 2538 996 2574 mandato
1027 2541 1151 2574 nostro
1175 2538 1269 2581 emit,

189 2586 261 2621 tale
284 2590 349 2627 est,
373 2589 423 2626 ut,
447 2584 479 2619 si
495 2587 630 2619 certum
646 2584 823 2619 hominem
838 2583 1051 2619 mandavero
1069 2583 1137 2619 emi
1153 2583 1270 2619 sciens

190 2631 340 2665 liberum
370 2639 467 2672 esse,
498 2629 583 2664 licet
613 2629 663 2671 is,
696 2630 753 2664 cui
781 2628 988 2664 mandatum
1016 2632 1090 2673 est,
1122 2629 1270 2673 ignoret,

190 2676 282 2710 idem
303 2675 368 2710 sit:
393 2678 430 2710 et
446 2684 520 2709 non
540 2678 716 2719 competet
733 2674 767 2710 ei
784 2674 878 2709 actio
888 2676 913 2709 ⁵.
949 2677 1075 2709 contra
1090 2678 1221 2715 autem,
1241 2674 1272 2708 si

191 2731 256 2765 ogo
276 2720 445 2765 ignoravi,
458 2723 670 2764 procurator
687 2719 765 2761 scit,
786 2730 858 2754 non
875 2722 930 2755 cst
947 2719 1033 2754 mihi
1053 2718 1270 2763 deneganda.

240 2762 291 2802 18
317 2765 510 2800 ULPIANUS
525 2764 616 2800 libro
633 2765 796 2810 quinqua
822 2765 957 2799 ensimo
974 2764 1100 2810 quinto
1115 2765 1165 2799 ad
1179 2763 1272 2799 edic-

192 2814 265 2845 tum
311 2809 354 2844 In
377 2813 517 2844 tantum
540 2819 624 2854 ergo
643 2812 786 2844 tenetur
810 2836 819 2852 ‚
844 2812 1015 2854 quantum
1038 2808 1135 2844 dedit
1156 2808 1212 2844 vel
1235 2808 1272 2843 in

196 2859 210 2891 i
259 2858 431 2900 quantum
455 2854 630 2898 obligatus
660 2858 732 2897 est,
763 2854 902 2890 scilicet
930 2854 968 2889 in
997 2854 1154 2899 duplum.
1202 2852 1274 2889 Sed

193 2903 313 2935 utrum
366 2899 493 2934 retium
522 2903 661 2934 tantum
691 2909 738 2934 80
764 2899 870 2935 011801
892 2898 931 2934 111
954 2898 1049 2944 quod
1072 2899 1187 2945 pretio
1211 2909 1271 2934 80-

193 2945 301 2981 cessit
348 2944 534 2989 uplicetur,
559 2944 751 2980 videamus.
787 2948 824 2980 et
871 2947 967 2979 utem
991 2954 1094 2980 omne
1117 2944 1272 2986 omnino,

193 2989 289 3036 quod
300 2993 458 3057 'propter
482 2990 693 3041 emptionem
714 2989 770 3025 vel
794 2955 890 3024 dedit

241 3032 293 3073 19
339 3033 498 3070 ΡΔυιυε
517 3033 606 3069 labro
630 3034 953 3081 qui'nquaqensimo
966 3035 1089 3080 primo
1113 3033 1164 3069 ad
1179 3033 1272 3069 edic-

166 3074 177 3108 Κ
194 3083 268 3115 tum
313 3079 370 3116 vel
392 3078 606 3124 permutavit
624 3079 679 3114 vel
696 3079 939 3124 compensavit
955 3089 997 3115 οο
1015 3079 1155 3114 0001100
1179 3081 1273 3121 (0801

194 3128 230 3162 01
251 3125 283 3161 10
307 3123 447 3160 dedisse
468 3123 724 3168 intellegendus
748 3128 816 3168 est)

239 3168 294 3209 20
319 3169 514 3206 Uzmnvs
529 3167 618 3204 libro
637 3170 959 3215 qicinquaqcnsimo
977 3169 1102 3214 quinto
1116 3167 1166 3203 ad
1179 3167 1274 3204 edio-

198 3219 213 3251 1
262 3219 337 3250 tum
381 3213 437 3250 vel
456 3213 502 3249 ob
519 3212 527 3221 ‘
552 3217 631 3248 atus
648 3217 713 3255 est,
738 3213 878 3259 duplari
894 3214 1034 3249 debere.
1073 3212 1228 3248 Proinde
1243 3212 1275 3248 si

195 3260 281 3306 quid
298 3259 440 3295 cuidam
458 3259 504 3294 ob
554 3268 622 3293 anc
644 3258 844 3294 8011011010Ιί
865 3258 964 3294 110110
987 3259 1066 3294 1010
1090 3258 1196 3300 dedit,
1221 3257 1274 3292 di-

196 3308 217 3341 2
263 3304 415 3341 cendum
431 3306 487 3339 est
501 3303 539 3339 in
553 3302 623 3339 1100
637 3302 791 3338 011101οι0
807 3303 934 3339 cadere
951 3303 1143 3349 duplarive.
1175 3302 1273 3338 Obli-

194 3354 317 3396 gatum
346 3349 401 3385 vel
430 3348 500 3394 ipsi
526 3347 702 3384 venditori
737 3348 900 3401 accipere
931 3348 1100 3384 debemus
1129 3347 1183 3383 vel
1215 3347 1275 3382 alii

196 3395 408 3441 obligatum:
438 3403 520 3430 nam
542 3392 639 3439 quod
661 3391 773 3435 dedit,
806 3404 878 3429 sive
906 3393 976 3439 ipsi
1004 3392 1179 3429 venditori
1201 3392 1275 3429 sive

197 3509 236 3548 (i)
259 3506 412 3560 probatio
424 3507 545 3548 autem,
563 3516 645 3539 nuni
660 3504 731 3538 sine
749 3503 825 3537 dolo
843 3503 929 3537 malo
948 3505 983 3537 in
994 3504 1148 3538 libertate
1159 3503 1272 3546 fuerit,

1245 114 1330 164 640
1574 126 1618 147 ‘x

1504 1 1509 37 1

1514 36 1575 115 7

1936 129 1999 161 DE
2024 129 2238 162 mmm
2262 129 2411 163 CAUSA·

1328 238 1390 275 alii
1413 248 1458 274 ex
1479 238 1582 291 iussu
1603 238 1683 276 eius
1705 239 1778 276 sive
1799 239 1877 286 ipse
1899 239 1974 276 sive
1995 240 2087 277 alius
2109 240 2264 287 dederit,
2294 251 2407 289 aeque

1329 286 1349 319 3
1397 284 1648 336 continebitur.
1684 284 1886 331 obligatum
1909 285 2072 331 accipere
2095 285 2274 331 debemus,
2297 287 2329 323 si
2344 297 2404 324 ex-

1329 332 1492 374 ceptione
1515 339 1554 364 se
1575 329 1670 366 tueri
1692 340 1765 366 non
1812 334 1923 366 otest:
1953 334 2111 366 ceterum
2133 330 2165 367 si
2186 335 2321 377 potest,
2353 331 2406 368 di·

1328 376 1350 425 4
1398 373 1547 426 cendum
1571 384 1646 410 1100
1669 384 1790 411 00000
1817 375 1974 420 ligatum.
2014 375 2196 411 Interdum
2218 376 2343 420 evenit,
2366 380 2407 412 ut

1328 429 1358 454 is
1383 429 1448 471 qui
1467 420 1687 464 comparavit
1715 420 1847 456 habeat
1876 421 1915 456 iu
1947 420 2184 466 quadruplum
2212 421 2405 457 actionem:

1328 473 1411 498 nam
1438 474 1476 498 in
1505 464 1627 509 ipsum
1679 465 1814 508 uidem,
1846 466 1908 510 qui
1936 466 2052 501 sciens
2074 476 2140 511 pro
2164 476 2266 501 servo
2289 466 2407 509 veniit,

1329 508 1438 543 11100ο
1459 509 1571 544 1181101
1591 509 1629 544 10
1677 510 1798 555 uplum
1821 510 1996 546 actionem
2020 514 2057 545 et
2071 513 2258 555 praeterea
2271 510 2310 546 in
2323 521 2406 547 ven·

1330 553 1479 631 dittorem
1503 554 1559 588 vel
1582 563 1674 598 eum,
1698 555 1759 600 qui
1782 554 1926 601 duplam
1939 557 1966 577 ¹⁰
1989 555 2167 600 promisit,
2195 555 2234 590 in
2263 555 2407 601 duplum

1330 608 1423 633 8010
1448 603 1514 640 001,

1376 641 1425 679 21
1454 642 1707 679 Μουιῑοτιινσε
1727 643 1818 680 libro
1827 645 1951 690 primo
1969 644 2013 679 de
2022 645 2156 690 poenis
2193 644 2316 690 utique
2333 645 2408 681 eius

1331 688 1498 733 duplum,
1523 688 1618 733 quod
1641 693 1788 734 propter
1811 699 1865 724 em
1891 689 2023 724 tionem
2046 689 2100 724 vel
2124 689 2221 725 dedit
2240 690 2296 725 vel
2319 690 2408 725 obli-

1329 739 1434 777 gatus
1449 737 1514 768 est.
1551 733 1744 769 secundum
1760 744 1851 779 quae
1882 736 1890 756 ¹
1910 734 1958 777 id,
1984 734 2079 779 quod
2094 735 2184 770 alter
2198 744 2320 770 eorum
2337 736 2407 770 sol-

1330 779 1430 820 verit,
1455 778 1544 813 nihil
1567 778 1614 813 ad
1637 779 1900 814 exonerandum
1925 779 2077 815 alterum
2099 779 2302 825 pertinebit,
2326 780 2410 824 quia

1331 823 1467 868 placuit
1490 824 1584 858 hanc
1608 824 1782 859 actionem
1805 823 1990 869 poenalem
2019 834 2108 860 esse.
2156 829 2192 860 et
2218 825 2298 860 ideo
2328 829 2412 870 post

1332 879 1464 903 annum
1493 879 1565 903 non
1596 868 1701 904 datur
1729 879 1796 904 nec
1826 880 1908 904 cum
1935 869 2221 913 successoribus,
2254 880 2333 905 cum
2365 870 2412 905 sit

1335 917 1347 948 1
1399 914 1577 958 110008110,
1606 918 1740 958 agetur.
1788 914 1990 958 Actionem,
2020 924 2112 958 quae
2136 925 2179 950 ex
2202 915 2272 950 hoc
2295 914 2410 950 edicto

1332 959 1462 1002 oritur,
1493 959 1769 995 manumissione
1799 970 1872 995 non
1904 959 2061 1004 extingui
2090 960 2285 995 rectissime
2315 959 2410 995 dice·

1331 1007 1391 1038 tur
1404 1005 1443 1047 ¹²,
1468 1004 1551 1048 quia
1563 1005 1591 1025 ¹³
1604 1014 1727 1039 verum
1741 1007 1798 1039 est
1812 1007 1995 1039 auctorem
2011 1005 2191 1040 conveniri
2206 1015 2279 1040 non
2294 1014 2411 1050 posse,

1332 1053 1415 1094 post
1444 1059 1547 1093 quem
1578 1049 1624 1084 ad
1647 1059 1743 1092 eum,
1776 1049 1838 1094 qui
1866 1049 1913 1084 ad
1941 1049 2140 1086 libertatem
2169 1049 2411 1095 proclamavit,

1332 1095 1617 1139 perveniebatur.

1379 1137 1432 1176 22
1458 1138 1653 1174 ULPJANUS
1670 1139 1761 1175 libro
1776 1140 2098 1186 quinquaqensae‘mo
2115 1140 2239 1186 quinto
2256 1139 2306 1175 ad
2319 1140 2413 1176 edic—

1333 1188 1407 1219 tum
1453 1183 1534 1219 Non
1563 1184 1661 1220 solus
1690 1188 1810 1219 autem
1839 1188 1997 1229 emptor,
2028 1184 2094 1220 sed
2120 1188 2159 1220 et
2188 1194 2413 1221 successores

1336 1234 1349 1264 i
1400 1230 1477 1265 eius
1495 1229 1565 1264 hac
1581 1229 1619 1264 iii
1638 1229 1772 1264 factum
1791 1230 1930 1265 actione
1949 1239 2054 1275 agere
2069 1233 2248 1275 poterunt.
2284 1230 2414 1265 Emere

1333 1275 1385 1310 sic
1405 1275 1631 1320 accipiemus,
1655 1274 1795 1310 etiamsi
1806 1284 1872 1320 per
1888 1275 1998 1310 alium
2011 1275 2090 1320 quis
2106 1276 2241 1318 emerit,
2263 1278 2305 1310 ut
2326 1279 2415 1320 puta

1334 1323 1354 1355 2
1400 1324 1682 1365 procuratorem.
1729 1319 1800 1355 Sed
1828 1324 1864 1355 et
1893 1320 1924 1355 si
1951 1320 2073 1365 plures
2095 1319 2260 1363 emerint,
2289 1330 2411 1356 omnes

1333 1365 1518 1401 habebunt
1539 1366 1632 1401 118110
1656 1365 1851 1408 actionem,
1881 1365 1933 1400 sic
1956 1370 2093 1408 tamen,
2123 1369 2182 1408 ut,
2213 1366 2245 1401 si
2272 1365 2414 1410 quidem

1333 1421 1399 1456 pro
1422 1411 1587 1456 partibus
1611 1411 1771 1453 emerint,
1795 1421 1861 1455 pro
1883 1414 1986 1455 parte
2005 1411 2110 1455 pretii
2128 1410 2286 1446 1181108111
2302 1411 2414 1446 80110-

1333 1466 1432 1491 nem:
1468 1456 1645 1491 enimvero
1659 1457 1686 1477 ¹⁴
1719 1456 1750 1491 si
1780 1456 2023 1501 unusquisque
2056 1456 2093 1491 in
2116 1455 2286 1498 solidum,
2317 1455 2414 1500 quis-

1334 1511 1404 1546 que
1418 1503 1445 1523 ¹⁵
1467 1502 1505 1536 in
1518 1501 1670 1536 solidum
1688 1501 1820 1536 habeat
1835 1501 2022 1536 actionem.
2053 1511 2121 1537 nec
2136 1501 2283 1536 alterius
2299 1501 2414 1536 scien-

1336 1550 1355 1581 3
1402 1546 1454 1581 tia
1477 1546 1580 1582 alteri
1602 1546 1755 1588 nocebit,
1779 1546 1833 1581 vel
1855 1546 2056 1590 ignorantia
2073 1546 2244 1591 proderit.
2280 1546 2318 1581 Si
2334 1555 2415 1581 eum

1334 1592 1483 1627 liberum
1506 1601 1585 1627 esse
1608 1595 1747 1637 emptor
1770 1591 1907 1633 nesciit,
1930 1595 2056 1636 postea
2079 1594 2198 1626 autem
2220 1591 2312 1626 scire
2332 1601 2414 1626 coe·

1334 1637 1397 1682 pit,
1422 1637 1492 1672 hoc
1515 1636 1547 1671 ei
1570 1647 1643 1672 non
1666 1636 1828 1679 nocebit,
1852 1636 1937 1681 quia
1958 1639 2045 1671 tunc
2068 1636 2253 1681 ignoravit.
2299 1636 2362 1671 sed
2385 1636 2416 1670 si

1334 1687 1421 1717 tunc
1445 1681 1542 1724 sciit,
1573 1685 1700 1727 postea
1723 1681 1887 1717 dubitare
1911 1681 2045 1727 coepit,
2075 1681 2224 1716 nihilum
2245 1680 2414 1726 proderit.

1335 1732 1356 1762 4
1403 1726 1532 1762 Heredi
1555 1731 1593 1762 et
1616 1726 1743 1762 ceteris
1767 1726 2034 1763 successoribus
2058 1726 2210 1762 scientia
2239 1735 2306 1762 sua
2328 1725 2416 1760 nihil

1335 1775 1355 1807 5
1403 1776 1526 1813 nocet,
1558 1772 1759 1816 ignorantia
1780 1771 1868 1806 nihil
1891 1771 2048 1816 prodest.
2097 1770 2168 1807 Sed
2190 1770 2222 1807 si
2244 1781 2311 1824 per
2325 1781 2415 1824 1110·

1335 1822 1538 1853 curatorem
1561 1817 1730 1853 scientem
1754 1816 1833 1862 quis
1856 1816 1996 1859 emerit,
2022 1816 2054 1851 ei
2075 1819 2198 1860 nocet,
2230 1819 2336 1852 sicuti
2358 1819 2415 1850 tu·

1337 1867 1358 1898 6
1403 1862 1493 1898 toris
1516 1872 1656 1942 1100300
1671 1872 1800 1898 000010
1814 1861 1936 1915 Labeo
1951 1864 2067 1907 putat.
2078 1906 2086 1915 .
2107 1861 2207 1896 Haec
2223 1861 2319 1897 actio
2335 1864 2418 1906 post

1336 1918 1477 1987 annualii
1492 1918 1565 1943 non
1612 1910 1712 1950 atur,
1743 1917 1823 1942 cum
1852 1910 1899 1942 sit
1921 1907 2129 1943 honoraria:
2162 1909 2218 1942 est
2239 1909 2358 1941 autem
2381 1909 2418 1940 et

1361 1963 1451 1988 oena
1479 1963 1507 1988 s.

1335 1964 1359 1998 p
1384 1995 1436 2034 23
1465 1997 1622 2033 Panos
1643 1997 1733 2032 libro
1757 1997 1843 2042 quin
1872 1997 2080 2043 uaqensimo
2111 1996 2162 2032 ad
2181 1995 2334 2031 edictum
2379 1995 2418 2031 Si

1336 2053 1440 2078 usum
1463 2042 1620 2077 fructum
1643 2042 1710 2077 tibi
1732 2041 1837 2077 vendi
1862 2051 1922 2077 ero
1945 2041 2049 2077 liberi
2071 2041 2266 2077 hominis¹⁶
2288 2044 2326 2077 et
2340 2050 2416 2076 000-

1336 2098 1435 2132 0010,
1468 2097 1607 2122 servum
1637 2086 1732 2122 effici
1761 2097 1842 2122 eum
1871 2086 2016 2122 dicebat
2045 2086 2197 2131 Quintus
2219 2085 2364 2122 Mucius
2377 2087 2416 2127 ¹⁷,

1336 2133 1399 2168 sed
1429 2132 1622 2167 dominium
1652 2132 1704 2166 ita
1733 2131 1874 2167 demum
1897 2131 1975 2166 fieri
1995 2141 2133 2174 meum,
2164 2131 2195 2167 si
2224 2131 2319 2166 bona
2348 2130 2419 2165 fide

1340 2180 1354 2212 1
1403 2176 1648 2219 vendidissem‚
1673 2177 1830 2221 alioquin
1849 2176 1926 2212 sine
1942 2176 2083 2212 domino
2098 2175 2188 2211 fore.
2222 2174 2266 2211 In
2281 2185 2418 2211 summa

1336 2222 1519 2258 sciendum
1543 2225 1614 2263 est,
1645 2232 1737 2267 quae
1761 2221 1804 2257 de
1826 2221 1977 2257 venditis
2000 2222 2127 2264 servis,
2158 2221 2287 2266 quibus
2311 2220 2417 2256 dene-

1335 2271 1444 2311 gatur
1472 2267 1518 2302 ad
1549 2267 1749 2302 libertatem
1779 2266 2031 2312 proclamatio,
2062 2266 2159 2302 dicta
2180 2269 2282 2308 sunt,
2311 2266 2418 2301 etiam

1338 2313 1385 2347 ad
1409 2312 1559 2347 donatos
1584 2315 1621 2347 et
1642 2312 1680 2346 in
1703 2311 1822 2347 dotem
1846 2311 1949 2348 datos
1972 2311 2099 2347 referri
2120 2321 2238 2357 posse,
2264 2311 2349 2346 item
2371 2310 2419 2345 ad

1338 2360 1358 2392 2
1406 2367 1484 2399 eos,
1538 2357 1576 2391 ui
1597 2357 1736 2402 pignori
1759 2366 1798 2392 se
1821 2356 1900 2391 dari
1921 2356 2021 2401 passi
2043 2360 2139 2392 sunt.
2186 2355 2225 2391 Si
2246 2360 2360 2391 mater
2382 2359 2418 2391 et

1337 2402 1431 2437 filius
1456 2401 1500 2437 de
1514 2368 1688 2437 (libertate
1703 2401 1852 2446 litigant,
1876 2406 1941 2436 aut
1957 2400 2204 2446 coniungenda
2219 2404 2303 2436 sunt
2319 2404 2417 2436 utro-

1337 2456 1487 2492 rumque
1515 2446 1647 2482 iudicia
1676 2450 1740 2481 aut
1762 2445 1959 2482 differenda
1980 2449 2036 2481 est
2059 2455 2169 2481 causa
2190 2444 2273 2490 filii,
2305 2445 2418 2481 donec

1338 2492 1382 2528 de
1404 2495 1518 2527 matre
1542 2495 1691 2534 constet,
1721 2491 1815 2527 sicut
1838 2491 1939 2526 divus
1963 2501 2033 2536 quo
2059 2501 2106 2527 ue
2127 2490 2332 2526 Hadrianus
2356 2490 2417 2526 de-

1339 2537 1459 2573 crevit.
1505 2547 1588 2571 nam
1621 2547 1702 2572 cum
1732 2536 1829 2582 apud
1860 2536 1967 2571 alium
1989 2536 2027 2571 iu
2054 2546 2143 2571 10010
2166 2538 2280 2571 mater
2301 2535 2417 2582 litiga-

1337 2583 1411 2625 bat,
1436 2582 1532 2627 apud
1556 2581 1664 2617 alium
1687 2586 1807 2622 autem
1829 2581 1936 2624 filius,
1959 2581 2144 2626 Augustus
2168 2580 2258 2616 dixit
2273 2584 2357 2616 ante
2375 2580 2420 2616 de

1337 2631 1451 2663 matre
1475 2631 1638 2663 constare
1661 2631 1838 2672 oportere,
1861 2626 1914 2662 sic
1937 2625 2018 2661 dein
2042 2626 2086 2661 de
2107 2625 2182 2661 filio
2204 2625 2384 2670 cognosci.

1384 2670 1438 2710 24
1462 2672 1568 2707 IDEM
1592 2672 1682 2708 libro
1707 2672 2028 2725 quinquaqensimo
2045 2672 2168 2718 primo
2191 2670 2242 2706 ad
2262 2670 2415 2706 edictum

1340 2717 1514 2753 Ordinata
1543 2717 1682 2752 liberali
1713 2726 1824 2752 causa
1853 2716 1957 2752 liberi
1984 2716 2064 2751 loco
2094 2715 2247 2751 habetur
2275 2715 2326 2760 is,
2357 2715 2418 2760 qui

1340 2763 1385 2798 de
1408 2766 1505 2798 statu
1528 2772 1594 2798 suo
1616 2762 1742 2807 litigat,
1766 2762 1818 2797 ita
1839 2765 1882 2796 ut
1899 2761 2067 2797 adversus
2084 2771 2166 2796 0001
2206 2770 2334 2806 001100,
2359 2760 2417 2805 qui

1340 2818 1380 2844 se
1403 2807 1584 2843 dominum
1609 2817 1687 2843 esse
1711 2806 1814 2849 dicit,
1846 2806 2004 2842 actiones
2034 2805 2067 2842 ei
2094 2816 2167 2842 non
2213 2807 2418 2850 enegentur,

1341 2862 1582 2898 quascumque
1603 2851 1787 2887 intendere
1809 2851 1911 2887 velit:
1937 2850 2021 2896 quid
2043 2850 2136 2886 enim
2161 2850 2192 2886 si
2214 2860 2306 2896 quae
2327 2849 2418 2886 tales

1340 2899 1427 2940 sint,
1460 2902 1500 2933 ut
1513 2899 1541 2920 ¹⁸
1563 2901 1723 2942 tempore
1745 2900 1809 2932 aut
1830 2900 1944 2932 morte
1967 2895 2168 2931 intereant?
2213 2899 2325 2940 quare
2346 2905 2418 2930 non

1341 2942 1560 2979 concedatur
1589 2942 1622 2978 ei
1649 2941 1747 2977 litem
1777 2940 2009 2977 contestando
2036 2940 2075 2976 in
2100 2944 2219 2976 tutum
2241 2949 2302 2976 eas
2325 2939 2418 2976 redi-

1344 2992 1359 3023 1
1408 2988 1516 3033 gere?
1562 2987 1653 3031 Quin
1676 2987 1783 3022 etiam
1806 2986 1948 3022 Servius
1978 2986 2031 3021 ait
2055 2986 2095 3021 in
2124 2985 2325 3021 actionibus
2353 2994 2418 3020 an-

1340 3033 1420 3069 nuis
1443 3043 1489 3068 ex
1512 3042 1555 3068 eo
1577 3036 1736 3077 tempore
1760 3042 1890 3066 annum
1914 3031 2054 3074 cedere,
2086 3040 2131 3066 ex
2161 3040 2231 3075 quo
2254 3029 2299 3066 lis
2322 3029 2419 3066 ordi-

1342 3081 1362 3113 2
1409 3082 1495 3113 nata
1518 3077 1575 3112 sit.
1623 3076 1693 3112 Sed
1717 3077 1746 3112 si
1772 3087 1851 3112 cum
1874 3076 1953 3111 aliis
1977 3075 2129 3121 experiri
2150 3075 2245 3117 velit,
2268 3085 2342 3111 non
2365 3078 2419 3110 est

1342 3122 1592 3169 quaerendum,
1617 3131 1663 3157 aii
1686 3122 1730 3157 lis
1754 3121 1917 3157 ordinata
1939 3120 1996 3163 sit,
2025 3130 2072 3155 ne
2093 3119 2293 3155 inveniatur
2314 3119 2417 3162 ratio,

1342 3167 1636 3213 quemadmodum
1660 3167 1820 3202 subiecto
1844 3165 1983 3219 aliquo,
2013 3164 2074 3209 qui
2095 3164 2253 3200 libertati
2276 3168 2417 3201 contro-

1341 3213 1492 3254 versiam
1510 3215 1661 3254 moveat,
1684 3211 1825 3246 interim
1848 3215 2006 3247 actiones
2029 3209 2282 3246 excludantur:
2306 3218 2420 3255 aeque

1342 3257 1434 3293 enim
1457 3267 1503 3292 ex
1526 3261 1652 3292 eventu
1675 3256 1798 3292 iudicii
1820 3254 1976 3292 liberalis
1998 3258 2063 3290 aut
2085 3254 2183 3290 utilis
2210 3257 2276 3290 801
2301 3254 2419 3290 inanis

1343 3305 1363 3338 3
1409 3301 1503 3337 actio
1527 3302 1602 3337 eius
1627 3301 1812 3336 efficietur.
1849 3300 1919 3336 Sed
1941 3299 1972 3335 si
2019 3309 2083 3335 uas
2106 3299 2265 3336 actiones
2288 3298 2420 3335 inferat

1342 3346 1523 3389 dominus,
1559 3347 1760 3391 quaeritur,
1789 3356 1836 3381 an
1865 3354 1989 3389 compe
2018 3344 2130 3381 endus
2160 3344 2209 3380 sit
2237 3343 2419 3390 suscipere

1340 3391 1521 3428 iudicium.
1557 3395 1594 3427 et
1615 3391 1774 3437 plerique
1790 3390 2002 3433 existimant,
2025 3388 2109 3426 siin
2121 3398 2309 3435 personam
2323 3392 2418 3434 agat,

1342 3509 1401 3545 (ιο)
1426 3503 1527 3547 duplo
1549 3503 1599 3537 F’
1734 3504 1789 3546 (ιι)
1813 3503 1850 3537 in
1871 3504 1932 3537 ins.
1953 3501 2005 3537 F*
2140 3503 2199 3543 (12)
2222 3500 2349 3536 dieitur
2365 3500 2419 3534 1⁵⁸²

196 3552 240 3585 ad
258 3552 295 3585 id
310 3554 440 3595 tempus
456 3551 617 3585 referetur
626 3563 690 3585 ser.
792 3550 836 3591 (2)
860 3549 896 3582 id
908 3550 940 3581 F
1041 3552 1082 3590 (3)
1108 3550 1234 3592 quanto
1246 3549 1282 3583 F
1342 3551 1399 3591 (1³)
1424 3548 1514 3591 quia]
1535 3549 1685 3591 quamvis
1701 3561 1765 3584 scr.
1889 3549 1948 3589 (14)
1972 3546 2116 3581 habeant
2131 3546 2295 3581 actionem
2312 3545 2417 3579 enim-

197 3599 242 3640 (⁴)
266 3597 383 3631 emerit
394 3598 467 3630 edd.
573 3598 618 3636 (0)
639 3595 727 3629 111010
737 3594 782 3628 sit
793 3595 857 3637 (est
867 3594 901 3627 F
904 3594 931 3636 ²)
944 3596 977 3627 01
988 3604 1056 3627 0011
1067 3596 1231 3638 competet
1241 3593 1274 3627 ei
1339 3603 1418 3627 vero
1431 3594 1494 3627 del.
1586 3594 1645 3636 (15)
1669 3593 1820 3637 quisque]
1833 3592 1950 3627 emerit
1961 3592 2012 3626 F*
2101 3592 2162 3634 (ie)
2184 3590 2330 3635 pretium
2340 3600 2416 3633 par-
2524 3602 2528 3635 ,ξ

196 3642 338 3685 80110101
349 3641 439 3684 emit,
450 3651 518 3675 non
529 3642 696 3684 competat
706 3640 738 3673 ei
748 3638 836 3672 aetio
853 3650 915 3673 cer.
982 3640 1025 3680 (ο)
1052 3640 1133 3672 talia
1150 3639 1273 3673 desido-
1339 3638 1511 3682 tieipantis
1527 3639 1686 3674 simmaea
1704 3639 1783 3674 add.
1889 3639 1947 3679 (17)
1970 3647 2063 3671 meus
2080 3637 2116 3671 F
2206 3636 2266 3679 (18)
2289 3636 2318 3668 si
2334 3634 2416 3668 tales
2521 3638 2528 3687 1

199 3695 332 3721 rantur.-
350 3687 410 3730 qui
421 3687 528 3721 sciens
537 3696 599 3730 pro
610 3695 703 3719 servo
714 3683 820 3718 veniit
830 3683 970 3728 emptori
1038 3684 1081 3726 (¹1)
1104 3700 1150 3713 -ι
1161 3685 1207 3718 D.
1217 3684 1272 3725 50,
1339 3683 1408 3717 sint
1418 3693 1503 3727 quae
1516 3682 1574 3717 F*

198 3738 243 3773 ¹6,
256 3739 291 3765 το
398 3733 443 3773 (s)
467 3731 510 3764 ob
527 3731 613 3763 hane
632 3728 889 3773 adquisitionem
903 3739 965 3763 m.
1077 3731 1121 3771 (s)
1146 3729 1209 3762 hoo
1224 3726 1273 3760 F’
