2528 3918
134 125 191 154 ΕΤ
220 124 580 156 FIDEICOMMISSIS

179 232 230 272 65
261 233 515 270 ¹MARcIANUs
542 235 633 271 libro
657 236 807 280 septimo
841 236 1102 270 institutionum
1148 235 1218 270 Le-

131 280 221 324 gatis
257 280 367 315 servis
411 281 568 325 exceptis
601 281 881 324 negotiatoribus
913 281 1035 316 Labeo
1076 280 1220 325 scripsit

131 336 192 361 eos
215 325 330 369 legato
356 330 524 370 exceptos
549 325 677 367 videri,
710 326 771 370 qui
796 326 990 370 praepositi
1014 329 1134 361 essent
1158 336 1218 361 ne-

154 370 217 405 otii
240 370 430 406 exercendi
454 381 574 412 causa,
599 370 707 405 veluti
731 371 792 415 qui
817 371 862 405 ad
886 371 1072 406 emendum
1096 372 1217 406 locan-

130 382 214 449 dum
255 415 524 451 conducendum
565 416 760 461 praepositi
799 420 937 451 essent:
980 417 1218 452 cubicularios

131 465 249 495 autem
274 461 327 495 vel
352 462 583 496 obsonatores
610 463 663 496 vel
681 472 752 503 eos,
779 461 840 506 qui
855 461 1096 506 piscatoribus
1114 472 1217 507 prae-

130 506 237 549 positi
262 510 355 548 sunt,
380 517 452 541 non
475 506 586 541 videri
603 507 852 550 negotiationis
873 507 1112 552 appellatione
1134 518 1217 542 con-

135 555 146 585 1
185 551 307 586 tineri:
327 555 364 586 et
379 555 466 596 puto
482 562 600 586 veram
618 562 696 587 esse
718 552 895 587 Labeonis
914 553 1137 587 sententiam.
1182 552 1219 586 Si

129 607 174 631 ex
198 595 316 631 officio
341 596 420 641 quis
444 596 490 631 ad
514 597 703 631 artificium
727 597 920 639 transierit,
955 598 1098 643 quidam
1121 602 1219 633 recte

128 645 258 686 putant
282 642 436 686 legatum
460 642 647 687 exstingui,
674 643 758 688 quia
782 642 940 677 officium
964 643 1116 678 artificio
1140 654 1218 677 mu-

128 690 243 721 tatur:
278 697 349 721 11011
379 686 472 722 idem
497 697 517 722 e
549 688 728 723 contrario
760 698 840 722 cum
871 688 1075 723 lecticarius
1109 699 1218 723 cocus

129 735 148 765 2
197 735 322 776 postea
346 731 462 767 factus
487 736 542 767 est
552 733 577 767 ².
626 733 662 767 Si
686 744 778 767 unus
797 744 919 768 servus
937 734 1043 779 plura
1067 733 1220 768 artificia

128 777 220 812 sciat
244 781 280 812 et
304 777 365 811 alii
390 777 466 813 coci
490 778 598 822 legati
612 777 766 821 fuerunt,
793 778 854 813 alii
877 783 1044 818 textores,
1071 779 1218 814 0111100-

130 822 288 863 110111ᾕῖ,
321 823 352 857 01
377 822 501 858 cedere
533 834 673 858 servum
705 823 893 859 dicendum
917 828 990 867 est,
1025 825 1083 859 cui
1112 823 1220 868 legati

129 872 148 900 :3
197 872 282 902 sunt
304 868 341 902 iu
366 869 461 912 quo³
485 868 635 904 artificio
660 869 868 913 plerumque
881 871 1103 904 versabatur.
1152 869 1218 904 Or-

129 913 326 948 natricibus
351 913 476 957 legatis
502 913 626 949 Celsus
652 914 794 959 scripsit
819 925 890 956 eas,
916 926 1007 960 quae
1031 915 1121 949 duos
1139 918 1218 949 tan-

128 963 203 991 tum
227 968 365 994 menses
390 958 485 1003 apud
510 959 718 1003 magistrum
743 959 899 1000 fuerunt,
925 961 1040 1005 legato
1065 971 1138 995 non
1162 970 1218 994 ce-

128 1002 221 1045 dere,
247 1003 307 1037 alii
332 1008 366 1037 et
389 1003 454 1038 has
473 1003 609 1046 cedere,
634 1015 679 1039 110
699 1015 845 1040 necesse
861 1006 908 1040 sit
931 1006 1064 1040 nullam
1082 1004 1217 1046 cedere,

128 1059 208 1083 cum
234 1059 354 1084 omnes
379 1049 495 1084 adhuc
521 1049 657 1085 discere
681 1051 820 1095 possint
844 1054 879 1086 et
903 1061 1005 1086 omne
1029 1050 1219 1085 artificium

127 1094 382 1128 incrementum
401 1094 547 1139 recipit:
574 1095 669 1139 quod
686 1096 798 1140 magis
816 1096 977 1140 optinere
995 1096 1109 1138 debet,
1134 1095 1219 1140 quia

137 1143 143 1172 l
194 1139 371 1174 humanae
400 1144 552 1175 naturae
586 1151 782 1185 congruum
819 1145 883 1176 est.
939 1141 1136 1176 Pecoribus
1168 1141 1218 1176 10-

126 1184 217 1228 gatis
250 1184 394 1219 Cassius
427 1185 572 1230 scripsit
608 1186 858 1231 quadrupedes
895 1187 1089 1227 contineri,
1127 1196 1218 1230 quae

126 1230 296 1274 gregatim
329 1234 536 1274 pascuntur.
584 1235 621 1266 et
648 1242 730 1266 sues
756 1236 875 1266 autem
899 1243 1070 1276 pecorum
1095 1231 1217 1276 appel-

129 1275 259 1310 latione
285 1275 529 1318 continentur,
564 1276 647 1320 quia
678 1281 715 1311 et
738 1277 775 1311 hi
806 1277 977 1321 gregatim
1001 1281 1215 1322 pascuntur:

127 1321 178 1355 sic
203 1320 354 1365 denique
378 1325 414 1355 et
436 1321 613 1356 Homerus
637 1322 675 1355 in
700 1322 870 1367 Odyssia⁴
895 1323 955 1364 ait,

197 1364 292 1406 δήεις
314 1364 381 1398 τόν
402 1379 443 1411 γε
467 1365 585 1400 σύεσσι
609 1366 834 1413 παρήμενον·
862 1367 902 1400 αἳ
923 1365 963 1401 δὲ
986 1370 1157 1411 νέμονται

194 1410 268 1454 πὰρ
293 1409 454 1456 Κόρακος
477 1414 587 1457 πέτρῃ
614 1414 676 1445 ἐπί
695 1425 735 1445 τε
759 1411 869 1458 κρήνῃ
883 1408 1083 1459 Ἀρεθούσῃ
1093 1414 1117 1447 ⁵.

127 1460 145 1489 5
194 1455 363 1490 lumentis
394 1456 520 1500 legatis
544 1458 651 1492 boves
682 1468 753 1492 non
786 1457 1014 1493 continentur
1040 1468 1107 1493 nec
1133 1468 1216 1493 con-

126 1504 146 1535 6
192 1504 260 1535 tra.
312 1500 426 1545 Equis
458 1506 577 1536 autem
608 1502 733 1546 legatis
765 1507 801 1538 et
831 1514 944 1547 equae
976 1503 1216 1538 continentur.

127 1549 143 1579 7
194 1545 328 1581 Ovibus
367 1546 493 1591 legatis
533 1548 615 1592 agni
653 1558 725 1582 non
761 1549 1006 1583 continentur:
1047 1548 1216 1593 quamdiu

125 1594 244 1626 autem
267 1601 439 1635 agnorum
463 1592 542 1627 loco
567 1596 669 1635 sunt,
704 1603 749 1628 ex
772 1604 840 1628 usu
866 1594 1037 1638 cuiusque
1061 1594 1131 1628 loci
1156 1605 1216 1629 su-

125 1636 289 1671 mendum
314 1641 385 1671 est:
411 1647 492 1672 nam
516 1638 553 1672 in
577 1638 790 1683 quibusdam
813 1639 902 1674 locis
927 1640 1043 1675 ovium
1067 1649 1216 1674 numero

125 1692 202 1717 esse
226 1681 400 1725 videntur,
427 1693 507 1717 cum
531 1683 578 1718 ad
600 1687 785 1719 tonsuram
809 1685 979 1719 venerint.

171 1725 224 1764 66
262 1727 317 1762 ΡΑ
325 1737 420 1763 ULUS
457 1729 547 1764 libro
589 1730 692 1763 tertio
707 1730 721 1749 ⁶
759 1731 1017 1764 sententiarum
1079 1729 1217 1764 Avibus

126 1773 249 1817 legatis
275 1783 420 1808 anseres
444 1774 609 1818 phasiani
633 1775 691 1809 et⁷
715 1774 868 1818 gallinae
893 1779 929 1810 et
952 1775 1087 1810 aviaria
1110 1774 1216 1809 debe-

126 1819 276 1853 buntur:
309 1818 529 1862 phasianarii
561 1823 680 1854 autem
708 1824 743 1855 et
766 1824 930 1865 pastores
955 1831 1121 1855 anserum
1145 1831 1219 1855 non

126 1863 362 1905 continentur,
389 1864 458 1899 nisi
480 1864 517 1898 id
541 1868 693 1899 testator
716 1866 893 1910 expressit
903 1866 927 1899 ¹³.

171 1907 222 1945 67
257 1908 494 1944 MARCIANUS
522 1910 612 1945 libro
644 1911 793 1955 septimo
825 1911 1089 1945 institutionum
1149 1909 1218 1953 Qui

124 1954 255 1989 saltum
278 1956 451 1989 aestivum
474 1955 604 1999 legavit
627 1959 663 1990 et
686 1956 755 1990 1100
780 1956 932 2001 amplius
952 1956 1058 1991 etiam
1079 1966 1138 1990 eas
1159 1966 1217 1990 res

124 1999 310 2043 legaverit,
344 2010 434 2044 quae
465 2001 516 2035 ibi
548 2011 626 2036 esse
659 2001 791 2039 solent,
822 2012 892 2036 non
916 2001 1056 2036 videtur
1081 2000 1125 2036 de
1148 2001 1217 2035 illis

124 2045 314 2089 pecoribus
333 2046 498 2088 sensisse,
515 2056 606 2090 quae
620 2047 735 2081 hieme
749 2047 786 2080 in
802 2046 963 2082 hibernis
979 2047 1065 2081 aut⁹
1081 2050 1217 2081 aestate

124 2091 161 2124 in
186 2090 328 2125 aestivis
353 2101 431 2126 esse
456 2092 588 2133 solent,
622 2091 684 2127 sed
709 2091 753 2126 de
776 2091 845 2127 illis
871 2092 996 2134 sensit,
1022 2102 1111 2136 quae
1134 2102 1216 2136 per-

124 2139 233 2180 petuo
257 2136 307 2170 ibi
331 2141 425 2171 sunt.

171 2178 224 2218 68
256 2181 451 2217 ULPIANUS
467 2182 557 2216 libro
572 2183 695 2228 primo
715 2193 971 2228 responsorum
1013 2182 1175 2216 Iunianio
1192 2183 1218 2201 ¹⁰

125 2226 308 2271 respondit
346 2229 554 2262 testatorem
593 2227 779 2262 adiciendo
821 2227 1018 2272 ‘praedium
1050 2227 1217 2262 Seianum

126 2273 252 2306 ‘omne'
278 2282 355 2306 eam
380 2283 521 2317 quoque
545 2276 684 2317 partem
708 2272 810 2307 fundi
834 2283 944 2317 supra
967 2272 1093 2317 scripti
1116 2273 1218 2316 quasi

125 2316 171 2351 ad
202 2327 240 2351 se
271 2316 507 2361 pertinentem
539 2317 650 2352 videri
688 2328 754 2362 per
792 2317 1103 2353 fideicommissum
1135 2318 1216 2352 reli-

125 2362 261 2406 quisse,
299 2372 404 2406 quam
437 2373 481 2398 ex
513 2373 623 2398 causa
652 2363 810 2407 pignoris
844 2367 972 2398 nactus
1006 2369 1079 2405 est,
1120 2363 1217 2398 salvo

130 2411 139 2441 1
192 2407 328 2442 scilicet
358 2408 435 2442 iure
467 2407 648 2443 debitoris.
696 2408 755 2442 Ex
785 2408 843 2444 his
869 2409 987 2443 verbis
1003 2411 1046 2443 ¹¹:
1082 2411 1217 2443 ‘curate

126 2456 241 2496 ‘agros
266 2452 460 2494 attendere,
486 2458 522 2488 et
545 2454 596 2487 ita
618 2454 691 2496 fiet,
716 2458 757 2488 ut
779 2453 874 2489 filius
898 2464 997 2489 meus
1022 2453 1115 2489 filios
1140 2464 1216 2488 ves-

126 2501 212 2532 ‘tros
236 2498 336 2533 vobis
362 2498 563 2540 condonet',
587 2498 899 2534 fideicommissum
917 2499 992 2544 peti
1009 2510 1081 2534 non
1096 2509 1216 2543 posse.

127 2547 144 2576 2
192 2542 321 2578 Servos
346 2554 550 2579 communes
574 2554 596 2578 a
612 2544 694 2579 Seia
716 2544 767 2578 ita
785 2545 929 2579 relictos
956 2545 998 2579 ‘si
1021 2544 1090 2579 mei
1114 2548 1219 2579 erunt

126 2595 219 2623 ‘cum
242 2588 385 2623 moriar'
418 2600 490 2624 non
522 2589 662 2630 deberi,
695 2590 726 2624 si
750 2589 854 2624 modo
878 2589 948 2624 hoc
973 2589 1084 2624 sensit
1107 2593 1217 2625 testa-

125 2634 215 2674 trix,
247 2638 288 2667 ut
319 2634 370 2668 ita
394 2634 627 2676 deberentur,
661 2635 691 2669 si
714 2635 751 2668 in
776 2634 927 2670 solidum
953 2635 1027 2669 eius
1052 2634 1216 2670 fuissent.

127 2682 145 2713 3
193 2678 353 2714 Praediis
380 2690 460 2714 cum
484 2679 539 2714 his
565 2679 735 2720 enthecis,
762 2690 852 2724 quae
872 2679 910 2714 in
929 2690 972 2714 ea
991 2680 1218 2724 possessione

126 2727 219 2765 sunt,
245 2724 378 2759 relictis
402 2725 580 2769 mancipia
604 2735 744 2769 quoque
768 2725 1006 2769 praediorum,
1041 2735 1121 2759 cum
1145 2725 1218 2759 illic

127 2770 326 2804 testamenti
350 2769 438 2804 facti
460 2774 620 2814 tempore
645 2770 800 2811 fuerunt,
827 2770 970 2805 cedent:
996 2770 1059 2805 sed
1076 2774 1112 2804 et
1153 2781 1219 2804 uae

126 2819 252 2859 postea
276 2820 531 2866 accesserunt,
564 2815 594 2850 si
626 2815 731 2850 modo
762 2815 831 2850 hoc
854 2819 1008 2850 testator
1031 2815 1127 2849 mani
1141 2816 1219 2850 'este

127 2870 169 2894 ex
197 2865 312 2894 105511.

202 2902 226 2941 9
251 2904 489 2940 MARCELLUS
510 2904 600 2940 libro
625 2905 809 2951 sinqulari
830 2916 889 2940 res
917 2916 1084 2941 onsorum
1136 2905 1219 2940 Non

128 2950 231 2985 aliter
255 2961 276 2985 a
300 2949 557 2994 significatione
581 2951 771 2986 verborum
795 2960 877 2985 rece
903 2951 915 2985 i
936 2955 1087 2996 oportet,
1114 2961 1219 2995 quam

134 2999 140 3027 l
196 3006 276 3030 cum
297 2995 522 3030 manifestum
542 3000 597 3030 est
617 2995 714 3030 aliud
732 2996 885 3031 sensisse
901 3000 1120 3031 testatorem.
1158 2996 1218 3030 Ti-

128 3041 198 3075 tius
231 3040 404 3075 codicillis
436 3041 510 3076 suis
542 3041 593 3075 ita
625 3041 733 3075 cavit:
769 3041 908 3076 ‘Publio
932 3042 1072 3076 Maevio
1098 3051 1218 3076 omnes

129 3086 295 3127 ‘iuvenes‚
321 3096 409 3130 quos
426 3085 463 3120 in
480 3086 676 3121 ministerio
693 3086 820 3127 habeo,
842 3086 920 3121 dari
936 3087 1047 3121 volo':
1074 3097 1218 3131 quaero,

129 3141 150 3164 a
181 3141 251 3175 qua
281 3134 398 3165 aetate
428 3131 571 3166 iuvenes
603 3136 639 3166 et
669 3131 707 3165 in
737 3142 844 3175 quam
871 3132 1028 3176 intellegi
1054 3131 1218 3167 debeant.

128 3175 321 3211 Marcellus
345 3176 542 3220 respondit,
568 3187 657 3220 quos
683 3177 798 3211 verbis
822 3187 913 3221 quae
933 3180 1220 3222 proponerentur

130 3220 372 3255 demonstrare
395 3221 546 3256 voluerit
567 3224 738 3262 testator,
763 3221 809 3256 ad
833 3222 1013 3257 notionem
1037 3223 1133 3263 eius,
1159 3222 1219 3267 qui

130 3264 173 3299 de
202 3275 245 3299 ea
271 3276 311 3300 re
342 3266 548 3310 cogniturus
580 3270 692 3309 esset,
723 3267 921 3311 pertinere:
955 3278 1028 3302 non
1058 3268 1151 3303 enim
1183 3269 1220 3302 in

132 3378 170 3417 (1)
199 3382 215 3415 §
231 3385 247 3410 4
259 3394 304 3406 =
315 3379 394 3412 Inst.
409 3381 440 3419 4,
454 3387 481 3418 3,
495 3387 508 3413 1
625 3382 668 3420 (2)
695 3391 771 3412 cum
782 3380 976 3412 lecticarius
990 3391 1090 3413 cocus
1104 3384 1221 3424 postea

134 3423 238 3453 factus
260 3426 310 3453 est
330 3431 360 3456 et
379 3424 439 3456 alii
459 3424 625 3457 lecticarii
648 3426 711 3458 del.
836 3427 879 3467 (3)
905 3437 1046 3468 quorum
1066 3427 1220 3470 Krueyer

132 3468 175 3508 (4)
205 3469 256 3507 13,
269 3475 323 3500 407
411 3470 455 3510 (5)
479 3471 516 3502 id
527 3477 592 3503 est:
618 3471 769 3502 invenies
783 3481 857 3502 eum
871 3471 1078 3503 adsidentem
1092 3471 1219 3511 suibus,

133 3523 216 3553 quae
230 3515 415 3553 pascuntur
427 3514 468 3545 ad
480 3513 615 3547 Coracis
627 3526 745 3557 rupem
761 3527 865 3559 prope
879 3515 1005 3548 fontem
1018 3517 1216 3548 Arethusam

135 3560 176 3593 (6)
202 3559 234 3598 3,
250 3564 276 3594 6,
292 3564 327 3590 76
390 3560 432 3600 (ἵ)
457 3562 490 3590 et
502 3572 561 3592 om.
575 3560 701 3593 Paulus
760 3566 803 3602 (8)
829 3572 871 3593 an
885 3565 995 3593 autem
1007 3562 1218 3603 phasianarii

133 3605 166 3633 et
186 3604 336 3643 pastores
354 3613 518 3642 anserum,
539 3604 722 3637 voluntatis
744 3609 793 3637 est
814 3607 966 3647 quaestio
985 3606 1109 3639 Paulus
1129 3619 1219 3649 quem

135 3648 285 3679 habemus
342 3647 388 3688 (9)
412 3651 470 3680 aut
482 3649 544 3681 del.
605 3650 664 3690 (ml
690 3650 836 3682 Iuniano
850 3652 927 3684 Hal.
990 3653 1045 3690 (11)
1069 3651 1179 3683 verbit
1191 3652 1225 3683 F

135 3692 192 3728 (12)
219 3692 255 3723 id
275 3699 340 3724 est:
364 3693 526 3725 naturale.
543 3711 589 3716 —-
621 3695 724 3727 Verba
742 3697 834 3738 infra
854 3701 870 3734 ᾖ
893 3703 925 3729 12
948 3697 1059 3738 posita
1085 3699 1119 3727 ct
1139 3707 1217 3728 con-
1253 3713 1255 3716 ·

134 3735 245 3767 stabat
272 3737 361 3778 apud
390 3741 514 3770 veteres
540 3738 637 3770 lanae
659 3740 886 3781 appellatione
909 3740 1123 3773 versicoloria
1150 3752 1216 3773 non
1251 3754 1255 3785 j
1289 3745 1350 3782 (22)
1376 3742 1499 3783 quisF

1207 107 1294 156 453

2212 108 2381 151 XXXII

1289 244 1399 269 causa
1421 236 1715 269 testamentorum
1739 233 1784 267 ad
1808 233 2049 269 definitionem
2081 233 2203 278 utique
2236 232 2381 267 descen-

1288 279 1441 314 dendum
1474 283 1547 321 est,
1580 289 1662 313 cum
1694 277 1903 323 plerumque
1930 279 2076 314 abusive
2100 278 2294 322 loquantur
2317 289 2382 313 nec

1287 325 1443 370 propriis
1468 324 1669 359 nominibus
1695 334 1737 358 ac
1762 324 1945 359 vocabulis
1968 335 2107 369 semper
2130 328 2287 358 utantur.
2326 334 2381 358 ce-

1287 376 1402 405 terum
1420 370 1615 405 existimari
1630 372 1754 414 posset
1769 369 1904 404 iuvenis
1922 370 1964 410 is,
1990 369 2049 414 qui
2067 369 2305 405 adulescentis
2322 380 2381 403 ex-

1289 415 1397 450 cessit
1420 419 1584 456 aetatem,
1609 414 1727 459 quoad
1743 414 1892 459 incipiat
1908 414 2000 449 inter
2017 415 2173 450 seniores
2191 415 2378 449 numerari

1336 458 1387 498 70
1421 460 1615 496 ULPJANUS
1642 460 1733 494 libro
1764 460 1930 494 vicesimo
1955 460 2110 494 secundo
2136 461 2185 494 ast
2209 459 2380 495 Sabinum

1290 505 1326 540 Si
1353 506 1411 541 cui
1435 506 1519 540 lana
1542 506 1691 549 legetur,
1715 504 1752 539 id
1777 505 1933 549 legatum
1956 505 2096 539 videtur
2120 505 2215 550 quod
2233 506 2380 539 tinctum

1293 554 1304 584 1
1357 562 1428 585 11011
1452 555 1516 591 est,
1543 550 1606 586 sed
1630 545 1800 595 αὐτοφυές
1815 551 1859 584 ¹2:
1886 549 1966 584 Sive
1986 554 2103 584 autem
2123 552 2222 585 sacta
2241 555 2296 585 est
2312 551 2384 586 sive

1290 599 1308 630 2
1356 596 1549 637 infectaffl,
1582 596 1687 630 lanae
1712 595 1950 640 appellatione
1975 596 2186 630 continetur.
2235 596 2379 639 Quaesi-

1288 646 1363 675 tum
1387 645 1460 680 est,
1492 645 1613 675 utrum
1636 640 1742 676 lanae
1765 640 2005 685 appellatione
2029 650 2072 675 ea
2097 641 2174 675 sola
2198 641 2382 676 continea-

1288 691 1348 721 tur
1378 696 1470 731 quae
1502 690 1586 721 neta
1617 697 1689 721 non
1721 690 1777 721 est
1808 696 1855 720 an
1887 690 1923 720 et
1946 696 1990 720 ea
2014 696 2106 730 quae
2130 690 2213 721 neta
2237 691 2310 728 est,
2346 691 2383 721 ut

1288 736 1378 777 puta
1402 735 1541 766 stamen
1565 734 1602 767 et
1626 732 1831 766 subtemen:
1857 735 1893 766 et
1918 730 2071 765 Sabinus
2096 734 2132 766 et
2155 735 2274 766 netam
2299 743 2382 766 con-

1290 782 1308 812 3
1357 777 1462 812 1111011
1486 780 1603 821 putat,
1629 777 1730 811 cuius
1755 776 1933 812 sententia
1956 776 2140 811 utimur&
2176 777 2299 812 Lanae
2319 788 2381 821 ap-

1289 822 1518 867 pellationem
1544 825 1692 857 eatenus
1717 822 1860 857 extendi
1884 822 2023 866 placet,
2057 821 2175 866 quoad
2206 822 2251 855 ad
2276 823 2383 857 telam

1289 871 1310 901 4
1357 867 1590 912 pervenisset.
1639 867 1689 901 Et
1721 867 1904 902 sciendum
1937 867 2097 901 sucidam
2128 878 2269 911 quoque
2300 879 2381 902 con-

1289 916 1308 947 5
1356 913 1462 947 tineri
1493 917 1529 947 et
1560 913 1686 952 lotam,
1723 913 1753 947 si
1786 912 1891 947 modo
1923 913 2036 946 tincta
2059 923 2130 947 non
2154 913 2211 947 sit.
2261 913 2383 948 Lanae

1290 962 1309 993 6
1357 957 1598 1002 appellatione
1621 962 1819 992 tomentum
1843 969 1915 992 11011
1941 958 2191 992 continebitur.
2229 958 2299 992 Sed
2319 969 2383 993 nec

1289 1013 1331 1038 ea
1355 1003 1450 1041 lana,
1476 1014 1520 1038 ex
1545 1014 1616 1047 qua
1641 1003 1720 1047 quis
1745 1003 1848 1047 quasi
1872 1003 2119 1038 vestimentum
2144 1003 2269 1038 fecerit
2289 1004 2382 1037 valc-

1289 1052 1306 1083 ἵ
1356 1049 1490 1083 tudinis
1514 1049 1570 1083 vel
1594 1048 1801 1084 deliciarum
1823 1049 1950 1092 gratia,
1977 1048 2227 1083 continebitur.
2264 1048 2318 1083 Ne
2343 1059 2385 1083 ea

1289 1094 1449 1138 quidem,
1488 1104 1578 1138 quae
1611 1094 1877 1129 fomentationis
1908 1094 2025 1138 gratia
2055 1098 2184 1138 parata
2216 1098 2300 1128 sunt
2331 1095 2383 1129 vel

1290 1143 1308 1174 8
1356 1139 1565 1178 medicinae,
1592 1140 1755 1174 lanarum
1780 1140 2019 1184 appellatione
2041 1139 2277 1174 continentur.
2316 1139 2384 1174 Sed

1288 1188 1324 1220 et
1347 1185 1458 1228 pelles
1483 1185 1667 1220 lanatae¹⁵
1692 1185 1967 1220 contineantur?
1991 1188 2027 1219 et
2045 1185 2114 1219 hoc
2132 1184 2238 1219 lanae
2259 1185 2384 1219 cedere

1289 1233 1309 1265 9
1357 1229 1584 1265 manifestum
1621 1233 1686 1266 est.
1742 1231 1846 1264 Lana
1885 1230 2004 1275 legata
2043 1230 2150 1264 etiam
2189 1230 2382 1274 leporinam

1288 1275 1407 1310 lanam
1440 1280 1476 1310 et
1509 1276 1710 1311 anserinam
1743 1280 1780 1310 et
1809 1276 1992 1320 caprinam
2019 1275 2125 1310 credo
2153 1275 2327 1310 contineri
2351 1279 2385 1310 et

1292 1324 1331 1355 10
1379 1321 1422 1355 de
1454 1321 1569 1365 ligno,
1607 1331 1715 1366 quam
1744 1320 1966 1365 ἐριόξυλυν16
2005 1320 2199 1365 appellant.
2255 1321 2385 1355 Linum

1291 1369 1328 1400 11
1379 1370 1499 1400 autem
1523 1367 1607 1400 lana
1632 1367 1750 1410 legata
1772 1367 1893 1411 utique
1912 1377 1985 1401 non
2005 1366 2256 1401 continebitur.
2293 1366 2385 1401 Lino

1288 1415 1408 1446 autem
1432 1411 1549 1456 legato
1575 1417 1648 1446 tam
1665 1413 1803 1446 factum
1819 1422 1926 1456 quam
1945 1411 2117 1446 infectum
2133 1412 2158 1432 ¹⁷
2185 1411 2386 1446 continetur

1312 1457 1455 1501 uodque
1473 1461 1595 1492 netum
1613 1457 1780 1502 quodque
1794 1457 1831 1491 in
1847 1457 1919 1492 tela
1936 1460 2002 1499 est,
2028 1457 2124 1501 quod
2149 1460 2204 1492 est
2227 1457 2384 1492 nondum

1312 1506 1481 1537 etextum.
1533 1513 1616 1546 ergo
1649 1502 1748 1537 aliud
1778 1503 1816 1537 in
1838 1503 1911 1537 lino
1937 1513 2043 1547 quam
2066 1502 2103 1536 in
2126 1502 2211 1536 lana
2235 1506 2301 1537 est.
2350 1507 2386 1537 et

1288 1547 1431 1592 quidem
1455 1548 1485 1582 si
1509 1548 1661 1582 tinctum
1685 1548 1796 1582 linum
1821 1548 1876 1589 sit,
1903 1547 2009 1582 credo
2035 1547 2106 1582 lino
2133 1547 2383 1583 continebitur.

1291 1596 1330 1627 12
1378 1592 1667 1628 Versicoloribus
1691 1593 1880 1628 videndum
1905 1597 1971 1628 est.
2013 1597 2050 1628 et
2075 1593 2265 1628 constabat
2289 1592 2384 1637 apud

1287 1642 1423 1673 veteres
1449 1639 1552 1673 lanae
1578 1639 1818 1683 appellatione
1844 1638 2074 1673 versicoloria
2102 1649 2174 1673 non
2199 1639 2383 1679 contineri,

1288 1683 1351 1718 sed
1382 1685 1464 1718 ea¹8
1498 1684 1616 1718 omnia
1638 1684 1750 1719 videri
1774 1684 1909 1728 legata,
1944 1694 2036 1728 quae
2066 1683 2181 1718 tincta
2212 1687 2314 1724 sunt,
2349 1688 2385 1718 et

1287 1732 1382 1770 neta,
1408 1739 1499 1774 quae
1523 1739 1640 1773 neque
1664 1729 1810 1764 detexta
1833 1739 1948 1773 neque
1974 1732 2143 1764 contexta
2167 1733 2261 1763 sunt.
2300 1740 2383 1774 pro-

1287 1774 1369 1809 inde
1384 1775 1579 1818 quaeritur,
1600 1785 1647 1808 an
1660 1785 1823 1819 purpura
1837 1774 2077 1819 appellatione
2091 1774 2347 1809 versicolorum
2360 1774 2384 1794 '‘

1289 1819 1528 1854 contineatur.
1584 1824 1620 1855 et
1651 1830 1716 1864 ego
1749 1820 1907 1854 arbitror
1937 1829 1999 1861 ea,
2037 1830 2129 1863 quae
2164 1819 2278 1854 tincta
2314 1831 2384 1854 non

1288 1868 1390 1906 sunt,
1422 1865 1696 1900 versicoloribus
1728 1876 1801 1900 non
1833 1865 2060 1899 adnumerari
2092 1869 2127 1900 et
2158 1864 2240 1900 ideo
2270 1876 2384 1910 neque

1289 1910 1410 1944 album
1442 1920 1557 1955 neque
1589 1910 1802 1946 naturaliter
1833 1911 1973 1955 nigrum
2006 1910 2181 1945 contineri
2206 1921 2272 1945 nec
2296 1911 2383 1945 alte-

1288 1956 1362 1990 rius
1396 1956 1526 1991 coloris
1555 1956 1746 1990 naturalis:
1778 1966 1976 2000 purpuram
2007 1959 2126 1990 autem
2156 1959 2192 1990 et
2225 1966 2383 1998 coccum,

1289 2001 1457 2045 quoniam
1479 2001 1568 2035 nihil
1591 2001 1703 2035 nativi
1720 2001 1850 2036 coloris
1866 2004 1950 2036 sunt
1961 2001 2002 2042 2⁰,
2029 2001 2203 2036 contineri
2218 2001 2384 2041 arbitror,

1293 2050 1331 2080 13
1379 2046 1448 2082 nisi
1481 2046 1579 2081 aliud
1611 2047 1723 2081 sensit
1754 2050 1917 2081 testator.
1966 2046 2154 2091 Purpurae
2178 2051 2298 2081 autem
2323 2057 2383 2091 ap-

1288 2091 1479 2135 pellatione
1517 2092 1630 2127 omnis
1668 2092 1808 2136 generis
1837 2102 2035 2136 purpuram
2069 2092 2244 2127 contineri
2276 2096 2380 2136 puto:

1289 2136 1352 2172 sed
1377 2147 1526 2172 coccum
1549 2148 1622 2172 non
1647 2137 1903 2177 continebitur,
1936 2136 2097 2171 fucinum
2126 2141 2163 2171 et
2186 2138 2385 2172 ianthinum

1289 2181 1541 2217 continebitur.
1589 2193 1773 2227 purpurae
1798 2182 2039 2227 appellatione
2063 2182 2171 2217 etiam
2197 2183 2385 2218 subtemen

1288 2227 1423 2262 factum
1449 2227 1623 2263 contineri
1646 2238 1749 2263 nemo
1775 2228 1934 2262 dubitat:
1959 2227 2044 2262 lana
2067 2227 2282 2272 tinguendae
2298 2239 2383 2273 pur-

1288 2283 1400 2317 purae
1425 2283 1536 2308 causa
1561 2273 1739 2308 destinata
1763 2283 1836 2308 non
1861 2273 2115 2308 continebitur.

1335 2315 1384 2354 71
1420 2318 1650 2354 ULpzszvs2¹
1685 2319 1775 2353 libro
1801 2319 1966 2353 vicesimo
1991 2318 2041 2352 ad
2063 2317 2238 2353 Sabinum
2295 2319 2384 2352 Cum

1287 2373 1375 2399 suae
1399 2364 1552 2399 ancillae
1576 2364 1649 2398 sive
1673 2364 1765 2399 servi
1788 2363 1827 2398 in
1849 2366 2063 2398 testamento
2088 2363 2314 2405 scribuntur,
2347 2363 2384 2398 111

1287 2409 1468 2453 designari
1491 2409 1675 2450 videntur,
1710 2420 1799 2453 quos
1831 2412 1935 2453 pater
1967 2408 2119 2443 familias
2147 2418 2294 2443 suorum
2317 2420 2383 2443 nu-

1288 2465 1385 2489 mero
1410 2455 1545 2489 habuit.

1335 2497 1388 2536 72
1413 2500 1573 2535 PAULUS
1603 2499 1693 2535 libro
1727 2503 1859 2545 quarto
1891 2500 1940 2533 aa!
1964 2498 2138 2534 Sabinum
2185 2498 2323 2533 Eadem
2348 2499 2384 2533 in

1288 2545 1453 2580 omnibus
1483 2545 1610 2586 rebus,
1651 2555 1740 2589 quas
1772 2555 1856 2579 suas
1889 2544 1970 2588 quis
2002 2543 2190 2588 legaverit,
2232 2544 2384 2579 dicenda

1288 2595 1383 2625 sunt.

1335 2633 1387 2672 73
1428 2634 1623 2671 ULPIANUS
1659 2634 1750 2668 libro
1784 2635 1948 2669 vicesimo
1980 2633 2029 2668 ad
2061 2632 2234 2668 Sabinum
2292 2633 2383 2669 Suos

1288 2685 1408 2716 autem
1439 2690 1561 2715 servos
1591 2680 1646 2715 vel
1679 2679 1828 2714 ancillas
1861 2690 1923 2714 eos
1954 2678 2169 2723 accipimus.
2208 2679 2270 2723 qui
2301 2683 2384 2714 sunt

1287 2727 1393 2771 pleno
1417 2727 1495 2760 iure
1519 2725 1704 2760 testantis:
1735 2724 1829 2759 inter
1860 2734 1949 2768 quos
1979 2724 2169 2758 fructuarii
2200 2735 2273 2759 non
2298 2735 2382 2760 con—

1295 2777 1303 2805 l
1356 2772 1574 2806 tinebuntur.
1622 2769 1693 2805 Sed
1722 2769 1783 2814 qui
1813 2770 1907 2804 bona
1929 2768 2000 2804 fide
2024 2769 2189 2804 testatori
2213 2770 2382 2809 serviunt,

1289 2828 1436 2852 suorum
1471 2816 1712 2861 appellatione
1742 2815 1852 2858 magis
1884 2818 1941 2850 est
1968 2818 2010 2849 ut
2042 2813 2312 2857 contineantur,
2354 2815 2383 2849 si

1288 2862 1394 2897 modo
1420 2872 1564 2896 suorum
1590 2859 1830 2905 appellatione
1862 2870 1924 2895 eos
1949 2871 2039 2904 quos
2064 2870 2210 2895 suorum
2235 2871 2382 2896 numero

1289 2909 1308 2941 2
1356 2907 1483 2941 habuit
1498 2907 1610 2941 voluit
1627 2904 1811 2941 contineri.
1847 2905 1923 2940 Eos
1938 2915 2034 2947 vero,
2055 2916 2145 2949 quos
2156 2906 2187 2926 22
2208 2906 2287 2950 quis
2306 2906 2381 2950 pig-

1289 2952 1367 2987 nori
1386 2952 1653 2996 hypothecaeve
1674 2950 1783 2991 dedit,
1805 2950 1880 2986 sine
1901 2950 2010 2986 dubio
2029 2950 2123 2985 inter
2141 2961 2226 2985 suos
2246 2951 2382 2994 legasse

1290 3002 1308 3031 3
1356 2996 1535 3031 videbitur
1562 2996 1719 3030 debitor:
1755 2995 1910 3030 creditor
1942 3006 2180 3040 nequaquam.
2228 2995 2381 3030 Proinde

1289 3042 1320 3077 si
1352 3042 1431 3086 quis
1465 3052 1585 3076 servos
1617 3041 1744 3075 habuit
1771 3041 1957 3085 proprios,
1990 3041 2053 3076 sed
2078 3051 2229 3085 quorum
2254 3050 2381 3085 operas

1288 3087 1433 3122 locabat
1457 3087 1512 3121 vel
1536 3086 1704 3131 pistorias
1728 3087 1784 3121 vel
1806 3085 2035 3121 histrionicas
2055 3086 2111 3121 vel
2129 3085 2218 3120 alias
2239 3085 2381 3125 similes,

1289 3143 1335 3166 an
1364 3142 1546 3167 servorum
1556 3132 1587 3152 ²³
1619 3131 1858 3176 appellatione
1882 3131 1989 3166 etiam
2013 3131 2079 3166 hos
2103 3131 2240 3174 legasse
2263 3130 2381 3165 videa-

1288 3178 1373 3212 tur?
1421 3176 1516 3221 quod
1548 3180 1584 3211 et
1615 3176 1796 3222 praesumi
1828 3180 1987 3221 oportet,
2019 3176 2088 3210 nisi
2118 3175 2297 3210 contraria
2321 3186 2382 3209 vo·

1290 3226 1309 3256 4
1355 3223 1476 3256 luntas
1508 3221 1692 3257 testatoris
1724 3225 1909 3267 appareat.
1957 3222 2069 3260 Eum,
2101 3221 2160 3265 qui
2192 3220 2380 3255 venalicia-

1289 3269 1380 3303 riam
1414 3267 1524 3301 vitam
1558 3267 1768 3309 exercebat,
1809 3271 1898 3312 puto
1938 3277 2084 3301 suorum
2124 3275 2271 3300 numero
2312 3275 2382 3299 non

1289 3381 1455 3413 contineri
1483 3381 1537 3413 hic
1558 3381 1632 3413 olim
1654 3382 1804 3414 videntur
1823 3382 1923 3414 locum
1943 3381 2094 3413 habuisse
2229 3381 2285 3418 (13)
2312 3379 2381 3409 sive

1290 3430 1401 3458 autem
1422 3426 1550 3467 pectita
1570 3428 1620 3457 est
1641 3426 1711 3458 sive
1731 3427 1899 3469 inpectita
1918 3438 1980 3458 scr.
2098 3425 2154 3464 (14)
2180 3425 2279 3456 verba
2299 3424 2380 3455 talia

1288 3475 1401 3503 netam
1422 3473 1532 3503 autem
1554 3481 1623 3502 esse
1647 3481 1731 3512 quae
1751 3482 1859 3512 neque
1881 3471 2016 3502 detexta
2035 3479 2141 3510 neque
2162 3470 2318 3501 contexta
2335 3469 2380 3499 sit

1289 3518 1341 3549 lzz'c
1361 3518 1511 3549 videntur
1530 3518 1649 3549 omissa
1743 3518 1802 3559 (15)
1827 3527 1869 3548 an
1884 3518 1942 3548 ins.
2039 3515 2100 3555 (16)
2125 3515 2162 3546 id
2179 3521 2244 3546 est:
2268 3513 2379 3544 lanam

1289 3561 1418 3593 arbori-⁴³
1582 3563 1642 3603 (17)
1668 3566 1736 3594 tam
1765 3562 1925 3603 pectitum
1953 3570 2054 3601 quam
2082 3559 2283 3600 inpectitum
2315 3570 2376 3590 scr.

1290 3608 1350 3647 (18)
1375 3606 1634 3639 versicoloribus
1707 3606 1874 3639 contineri
1896 3605 1952 3636 sed
1973 3606 2023 3644 ea]
2050 3604 2258 3645 requiruntur
2276 3604 2379 3636 talia.-

1290 3651 1547 3683 versicoloribus
1560 3652 1681 3694 legatis
1695 3656 1828 3684 constat
1842 3662 1895 3682 ea:
1923 3651 1964 3692 cf
1980 3657 2043 3681 not.
2059 3655 2090 3681 12
2192 3651 2250 3689 (19)
2275 3649 2378 3680 versi-

1289 3697 1450 3729 colorium
1463 3698 1535 3730 edd.
1614 3699 1680 3739 (20)
1705 3697 1826 3729 coloris
1839 3695 1965 3726 habent
1977 3695 2058 3726 Hal.
2141 3694 2199 3732 (21)
2224 3693 2313 3724 1(10111
2326 3693 2378 3725 F²

1586 3744 1647 3782 (23)
1673 3753 1804 3773 suorum
1825 3742 1908 3773 Rob.
1923 3740 2103 3778 Stephana>
