2528 3918
131 151 191 182 nn
222 150 515 183 CAnssonmno
546 150 714 182 unrc'ro
1209 136 1294 184 557

175 259 200 298 2
226 261 385 297 PAULUS
405 262 495 298 libro
520 261 824 309 quadraqensimo
845 263 967 308 primo
992 262 1042 297 ad
1064 262 1218 298 edictum

127 307 201 387 geg
233 310 269 342 et
298 307 327 342 si
356 318 437 343 eum
469 307 619 343 ediderit
650 307 710 352 qui
735 307 900 353 repulsus
926 310 998 350 est,
1035 308 1218 344 discedere

153 363 171 387 e
199 356 235 387 et
248 354 269 387 ¹.

174 395 198 435 3
223 397 567 434 Heffloosswfflzws
595 398 686 434 libro
720 398 824 433 tertio
858 398 950 433 iuris
981 399 1216 444 epitomarum

128 443 299 488 Sumptus
323 447 443 479 autem
467 444 513 479 ab
532 454 576 479 ea
595 443 682 479 facti
704 444 798 478 bona
817 442 888 479 fide
907 454 979 479 non
995 447 1216 489 repetuntur.

174 487 199 524 4
225 488 280 523 ΡΑ
290 498 385 523 Utus
404 489 495 524 libro
521 489 825 536 quadraqensimo
843 489 968 534 primo
993 491 1042 525 ad
1064 489 1218 525 edictum

129 533 313 568 Habitatio
347 544 505 579 quoque,
540 535 570 569 si
601 535 745 569 domum
769 533 959 569 defunctus
984 546 1057 570 non
1079 534 1217 577 habuit,

133 582 144 612 l
197 578 431 614 conducenda
455 579 523 615 erit
547 579 697 614 mulieri.
740 578 857 614 Servis
883 590 1024 625 quoque
1047 579 1217 622 mulieris,

153 624 188 658 ui
218 624 412 660 necessarii
450 628 534 659 sunt
573 625 620 659 ad
648 624 883 660 ministerium
914 625 990 660 eius
1022 624 1217 660 secundum

151 669 344 713 ignitatem,
372 670 508 705 cibaria
531 669 751 715 praestanda
774 673 870 704 sunt.

173 714 197 752 5
225 714 348 750 GAws
369 715 459 751 libro
485 718 616 761 quarto
641 716 777 751 decimo
808 714 859 750 ad
888 714 1040 751 edictum
1068 717 1218 762 provin—

127 760 217 795 ciale
264 760 417 796 Curator
441 760 574 796 ventris
599 760 767 796 alimenta
795 760 935 796 mulieri
968 765 1127 797 statuere
1157 761 1218 796 de-

128 806 198 841 bet.
246 815 312 841 nec
344 805 391 841 ad
422 816 497 841 rem
520 805 695 851 pertinet,
728 816 775 840 an
800 805 918 841 dotem
942 807 1092 848 habeat,
1125 805 1219 842 unde

127 854 328 887 sustentare
352 861 391 887 se
414 851 539 896 possit,
566 852 649 896 quia
672 850 837 886 videntur
855 862 945 896 quae
964 852 1015 887 ita
1032 855 1217 896 praestan-

131 900 143 930 1
195 900 255 931 tur
277 896 348 942 ipsi
370 897 546 941 praestari
570 897 630 942 qui
650 897 686 931 in
709 900 811 932 utero
831 900 895 931 est.
934 897 1086 933 Curator
1103 896 1219 933 ventri

127 941 232 977 datus
256 942 416 977 solvendi
440 942 550 977 debiti
573 941 749 977 rationem
779 942 913 977 habere
938 943 1061 985 debet,
1096 943 1219 987 utique

127 987 213 1030 eius,
239 987 335 1031 quod
350 988 417 1023 sub
433 998 551 1033 poena
567 991 631 1023 aut
645 987 854 1032 pignoribus
872 988 1037 1032 pretiosis
1055 989 1217 1023 debetur.

172 1030 196 1070 6
229 1032 423 1068 ULPIANUS
451 1033 542 1069 libro
573 1033 879 1079 quadraqenstmo
901 1035 1021 1078 primo
1053 1034 1102 1069 ad
1125 1033 1218 1069 edic-

126 1082 200 1112 tum
247 1078 432 1114 Extraneo
457 1079 650 1123 postumo²
674 1078 805 1114 herede
828 1079 993 1114 instituto
1019 1090 1091 1114 non
1114 1079 1219 1114 aliter

125 1127 247 1158 venter
277 1124 313 1159 in
342 1124 603 1168 possessionem
636 1123 807 1166 mittitur,
840 1124 906 1159 nisi
937 1128 1052 1159 mater
1075 1124 1219 1159 aliunde

125 1179 164 1204 se
188 1169 284 1204 alere
308 1180 379 1204 non
403 1169 527 1213 possit,
555 1180 599 1204 ne
623 1168 717 1204 forte
742 1168 791 1211 ei,
826 1170 886 1214 qui
910 1174 1016 1205 natus
1042 1170 1218 1205 bonorum

125 1225 312 1259 possessor
336 1214 478 1250 futurus
503 1218 574 1257 est,
607 1214 801 1259 denegasse
831 1214 999 1250 alimenta
1023 1215 1216 1250 videamur.

173 1258 195 1295 7
222 1259 327 1295 IDEM
348 1260 439 1295 libro
464 1261 769 1306 quadraqensimo
801 1262 952 1306 septimo
984 1261 1034 1295 act
1064 1260 1217 1296 edictum

128 1305 349 1350 Ubicumque
373 1305 418 1340 ab
442 1305 612 1340 intestato
639 1305 839 1340 admittitur
863 1305 953 1350 quis,
978 1305 1051 1341 illic
1076 1309 1112 1341 et
1135 1315 1218 1341 ven-

125 1355 179 1385 ter
210 1350 428 1392 admittitur,
462 1350 598 1385 scilicet
622 1350 653 1385 si
675 1350 758 1385 talis
782 1350 892 1386 fuerit
915 1351 944 1386 is
970 1351 1031 1395 qui
1054 1350 1092 1386 in
1116 1354 1217 1386 utero

125 1400 190 1438 est,
216 1399 265 1438 ut,
292 1396 323 1431 si
346 1396 382 1430 in
408 1397 516 1431 rebus
541 1396 706 1431 humanis
733 1399 845 1439 esset,
875 1396 1051 1432 bonorum
1075 1407 1218 1441 posses-

125 1442 259 1477 sionem
284 1445 405 1486 petere
428 1445 569 1486 posset:
604 1445 644 1476 ut
671 1441 709 1476 in
733 1441 897 1476 omnibus
918 1442 1086 1486 partibus
1111 1442 1220 1477 edicti

130 1491 138 1520 1
193 1498 258 1532 pro
284 1487 476 1531 superstite
499 1487 677 1522 habeatur
700 1486 731 1522 is
749 1486 862 1532 quiin
881 1490 982 1522 utero
1002 1491 1066 1523 est.
1102 1487 1218 1523 Inter-

125 1533 208 1567 dum
239 1543 310 1567 non
334 1532 488 1577 passim,
523 1532 587 1567 sed
620 1543 700 1566 cum
734 1542 865 1568 causae
897 1533 1096 1578 cognitione
1128 1533 1220 1568 mitti

125 1583 247 1613 venter
270 1578 307 1613 in
331 1578 593 1622 possessionem
619 1577 736 1620 debet,
763 1578 792 1613 si
817 1577 878 1623 qui
902 1578 958 1620 sit,
988 1578 1050 1623 qui
1074 1582 1217 1614 contro-

125 1624 275 1659 versiam
307 1623 451 1658 referat.
500 1623 562 1659 sed
595 1624 663 1658 hoc
698 1627 839 1658 tantum
872 1623 917 1658 ad
949 1634 1030 1659 eum
1061 1627 1218 1660 ventrem

125 1670 193 1704 erit
212 1669 449 1711 referendum,
476 1669 536 1713 qui
561 1679 639 1704 cum
665 1668 785 1704 liberis
811 1668 1021 1704 admittitur.
1060 1675 1218 1705 ceterum

125 1715 157 1749 si
180 1715 342 1749 mittatur
367 1713 460 1749 unde
484 1714 629 1759 legitimi
650 1714 704 1749 vel
720 1725 791 1759 qua
808 1714 879 1749 alia
896 1725 940 1750 ex
955 1718 1069 1759 parte,
1096 1715 1217 1751 dicen-

126 1760 208 1795 dum
243 1764 298 1794 est
326 1771 399 1794 non
430 1770 509 1795 esse
542 1769 674 1794 causae
698 1760 936 1804 cognitionem
960 1761 1216 1796 necessariam:

125 1816 191 1840 nec
216 1805 309 1840 enim
333 1815 488 1850 aequum
513 1809 568 1840 est
591 1805 628 1839 in
653 1809 792 1850 tempus
822 1806 1023 1849 pubertatis
1059 1809 1219 1841 ventrem

126 1851 218 1886 vesci
252 1850 295 1885 de
327 1851 443 1885 alieno
479 1850 516 1884 in
548 1854 688 1895 tempus
712 1851 913 1895 pubertatis
938 1851 1050 1886 dilata
1075 1856 1217 1887 contro-

129 1896 255 1931 versia.
305 1896 367 1931 sed
392 1895 507 1930 enim³
531 1895 651 1940 placet
675 1906 796 1931 omnes
823 1898 1103 1939 controversias,
1128 1907 1220 1942 quae

137 1941 238 1986 quasi
263 1945 379 1976 status
405 1941 683 1976 controversiam
708 1941 904 1983 continent,
928 1942 965 1976 in
988 1946 1128 1988 tempus
1153 1954 1220 1987 pu-

126 1987 271 2022 bertatis
297 1986 442 2029 differri,
467 1986 530 2021 sed
554 1997 626 2022 non
651 1989 691 2021 ut
715 1986 751 2021 in
774 1987 1008 2032 possessione
1033 1988 1079 2023 sit
1104 1991 1219 2023 status

124 2035 143 2066 2
193 2032 433 2068 controversia
457 2032 582 2074 dilata,
608 2031 672 2067 sed
695 2032 771 2068 sine
794 2033 1039 2076 possessione.
1089 2033 1220 2076 Quam-

126 2079 177 2112 vis
212 2082 332 2113 autem
363 2081 509 2122 praetor
541 2081 698 2113 ventrem
736 2078 773 2112 in
810 2078 1071 2122 possessionem
1102 2080 1221 2113 mittat

127 2134 209 2158 cum
232 2123 298 2165 his,
325 2122 453 2167 quibus
477 2122 741 2168 possessionem
761 2122 908 2165 dederit,
934 2126 1093 2158 attamen
1113 2124 1220 2159 etiam

127 2169 225 2203 solus
250 2172 374 2203 venter
396 2167 606 2203 admittetur
629 2167 675 2203 ad
699 2168 874 2203 bonorum
899 2169 1173 2213 possessionem.

172 2211 195 2250 8
221 2213 382 2248 Panos
401 2213 493 2248 libro
514 2214 635 2260 primo
661 2213 705 2248 de
729 2213 906 2249 adulteris
947 2214 984 2249 Si
1003 2215 1136 2250 ventris
1155 2226 1219 2250 no-

126 2259 220 2294 mine
244 2259 371 2294 mulier
393 2259 502 2294 missa
526 2259 573 2294 sit
593 2259 629 2294 in
649 2259 923 2304 possessionem,
949 2260 1049 2295 divus
1065 2260 1220 2295 Hadria-

124 2315 190 2339 nus
207 2303 399 2349 Calpurnio
416 2303 549 2340 Flacco
571 2303 802 2340 differendam
830 2305 1097 2341 accusationem
1118 2305 1219 2340 adul-

124 2349 204 2384 terii
227 2349 419 2395 rescripsit,
444 2360 489 2385 ne
514 2349 609 2394 quod
632 2349 891 2394 praeiudicium
924 2350 1027 2386 fieret
1050 2354 1148 2387 nato.

170 2393 195 2432 9
227 2394 422 2432 messivo-s
439 2395 531 2431 libro
553 2396 679 2440 quinto
699 2395 835 2431 decimo
860 2396 911 2431 ad
926 2397 1099 2432 Sabinum
1133 2397 1221 2432 Cum

129 2444 252 2476 venter
274 2441 427 2475 mittitur
450 2440 487 2475 in
511 2440 790 2485 possessionem,
817 2442 913 2486 quod
936 2441 973 2476 in
997 2441 1130 2477 ventris
1155 2442 1219 2477 ali-

127 2490 249 2521 menta
273 2486 493 2521 deminutum
517 2489 571 2521 est
595 2486 796 2522 detrahitur
818 2487 915 2523 velut
938 2497 999 2523 aes
1025 2487 1190 2522 alienum.

177 2530 225 2568 10
251 2531 307 2565 PA
316 2541 411 2566 ποτε
438 2530 529 2567 libro
552 2532 703 2577 septimo
728 2533 979 2584 quaestionum
1027 2533 1219 2568 Postumus

128 2581 234 2611 natus
253 2586 476 2621 quocumque
492 2579 662 2621 tempore,
688 2588 748 2621 qui
767 2580 887 2613 tamen
905 2578 1089 2614 testatoris
1106 2585 1220 2613 morte

125 2627 321 2666 conceptus
346 2622 416 2656 iam
441 2622 526 2664 erit,
558 2626 678 2666 potest
709 2632 904 2666 agnoscere
934 2624 1111 2659 bonorum
1134 2635 1217 2668 pos-

126 2668 337 2702 sessionem:
364 2677 447 2701 nam
471 2671 508 2702 et
532 2671 689 2702 ventrem
714 2672 860 2711 praetor
884 2679 927 2703 ex
949 2669 1112 2704 omnibus
1133 2679 1217 2714 par-

125 2713 245 2747 tibus⁴
278 2712 385 2747 edicti
417 2712 526 2747 mittit
554 2712 592 2747 in
623 2713 884 2756 possessionem
914 2714 1109 2755 bonorum,
1145 2726 1216 2749 non

126 2758 298 2792 missurus
320 2757 467 2800 scilicet,
492 2757 523 2793 si
549 2758 580 2793 ei
604 2761 690 2793 nato
715 2757 866 2794 daturus
890 2770 962 2795 non
986 2762 1081 2794 esset
1104 2760 1215 2795 bono-

126 2813 204 2837 rum
228 2802 501 2848 possessionem.

637 2941 674 2980 X
684 2940 709 2980 ⁶.

381 3007 444 3039 DE
469 3007 762 3040 CARBONLANO
788 3007 968 3042 EDICTO.

176 3070 194 3108 1
230 3070 424 3108 ULPIANUS
445 3073 536 3108 libro
561 3073 867 3119 quadraqensimo
889 3075 1014 3120 primo
1047 3074 1097 3110 ad
1125 3075 1219 3111 edic-

127 3126 199 3151 tum
247 3117 285 3152 Si
310 3117 367 3152 cui
392 3119 636 3154 controversia
666 3118 737 3160 flet,
762 3129 809 3154 an
831 3119 925 3154 inter
947 3120 1078 3156 liberos
1103 3120 1160 3162 sit,
1185 3124 1221 3156 et

130 3162 291 3206 impubes
317 3163 379 3205 sit,
414 3173 524 3198 causa
559 3164 702 3208 cognita
733 3165 878 3208 perinde
910 3165 1088 3209 possessio
1115 3165 1221 3201 datur

126 3218 168 3242 ac
192 3207 224 3242 si
247 3208 344 3242 nulla
367 3208 411 3243 de
435 3219 478 3243 ea
499 3218 542 3244 re
585 3209 827 3244 controversia
860 3213 954 3246 esset
985 3215 1021 3246 et
1051 3210 1222 3246 iudicium

134 3257 145 3286 1
196 3252 235 3286 in
257 3256 398 3297 tempus
419 3254 621 3298 pubertatis
633 3264 743 3289 causa
759 3254 900 3299 cognita
917 3255 1089 3291 differtur.
1125 3256 1220 3291 Eum

128 3297 190 3377 3111
215 3300 494 3333 controversiam
518 3299 624 3341 facit,
656 3300 687 3334 si
717 3310 782 3343 pro
812 3300 947 3344 pupillo
980 3302 1066 3336 satis
1091 3302 1124 3337 ei
1147 3312 1220 3336 non

153 3347 250 3383 etur,
284 3342 387 3378 simul
418 3345 455 3378 in
486 3345 746 3389 possessionem
778 3355 900 3380 eorum
932 3346 1109 3382 bonorum
1142 3357 1220 3382 esse

128 3392 147 3422 2
195 3391 341 3432 praetor
363 3388 470 3423 iubet.
515 3389 597 3425 Non
622 3393 763 3425 tantum
786 3390 946 3432 masculi,
971 3391 1035 3426 sed
1057 3394 1095 3427 et
1117 3392 1218 3427 femi-

129 3443 196 3467 nae
228 3442 271 3467 ex
300 3432 388 3467 virili
419 3444 510 3469 sexu
541 3435 796 3470 descendentes
822 3435 1038 3471 Carboniani
1062 3447 1217 3472 commo-

129 3482 146 3512 3
197 3477 281 3512 dum
304 3477 499 3513 habebunt.
539 3480 589 3514 Et
607 3480 820 3525 generaliter
838 3479 987 3516 dicimus
1003 3481 1059 3517 his
1077 3481 1218 3517 demum

128 3595 167 3631 (1)
194 3591 214 3624 l.
229 3599 244 3625 2
260 3592 421 3624 collocari
432 3593 624 3636 debuitpost
636 3594 654 3627 l.
669 3601 683 3628 1
699 3598 715 3633 ξ
731 3600 764 3627 27

127 3636 217 3669 ximo
230 3637 281 3669 F¹
388 3638 429 3678 (3)
454 3639 502 3670 sic
514 3640 590 3681 sere
608 3639 687 3672 haec
705 3640 910 3672 ordinanda.-
932 3639 992 3680 qui
1007 3650 1082 3671 cum
1102 3639 1217 3673 liberis

129 3681 333 3714 admittitur:
359 3692 420 3714 nec
438 3682 527 3714 enim
538 3693 680 3723 aequum
693 3684 788 3716 estin
801 3686 931 3725 tempus
941 3684 1126 3726 pubertatis
1138 3695 1216 3718 ven-

130 3728 213 3757 trem
225 3727 311 3758 vesei
324 3727 368 3759 de
381 3726 501 3762 alieno.
525 3730 670 3760 ceterum
685 3728 713 3760 si
730 3729 883 3760 mittatur
903 3728 991 3761 unde
1010 3728 1153 3771 legitimi

131 3781 197 3802 non
217 3782 281 3803 esse
308 3782 424 3805 causae
444 3772 668 3814 cognitionem
681 3774 894 3806 necessariam
907 3773 943 3805 in
956 3776 1084 3816 tempus
1095 3775 1215 3817 puber-

835 3595 878 3634 (2)
904 3594 1045 3636 postimo
1058 3595 1119 3635 1³²,
1140 3606 1216 3637 pro-

2027 141 2234 187 XXXVII
2264 142 2301 183 9.
2334 144 2381 183 10

1290 261 1559 297 Carbonianum
1592 265 1810 307 competere,
1844 264 1971 308 quibus
2001 267 2128 299 contra
2152 264 2293 300 tabulas
2320 265 2382 300 bo-

1288 318 1420 342 norum
1444 307 1622 352 possessio
1650 308 1837 353 competit,
1870 309 1925 344 his
1957 320 2041 345 vero
2073 321 2144 345 non
2169 314 2380 355 competere,

1289 352 1349 398 qui
1388 353 1612 397 repelluntur
1647 363 1668 387 a
1701 357 1828 388 contra
1858 354 1999 390 tabulas
2032 356 2206 391 bonorum
2240 366 2381 400 posses-

1290 402 1308 432 4
1363 397 1473 433 sione.
1522 398 1559 433 Si
1590 398 1668 443 quis
1699 409 1772 433 non
1802 399 1847 433 ab
1877 399 2021 443 aliquo⁰
2052 401 2146 436 hanc
2177 406 2381 437 controver-

1288 443 1380 478 siam
1402 443 1572 488 patiatur,
1599 443 1694 489 quod
1717 443 1811 478 inter
1833 443 1962 479 liberos
1989 456 2059 480 non
2079 447 2135 488 sit,
2161 446 2224 482 sed
2240 448 2285 482 ab
2304 447 2381 492 ipso

1286 493 1410 533 patre,
1444 492 1483 523 ut
1513 492 1602 534 puta
1634 499 1762 533 nepos,
1796 489 1857 534 qui
1881 500 1919 524 se
1943 494 2118 525 retentum
2143 492 2179 526 in
2204 496 2381 536 potestate

1288 534 1346 568 avi
1373 533 1474 576 dicit,
1508 534 1554 569 ab
1580 534 1804 578 emancipato
1828 538 1947 578 patre,
1979 535 2036 569 cui
2065 536 2162 580 iungi
2193 537 2380 578 desiderat,

1287 589 1334 613 an
1363 578 1497 614 differri
1522 579 1676 615 debeat?
1705 582 1740 614 et
1764 579 1875 623 magis
1900 583 1964 622 est,
1991 584 2030 614 ut
2054 581 2256 617 differatur:
2284 583 2381 626 parvi

1288 625 1384 659 enim
1417 624 1545 667 refert,
1571 624 1649 669 quis
1674 624 1707 660 ei
1732 624 2011 659 controversiam
2036 625 2162 668 faeiat,
2189 638 2267 662 cum
2293 633 2328 663 et
2353 629 2381 662 si

1287 672 1444 704 testator
1469 680 1549 704 eum
1572 670 1756 714 negaverit
1779 679 1823 705 ex
1847 669 1979 711 liberis,
2004 681 2076 705 non
2095 675 2213 706 tamen
2236 674 2381 708 exhere-

1288 718 1307 749 5
1360 714 1440 749 dem
1464 715 1658 759 scripserit,
1685 714 1911 750 Carboniano
1934 715 2047 759 possit
2067 726 2144 751 esse
2161 717 2271 752 locus.
2312 718 2381 752 Sed

1289 764 1324 795 et
1348 759 1379 794 si
1404 760 1482 804 quis
1507 771 1581 795 non
1606 764 1744 795 tantum
1768 770 1812 795 ex
1835 760 1957 795 liberis
1978 764 2126 804 negetur
2148 772 2235 805 esse,
2262 774 2381 798 verum

1289 815 1412 840 servus
1451 806 1556 840 etiam
1596 816 1674 840 esse
1712 805 1854 841 dicatur
1888 805 1983 841 forte
2015 816 2059 840 ex
2090 807 2221 842 ancilla
2255 808 2381 849 edituS,

1286 850 1449 885 Iulianus
1474 851 1619 896 scripsit
1642 850 1761 886 adhuc
1780 850 2005 886 Carboniano
2027 851 2144 886 locum
2165 863 2260 888 esse:
2287 854 2382 898 quod

1287 899 1324 931 et
1347 895 1446 931 divus
1460 896 1546 931 Pius
1571 896 1774 949 rescripsit:
1801 907 1883 931 nam
1909 896 1963 932 vel
1986 897 2098 941 magis
2124 898 2381 933 consulendum

1289 944 1344 976 est
1373 941 1428 976 his
1461 941 1590 986 quibus
1622 952 1736 977 maius
1768 942 1968 986 periculum
1993 941 2198 977 intenditur.
2248 955 2329 978 nam
2354 945 2382 978 si

1288 987 1394 1021 aliter
1418 987 1648 1028 observetur,
1681 987 1826 1022 inventa
1850 987 1917 1022 erit
1940 987 2052 1029 ratio,
2087 988 2382 1032 quemadmodum

1288 1031 1548 1067 audacissimus
1583 1032 1732 1077 quisque
1763 1032 1898 1068 maiore
1928 1032 2059 1067 iniuria
2087 1033 2295 1078 inpuberem
2319 1034 2381 1069 ad-

1288 1077 1405 1120 ficiat,
1440 1078 1537 1122 quod
1569 1082 1604 1113 et
1635 1078 1739 1122 plura
1774 1082 1810 1113 et
1840 1078 2004 1122 graviora
2036 1078 2080 1113 de
2112 1089 2153 1113 eo
2180 1079 2382 1115 mentiatur.

1289 1126 1309 1158 6
1358 1122 1430 1158 Sed
1454 1126 1490 1158 et
1514 1123 1544 1158 si
1567 1123 1645 1168 ipse
1669 1123 1860 1159 defunctus
1877 1134 2000 1159 servus
2020 1133 2098 1159 esse
2115 1124 2266 1167 dicatur,
2291 1125 2383 1160 idem

1290 1171 1307 1202 7
1359 1168 1425 1203 erit
1457 1168 1657 1204 dicendum.
1713 1168 1784 1204 Sed
1813 1173 1850 1204 et
1880 1169 1911 1204 si
1943 1168 2051 1204 fiscus
2087 1169 2175 1204 facit
2209 1170 2383 1214 impuberi

1289 1214 1585 1256 controversiam,
1628 1214 1894 1249 Carbonianum
1932 1214 2085 1250 edictum
2117 1218 2237 1259 potest
2267 1216 2383 1250 locum

1289 1262 1308 1294 8
1359 1259 1501 1295 habere.
1544 1259 1764 1304 Pomponius
1789 1260 1881 1296 libro
1906 1261 2193 1305 septuagensimo
2219 1272 2312 1296 nono
2338 1261 2384 1296 ad

1289 1304 1445 1340 edictum
1464 1305 1617 1349 scripsit,
1645 1317 1726 1340 cum
1747 1305 1840 1341 filius
1858 1306 1962 1341 heres
1983 1306 2038 1341 vel
2058 1306 2206 1341 exheres
2228 1306 2299 1341 scri
2326 1309 2383 1341 tus

1289 1353 1360 1392 est,
1401 1350 1667 1386 Carbonianum
1704 1350 1859 1386 edictum
1892 1361 2052 1394 cessare,
2093 1352 2251 1396 quamvis
2315 1352 2383 1387 lius

1289 1406 1367 1431 esse
1391 1399 1556 1441 negetur,
1582 1395 1666 1441 quia
1689 1397 1744 1431 vel
1768 1396 1870 1441 quasi
1894 1396 2050 1441 scriptus
2074 1397 2184 1432 habet
2208 1397 2383 1432 bonorum

1287 1441 1562 1486 possessionem,
1580 1441 1720 1477 etiamsi
1735 1441 1828 1477 filius
1844 1452 1916 1477 non
1934 1446 1998 1484 est,
2013 1442 2067 1478 vel
2082 1442 2267 1487 repellitur
2282 1442 2384 1488 quasi

1288 1486 1543 1530 exheredatus,
1569 1487 1636 1523 etsi
1660 1487 1754 1522 filius
1779 1497 1858 1523 esse
1882 1487 2062 1523 videatur:
2091 1487 2160 1523 nisi
2182 1487 2276 1524 forte
2300 1499 2383 1533 pos-

1288 1536 1427 1574 tumus,
1460 1532 1593 1578 inquit,
1626 1536 1682 1568 est
1708 1533 1812 1568 heres
1836 1532 2021 1568 institutus
2047 1536 2082 1569 et
2105 1537 2212 1569 natus
2236 1538 2384 1578 negetur

1288 1588 1366 1614 esse
1391 1577 1497 1621 filius,
1523 1578 1587 1614 sed
1610 1578 1793 1614 subiectus
1819 1589 1896 1614 esse
1921 1579 2068 1622 dicetur,
2099 1590 2168 1623 quo
2194 1589 2282 1614 casu
2306 1580 2382 1614 eius

1287 1623 1401 1668 partis
1433 1627 1574 1659 tantum
1605 1623 1724 1659 danda
1757 1627 1812 1659 est
1842 1623 1874 1659 ei
1906 1624 2083 1659 bonorum
2106 1624 2306 1669 possessio,
2340 1636 2383 1659 ex

1289 1672 1308 1704 9
1358 1680 1430 1714 qua
1459 1669 1646 1705 institutus
1678 1673 1743 1706 est.
1800 1670 1898 1705 Idem
1930 1669 1999 1711 ait,
2031 1680 2112 1705 cum
2144 1670 2288 1715 quidam
2321 1681 2382 1706 ex-

1288 1714 1454 1750 heredem
1479 1715 1684 1760 scripsisset
1707 1714 1831 1757 filium,
1857 1715 1951 1759 quod
1970 1715 2105 1750 diceret
2123 1726 2203 1751 eum
2219 1726 2262 1751 ex
2280 1715 2381 1751 adul-

1288 1759 1378 1795 terio
1405 1764 1631 1805 conceptum,
1658 1761 1742 1806 quia
1766 1760 1868 1796 fieret
1893 1761 1923 1795 ei
1946 1760 2037 1796 hae-c
2056 1761 2310 1804 controversia,
2336 1772 2382 1798 an

1287 1805 1382 1840 inter
1403 1806 1536 1841 liberos
1561 1807 1618 1849 sit,
1644 1816 1688 1841 ex
1711 1806 1780 1842 hac
1798 1809 1901 1851 parte
1922 1806 2029 1842 edicti
2050 1806 2081 1842 ei
2102 1806 2278 1842 bonorum
2297 1818 2381 1852 pos-

1289 1851 1482 1886 sessionem
1518 1855 1739 1896 competere,
1779 1863 1877 1895 cum‚
1918 1851 1948 1886 si
1980 1851 2057 1887 sine
2088 1852 2202 1896 elogio
2235 1853 2382 1888 exheres

1290 1896 1445 1941 scriptus
1471 1900 1584 1940 esset,
1618 1908 1691 1932 non
1722 1897 1872 1933 haberet
1904 1896 2077 1932 bonorum
2108 1898 2381 1942 possessionem.

1289 1941 1452 1986 idemque
1490 1946 1526 1978 et
1559 1943 1590 1978 si
1621 1942 1672 1978 ita
1704 1943 1751 1978 sit
1780 1944 1970 1989 scriptum:
2010 1944 2181 1988 ‘quisquis
2212 1947 2283 1987 est,
2323 1944 2382 1988 qui

1291 1986 1415 2022 ‘filium
1438 1998 1554 2023 meum
1580 1998 1618 2024 se
1643 1999 1723 2024 esse
1753 1988 1857 2032 dicit,
1891 1988 2039 2023 exheres
2064 1989 2164 2031 esto',
2197 1989 2281 2034 quia
2310 2001 2383 2024 non

1295 2036 1333 2066 10
1381 2034 1459 2067 est⁷
1483 2033 1577 2069 filius
1603 2034 1851 2070 exheredatus.
1892 2033 1929 2068 Si
1954 2033 2032 2078 quis
2057 2033 2168 2069 filium
2192 2045 2296 2069 suum
2320 2036 2382 2070 he-

1289 2076 1409 2112 redem
1432 2077 1626 2114 instituerit
1650 2090 1693 2114 ex
1717 2079 1862 2115 minima
1885 2083 1988 2123 parte
2012 2079 2063 2114 sic
2089 2079 2159 2115 ‘ille
2179 2080 2241 2125 qui
2258 2091 2301 2115 ex
2320 2081 2383 2117 illa

1290 2124 1408 2158 ‘natus
1434 2126 1487 2158 est
1510 2124 1613 2160 heres
1638 2125 1738 2169 esto’,
1764 2135 1837 2159 non
1861 2124 1964 2170 quasi
1979 2124 2090 2160 filium
2111 2136 2226 2168 suum,
2255 2125 2383 2163 deinde

1290 2168 1347 2203 hic
1373 2169 1568 2204 contendat
1590 2173 1729 2215 patrem
1753 2170 1964 2206 intestatum
1988 2170 2184 2207 decessisse
2216 2182 2326 2216 seque
2350 2173 2382 2208 ei

1290 2223 1394 2248 suum
1418 2214 1583 2250 heredem
1610 2225 1706 2257 esse,
1738 2215 1905 2258 interest,
1940 2216 2132 2252 coheredes
2162 2217 2238 2252 eius
2263 2221 2383 2253 utrum

1291 2263 1420 2303 negent
1452 2270 1533 2295 eum
1565 2259 1677 2295 filium
1706 2271 1753 2296 an
1777 2272 1859 2297 vero
1885 2261 2106 2297 contendunt
2130 2266 2383 2298 testamentum

1290 2305 1419 2340 valere.
1473 2306 1504 2341 si
1537 2309 1790 2341 testamentum
1819 2306 1936 2342 valere
1969 2307 2207 2351 contendunt,
2239 2312 2380 2343 contro-

1291 2349 1406 2385 versia
1439 2362 1511 2386 non
1548 2355 1602 2387 est
1642 2351 1838 2388 differenda
1877 2356 1912 2387 et
1943 2351 2208 2388 Carbonianum
2245 2358 2379 2389 cessat:

1291 2395 1387 2440 quod
1419 2396 1450 2431 si
1480 2396 1592 2432 filium
1624 2408 1703 2433 eum
1727 2401 1859 2442 negant
1883 2400 1920 2433 et
1943 2397 1989 2432 ad
2012 2398 2110 2442 ipsos
2135 2397 2255 2442 potius
2279 2399 2382 2443 quasi

1290 2440 1336 2476 ad
1361 2443 1646 2487 consanguineos
1669 2442 1905 2479 hereditatem
1927 2442 2106 2487 pertinere
2131 2443 2270 2486 dicunt,
2297 2444 2382 2480 data

1290 2487 1465 2522 bonorum
1489 2488 1716 2532 possessione
1735 2488 1910 2533 impuberi
1928 2489 2172 2524 controversia
2187 2489 2225 2523 in
2240 2492 2381 2534 tempus

1293 2535 1328 2566 11
1379 2533 1580 2577 pubertatis
1617 2533 1791 2568 differtur.
1847 2533 1885 2569 Si
1918 2536 2033 2568 mater
2068 2534 2220 2569 subiecti
2253 2538 2380 2579 partus

1289 2581 1480 2622 arguatur,
1514 2589 1560 2613 an
1593 2578 1789 2614 differenda
1821 2578 1867 2614 sit
1891 2578 2051 2623 quaestio
2076 2583 2224 2624 propter
2247 2583 2380 2615 statum

1288 2622 1407 2667 pueri,
1440 2624 1633 2668 quaeritur.
1682 2628 1718 2658 et
1743 2624 1773 2659 si
1797 2623 1939 2668 quidem
1961 2624 2089 2668 pupilli
2113 2628 2230 2661 status
2252 2625 2290 2660 in
2314 2625 2379 2661 du·

1290 2669 1385 2702 bium
1409 2668 1604 2704 devocatur
1614 2670 1637 2711 Β,
1675 2669 1811 2704 differri
1841 2669 2002 2713 quaestio
2027 2669 2064 2705 in
2087 2673 2226 2715 tempus
2249 2671 2379 2715 puber-

1288 2714 1372 2748 tatis
1398 2714 1514 2756 debet,
1544 2725 1625 2749 cum
1649 2718 1765 2750 metus
1789 2718 1909 2759 potest
1933 2725 2022 2757 esse,
2047 2726 2092 2750 ne
2115 2716 2230 2751 minus
2254 2715 2380 2752 idonee

1289 2759 1520 2794 defendatur:
1556 2771 1637 2794 cum
1671 2771 1754 2795 vero
1786 2764 1900 2795 mater
1928 2770 1991 2795 rea
2022 2760 2227 2805 postulatur
2258 2761 2380 2806 utique

1288 2805 1425 2848 integra
1448 2804 1535 2847 fide,
1566 2809 1603 2840 et
1633 2805 1767 2840 maiore
1792 2806 1995 2841 constantia
2019 2816 2165 2842 causam
2189 2806 2380 2842 defensura

1287 2850 1423 2885 recenti
1454 2853 1632 2894 tempore,
1666 2850 1814 2886 dubium
1846 2861 1917 2886 non
1947 2854 2003 2887 est
2033 2852 2271 2896 cognitionem
2302 2852 2379 2887 fieri

1289 2899 1465 2940 oportere,
1492 2899 1527 2930 et
1550 2899 1634 2940 post
1654 2899 1817 2931 eventum
1835 2896 2056 2940 cognitionis,
2082 2897 2112 2932 si
2129 2897 2379 2941 suppositum⁹

1289 2941 1514 2984 apparuerit,
1548 2941 1706 2976 actiones
1739 2941 1976 2977 hereditariae
2007 2952 2117 2987 puero
2152 2942 2379 2987 denegandae

1289 2989 1372 3020 sunt
1396 2985 1584 3030 omniaque
1608 2986 1756 3030 perinde
1773 2986 1950 3030 habenda,
1975 2991 2083 3032 atque
2099 2988 2130 3023 si
2145 2988 2246 3023 heres
2265 2988 2376 3032 scrip-

1289 3034 1347 3065 tus
1372 3041 1443 3064 non
1468 3030 1605 3066 fuisset.

1335 3074 1361 3112 2
1391 3075 1629 3111 MAROJANUS
1657 3076 1748 3111 libro
1781 3083 1912 3122 quarto
1944 3077 2080 3113 decimo
2114 3077 2376 3112 institutionum

1289 3121 1392 3156 Licet
1415 3120 1557 3163 mulier,
1582 3131 1674 3165 quae
1696 3125 1840 3174 partum
1863 3122 2060 3158 subiecisse
2084 3122 2229 3163 dicitur,
2254 3121 2375 3156 deces-

1289 3166 1385 3207 serit,
1411 3169 1540 3207 tamen,
1567 3166 1597 3201 si
1620 3166 1814 3220 participes
1837 3167 2002 3203 maleficii
2026 3168 2107 3209 sint,
2137 3168 2173 3201 in
2196 3166 2376 3218 praesenti

1290 3211 1576 3256 cognoscendum
1609 3215 1672 3246 est.
1727 3222 1758 3247 sr
1789 3216 1908 3248 autem
1941 3223 2043 3248 nemo
2083 3213 2129 3247 sit
2168 3212 2227 3256 qui
2258 3222 2375 3255 puniri

1288 3256 1420 3302 possit,
1455 3256 1539 3300 quia
1570 3267 1691 3292 omnes
1723 3258 1917 3303 participes
1942 3257 2112 3292 facinoris
2136 3257 2228 3292 forte
2253 3256 2374 3291 deces-

1289 3302 1415 3343 serint,
1454 3301 1651 3336 secundum
1684 3302 1948 3338 Carbonianum
1983 3303 2138 3338 edictum
2168 3302 2204 3335 in
2235 3305 2374 3346 tempus

1287 3347 1488 3392 pubertatis
1513 3346 1709 3382 differenda
1733 3348 1887 3392 cognitio
1912 3351 1977 3383 est.

1333 3389 1357 3429 3
1391 3391 1586 3427 [lamnas
1606 3392 1696 3428 libro
1721 3394 2025 3439 quadraqensimo
2048 3392 2173 3437 primo
2206 3391 2256 3426 ad
2280 3391 2369 3426 edic-

1287 3440 1362 3471 tum
1410 3436 1675 3473 Carbonianum
1707 3438 1862 3473 edictum
1894 3441 2054 3482 aptatum
2086 3439 2139 3471 est
2169 3436 2215 3470 ad
2247 3439 2374 3470 contra

1287 3482 1428 3517 tabulas
1461 3482 1637 3518 bonorum
1667 3484 1928 3528 possessionem
1959 3485 1995 3516 et
2025 3480 2201 3523 intestati,
2234 3491 2314 3515 cum
2338 3484 2374 3515 et

1286 3595 1364 3627 tatis
1376 3594 1480 3627 dilata
1492 3596 1734 3629 controversia:
1756 3597 1879 3629 etenim
1972 3598 2012 3634 (4)
2036 3594 2187 3636 partibus
2198 3607 2256 3627 om.
2270 3595 2304 3627 F

1333 3645 1375 3680 (5)
1401 3640 1575 3675 Sab.1...o.
1595 3649 1645 3679 163
1672 3643 1802 3679 Ed.10;
1829 3641 1913 3683 Pap.
1928 3647 2092 3674 11...15.--
2116 3639 2198 3672 Bas.
2213 3641 2267 3679 40,
2281 3648 2307 3673 5.
2325 3657 2370 3663 —

1289 3686 1340 3727 Cf.
1358 3685 1435 3719 Cod.
1450 3687 1526 3726 6,17
1613 3688 1656 3727 (6)
1682 3685 1749 3718 alio
1761 3698 1822 3719 scr.
1914 3686 1955 3724 (τ)
1982 3684 2075 3725 quasi
2090 3686 2148 3717 ins.
2240 3686 2284 3725 (8)
2309 3684 2369 3717 du·

1285 3729 1378 3762 bium
1403 3729 1548 3767 (debium
1574 3731 1635 3767 F¹)
1662 3730 1850 3772 devocatur]
1876 3729 2014 3762 dubium
2039 3729 2115 3761 inde
2139 3732 2277 3762 vocatur
2306 3742 2368 3763 cer.

1285 3776 1330 3816 (9)
1355 3777 1490 3817 partum
1506 3777 1565 3810 ins.
1580 3776 1633 3808 F2
