2528 3918
137 158 196 188 DE
225 155 379 187 INSPIG.
412 154 587 185 VENTRE

612 309 690 346 IIII
701 308 726 347 ¹.

163 379 224 411 DE
249 374 542 409 INSPICIENDO
567 374 753 451 Ῡξῖἕξέὶ
779 372 1194 410 CUSTODIENDOQUE

182 487 199 525 1
235 485 428 523 ULPIANUS
461 484 552 520 libro
588 484 779 520 vicesimo²
814 487 946 529 quarto
983 485 1033 520 ad
1066 485 1220 521 edictum

133 532 366 578 Temporibus
392 530 549 565 divorum
571 529 724 565 fratrum
750 539 832 564 cum
863 528 932 564 hoc
963 529 1157 572 incidisset,
1182 533 1222 566 ut

132 578 276 614 maritus
302 575 441 622 quidem
477 578 706 619 praegnatem
737 574 918 608 mulierem
943 574 1094 617 diceret,
1130 585 1223 610 uxor

132 627 292 669 negaret,
330 620 481 656 consulti
506 619 648 654 Valerio
673 618 856 654 Prisciano
893 620 1051 664 praetori
1082 620 1220 656 urbano

131 667 387 748 ffiscffisergnt
409 666 446 700 in
469 664 698 744 hagctverbat
699 677 708 699 :
721 663 999 745 lfflsrxiramuggz
1000 665 1222 746 Ι)11(1;,(3;111101ἒ1ἑο

449 720 466 745 s
484 721 517 744 v1
544 720 563 745 e
580 720 623 744 ur
658 721 682 744 u
1131 722 1164 745 iv
1206 730 1220 737 -

132 724 235 793 ‘teli-lat
255 723 296 791 ἓξ
317 721 362 791 31ξ
364 721 451 791 ν11111111
475 765 552 791 0330
575 735 806 800 praegnatem
826 720 1068 799 ’pgofiteatun
1102 759 1220 791 custo-

132 803 209 839 dem
233 804 400 847 apponat,
426 804 462 835 et
484 800 563 835 ideo
589 810 691 835 nemo
712 799 910 841 mirabitur,
935 800 965 835 si
988 811 1055 835 nos
1079 810 1221 846 quoque

131 852 272 884 ‘novum
308 845 495 882 consilium
530 849 566 880 et
600 844 794 879 remedium
829 853 1067 889 suggeramus.
1115 845 1222 891 igitur

131 894 172 928 ‘si
195 892 355 938 perstat³
385 891 422 926 in
455 890 578 926 eadem
601 889 863 935 postulatione,
900 890 1221 926 commodissimum

131 942 195 974 ‘est
219 937 297 982 eligi
319 935 589 972 honestissimae
612 934 766 970 feminae
790 933 944 977 domum,
968 935 1005 970 in
1030 937 1124 981 qua⁴
1145 935 1220 971 Do-

130 983 240 1018 ‘mitia
262 982 391 1023 veniat,
417 984 452 1016 et
474 981 524 1015 ibi
547 984 620 1015 tres
645 979 855 1015 obstetrices
876 980 1051 1024 probatae
1074 985 1110 1017 et
1134 981 1221 1016 artis

130 1032 177 1064 ‘et
199 1027 292 1069 fidei,
341 1036 409 1061 uae
428 1036 451 1061 a
470 1029 506 1060 te
526 1026 650 1060 adsum
677 1028 735 1059 tae
754 1023 897 1067 fuerint,
920 1035 999 1060 eam
1018 1026 1219 1072 inspiciant.

129 1076 177 1109 ‘et
201 1073 232 1108 si
257 1084 279 1118 q
307 1073 314 1079 '
343 1082 398 1107 em
410 1071 464 1107 vel
484 1080 659 1106 omnesve
692 1069 784 1104 duae
795 1070 1079 1106 renuntiaverint
1093 1081 1220 1116 praeg-

129 1122 260 1154 ‘natem
293 1116 412 1159 videri,
449 1120 535 1151 tunc
566 1114 856 1161 persuadendum
887 1115 1026 1151 mulieri
1061 1117 1145 1158 erit,
1181 1119 1223 1151 ut

128 1168 138 1184 ⁴
167 1162 287 1199 erinde
311 1161 497 1197 custodem
520 1160 687 1196 admittat
710 1164 747 1195 at
773 1169 819 1194 ue
854 1159 885 1195 si
918 1160 999 1212 ipsa
1033 1161 1103 1197 hoc
1128 1161 1220 1197 desi-

129 1175 317 1246 ‘gerassem
352 1206 446 1252 quod
471 1207 501 1242 si
525 1206 629 1241 enixa
647 1216 720 1241 non
759 1204 860 1247 uerit,
886 1209 978 1240 sciat
1000 1207 1150 1242 maritus
1175 1207 1221 1241 ad

128 1253 307 1290 ‘invidiam
331 1252 697 1296 existimationemque
728 1260 829 1285 suam
853 1251 1051 1295 pertinere,
1084 1255 1126 1287 ut
1148 1262 1221 1287 non

129 1299 313 1336 ‘immerito
338 1297 452 1343 possit
475 1296 585 1332 videri
609 1299 775 1342 captasse
798 1295 868 1331 hoc
893 1295 939 1330 ad
963 1296 1010 1331 ali
1035 1307 1119 1332 uam
1142 1308 1219 1332 mu-

128 1344 235 1381 ‘lieris
258 1343 434 1378 iniuriam.
470 1342 501 1377 si
532 1345 652 1377 autem
683 1340 738 1376 vel
769 1350 892 1376 omnes
916 1341 971 1376 vel
1000 1352 1024 1387 p
1040 1352 1123 1378 ures
1146 1353 1220 1378 non

129 1394 220 1426 ‘esse
239 1388 421 1442 gravidam
438 1386 730 1428 renuntiaverint,
751 1385 850 1420 nulla
870 1396 982 1421 causa
995 1387 1220 1423 custodiendi

130 1439 145 1471 1
196 1434 296 1470 ι01112.
367 1433 426 1468 Ex
459 1433 529 1468 hoc
564 1431 737 1476 rescripto
774 1430 1033 1468 evidentissime
1068 1437 1220 1478 apparet

127 1484 272 1518 senatus
305 1478 469 1514 consulta
500 1477 544 1513 de
573 1477 694 1512 liberis
727 1476 959 1521 agnoscendis
994 1477 1113 1513 locum
1147 1489 1219 1513 non

127 1525 306 1566 habuisse,
341 1524 372 1559 si
406 1523 532 1558 mulier
566 1522 804 1558 dissimularet
834 1531 873 1557 se
902 1527 1134 1568 praegnatem
1164 1524 1220 1558 vel

128 1571 235 1607 etiam
258 1572 416 1615 negaret,
441 1578 507 1604 nec
530 1567 724 1603 immerito:
756 1570 884 1612 partus
909 1567 1002 1602 0111111
1026 1572 1109 1604 ante
1135 1579 1219 1604 uam

127 1616 272 1658 edatur,
296 1613 451 1650 mulieris
475 1612 592 1658 portio
615 1616 670 1648 est
691 1611 748 1647 vel
770 1612 955 1648 viscerum.
980 1617 1064 1658 post
1086 1624 1106 1650 e
1131 1614 1220 1649 itum

151 1662 233 1696 lane
255 1664 398 1706 partum
421 1669 444 1694 a
467 1658 614 1694 muliere
636 1657 708 1692 iam
730 1660 851 1702 potest
873 1658 1024 1694 maritus
1053 1659 1130 1695 iure
1154 1670 1218 1695 suo

127 1674 237 1742 gnum
261 1716 326 1751 per
354 1703 583 1740 interdictum
615 1702 819 1739 desiderare
850 1706 914 1738 aut
938 1703 1097 1740 exhiberi
1128 1704 1220 1740 sibi⁵

127 1756 190 1789 aut
226 1751 357 1787 ducere
391 1749 558 1795 permitti.
607 1752 708 1784 extra
738 1747 898 1783 ordinem
921 1748 1028 1793 igitur
1051 1749 1219 1795 princeps

127 1800 147 1833 2
194 1798 231 1832 in
267 1806 376 1832 causa
411 1793 614 1829 necessaria
648 1793 823 1829 subvenit.
884 1793 1088 1830 Secundum
1124 1795 1220 1840 quod

126 1843 339 1888 rescriptum
375 1840 515 1876 evocari
548 1839 674 1874 mulier
709 1838 756 1873 ad
787 1842 988 1883 praetorem
1019 1841 1152 1884 poterit
1184 1844 1221 1876 et

130 1888 223 1935 apud
247 1898 326 1923 eum
349 1884 572 1930 interrogari,
587 1895 633 1919 an
646 1894 685 1919 se
707 1887 811 1929 putet
834 1888 1075 1929 praegnatem,
1090 1896 1218 1930 cogen-

129 1937 147 1970 3
196 1933 310 1978 daque
334 1932 401 1967 erit
424 1929 650 1982 respondere.
688 1928 781 1973 Quid
806 1939 900 1973 ergo,
925 1930 956 1965 si
979 1941 1052 1965 non
1070 1941 1218 1976 respon-

128 1979 218 2015 derit
242 1981 305 2013 aut
328 1987 400 2012 non
424 1978 543 2010 veniat
566 1975 611 2010 ad
631 1975 860 2019 praetorem?
883 1975 1053 2020 numquid
1073 1980 1219 2011 senatus

128 2023 283 2061 consulti
305 2031 458 2068 poenam
482 2020 713 2062 adhibemuS‚
739 2019 875 2055 scilicet
898 2023 937 2055 ut
959 2020 1067 2056 liceat
1090 2021 1218 2056 marito

127 2081 200 2106 non
235 2067 452 2114 agnoscere?
488 2065 551 2101 sed
584 2065 678 2110 finge
713 2075 785 2100 non
821 2074 899 2100 esse
934 2076 975 2101 eo
1013 2070 1219 2102 contentum

127 2115 311 2156 mar-itum,
337 2112 398 2158 qui
421 2122 460 2147 se
483 2115 622 2156 patrem
654 2110 774 2155 potius
810 2114 909 2155 optet
933 2113 1066 2155 quam⁶
1097 2122 1219 2147 carere

127 2161 199 2196 filio
223 2159 316 2195 velit.
355 2157 514 2202 cogenda
547 2156 653 2201 igitur
689 2155 755 2190 erit
788 2155 952 2191 remediis
983 2157 1159 2201 praetoris
1184 2161 1220 2193 et

126 2206 163 2242 in
198 2206 253 2240 ius
288 2203 408 2239 venire
443 2206 496 2244 et,
532 2201 563 2236 si
597 2201 709 2243 venit,
734 2200 968 2244 respondere:
1001 2202 1219 2248 pignoraque

128 2251 202 2287 eius
239 2248 413 2301 capienda
449 2251 484 2282 et
519 2245 774 2287 distrahenda,
810 2246 841 2280 si
877 2248 1128 2290 contemnat⁷,
1164 2248 1219 2283 vel

128 2301 148 2332 4
195 2295 314 2330 multis
339 2292 547 2329 coercenda.
597 2291 690 2335 Quid
725 2301 820 2336 ergo,
857 2291 887 2325 si
921 2291 1141 2337 interrogata
1165 2293 1216 2328 di-

127 2342 221 2377 xerit
243 2350 282 2376 se
305 2337 561 2384 praegnatem?
593 2336 680 2372 ordo
706 2340 852 2371 senatus
878 2337 1051 2372 consultis
1076 2338 1217 2383 exposi-

127 2391 186 2422 tus
211 2388 389 2431 sequetur.
415 2383 511 2428 quod
534 2382 565 2417 si
588 2381 786 2427 negaverit,
817 2384 904 2416 tunc
929 2382 1125 2417 secundum
1150 2383 1218 2418 hoc

128 2436 147 2468 5
196 2430 408 2475 rescriptum
426 2431 571 2473 praetor
585 2427 728 2462 debebit
739 2426 950 2462 obstetrices
963 2427 1143 2463 adhibere.
1169 2428 1220 2463 Et

127 2476 336 2517 notandum,
372 2473 468 2520 quod
492 2483 564 2508 non
587 2472 804 2518 permittitur
828 2472 956 2507 marito
992 2473 1047 2508 vel
1081 2473 1220 2508 mulieri

129 2521 356 2559 obstetricem
381 2519 560 2560 adhibere,
587 2517 649 2552 sed
673 2527 795 2552 omnes
816 2527 838 2551 a
853 2520 1020 2562 praetore
1044 2518 1217 2554 adhiben-

130 2572 149 2604 6
198 2568 263 2602 dae
282 2568 377 2601 sunt.
414 2565 502 2599 Item
523 2567 668 2608 praetor
689 2562 831 2597 domum
851 2563 1023 2598 honestae
1034 2567 1219 2599 matronae

129 2614 256 2659 eligere
280 2610 446 2652 debet‚in
471 2610 563 2654 qual*
577 2607 702 2643 mulier
726 2607 854 2649 veniat,
879 2611 919 2642 ut
941 2608 1056 2652 possit
1079 2609 1217 2654 inspici.

131 2661 149 2693 '1
200 2656 291 2702 Quid
314 2666 410 2701 ergo,
434 2654 465 2689 si
487 2653 614 2698 inspici
638 2663 677 2688 30
700 2663 772 2687 11011
803 2653 962 2697 patiatur
991 2654 1046 2688 vel
1078 2654 1125 2688 ad
1156 2654 1218 2689 do-

129 2714 224 2738 mum
258 2712 332 2737 non
365 2700 509 2736 veniat?
546 2708 658 2743 aeque
680 2698 856 2742 praetoris
891 2699 1087 2734 auctoritas
1110 2699 1218 2734 inter-

130 2751 150 2784 8
197 2747 323 2783 veniet.
360 2745 398 2781 Si
422 2755 544 2781 omnes
569 2744 623 2779 vel
647 2743 767 2788 plures
790 2742 1069 2778 renuntiaverint
1092 2754 1218 2788 praeg-

130 2797 249 2829 natem
271 2802 344 2827 non
368 2800 456 2833 esse,
482 2799 528 2824 an
552 2789 677 2823 mulier
700 2788 814 2833 possit
836 2788 1044 2823 iniuriarum
1069 2789 1220 2833 experiri

129 2849 174 2874 ex
196 2839 266 2874 hac
292 2836 426 2872 causa?
468 2838 503 2870 et
527 2834 637 2878 magis
661 2837 748 2878 puto
774 2842 878 2876 agere
903 2843 980 2868 eam
1011 2833 1219 2869 iniuriarum

156 2894 247 2926 osse,
260 2882 311 2918 sic
323 2886 455 2922 tamen,
476 2880 505 2915 si
524 2879 674 2914 iniuriae
692 2878 879 2913 faciendae
899 2888 1010 2913 causa
1021 2878 1058 2912 id
1070 2879 1218 2915 maritus

157 2928 359 2964 esideravit:
386 2929 543 2961 ceterum
568 2924 598 2959 si
621 2935 693 2959 non
713 2923 863 2958 iniuriae
882 2922 1068 2958 faciendae
1089 2924 1218 2967 animo,

132 2974 194 3010 sed
218 2973 300 3019 quia
322 2972 416 3007 iuste
441 2969 589 3006 credidit
605 2969 659 3004 vel
690 2968 796 3004 nimio
817 2972 899 3003 voto
923 2968 1117 3003 liberorum
1141 2979 1218 3005 sus-

132 3018 374 3064 cipiendorum
417 3015 545 3051 ductus
581 3018 636 3050 est
681 3013 737 3048 vel
777 3013 857 3058 ipsa
892 3023 972 3048 eum
995 3013 1158 3048 illexerat
1180 3018 1220 3049 ut

133 3064 301 3105 crederet,
337 3061 433 3114 1111011
468 3063 655 3096 constante
689 3058 912 3093 matrimonio
948 3059 1016 3093 hoc
1051 3058 1218 3104 fingebat,

134 3112 153 3144 9
200 3108 447 3154 aequissimum
461 3106 527 3141 erit
547 3103 682 3150 ignosci
701 3104 839 3139 marito.
876 3103 1080 3138 Meminisse
1101 3108 1219 3139 autem

133 3158 274 3206 oportet
291 3157 431 3197 tempus
451 3161 523 3186 non
536 3160 613 3185 esse
658 3149 883 3183 raestitutum
896 3149 1005 3183 rescri
1032 3152 1081 3191 to,
1096 3160 1218 3201 quam-

133 3209 184 3234 vis
206 3199 244 3233 in
267 3202 412 3234 senatus
438 3195 609 3231 consultis
647 3205 665 3229 e
680 3194 800 3229 liberis
821 3204 999 3238 agnoscen
1025 3194 1055 3228 is
1075 3194 1220 3238 triginta

134 3244 208 3278 dies
243 3242 524 3288 praestituantur
557 3239 703 3274 mulieri.
741 3238 826 3284 quid
857 3239 962 3282 ergo?
994 3249 1135 3283 semper
1167 3239 1219 3274 di-

137 3299 256 3324 cemus
280 3288 406 3323 marito
442 3287 548 3321 licere
572 3294 719 3320 uxorem
750 3283 796 3318 ad
827 3287 1027 3328 praetorem
1060 3294 1219 3323 evocare,

136 3344 182 3368 an
204 3343 286 3368 vero
311 3336 346 3367 et
368 3332 437 3377 ipsi
459 3331 603 3376 triginta
627 3329 700 3364 dies
725 3329 1016 3373 praestituimus?
1042 3333 1076 3363 et
1099 3333 1221 3373 putem

135 3382 334 3423 praetorem
377 3387 486 3412 causa
522 3375 663 3420 cognita
699 3374 827 3409 debere
861 3374 1027 3408 maritum
1063 3378 1098 3408 et
1138 3378 1221 3418 post

140 3426 179 3458 10
225 3423 368 3468 triginta
392 3422 465 3456 dies
490 3421 623 3456 audire.
672 3419 727 3453 De
749 3418 968 3463 inspiciendo
994 3423 1115 3453 ventre
1141 3430 1220 3454 cus-

135 3467 372 3512 todiendoque
404 3471 510 3511 partu
534 3466 585 3500 sic
613 3468 759 3509 praetor
777 3465 844 3498 ait:
871 3463 919 3498 ‘Si
940 3463 1066 3498 mulier
1078 3468 1218 3499 mortuo

139 3513 274 3547 ‘marito
298 3516 527 3557 praegnatem
552 3520 590 3546 se
614 3519 692 3545 esse
718 3509 819 3551 dicet,
845 3509 900 3543 his
925 3508 972 3542 ad
991 3519 1078 3552 quos
1096 3519 1139 3543 ea
1162 3520 1218 3544 103

186 3630 224 3668 (1)
251 3627 402 3666 Ed.1.3;
427 3627 560 3664 Sab.2;
586 3626 672 3668 App.
685 3631 710 3657 4.
736 3642 779 3648 —-
807 3624 988 3662 Bas.31,7
1061 3631 1218 3671 (2)trice-

137 3671 220 3703 simo
236 3672 314 3704 Hal.
385 3673 428 3710 (3)
454 3681 487 3702 se
500 3674 649 3712 praestat
660 3670 695 3702 F
701 3669 722 3709 ¹,
737 3680 770 3700 se
784 3672 911 3710 perstat
924 3669 958 3700 F
963 3667 978 3687 ²
1050 3677 1091 3717 (4)
1120 3687 1217 3717 quam

139 3717 210 3748 edd.
283 3718 324 3758 (5)
350 3716 379 3748 si
394 3717 426 3748 F
490 3718 532 3756 (6)
557 3717 651 3757 optet
664 3718 696 3747 et
708 3723 917 3755 nequaquam
931 3731 993 3752 scr.
1073 3723 1115 3760 (7)
1141 3731 1218 3753 con-

141 3763 264 3792 temnet
278 3761 328 3793 172
411 3763 453 3798 (8)
478 3760 790 3802 procuratoribusve
803 3771 864 3791 scr.
960 3765 1002 3804 (9)
1031 3766 1143 3797 volent
1156 3779 1218 3798 scr.

1213 135 1292 184 331

2201 142 2324 183 XXV
2357 146 2381 184 4

1293 260 1497 305 ‘pertinebit
1531 262 1823 305 procuratorive⁸
1858 273 1980 298 eorum
2016 263 2069 298 bis
2105 262 2141 297 in
2179 272 2297 298 :nense
2321 264 2382 298 de-

1293 305 1540 340 ‘nuntiandum
1574 309 1691 347 curet,
1725 311 1765 340 ut
1795 308 1955 350 mittant,
1980 308 2008 342 si
2033 308 2159 350 velint,
2184 318 2274 352 quae
2298 320 2381 343 ven-

1293 353 1394 385 ‘trem
1428 350 1628 395 inspicient.
1677 350 1864 386 mittantur
1899 357 2017 387 autem
2053 353 2214 388 mulieres
2250 353 2383 389 liberae

1293 395 1492 430 ‘dumtaxat
1527 395 1682 440 quinque
1717 396 1854 441 haeque
1891 398 1994 432 simul
2027 409 2148 433 omnes
2179 398 2381 444 inspiciant,

1293 440 1390 475 ‘dum
1414 450 1458 475 ne
1482 450 1554 485 qua
1578 450 1699 475 earum
1725 440 1807 476 dum
1831 443 1974 486 inspicit
1997 443 2106 477 invita
2129 443 2274 479 muliere
2297 455 2381 479 ven·

1294 487 1395 520 ‘trem
1418 489 1551 531 tangat.
1589 486 1715 521 mulier
1745 486 1783 520 in
1807 486 1913 521 domu
1938 488 2205 524 honestissimae
2228 488 2383 525 feminae

1293 531 1433 575 ‘pariat,
1459 541 1566 576 quam
1590 541 1653 575 ego
1680 531 1904 566 constituam.
1952 534 2076 567 mulier
2105 538 2188 568 ante
2221 534 2295 569 dies
2318 535 2382 570 tri-

1293 576 1420 620 ‘ginta,
1454 586 1560 621 quam
1590 575 1788 621 parituram
1820 587 1858 611 se
1889 581 2009 622 putat,
2044 578 2226 614 denuntiet
2256 579 2312 615 his
2337 579 2384 616 ad

1292 622 1394 666 ‘quos
1430 631 1473 656 ea
1507 631 1564 656 res
1602 621 1756 700 Eertmet
1790 623 2124 666 procuratoribusve
2162 635 2305 667 eorum,
2342 628 2383 660 ut

1293 666 1458 708 ‘mittant‚
1496 666 1526 701 si
1561 676 1601 700 ve
1619 666 1692 708 'nt,
1726 667 1787 711 qui
1819 672 1975 702 ventrem
2001 669 2213 703 custodiant.
2250 670 2285 704 in
2311 680 2381 715 quo

1292 711 1464 746 ‘conclavi
1498 711 1624 746 mulier
1658 712 1819 756 paritura
1856 712 1940 754 erit,
1972 712 2021 747 ibi
2054 724 2098 748 ne
2121 715 2238 758 plures
2264 715 2383 751 aditus

1292 756 1376 791 ‘sint
1399 766 1506 800 quam
1529 766 1640 791 unus:
1667 756 1697 791 si
1721 760 1834 799 erunt,
1868 767 1911 792 ex
1942 762 2093 802 utraque
2125 764 2226 803 parte
2250 760 2383 796 tabulis

1293 801 1556 846 ‘praefigantur.
1594 805 1678 836 ante
1715 802 1846 837 ostium
1883 802 1957 837 eius
1983 804 2159 838 conclavis
2184 805 2286 840 liberi
2308 810 2382 841 tres

1292 848 1341 881 ‘et
1363 850 1437 881 tres
1461 846 1594 881 liberae
1619 857 1700 881 cum
1724 847 1815 882 binis
1841 847 2028 882 comitibus
2054 849 2266 884 custodiant.
2293 862 2382 896 quo-

1292 891 1550 936 ‘tienscumque
1581 901 1624 926 ea
1655 892 1781 927 mulier
1812 893 1849 927 in
1873 893 1909 927 id
1934 893 2101 928 conclave
2126 895 2263 930 aliudve
2287 896 2383 941 quod

1292 936 1377 971 ‘sive
1411 936 1447 971 in
1483 936 1661 971 balineum
1696 937 1771 979 ibit,
1809 938 1995 980 custodes,
2032 939 2062 973 si
2085 939 2213 981 volent,
2238 940 2274 974 id
2299 946 2383 977 ante

1292 981 1527 1027 ‘prospiciant
1544 986 1580 1017 et
1596 992 1657 1017 eos
1675 982 1736 1027 qui
1759 982 1960 1018 introierint
1985 984 2177 1018 excutiant.
2204 987 2382 1030 custodes,

1292 1026 1365 1072 ‘qui
1389 1030 1472 1062 ante
1508 1027 1678 1063 conclave
1712 1028 1819 1072 positi
1856 1033 1979 1071 erunt,
2014 1028 2044 1063 si
2080 1030 2202 1064 volunt
2211 1031 2234 1073 ⁹,
2261 1042 2382 1067 omnes

1292 1071 1365 1117 ‘qui
1390 1072 1558 1107 conclave
1581 1075 1645 1107 aut
1661 1072 1805 1107 domum
1822 1074 2023 1109 introierint
2040 1074 2232 1110 excutiant.
2258 1077 2383 1112 mulier

1293 1120 1385 1152 ‘cum
1408 1117 1586 1161 parturire
1614 1117 1774 1162 incipiat,
1809 1118 1865 1154 his
1901 1119 1947 1154 ad
1972 1130 2060 1164 quos
2085 1130 2127 1154 ea
2150 1131 2207 1156 res
2231 1122 2384 1166 pertinet

1292 1165 1301 1181 ‘
1328 1162 1642 1197 rocuratoribusve
1666 1173 1788 1198 eorum
1813 1164 2008 1206 denuntiet,
2033 1169 2073 1199 ut
2097 1165 2250 1206 mittant,
2270 1167 2383 1212 ιο11111-

1292 1173 1371 1242 6ἕως
1396 1207 1645 1252 praesentibus
1676 1208 1804 1253 pariat.
1853 1210 2041 1244 mittantur
2064 1211 2228 1246 mulieres
2252 1212 2385 1247 liberae

1292 1253 1492 1288 ‘dumtaxat
1527 1253 1693 1298 quinque,
1730 1253 1782 1288 ita
1817 1257 1858 1288 ut
1917 1260 2035 1290 raeter
2059 1255 2268 1292 obstetrices
2293 1256 2384 1293 duas

1292 1298 1340 1333 ‘in
1364 1308 1405 1333 eo
1431 1297 1592 1332 conclavi
1616 1308 1661 1332 110
1683 1298 1803 1343 11111103
1828 1310 1862 1334 111
1901 1300 1992 1336 10103
2016 1299 2149 1336 liberae
2183 1301 2254 1336 sint
2278 1313 2384 1347 quam

1291 1344 1438 1385 ‘decem,
1464 1343 1614 1378 ancillae
1639 1354 1745 1388 quam
1769 1354 1843 1379 sex.
1891 1345 1960 1380 hae
1993 1356 2083 1391 quae
2114 1346 2210 1381 intus
2241 1346 2384 1383 futurae

1291 1391 1408 1424 ‘erunt
1442 1388 1671 1423 excutiantur
1707 1399 1830 1424 omnes
1866 1390 1903 1424 in
1938 1401 1980 1426 eo
2018 1391 2195 1433 conclavi,
2233 1402 2277 1427 110
2312 1403 2384 1437 qua

1290 1437 1477 1479 ‘praegnas
1503 1433 1558 1468 sit.
1597 1433 1667 1468 tria
1690 1434 1825 1469 lumina
1848 1446 1893 1470 ne
1917 1436 2032 1471 minus
2056 1436 2106 1471 ibi
2130 1436 2223 1479 sint',
2248 1437 2384 1474 scilicet

1290 1479 1939 1569 ἓξὲΐηὲῗὲᾒωὲἐὲᾱ33ἐέῐὲὛέ
1963 1482 2118 1562 agi-{2535
2143 1482 2384 1563 ‘disits‘

1519 1550 1528 1566 ‚
2366 1548 2382 1555 -

1291 1570 1413 1606 ‘busve
1437 1579 1571 1611 eorum,
1597 1570 1628 1604 si
1650 1569 1826 1615 inspicere
1850 1538 1988 1614 vole-ml),
2014 1538 2235 1608 ostendgtur.
2284 1573 2382 1618 apud

1289 1618 1383 1651 ‘eum
1396 1615 1618 1657 educatur¹¹,
1643 1615 1740 1660 apud
1760 1627 1862 1661 quem
1884 1627 2013 1661 parens
2029 1617 2182 1653 iusserit.
2209 1618 2238 1653 si
2263 1623 2383 1654 autem

1289 1661 1389 1696 ‘nihil
1411 1670 1541 1706 parens
1565 1660 1710 1695 iusserit
1733 1666 1796 1696 aut
1819 1661 1860 1704 is,
1886 1662 1981 1707 apud
2005 1674 2109 1708 quem
2122 1663 2272 1699 voluerit
2296 1664 2381 1699 edu-

1290 1706 1399 1749 ‘cari,
1436 1716 1558 1741 curam
1593 1716 1667 1741 non
1700 1706 1866 1751 recipiet:
1911 1708 2008 1752 apud
2052 1719 2155 1753 quem
2199 1708 2382 1752 educetur,

1290 1754 1414 1787 ‘causa
1438 1751 1581 1796 cognita
1605 1752 1831 1787 constituam.
1866 1752 1896 1788 is
1921 1753 2016 1798 apud
2041 1764 2145 1798 quem
2170 1753 2383 1790 educabitur

1290 1796 1398 1842 ‘quod
1433 1801 1559 1831 natum
1595 1796 1683 1839 erit,
1720 1797 1839 1842 quoad
1868 1798 1975 1833 trium
2001 1809 2161 1834 mensum
2184 1800 2240 1842 sit,
2266 1799 2321 1835 bis
2344 1800 2382 1835 in

1291 1845 1433 1884 ‘mense‚
1459 1852 1503 1877 ex
1527 1851 1569 1877 eo
1593 1845 1754 1887 tempore
1778 1843 1898 1887 quoad
1922 1853 1984 1878 sex
2008 1854 2168 1879 mensum
2192 1845 2249 1887 sit,
2274 1845 2383 1882 semel

1290 1887 1338 1922 ‘in
1361 1897 1493 1929 mense,
1518 1897 1541 1922 a
1564 1897 1627 1922 sex
1650 1888 1830 1923 mensibus
1864 1889 1983 1933 quoad
2013 1889 2199 1925 anniculus
2230 1890 2305 1932 fiat,
2330 1890 2382 1925 al·

1290 1933 1413 1967 ‘ternis
1438 1932 1630 1975 mensibus,
1656 1932 1702 1967 ab
1727 1933 1894 1969 anniculo
1909 1934 2027 1979 quoad
2046 1934 2115 1969 fari
2135 1934 2258 1980 possit,
2273 1935 2383 1971 semel

1290 1978 1338 2013 ‘in
1361 1988 1425 2013 sex
1448 1978 1629 2013 mensibus
1653 1977 1714 2013 ubi
1737 1978 1832 2013 volet
1856 1979 2033 2014 ostendat.
2082 1980 2112 2015 si
2144 1980 2201 2015 cui
2224 1984 2382 2016 ventrem

1290 2023 1429 2068 ‘inspici
1454 2022 1667 2058 custodirive
1699 2023 1825 2059 adesse
1838 2025 1866 2045 ¹2
1896 2025 2016 2070 partui
2046 2025 2181 2060 licitum
2211 2036 2284 2060 non
2316 2026 2384 2061 erit

1290 2068 1481 2104 ‘factumve
1505 2068 1590 2113 quid
1614 2068 1691 2111 erit,
1717 2079 1787 2114 quo
1804 2069 1920 2105 minus
1946 2080 1988 2105 ea
2011 2070 2062 2105 ita
2079 2070 2178 2113 fiant,
2203 2071 2256 2106 uti
2272 2081 2383 2116 supra

1289 2114 1595 2159 ‘comprehensum
1620 2118 1691 2149 est:
1718 2115 1749 2149 ei
1774 2115 1868 2160 quod
1892 2118 2016 2150 natum
2035 2116 2102 2150 erit
2120 2116 2382 2161 possessionem

1290 2162 1413 2195 ‘causa
1438 2159 1580 2204 cognita
1603 2170 1676 2195 non
1701 2159 1807 2195 dabo.
1845 2160 1917 2195 sive
1976 2161 2048 2196 uod
2079 2166 2203 2196 natum
2239 2161 2317 2204 erit,
2341 2165 2382 2197 ut

1289 2208 1411 2249 ‘supra
1435 2208 1580 2239 cautum
1603 2208 1669 2247 est,
1705 2205 1833 2250 inspici
1857 2217 1929 2241 non
1977 2206 2121 2248 icuerit,
2147 2217 2235 2251 quas
2259 2207 2382 2252 utique

1290 2250 1462 2285 ‘actiones
1486 2259 1542 2284 me
1567 2249 1734 2285 daturum
1758 2251 1930 2296 polliceor
1961 2251 2016 2287 his
2042 2252 2170 2296 quibus
2195 2263 2239 2287 ex
2262 2251 2379 2288 edicto

1289 2298 1378 2330 ‘meo
1404 2295 1578 2330 bonorum
1602 2296 1782 2340 possessio
1808 2296 1892 2331 data
1917 2296 1980 2338 sit,
2006 2307 2084 2338 eas,
2117 2297 2147 2332 si
2178 2297 2263 2332 mihi
2285 2297 2382 2333 111310

1292 2343 1328 2374 11
1380 2343 1503 2375 ‘causa
1537 2340 1714 2375 videbitur
1750 2351 1846 2383 esse,
1884 2342 1915 2376 ei
1950 2353 2021 2377 non
2047 2342 2164 2377 dabo’.
2213 2341 2380 2386 Quamvis

1289 2385 1335 2420 sit
1358 2385 1684 2421 manifestissimum
1709 2385 1863 2421 edictum
1898 2387 2093 2431 praetoris,
2125 2390 2283 2422 attamen
2307 2398 2381 2422 non

1293 2433 1331 2465 12
1380 2434 1435 2466 031
1469 2431 1686 2475 neglegenda
1720 2431 1966 2483 interpretatio
2003 2432 2088 2466 eius.
2159 2432 2381 2468 Denuntiare

1287 2476 1394 2520 igitur
1417 2476 1598 2511 mulierem
1622 2480 1765 2521 oportet
1787 2477 1842 2511 1113
1868 2477 2021 2518 30111001,
2079 2487 2204 2512 uorum
2227 2477 2378 2513 interest

1286 2524 1430 2566 partum
1455 2531 1526 2555 non
1551 2520 1626 2563 edi,
1649 2521 1705 2556 vel
1728 2526 1840 2556 totam
1872 2522 2046 2556 habituris
2096 2522 2301 2558 ereditatem
2325 2522 2379 2558 vel

1287 2570 1424 2611 partem
1461 2567 1536 2601 eius
1572 2566 1645 2601 sive
1678 2567 1723 2601 ab
1760 2567 1927 2601 intestato
1964 2567 2037 2602 sive
2072 2578 2116 2602 ex
2150 2571 2376 2603 testamento.

1290 2614 1330 2646 13
1379 2611 1449 2646 Sed
1474 2615 1509 2646 et
1532 2611 1563 2645 si
1586 2622 1706 2646 servus
1731 2612 1832 2646 heres
1864 2612 2047 2647 institutus
2070 2612 2195 2655 fuerit,
2220 2613 2251 2648 si
2275 2623 2378 2648 nemo

1288 2659 1393 2691 natus
1418 2657 1474 2697 sit,
1498 2657 1619 2691 Aristo
1645 2657 1785 2698 scribit,
1819 2657 1902 2691 huic
1928 2667 2068 2702 quoque
2092 2667 2192 2693 servo
2218 2658 2378 2703 quamvis

1288 2712 1360 2736 non
1384 2702 1513 2743 omnia,
1539 2701 1713 2746 quaedam
1737 2706 1856 2736 tamen
1881 2702 1978 2737 circa
2000 2706 2143 2747 partum
2174 2703 2378 2738 custodien-

1288 2747 1371 2781 dum
1395 2747 1541 2781 arbitrio
1566 2747 1742 2791 praetoris
1766 2757 1844 2782 esse
1869 2747 2109 2783 concedenda.
2158 2758 2265 2793 quam
2297 2758 2377 2784 sen·

1288 2792 1435 2827 tentiam
1466 2795 1554 2836 puto
1586 2802 1723 2827 veram:
1768 2792 1909 2836 publice
1945 2792 2036 2828 enim
2071 2793 2219 2828 interest
2252 2797 2377 2839 partus

1289 2847 1361 2872 non
1384 2837 1510 2878 subici,
1535 2840 1576 2871 ut
1600 2837 1763 2871 ordinum
1787 2837 1938 2882 dignitas
1970 2837 2255 2884 familiarumque
2279 2839 2378 2874 salva

1289 2882 1351 2916 sit:
1386 2881 1537 2926 ideoque
1569 2882 1675 2916 etiam
1706 2892 1827 2917 servus
1858 2882 1943 2924 iste,
1970 2893 2050 2918 cum
2074 2883 2121 2918 sit
2143 2883 2180 2918 in
2205 2894 2267 2928 spe
2292 2894 2376 2919 con-

1289 2926 1435 2961 stitutus
1471 2927 1727 2968 successionis,
1764 2928 1995 2972 qualisqualis
2031 2929 2095 2971 sit,
2133 2928 2239 2964 debet
2262 2929 2378 2964 audiri

1294 2975 1332 3005 14
1378 2981 1453 3006 rem
1489 2975 1524 3005 et
1558 2972 1738 3015 publicam
1775 2976 1810 3007 et
1845 2983 1945 3007 suam
1980 2984 2117 3018 gerens.
2166 2974 2376 3009 Denuntiari

1288 3020 1407 3051 autem
1442 3020 1583 3061 oportet
1616 3016 1695 3059 his,
1729 3028 1818 3062 quos
1848 3018 2011 3062 proxima
2034 3029 2115 3063 spes
2140 3019 2375 3054 successionis

1289 3061 1472 3106 contingit,
1496 3065 1537 3095 ut
1559 3065 1648 3106 puta
1671 3062 1783 3106 primo
1808 3063 1921 3107 gradu
1951 3064 2073 3099 heredi
2103 3064 2265 3099 instituto
2291 3067 2377 3105 (non

1288 3107 1394 3142 etiam
1419 3106 1626 3149 substituto)
1660 3112 1711 3149 et,
1743 3107 1774 3142 si
1796 3108 1986 3144 intestatus
2011 3113 2112 3153 pater
2142 3109 2293 3143 familias
2318 3109 2375 3148 sit,

1289 3152 1319 3186 ei
1333 3152 1360 3172 ¹³
1384 3152 1444 3195 qui
1478 3151 1630 3196 primum
1664 3152 1782 3187 locum
1818 3153 1863 3187 ab
1899 3154 2067 3189 intestato
2093 3158 2204 3188 tenet:
2240 3153 2269 3188 si
2292 3163 2373 3187 vero

1288 3197 1408 3241 plures
1433 3197 1503 3231 sint
1527 3196 1630 3231 simul
1654 3198 1863 3240 successuri,
1901 3199 2063 3234 omnibus
2096 3197 2375 3233 denuntiandum

1293 3245 1331 3275 15
1381 3245 1444 3276 est.
1494 3241 1597 3285 Quod
1631 3246 1750 3277 autem
1784 3247 1929 3288 praetor
1964 3244 2015 3278 ait
2039 3254 2147 3278 causa
2172 3242 2311 3286 cognita
2335 3252 2374 3277 30

1289 3287 1549 3330 possessionem
1566 3297 1637 3322 non
1658 3287 1825 3323 daturum
1849 3289 1903 3324 vel
1927 3289 2083 3324 actiones
2109 3288 2372 3337 denegaturum,

1290 3342 1330 3366 eo
1368 3331 1541 3375 pertinet,
1577 3336 1635 3374 ut,
1672 3333 1702 3367 si
1736 3344 1801 3378 per
1835 3334 2069 3368 rusticitatem
2101 3332 2231 3376 aliquid
2267 3331 2375 3366 fuerit

1290 3376 1457 3411 omissum
1482 3387 1526 3411 ex
1548 3377 1603 3412 his
1628 3388 1719 3423 quae
1743 3382 1888 3423 praetor
1905 3378 2037 3413 servari
2057 3378 2174 3418 voluit,
2189 3387 2259 3411 non
2280 3376 2373 3411 obsit

1290 3421 1418 3465 partui.
1445 3422 1549 3466 quale
1573 3426 1627 3457 est
1651 3423 1753 3465 enim,
1779 3424 1808 3458 si
1833 3424 1956 3468 quid¹4
1981 3434 2023 3457 ex
2047 3423 2112 3463 his,
2139 3431 2228 3466 quae
2252 3421 2373 3456 leviter

1291 3466 1513 3501 observanda
1536 3472 1680 3512 praetor
1704 3469 1823 3510 edixit,
1850 3480 1920 3503 non
1938 3469 1984 3503 sit
2007 3468 2152 3508 factum,
2170 3465 2287 3517 partui
2311 3465 2372 3517 de·

1290 3511 1410 3554 negari
1434 3512 1608 3548 bonorum
1631 3515 1909 3558 possessionem:
1958 3513 2020 3547 sed
2044 3522 2118 3546 mos
2143 3520 2293 3554 reg10ms
2318 3520 2372 3545 in·-

1290 3631 1348 3668 (10)
1374 3628 1403 3660 si
1417 3628 1522 3660 velint
1536 3629 1594 3661 ins.
1708 3630 1761 3669 (11)
1788 3628 1947 3660 educetur
1960 3627 2032 3659 edd.
2135 3625 2192 3663 (12)
2218 3623 2372 3656 adesseve

1290 3675 1361 3706 edd.
1501 3675 1558 3713 (13)
1585 3675 1628 3714 ei]
1651 3675 1679 3705 is
1703 3675 1736 3705 F
1871 3674 1925 3712 (11)
1951 3671 2048 3713 quale
2069 3672 2118 3702 est
2131 3669 2219 3701 enim
2234 3669 2262 3700 si
2276 3667 2371 3710 quid]

1290 3718 1408 3750 durum
1423 3722 1472 3750 est
1485 3719 1573 3751 enim
1587 3720 1616 3751 si
1630 3719 1706 3760 quid
1722 3718 1818 3759 quale
1832 3717 1928 3759 quale
1943 3719 1991 3748 est
2004 3729 2065 3748 scr.

2038 3816 2101 3848 42*
