2528 3918
210 107 332 150 XVII
365 109 443 150 1.2

210 229 429 276 pedimento,
461 238 531 274 quo
563 228 679 263 minus
711 227 819 264 etiam
889 230 925 265 st
946 238 1028 264 eum
1051 228 1144 265 diem
1167 237 1295 265 conve·

210 279 230 311 3
277 275 345 310 niri
357 273 517 308 mandati
527 273 658 309 iudicio
719 273 796 309 ssit.
875 274 977 310 aulus
989 273 1175 319 respondit
1186 284 1297 309 unum

210 330 254 355 ex
277 318 547 355 mandatoribus
571 318 610 353 in
632 328 672 354 so
689 317 785 354 ‘dum
808 318 889 364 eligi
912 329 1038 365 posse,
1063 319 1203 355 etiamsi
1223 329 1297 355 non

210 365 255 401 sit
280 374 488 400 concessum
508 363 546 398 in
566 362 754 400 mandato:
804 368 862 400 ost
882 364 1213 400 condemnationem
1232 374 1296 399 au-

210 416 280 445 tem
292 410 328 444 in
340 409 490 444 duorum
502 418 692 454 personam
714 419 757 445 co
785 413 881 444 atam
900 409 1102 445 necessario
1123 419 1167 445 ex
1189 419 1298 445 causa

208 454 355 490 iudicati
385 453 543 499 singulos
573 464 640 499 pro
671 457 775 500 parte
806 454 950 490 dimidia
982 454 1162 490 conveniri
1192 464 1299 500 posse

208 503 229 535 4
277 502 313 535 et
336 499 476 534 debere.
524 498 688 535 Greditor
710 499 837 546 pignus
861 499 1035 535 vendidit:
1061 509 1213 545 quaero,
1238 509 1297 541 an,

208 545 239 581 si
262 544 378 580 evicta
400 544 448 579 sit
496 544 648 580 ossessio
673 545 834 590 emptori,
859 555 1057 590 regressum
1078 544 1233 580 creditor
1252 544 1298 580 ad

208 588 455 625 mandatorem
504 589 612 625 abere
634 590 749 636 possit
773 594 809 625 et
841 600 887 624 an
918 590 1077 632 intersit,
1111 589 1297 626 creditoris

208 635 284 670 iure
306 634 528 670 vendiderit¹
553 645 602 670 an
621 636 799 671 communi
816 635 893 670 iure
911 634 1122 680 promiserit.
1162 634 1298 671 Paulus

208 679 410 726 respondit,
445 679 477 715 si
516 680 672 716 creditor
701 690 747 715 ex
777 680 891 725 pretio
922 680 1109 732 pignorum
1141 679 1299 716 debitum

209 729 424 761 consecutus
446 735 520 761 non
543 725 608 769 sit,
639 725 884 760 mandatorem
907 725 1057 760 liberum
1080 735 1152 761 non
1174 725 1296 761 videri.

209 781 252 805 ex
274 770 344 806 hoc
367 780 541 816 responso
573 774 742 816 apparet,
776 770 805 805 si
838 770 1021 806 evictionis
1051 771 1194 806 nomine
1224 781 1298 807 non

208 819 227 850 5
274 818 450 859 teneatur,
474 815 650 862 proficere
673 826 750 851 eam
770 826 845 850 rem
866 815 913 850 ad
930 815 1187 851 liberationem.
1223 816 1298 852 ‘Ille

208 860 271 896 ‘illi
299 861 461 897 salutem.
497 861 632 897 Mando
663 860 746 904 tibi,
781 864 823 895 ut
851 860 994 896 Blaesio
1026 860 1156 897 Severo
1187 861 1299 897 adfini

209 909 298 942 ‘meo
333 906 517 951 octoginta
548 906 671 942 credas
703 906 769 941 sub
791 905 952 986 dpignore
985 906 1045 942 illo
1078 910 1115 942 et
1143 906 1224 942 illo:
1259 907 1298 942 in

209 955 327 996 ‘quam
357 951 545 998 pecuniam
578 955 613 987 et
644 951 789 996 quidqui
844 961 1036 986 usurarum
1069 952 1210 988 nomine
1234 962 1294 987 ac-

208 997 368 1032 ‘cesserit
397 996 596 1032 indemnem
620 997 794 1031 rationem
815 999 916 1031 tuam
938 1007 995 1032 me
1018 1007 1097 1032 esse
1120 1007 1164 1033 ex
1187 1007 1298 1033 causa

209 1041 381 1077 ‘mandati
403 1042 440 1077 in
466 1052 544 1078 eum
569 1042 679 1084 diem,
712 1041 833 1087 quoad
854 1042 982 1077 vixerit
1003 1042 1167 1078 Blaesius
1190 1042 1295 1078 Seve-

208 1090 293 1130 ‘rus,
319 1088 608 1132 praestaturum.’
642 1091 769 1132 postea
791 1097 900 1132 saepe
925 1091 1119 1123 conventus
1144 1088 1293 1123 manda-

207 1136 266 1168 tor
289 1143 362 1167 non
385 1143 442 1168 res
471 1132 590 1168 ondit:
623 1142 774 1177 quaero,
806 1141 854 1167 an
877 1136 991 1168 morte
1014 1132 1184 1169 debitoris
1207 1133 1295 1168 libe-

207 1181 307 1213 ratus
327 1178 383 1213 sit.
431 1144 565 1213 ssaulus
586 1177 770 1222 respondit
781 1177 940 1212 mandati
952 1177 1203 1223 obligationem
1214 1188 1295 1224 per-

233 1227 350 1259 etuam
376 1233 473 1265 esse,
497 1222 580 1258 licet
602 1222 638 1257 in
662 1222 831 1258 mandato
855 1222 1035 1258 adiectum
1057 1223 1219 1260 videatur
1241 1224 1295 1259 in-

232 1278 368 1304 emnem
399 1268 572 1304 rationem
606 1273 703 1303 tuam
727 1268 810 1303 me²
833 1278 912 1304 esse
935 1278 980 1304 ex
1004 1278 1114 1304 causa
1136 1268 1297 1304 mandati

206 1314 243 1348 in
267 1323 347 1348 eum
371 1313 482 1356 diem,
508 1313 634 1393 ssuoad
656 1313 782 1348 vixerit
804 1313 966 1349 Blaesius
990 1313 1159 1358 Severus,
1191 1324 1296 1360 prae-

207 1362 227 1394 6
274 1362 460 1394 staturum.
539 1358 643 1394 aulus
675 1358 861 1404 respondit
889 1369 962 1394 non
993 1358 1104 1395 videri
1138 1359 1298 1408 mandati

206 1403 432 1439 condicioni³
455 1403 611 1448 paritum
663 1414 743 1439 cum
773 1404 811 1439 in
842 1403 1013 1439 mandato
1038 1404 1215 1440 adiectum
1238 1405 1297 1449 sit,

206 1452 246 1484 ut
267 1449 397 1484 idonea
421 1448 539 1484 cautio
565 1459 587 1484 a
611 1430 771 1485 debitore
789 1449 999 1502 exigeretur,
1024 1450 1055 1485 si
1074 1460 1190 1496 neque
1208 1450 1295 1486 fide-

206 1494 322 1529 iussor
345 1504 460 1539 neque
482 1494 632 1539 pignora
654 1498 805 1540 accepta
829 1498 910 1530 sint.

252 1536 305 1577 60
331 1538 534 1575 SCAEVOLA
566 1539 658 1575 libro
682 1541 807 1587 primo
830 1551 1087 1587 responsorum
1134 1539 1297 1576 creditor

206 1583 450 1619 mandatorem
485 1585 667 1620 convenit:
710 1585 741 1620 is
777 1584 1034 1621 condemnatus
1068 1585 1295 1631 provocavit:

206 1629 446 1675 quaerendum
483 1633 557 1673 est,
589 1640 637 1665 an
660 1634 825 1666 manente
849 1630 1090 1676 appellatione
1113 1630 1252 1667 debitor
1274 1642 1297 1667 a

208 1678 221 1709 1
274 1674 448 1710 creditore
480 1675 660 1710 conveniri
689 1679 819 1721 potest.
861 1675 1031 1728 respondi
1061 1686 1178 1722 posse.
1237 1676 1295 1712 Ad

206 1730 285 1755 eum
319 1720 380 1765 qui
410 1730 558 1756 uxorem
589 1720 762 1757 ducturus
796 1725 875 1756 erat
905 1721 1044 1757 htteras
1074 1721 1161 1757 fecit
1186 1721 1293 1757 tales:

206 1765 333 1800 ‘Titius
357 1764 439 1801 Seio
472 1765 634 1801 salutem.
679 1765 759 1801 Sem
786 1766 925 1802 roniam
947 1766 1125 1812 pertinere
1147 1766 1195 1802 ad
1218 1767 1294 1802 ani-

206 1814 314 1846 ‘mum
337 1820 455 1846 meum
488 1811 700 1856 cognovisti:
733 1812 746 1846 i
773 1821 884 1857 eoque
915 1822 996 1848 cum
1027 1822 1072 1848 ex
1101 1815 1185 1848 voto
1216 1822 1294 1848 meo

210 1859 380 1901 ‘nuptura
403 1855 468 1891 tibi
492 1855 555 1899 sit,
580 1855 683 1892 velim
708 1861 826 1892 certus
850 1857 899 1892 sis
923 1857 1119 1893 secundum
1143 1857 1294 1902 dignita-

206 1904 289 1936 ‘tem
319 1904 418 1936 tuam
451 1901 660 1937 contrahere
689 1905 726 1937 te
757 1902 1030 1938 matrimonium.
1067 1905 1104 1938 et
1135 1903 1295 1948 quamvis

206 1946 344 1982 ‘idonee
382 1946 678 1991 repromissuram
709 1947 776 1982 tibi
807 1947 938 1983 Titiam
972 1951 1121 1983 matrem
1155 1948 1296 1993 puellae

206 1991 336 2027 dotem
365 1991 495 2034 sciam,
531 1995 651 2026 tamen
686 1996 722 2027 et
752 1992 829 2038 ipse
862 2003 932 2038 quo
965 1993 1076 2038 magis
1109 1993 1294 2029 conciliem

205 2036 373 2072 ‘animum
392 2040 494 2071 tuum
514 2035 658 2072 domui⁴
682 2047 793 2081 meae,
812 2037 919 2074 fidem
937 2048 1053 2074 meam
1070 2038 1296 2084 interponere

206 2085 290 2117 ‘non
313 2081 456 2117 dubito:
481 2092 592 2127 quare
615 2082 719 2125 scias,
745 2083 994 2129 quodcumque
1017 2084 1062 2119 ab
1087 2094 1131 2120 ea
1155 2093 1199 2119 ex
1222 2084 1291 2119 hac

206 2130 329 2162 ‘causa
352 2126 544 2172 stipulatus
567 2126 690 2171 fueris,
714 2128 751 2163 id
774 2139 831 2164 me
853 2138 933 2164 mea
955 2128 1026 2164 fide
1049 2139 1127 2165 esse
1149 2128 1295 2165 iussisse

206 2172 353 2207 ‘salvum
374 2174 412 2207 te
434 2172 664 2207 habiturum?
701 2177 808 2218 atque
830 2173 883 2208 ita
906 2173 1022 2216 Titia,
1055 2184 1147 2220 quae
1178 2184 1293 2219 neque

205 2217 299 2252 Titio
312 2218 326 2238 ⁵
349 2216 581 2252 mandaverat
603 2227 718 2263 neque
740 2222 860 2253 ratum
883 2219 1060 2254 habuerat
1084 2219 1181 2264 quod
1203 2219 1292 2255 scri-

205 2265 344 2307 pserat,
376 2261 495 2297 dotem
519 2262 600 2298 Seio
623 2263 796 2308 promisit.
841 2274 994 2309 quaero,
1026 2264 1058 2299 si
1080 2264 1185 2299 heres
1209 2264 1294 2300 Titii

205 2318 248 2342 ex
282 2317 393 2343 causa
424 2307 584 2343 mandati
613 2308 851 2353 praestiterit,
884 2319 931 2344 an
962 2309 1104 2345 actione
1134 2309 1294 2344 mandati

203 2352 369 2388 heredem
392 2351 509 2388 Titiae
533 2354 721 2389 convenire
742 2357 872 2399 potest.
907 2354 1077 2399 respondi
1096 2354 1293 2390 secundum

204 2408 265 2439 ea,
298 2407 390 2443 quae
413 2402 681 2443 proponuntur,
715 2409 788 2434 non
810 2409 916 2444 posse
926 2400 950 2434 ⁶.
987 2399 1072 2434 item
1095 2399 1293 2451 quaesitum

204 2446 276 2485 est,
308 2453 356 2477 an
379 2452 447 2477 nec
469 2443 693 2488 negotiorum
714 2447 906 2489 gestorum.
942 2454 998 2479 res
1027 2443 1111 2479 ondi
1133 2454 1200 2479 nec
1223 2445 1293 2480 hoc

204 2487 346 2523 nomine
364 2487 441 2522 iure
462 2497 568 2533 agere
586 2498 710 2533 posse:
734 2489 854 2534 palam
879 2489 971 2524 enim
1010 2490 1140 2525 acere⁷
1159 2489 1293 2525 Titium

203 2543 276 2568 non
294 2536 368 2568 tam
380 2532 497 2568 Titiae
514 2533 667 2575 nomine,
687 2544 794 2579 quam
815 2533 911 2579 quod
932 2534 1157 2570 consultum⁸
1176 2534 1292 2578 vellet,

204 2577 402 2614 mandasse.
435 2577 521 2613 item
540 2577 571 2613 si
590 2578 738 2614 maritus
758 2579 927 2615 adversus
945 2579 1190 2615 mandatorem
1210 2590 1291 2624 age-

203 2627 276 2666 ret,
312 2633 358 2658 an
394 2622 514 2668 aliqua
547 2623 755 2669 exceptione
789 2625 1076 2660 summoveatur?
1122 2624 1292 2670 respondi

205 2670 224 2702 2
271 2667 360 2702 nihil
379 2668 542 2712 proponi,
567 2679 632 2703 cur
650 2669 923 2705 summovendus
944 2670 1000 2705 sit.
1048 2669 1200 2705 Duobus
1213 2670 1292 2715 quis

204 2712 386 2747 mandavit
397 2713 618 2757 negotiorum
630 2713 991 2750 administrationem:
1038 2714 1213 2750 uaesitum
1226 2719 1291 2758 est,

204 2768 251 2792 an
274 2757 519 2802 unusquisque
542 2758 700 2794 mandati
722 2759 854 2795 iudicio
877 2759 915 2794 in
939 2759 1006 2795 soli
1032 2770 1091 2795 um
1114 2763 1290 2795 teneatur.

203 2802 372 2847 respondi
395 2804 706 2849 unumquemque⁹
728 2815 794 2850 pro
812 2804 926 2840 solido
948 2804 1128 2840 conveniri
1148 2804 1290 2848 debere,

205 2847 395 2882 dummodo
428 2847 474 2882 ab
506 2852 659 2894 utroque
691 2860 764 2884 non
796 2849 948 2894 amplius
972 2849 1092 2886 debito
1118 2849 1289 2895 exigatur.

205 2895 224 2928 3
272 2891 309 2927 Si
339 2892 433 2927 inter
464 2893 629 2929 maritum
661 2897 697 2929 et
730 2904 894 2930 socerum
916 2894 953 2929 id
977 2898 1097 2931 actum
1121 2898 1216 2930 esset
1236 2895 1291 2930 vel

204 2937 314 2972 tacito
350 2937 534 2972 intellectu
549 2939 594 2981 ¹⁰,
630 2942 670 2974 ut
705 2950 796 2975 onus
832 2939 1054 2975 exhibendae
1087 2939 1210 2976 uxoris
1245 2939 1292 2975 ad

205 2982 369 3017 maritum
392 2982 525 3017 rediret
547 2987 754 3027 praestante
776 2988 879 3029 patre
903 2984 996 3020 dotis
1028 2995 1178 3027 usuras,
1211 2984 1290 3020 nul-

204 3027 274 3062 lam
298 3027 476 3062 actionem
500 3028 685 3072 superfore
704 3028 751 3064 ad
767 3029 1008 3075 recipiendum
1029 3029 1125 3075 quod
1144 3033 1292 3075 negetur

204 3075 474 3116 consumptum:
519 3073 614 3117 quod
658 3074 688 3109 si
729 3079 832 3127 pater
866 3075 1007 3120 puellae
1040 3075 1291 3110 exhibitionem

204 3116 393 3169 mandasse
423 3127 462 3152 se
491 3116 638 3168 doceat,
675 3123 852 3155 actionem
886 3119 1046 3155 mandati
1078 3123 1289 3165 competere.

205 3165 225 3197 4
271 3162 407 3197 Lucius
428 3161 544 3197 Titius
563 3162 684 3198 fratris
708 3164 781 3199 filio
806 3164 981 3200 commisit
1003 3175 1122 3200 rerum
1145 3175 1291 3200 suarum

204 3277 243 3317 (1)
267 3274 459 3308 vendideris
469 3275 505 3308 F
580 3277 623 3316 (2)
649 3286 699 3308 me
713 3276 750 3317 S,
763 3290 821 3310 om.
835 3277 869 3310 F
945 3278 988 3319 (3)
1013 3278 1212 3311 condicione
1226 3277 1286 3311 FS

204 3322 247 3361 (4)
271 3320 371 3353 domu
384 3319 419 3353 F
493 3319 536 3361 (5)
560 3320 608 3352 tio
621 3320 655 3352 F
738 3327 781 3361 (6)
806 3332 902 3364 posse
916 3322 953 3363 S,
967 3333 1038 3355 esse
1051 3323 1084 3356 F
1167 3324 1209 3363 (7)
1235 3322 1284 3354 sa-

203 3366 290 3407 cere]
303 3365 366 3398 hac
379 3364 421 3397 de
429 3375 466 3398 re
476 3377 539 3398 scr.
633 3366 676 3405 (8)
702 3366 834 3407 puellae
848 3369 906 3400 ins.
997 3369 1041 3410 (9)
1065 3377 1285 3410 unumquem-

204 3421 302 3453 quem
314 3410 349 3444 F
469 3411 529 3451 (ιο)
552 3409 761 3460 intellectum
775 3424 838 3444 van
851 3413 891 3445 de
908 3412 1019 3446 Water
1132 3414 1186 3454 (ιι)
1210 3412 1287 3445 ’τῶν

202 3456 267 3489 τοῦ
277 3452 414 3501 πατρὸς
423 3451 503 3488 υἱὸν
513 3466 587 3494 scr„
601 3466 667 3487 τον
677 3466 707 3486 τ.
722 3466 758 3488 π.
772 3453 851 3488 υἱὸν
864 3457 899 3489 Β
1068 3461 1125 3495 (12)
1149 3457 1227 3490 τῶν
1237 3457 1284 3497 Β,

204 3513 261 3534 om.
276 3501 310 3534 F
397 3502 454 3540 (¹³)
480 3500 517 3533 id
527 3506 591 3533 est.-
604 3499 682 3532 Seio
693 3499 763 3532 filio
776 3500 925 3535 salutem.
950 3502 1038 3534 Mihi
1051 3502 1185 3543 quidem
1196 3501 1285 3534 vidc-

204 3550 260 3578 tur
273 3548 413 3578 naturae
425 3545 639 3583 conveniens,
662 3547 701 3576 ut
720 3545 826 3586 patris
840 3547 1168 3589 necessariorumque
1179 3546 1286 3589 patris

204 3590 294 3623 filius
310 3600 423 3623 curam
444 3593 541 3632 gerat
559 3599 621 3622 neo
639 3589 814 3632 qnisquam
838 3592 1107 3632 procurationem
1125 3592 1284 3634 requirat.

204 3639 240 3667 at
250 3635 279 3668 si
294 3646 333 3668 ea
344 3645 476 3678 quoque
489 3634 731 3677 quodammodo
746 3645 831 3677 opus
843 3640 903 3677 est,
925 3647 1036 3668 rerum
1057 3646 1203 3669 mearum
1216 3647 1284 3668 om-

203 3680 298 3712 nium
311 3683 558 3721 procuratorem
573 3682 605 3713 te
618 3679 716 3719 facio,
737 3683 775 3711 ut
795 3679 835 3712 de
855 3680 899 3712 iis
919 3681 1106 3714 constituas
1126 3684 1165 3714 ut
1184 3681 1284 3721 voles,

203 3724 274 3758 sive
287 3724 426 3758 vendere
439 3724 528 3757 voles
540 3725 610 3758 sive
621 3724 759 3767 pignori
771 3735 839 3757 rem
852 3724 1002 3768 obligare
1014 3726 1084 3759 sive
1096 3737 1203 3759 emere
1214 3726 1285 3759 sive

1286 102 1369 151 222

2357 121 2448 154 PRo
2464 146 2466 148 v

1365 227 1781 265 administrationemita:
1794 229 1894 274 Σεΐφ
1906 232 2021 274 τέκνῳ
2032 231 2181 276 χαίρειν.
2205 228 2276 278 ἐγὼ
2286 231 2453 275 μὲνκατὰ
2511 259 2513 263 ,

1365 271 1474 319 φύσιν
1486 273 1579 308 εἶναι
1589 274 1726 319 νομίζω
1736 274 1780 309 τὸ
1795 271 1884 319 ὑπὲρ
1905 274 2042 322 πατρὸς
2061 277 2123 308 καὶ
2141 276 2218 309 τῶν
2235 277 2301 310 τοῦ
2318 276 2454 323 πατρὸς
2509 298 2512 302 ·

1365 317 1493 352 υἱῶν11
1523 331 1600 365 πρα
1620 317 1846 363 ματεῦεσθαι
1877 318 1959 362 δίχα
1989 322 2055 355 τοῦ
2094 318 2178 354 τινὰ
2218 321 2454 366 ἐπιτροπικὸν

1367 364 1491 399 αἰτεῖν.
1527 364 1559 398 εἰ
1604 366 1622 398 ἑ
1653 362 1711 399 δεῖ
1738 367 1799 399 καὶ
1827 363 1995 400 τοιούτου
2024 362 2140 407 τινός,
2176 367 2358 412 ἐπιτρέπω
2395 379 2454 402 σοι
2483 379 2507 398 2

1366 410 1449 454 περὶ
1471 406 1623 444 πάντων
1643 410 1761 444 τῶνὶ*
1783 412 1882 455 ἐμῶν
1898 407 1948 448 ὦς
1976 408 2095 446 θέλεις
2119 411 2450 466 πραγματεύεσθαι,
2484 398 2505 465 7}

1368 454 1439 487 εἴτε
1456 451 1595 489 πωλεῖν
1612 452 1730 491 θέλεις
1752 455 1824 489 εἴτε
1833 452 2084 490 ὑποτίθεσθαι
2096 455 2167 489 εἴτε
2179 454 2372 502 αγοράζειν
2383 457 2454 491 εἴτε
2485 471 2504 503 i-

1367 496 1490 533 ὁτιοῦν
1507 496 1691 545 πράττειν,
1715 497 1763 535 ὥς
1782 504 1893 546 κυρίῳ
1917 499 1997 535 ὄντι
2006 502 2083 534 τῶν
2094 502 2208 546 ἐμῶν·
2229 503 2315 545 ἐμοῦ
2332 501 2454 536 πάντα
2490 504 2501 529 5²

1367 541 1473 591 κύρια
1491 543 1539 578 τὰ
1556 540 1627 579 ὑπὸ
1648 546 1713 579 οοῦ
1730 543 1810 592 γινό
1878 559 1902 579 α
1923 543 2119 593 ἡγουμένου
2138 549 2200 580 καὶ
2217 542 2332 590 μηδὲν
2350 542 2453 580 ἄντι-
2487 557 2503 606 3

1366 587 1529 635 λέγοντός
1553 601 1612 624 σοι
1632 589 1722 635 πρὸς
1744 603 1793 634 μη
1820 593 1924 635 eldaa}
1944 588 2079 636 πρᾶξιν
2089 591 2129 626 ¹³.
2187 591 2362 626 uaesitum
2387 595 2452 635 est,
2488 606 2501 625 ι

1366 634 1398 670 si
1428 633 1514 679 quid
1543 644 1616 669 non
1647 634 1917 670 administrandi
1948 635 2085 679 animo,
2116 646 2155 672 se
2208 636 2454 672 fraudulenter
2484 638 2509 681 ⁷3

1367 679 1558 715 alienasset
1578 679 1635 715 vel
1657 680 1879 723 mandasset,
1912 690 1959 716 an
1981 680 2126 716 valeret.
2161 681 2330 726 respondi
2361 691 2453 725 eum,
2486 688 2505 722 ,ἰ

1368 724 1412 760 de
1459 735 1504 760 uo
1530 729 1778 770 quaereretur,
1802 725 1906 771 plene
1952 725 2087 769 uidem,
2112 725 2175 762 sed
2199 730 2374 772 quatenus
2395 737 2454 762 res
2481 720 2505 755 Σ·
2526 727 2528 765 1

1368 779 1412 805 ex
1435 735 1512 805 ffide
1543 770 1681 815 agenda
1703 774 1814 813 esset,
1845 780 1928 805 man
1955 780 2044 806 asse.
2087 771 2172 806 item
2205 781 2354 817 quaero,
2396 782 2453 813 an,
2480 755 2507 795 ’ζ
2526 770 2528 805 4

1368 825 1450 850 cum
1470 813 1572 851 Seius
1595 815 1804 861 magistratu
1827 815 1973 851 functus
1993 815 2134 852 debitor
2153 816 2356 860 exstitisset,
2379 817 2453 852 Lu·
2484 793 2508 859 ἶ
2527 817 2528 870 )

1369 860 1445 895 cius
1469 860 1585 895 Titius
1609 870 1650 896 eo
1674 861 1816 897 nomine
1841 861 2021 896 conveniri
2033 861 2060 882 ¹⁴
2083 862 2198 907 possit
2219 861 2275 897 vel
2296 871 2354 898 res
2378 862 2454 898 eius

1368 904 1547 950 obligatae
1559 909 1677 941 essent
1687 910 1835 951 propter
1854 906 1963 942 verba
1982 905 2156 952 epistulae
2175 917 2285 987 suplra
2303 907 2449 952 scripta.
2487 913 2509 947 ’μ

1367 961 1424 986 res
1453 951 1537 986 ondi
1547 960 1662 996 neque
1675 951 1854 987 conveniri
1865 961 1972 996 posse
1984 961 2098 995 neque
2109 962 2167 987 res
2180 952 2225 988 ob
2242 953 2354 997 'gatas
2363 962 2451 988 esse.
2484 955 2486 959 ’

1447 994 1464 1032 1
1492 995 1653 1032 ΡΔσισε
1668 996 1760 1032 libro
1779 996 1936 1032 secundo
1956 997 2006 1032 ad
2024 997 2213 1033 Neratium
2259 997 2363 1041 Quod
2381 997 2453 1034 filio
2485 1015 2487 1042 ;
2503 1027 2505 1029 .

1366 1040 1521 1076 familias
1534 1042 1562 1063 ¹⁵
1584 1045 1627 1076 ut
1657 1044 1794 1086 peteret
1822 1041 2008 1085 mandavi,
2041 1042 2179 1078 emanci
2205 1045 2287 1078 atus
2319 1043 2452 1088 exegit:
2504 1082 2506 1086 ,

1367 1086 1412 1121 de
1434 1086 1575 1132 peculio
1598 1086 1693 1121 intra
1716 1097 1849 1122 annum
1874 1087 2008 1122 utiliter
2030 1097 2143 1133 agam.
2220 1098 2358 1123 annus:
2391 1088 2454 1124 sed
2502 1118 2506 1120 .

1368 1135 1404 1167 et
1427 1142 1509 1167 cum
1531 1131 1604 1167 filio
1629 1131 1805 1177 agendum
1829 1135 1893 1167 est.
2487 1134 2509 1175 t·

1414 1174 1468 1214 62
1492 1175 1696 1213 Samma
1710 1177 1801 1213 libro
1812 1180 1918 1213 seoeto
1931 1176 2150 1224 diqestorum
2197 1177 2286 1213 Cum
2308 1181 2452 1213 contro-

1367 1222 1482 1258 versia
1513 1225 1609 1258 esset
1639 1221 1683 1257 de
1713 1222 1911 1258 hereditate
1944 1221 2135 1258 defunctae
2163 1222 2257 1258 inter
2280 1223 2454 1268 scriptum
2486 1230 2499 1263 ἐ

1366 1267 1535 1303 heredem
1569 1271 1606 1302 et
1639 1270 1807 1312 patruum
1836 1267 2016 1303 Maevium
2050 1271 2087 1303 et
2116 1267 2262 1311 amitas,
2292 1268 2453 1304 Maevius
2487 1272 2500 1301 t

1365 1313 1493 1348 litteris
1530 1312 1576 1348 ad
1611 1322 1753 1348 sorores
1786 1322 1871 1349 suas
1901 1312 2009 1348 factis
2040 1312 2233 1349 declaravit
2267 1324 2454 1350 commune
2490 1315 2500 1353 ἒ

1365 1357 1546 1401 futurum,
1579 1357 1753 1403 quidquid
1784 1358 1831 1393 ad
1855 1368 1936 1393 eum
1959 1368 2003 1393 ex
2027 1362 2156 1394 eventu
2178 1358 2250 1394 litis
2273 1359 2452 1394 heredita-

1365 1403 1441 1439 riae
1463 1403 1700 1449 pervenisset‚
1724 1413 1841 1449 neque
1863 1403 2045 1448 stipulatio
2068 1403 2206 1439 litteras
2230 1407 2352 1440 secuta
2378 1408 2451 1440 est:
2490 1430 2498 1452 ὃ

1366 1449 1566 1494 quaesitum
1598 1452 1670 1491 est,
1702 1459 1783 1484 cum
1813 1448 2026 1493 transegerit
2055 1448 2150 1484 idem
2180 1449 2341 1485 Maevius
2373 1460 2453 1485 cum
2498 1452 2499 1458 ’

1366 1494 1499 1540 scripto
1530 1493 1662 1529 herede
1690 1493 1760 1536 ita,
1791 1497 1833 1529 ut
1854 1493 2003 1539 praedia
2025 1497 2062 1529 et
2084 1494 2176 1530 aliae
2199 1493 2374 1540 quaedam
2395 1505 2453 1531 res
2494 1495 2497 1497 ’

1366 1549 1411 1575 ex
1434 1549 1476 1575 ea
1498 1538 1741 1574 transactione
1765 1538 1811 1574 ad
1835 1549 1915 1574 eum
1938 1539 2172 1584 pervenirent,
2196 1550 2243 1575 an
2263 1550 2308 1575 ex
2326 1539 2452 1575 litteris
2492 1548 2501 1586 ξ

1365 1584 1439 1621 suis
1433 1584 1586 1665 Mpossit
1616 1594 1639 1619 a
1670 1584 1855 1621 sororibus
1887 1584 2079 1620 conveniri.
2123 1585 2307 1630 respondit
2334 1595 2451 1631 posse.
2491 1596 2498 1627 g

1369 1633 1382 1664 1
1474 1629 1602 1665 andavi
1624 1629 1662 1664 in
1685 1629 1775 1665 haec
1797 1629 1926 1665 verba:
1951 1629 2097 1665 ‘Lucius
2111 1629 2227 1665 Titius
2241 1629 2331 1666 Gaio
2345 1641 2410 1666 suo
2424 1631 2453 1652 ¹⁶
2494 1648 2499 1655 ·

1366 1675 1540 1710 ‘salutem
1584 1674 1674 1710 Peto
1699 1677 1736 1710 et
1757 1673 1887 1710 mando
1912 1674 1996 1717 tibi,
2027 1678 2070 1709 ut
2091 1674 2199 1710 fidem
2223 1675 2321 1711 dicas
2336 1676 2362 1697 ¹⁷
2411 1685 2451 1712 ro

1367 1720 1505 1756 ‘Publio
1524 1719 1664 1755 Maevio
1689 1730 1711 1754 a
1736 1719 1786 1754 ud
1809 1718 2074 1765 Sempronium:
2099 1730 2261 1766 quaeque
2284 1730 2306 1756 a
2324 1720 2380 1755 Pu
2404 1721 2452 1756 lio
2494 1731 2496 1736 ·

1366 1765 1496 1801 ‘soluta
1518 1764 1583 1800 tibi
1606 1775 1679 1800 non
1701 1730 1852 1806 gerim,
1884 1775 1941 1800 me
1970 1769 2319 1810 repraesentaturum
2341 1766 2410 1801 hac
2425 1766 2453 1787 ¹⁸
2492 1783 2497 1806 3

1365 1810 1530 1856 ‘epistula
1551 1821 1662 1845 manu
1684 1820 1764 1845 mea
1782 1810 1918 1890 scripta
1937 1813 2061 1846 notum
2080 1810 2146 1845 tibi
2162 1810 2282 1846 facio)
2308 1821 2451 1856 quaero,
2497 1836 2499 1838 -

1365 1856 1397 1892 si
1419 1867 1492 1892 non
1515 1854 1767 1898 fideiussisset,
1800 1865 1840 1891 se
1888 1855 2094 1891 mandasset
2117 1855 2283 1891 creditori
2306 1860 2343 1891 et
2364 1855 2451 1892 alias
2492 1853 2500 1901 f·

1365 1901 1494 1946 egisset
1517 1911 1624 1967 qzuam
1647 1900 1744 1946 quod
1757 1900 1785 1922 ¹⁹
1808 1900 1841 1936 ei
1864 1900 2072 1936 mandatum
2096 1905 2208 1944 esset,
2240 1911 2288 1936 an
2311 1901 2452 1936 actione
2495 1942 2498 1943 ⁷

1363 1946 1523 1982 mandati
1549 1947 1565 1968 ⁰
1587 1949 1779 1982 teneretur.
1814 1945 2003 1991 respondit
2024 1946 2148 1982 teneri.

1860 2040 1900 2078 11
1907 2038 1949 2078 ²¹.

1778 2105 1866 2138 PRO
1891 2104 2031 2140 SOCIO.

1413 2170 1430 2208 1
1468 2170 1629 2207 Psvws
1667 2171 1759 2208 libro
1803 2172 1988 2218 triqesimo
2021 2170 2178 2207 secundo
2213 2171 2264 2207 ad
2297 2171 2450 2208 edictum
2486 2178 2501 2218 j

1364 2216 1524 2252 Societas
1548 2216 1636 2252 coiri
1645 2216 1677 2238 ²²
1699 2219 1820 2262 potest
1842 2217 1897 2252 vel
1919 2216 1957 2251 in
1979 2219 2205 2262 perpetuum,
2229 2216 2266 2251 id
2289 2220 2344 2252 est
2367 2216 2450 2252 dum
2482 2239 2502 2258 ι,

1362 2261 1501 2304 vivunt‚
1533 2261 1589 2297 vel
1620 2261 1667 2297 ad
1697 2265 1838 2306 tempus
1868 2261 1923 2297 vel
1947 2271 1990 2297 ex
2013 2265 2172 2306 tempore
2194 2261 2250 2298 vel
2272 2262 2339 2297 sub
2364 2272 2449 2298 con·
2493 2257 2498 2266 ¹

1365 2311 1380 2341 1
1430 2306 1580 2342 dicione.
1627 2306 1671 2342 In
1693 2307 1865 2342 societate
1883 2307 2039 2342 omnium
2057 2306 2233 2342 bonorum
2251 2317 2373 2343 omnes
2392 2317 2450 2343 res
2498 2346 2501 2347 ⁷

1362 2361 1454 2396 quae
1479 2352 1683 2387 coeuntium
1705 2355 1791 2387 sunt
1814 2351 1982 2388 continuo
2007 2351 2324 2395 communicantur,
2490 2388 2494 2389 ι

1356 2421 1358 2423 -
1408 2394 1434 2433 2
1461 2395 1586 2433 ΟΑΙΠΒ
1601 2396 1691 2432 libro
1711 2397 1848 2433 decimo
1867 2396 1919 2432 ad
1935 2397 2088 2433 edictum
2092 2397 2321 2443 provinciale
2354 2397 2448 2443 quia,
2496 2404 2501 2434 ῖ-

1361 2441 1445 2477 licet
1468 2441 1672 2486 specialiter
1694 2441 1839 2478 traditio
1863 2452 1936 2478 non
1954 2441 2175 2485 interveniat,
2199 2442 2312 2477 tacita
2329 2445 2449 2478 tamen

1362 2486 1519 2522 creditur
1540 2486 1763 2523 intervenire.
2491 2491 2499 2526 ᾳ

1407 2529 1432 2570 3
1457 2531 1618 2568 PAvas
1637 2531 1728 2568 libro
1753 2532 1935 2578 triqesimo
1954 2531 2110 2568 secundo
2130 2531 2181 2567 ad
2197 2531 2350 2568 edictum
2391 2531 2450 2568 Ea
2494 2546 2501 2571 ῑ

1360 2587 1455 2620 vero,
1481 2586 1575 2622 quae
1596 2577 1634 2612 in
1656 2577 1856 2613 nominibus
1881 2580 1995 2619 erunt,
2019 2580 2164 2612 manent
2185 2576 2224 2612 in
2246 2587 2311 2613 suo
2332 2581 2446 2613 statu:
2492 2583 2498 2615 ;“

1364 2625 1379 2657 1
1430 2621 1493 2658 sed
1527 2622 1687 2658 actiones
1722 2621 1872 2657 invicem
1905 2626 2090 2667 praestare
2099 2622 2130 2643 ²³
2164 2621 2303 2658 debent.
2360 2621 2447 2658 Cum
2492 2623 2501 2668 ξ

1361 2666 1942 2757 {iefiiffiia‘s'mfflussgssssffimff
1965 2666 2448 2756 {Z‘ssffitaiossssssffmfflssgt‘ffi

1361 2768 1433 2804 qua
1457 2767 1505 2793 ua
1527 2757 1667 2793 ratione
1690 2757 1906 2802 adquisitum
1925 2756 2163 2792 communioni
2173 2757 2204 2777 2⁴
2228 2757 2444 2802 adquiretur.
2494 2776 2497 2781 ·

1361 2806 1381 2838 2
1465 2812 1485 2838 e
1507 2802 1567 2838 illo
1593 2802 1795 2848 quaeritur,
1828 2802 1859 2837 si
1889 2801 1941 2836 ita
1963 2802 2010 2836 sit
2033 2801 2127 2836 coita
2150 2801 2304 2837 societas
2313 2803 2363 2845 ²⁶,
2394 2806 2445 2845 ut,
2488 2813 2501 2843 f,

1361 2848 1392 2884 si
1415 2858 1487 2893 qua
1509 2847 1604 2883 iusta
1626 2847 1804 2883 hereditas
1827 2845 1991 2882 alterutri
2013 2846 2215 2890 obvenerit,
2250 2847 2445 2883 communis
2487 2845 2507 2911 ff

1361 2893 1418 2935 sit,
1443 2902 1536 2938 quae
1559 2892 1606 2928 sit
1614 2892 1646 2914 ²⁶
1668 2893 1765 2928 iusta
1786 2890 1976 2934 hereditas,
2001 2895 2119 2926 utrum
2144 2901 2236 2937 quae
2258 2892 2336 2928 iure
2359 2892 2444 2938 legi·

1359 2938 1445 2973 timo
1471 2937 1615 2973 obvenit
1636 2947 1684 2972 an
1707 2937 1813 2972 etiam
1837 2946 1879 2971 ea
1902 2946 1994 2982 quae
2025 2938 2263 2972 testamento?
2298 2941 2333 2972 et
2387 2947 2444 2973 ro-
2492 2937 2505 2974 ἴ

1360 2983 1513 3019 babillus
1549 2985 1604 3018 est
1638 2981 1686 3017 ad
1719 2981 1910 3027 legitimam
1943 2981 2176 3017 hereditatem
2207 2985 2346 3017 tantum
2401 2992 2445 3018 oc
2486 2982 2502 3006 ἰ

1361 3031 1381 3064 3
1427 3027 1616 3074 pertinere.
1664 3026 1824 3062 Societas
1857 3026 1888 3062 si
1919 3026 2002 3062 dolo
2034 3026 2127 3062 malo
2162 3030 2226 3062 aut
2254 3026 2444 3062 fraudandi
2499 3030 2503 3073 j

1361 3083 1472 3108 causa
1495 3071 1590 3108 coita
1615 3071 1681 3115 sit,
1711 3071 1790 3117 ipso
1813 3072 1891 3107 iure
1914 3071 2044 3107 nullius
2067 3072 2234 3107 momenti
2257 3076 2328 3114 est,
2362 3072 2445 3118 quia
2491 3099 2498 3105 .

1359 3117 1448 3153 fides
1472 3117 1568 3153 bona
1591 3117 1771 3152 contraria
1795 3121 1850 3153 est
1871 3116 1991 3152 fraudi
2013 3120 2049 3152 et
2072 3116 2164 3151 dolo.

1406 3162 1432 3199 4
1455 3161 1711 3198 Moorsmrvs
1731 3162 1822 3198 libro
1847 3162 1950 3197 tertio
1973 3161 2183 3207 reqularum
2231 3161 2443 3197 Societatem
2496 3203 2498 3205 ,

1356 3276 1450 3310 aliud
1470 3275 1605 3319 quidvis
1625 3275 1751 3316 facere,
1780 3278 1949 3318 tamquam
1978 3275 2133 3308 dominus
2152 3286 2262 3308 rerum
2283 3285 2442 3316 mearum,
2494 3263 2507 3308 ’ἶ

1356 3332 1432 3354 cum
1445 3331 1506 3363 ego
1519 3324 1630 3353 ratum
1650 3320 1828 3353 habiturus
1848 3321 1910 3353 sim
1931 3330 2150 3362 quaecunque
2169 3320 2313 3363 gesseris
2335 3330 2441 3363 neque

1355 3367 1392 3399 in
1407 3366 1477 3399 ulla
1490 3377 1525 3398 re
1537 3365 1603 3398 tibi
1617 3370 1734 3398 contra
1747 3365 1899 3398 dicturus
1991 3366 2049 3407 (14)
2074 3366 2253 3398 convenire
2265 3365 2300 3398 F
2382 3368 2440 3405 (1⁵)
2490 3358 2507 3378 ⁴*

1354 3411 1443 3444 filias
1456 3412 1487 3444 F
1620 3414 1680 3452 (16)
1705 3410 1791 3443 Gaio
1805 3411 1881 3443 Seio
1893 3411 2075 3454 Hoffmann
2222 3412 2280 3450 (ιτ)
2306 3410 2400 3443 dicos
2412 3410 2446 3443 F
2487 3406 2506 3449 ζ

1355 3460 1414 3496 (18)
1440 3456 1521 3489 haec
1533 3456 1569 3488 F
1656 3457 1715 3498 (19)
1740 3455 1829 3498 quod
1843 3455 1905 3489 del.
1918 3456 1993 3489 edd.
2086 3458 2149 3497 (20)
2174 3455 2287 3488 Titius
2300 3457 2359 3490 ine.

1401 3502 1460 3542 (ιι)
1485 3501 1567 3535 Sub.
1582 3507 1659 3535 1...s.
1672 3508 1771 3535 ⁶...27.
1787 3507 1901 3535 29...31.
1916 3507 2034 3534 ss...4o.
2049 3507 2169 3535 4²...6a
2184 3507 2310 3540 ⁶5...7³;
2333 3501 2396 3534 Ed.
2411 3507 2439 3534 4.

1355 3554 1402 3580 28.
1416 3553 1462 3580 32.
1474 3554 1515 3580 ιι.
1531 3553 1647 3580 umis.
1663 3554 1711 3581 78.
1726 3553 1783 3582 80:
1803 3545 1888 3590 Pap.
1904 3552 1952 3579 64.
1966 3553 2010 3579 τι.
2027 3553 2074 3580 7⁹.
2089 3553 2213 3585 81...se;
2235 3546 2320 3589 App.
2335 3552 2382 3579 ει.
2394 3563 2440 3570 -
2488 3552 2502 3576 ’.

1355 3591 1439 3624 Bas.
1462 3593 1605 3627 12.1.-
1621 3590 1671 3634 Cf.
1685 3592 1767 3624 Inst.
1783 3592 1814 3632 3,
1829 3598 1882 3629 2⁵3
1901 3591 1979 3624 God.
1993 3593 2025 3632 4,
2039 3598 2074 3625 ³7
2225 3592 2287 3632 (22)
2313 3590 2398 3622 ociri
2410 3589 2443 3622 F
2488 3596 2510 3633 z?

1353 3638 1416 3676 (23)
1442 3640 1591 3679 prastare
1603 3636 1638 3668 F
1770 3638 1830 3675 (24)
1856 3635 2125 3668 communionum
2138 3635 2173 3668 F
2307 3637 2369 3675 (25)
2393 3635 2439 3668 sit
2489 3634 2508 3690 ὲ

1353 3682 1496 3714 societas
1509 3682 1597 3713 coita
1607 3682 1794 3715 similiter-ve
1807 3680 1845 3723 S,
1859 3681 2001 3713 societas
2015 3682 2088 3723 (om.
2101 3681 2147 3714 sit
2159 3681 2261 3722 coita)
2275 3681 2310 3714 F
2373 3681 2437 3722 (26)
2481 3691 2504 3725 ᾗῇ
2517 3703 2519 3706 -

1354 3726 1400 3759 sit
1412 3726 1451 3766 S,
1464 3739 1522 3760 om.
1534 3727 1568 3760 F
2488 3728 2498 3754 ἒ

2487 3830 2528 3878 ‚1
