<?xml version="1.0" encoding="UTF-8"?>
<!DOCTYPE html PUBLIC "-//W3C//DTD XHTML 1.0 Transitional//EN"
    "http://www.w3.org/TR/xhtml1/DTD/xhtml1-transitional.dtd">
<html xmlns="http://www.w3.org/1999/xhtml" xml:lang="en" lang="en">
 <head>
  <title>
</title>
<meta http-equiv="Content-Type" content="text/html;charset=utf-8" />
  <meta name='ocr-system' content='tesseract 3.04.00' />
  <meta name='ocr-capabilities' content='ocr_page ocr_carea ocr_par ocr_line ocrx_word'/>
</head>
<body>
  <div class='ocr_page' id='page_1' title='image "./corpusjuriscivil01krueuoft_0174.png"; bbox 0 0 2528 3918; ppageno 0'>
   <div class='ocr_carea' id='block_1_1' title="bbox 179 115 320 159">
    <p class='ocr_par' dir='ltr' id='par_1_1' title="bbox 179 115 320 159">
     <span class='ocr_line' id='line_1_1' title="bbox 179 115 320 159; baseline -0.014 1"><span class='ocrx_word' id='word_1_1' title='bbox 179 115 320 159; x_wconf 87' lang='lat'>11114</span> 
     </span>
    </p>
   </div>
   <div class='ocr_carea' id='block_1_2' title="bbox 167 235 1266 3566">
    <p class='ocr_par' dir='ltr' id='par_1_2' title="bbox 167 235 1266 3027">
     <span class='ocr_line' id='line_1_2' title="bbox 178 235 1265 288; baseline -0.005 -13"><span class='ocrx_word' id='word_1_2' title='bbox 178 238 417 275; x_wconf 84' lang='lat' dir='ltr'><strong>manumissus</strong></span> <span class='ocrx_word' id='word_1_3' title='bbox 449 247 515 281; x_wconf 90' lang='lat' dir='ltr'><strong>sup</strong></span> <span class='ocrx_word' id='word_1_4' title='bbox 541 236 709 278; x_wconf 78' lang='lat' dir='ltr'><strong>timebat,</strong></span> <span class='ocrx_word' id='word_1_5' title='bbox 743 239 951 288; x_wconf 86' lang='lat' dir='ltr'><strong>competunt</strong></span> <span class='ocrx_word' id='word_1_6' title='bbox 981 235 1151 271; x_wconf 86' lang='lat' dir='ltr'><strong>adversus</strong></span> <span class='ocrx_word' id='word_1_7' title='bbox 1186 245 1265 270; x_wconf 89' lang='lat' dir='ltr'><strong>eum</strong></span> 
     </span>
     <span class='ocr_line' id='line_1_3' title="bbox 179 248 1264 333; baseline -0.005 -13"><span class='ocrx_word' id='word_1_8' title='bbox 179 284 339 320; x_wconf 79' lang='lat' dir='ltr'><strong>actiones</strong></span> <span class='ocrx_word' id='word_1_9' title='bbox 363 282 410 317; x_wconf 85' lang='lat' dir='ltr'><strong>ad</strong></span> <span class='ocrx_word' id='word_1_10' title='bbox 434 248 731 333; x_wconf 41' lang='lat' dir='ltr'><strong>abigendum-et</strong></span> <span class='ocrx_word' id='word_1_11' title='bbox 753 280 841 316; x_wconf 88' lang='lat' dir='ltr'><strong>furti</strong></span> <span class='ocrx_word' id='word_1_12' title='bbox 873 285 909 317; x_wconf 90' lang='lat' dir='ltr'><strong>et</strong></span> <span class='ocrx_word' id='word_1_13' title='bbox 941 281 1138 323; x_wconf 90' lang='lat' dir='ltr'><strong>condictio,</strong></span> <span class='ocrx_word' id='word_1_14' title='bbox 1170 279 1264 315; x_wconf 86' lang='lat' dir='ltr'><strong>vide-</strong></span> 
     </span>
     <span class='ocr_line' id='line_1_4' title="bbox 179 326 1265 374; baseline -0.006 -9"><span class='ocrx_word' id='word_1_15' title='bbox 179 329 262 365; x_wconf 89' lang='lat' dir='ltr'><strong>licet</strong></span> <span class='ocrx_word' id='word_1_16' title='bbox 284 328 450 374; x_wconf 88' lang='lat' dir='ltr'><strong>quoniam</strong></span> <span class='ocrx_word' id='word_1_17' title='bbox 474 330 510 362; x_wconf 90' lang='lat' dir='ltr'><strong>et</strong></span> <span class='ocrx_word' id='word_1_18' title='bbox 532 336 769 362; x_wconf 86' lang='lat' dir='ltr'><strong>manumissus</strong></span> <span class='ocrx_word' id='word_1_19' title='bbox 793 335 855 362; x_wconf 84' lang='lat' dir='ltr'><strong>eas</strong></span> <span class='ocrx_word' id='word_1_20' title='bbox 879 326 1136 362; x_wconf 81' lang='lat' dir='ltr'><strong>contrectabat.</strong></span> <span class='ocrx_word' id='word_1_21' title='bbox 1171 329 1265 360; x_wconf 90' lang='lat' dir='ltr'><strong>cete-</strong></span> 
     </span>
     <span class='ocr_line' id='line_1_5' title="bbox 178 369 1266 409; baseline -0.004 0"><span class='ocrx_word' id='word_1_22' title='bbox 178 385 257 409; x_wconf 92' lang='lat' dir='ltr'><strong>rum</strong></span> <span class='ocrx_word' id='word_1_23' title='bbox 280 383 324 408; x_wconf 84' lang='lat' dir='ltr'><strong>ex</strong></span> <span class='ocrx_word' id='word_1_24' title='bbox 348 372 476 407; x_wconf 90' lang='lat' dir='ltr'><strong>delicto</strong></span> <span class='ocrx_word' id='word_1_25' title='bbox 500 370 537 406; x_wconf 90' lang='lat' dir='ltr'><strong>in</strong></span> <span class='ocrx_word' id='word_1_26' title='bbox 561 371 788 406; x_wconf 88' lang='lat' dir='ltr'><strong>servitutem¹</strong></span> <span class='ocrx_word' id='word_1_27' title='bbox 811 370 910 406; x_wconf 83' lang='lat' dir='ltr'><strong>facto</strong></span> <span class='ocrx_word' id='word_1_28' title='bbox 934 371 1075 406; x_wconf 90' lang='lat' dir='ltr'><strong>domino</strong></span> <span class='ocrx_word' id='word_1_29' title='bbox 1095 369 1266 405; x_wconf 89' lang='lat' dir='ltr'><strong>adversus</strong></span> 
     </span>
     <span class='ocr_line' id='line_1_6' title="bbox 179 415 1264 463; baseline -0.005 -9"><span class='ocrx_word' id='word_1_30' title='bbox 179 429 258 454; x_wconf 90' lang='lat' dir='ltr'><strong>eum</strong></span> <span class='ocrx_word' id='word_1_31' title='bbox 282 421 364 463; x_wconf 89' lang='lat' dir='ltr'><strong>post</strong></span> <span class='ocrx_word' id='word_1_32' title='bbox 386 417 585 451; x_wconf 89' lang='lat' dir='ltr'><strong>libertatem</strong></span> <span class='ocrx_word' id='word_1_33' title='bbox 607 416 702 452; x_wconf 87' lang='lat' dir='ltr'><strong>actio</strong></span> <span class='ocrx_word' id='word_1_34' title='bbox 726 426 799 451; x_wconf 90' lang='lat' dir='ltr'><strong>non</strong></span> <span class='ocrx_word' id='word_1_35' title='bbox 822 416 1008 460; x_wconf 88' lang='lat' dir='ltr'><strong>competit:</strong></span> <span class='ocrx_word' id='word_1_36' title='bbox 1042 419 1078 450; x_wconf 89' lang='lat' dir='ltr'><strong>et</strong></span> <span class='ocrx_word' id='word_1_37' title='bbox 1108 415 1178 450; x_wconf 90' lang='lat' dir='ltr'><strong>hoc</strong></span> <span class='ocrx_word' id='word_1_38' title='bbox 1208 425 1264 449; x_wconf 90' lang='lat' dir='ltr'><strong>re-</strong></span> 
     </span>
     <span class='ocr_line' id='line_1_7' title="bbox 181 459 1265 515; baseline -0.004 -17"><span class='ocrx_word' id='word_1_39' title='bbox 181 467 194 498; x_wconf 91' lang='lat'>1</span> <span class='ocrx_word' id='word_1_40' title='bbox 246 463 377 515; x_wconf 86' lang='lat' dir='ltr'><strong>scripto</strong></span> <span class='ocrx_word' id='word_1_41' title='bbox 411 461 481 496; x_wconf 86' lang='lat' dir='ltr'><strong>divi</strong></span> <span class='ocrx_word' id='word_1_42' title='bbox 504 460 624 497; x_wconf 87' lang='lat' dir='ltr'><strong>Severi</strong></span> <span class='ocrx_word' id='word_1_43' title='bbox 648 461 860 496; x_wconf 86' lang='lat' dir='ltr'><strong>continetur.</strong></span> <span class='ocrx_word' id='word_1_44' title='bbox 908 460 1000 504; x_wconf 81' lang='lat' dir='ltr'><strong>Quid</strong></span> <span class='ocrx_word' id='word_1_45' title='bbox 1023 460 1054 495; x_wconf 88' lang='lat' dir='ltr'><strong>si</strong></span> <span class='ocrx_word' id='word_1_46' title='bbox 1077 460 1192 495; x_wconf 88' lang='lat' dir='ltr'><strong>minor</strong></span> <span class='ocrx_word' id='word_1_47' title='bbox 1213 459 1265 494; x_wconf 89' lang='lat' dir='ltr'><strong>vi-</strong></span> 
     </span>
     <span class='ocr_line' id='line_1_8' title="bbox 175 503 1264 553; baseline -0.004 -11"><span class='ocrx_word' id='word_1_48' title='bbox 175 508 264 553; x_wconf 84' lang='lat' dir='ltr'><strong>ginti</strong></span> <span class='ocrx_word' id='word_1_49' title='bbox 276 516 431 552; x_wconf 87' lang='lat' dir='ltr'><strong>quinque</strong></span> <span class='ocrx_word' id='word_1_50' title='bbox 450 506 565 549; x_wconf 87' lang='lat' dir='ltr'><strong>annis,</strong></span> <span class='ocrx_word' id='word_1_51' title='bbox 588 506 703 542; x_wconf 88' lang='lat' dir='ltr'><strong>maior</strong></span> <span class='ocrx_word' id='word_1_52' title='bbox 724 506 844 551; x_wconf 89' lang='lat' dir='ltr'><strong>viginti</strong></span> <span class='ocrx_word' id='word_1_53' title='bbox 866 505 936 541; x_wconf 92' lang='lat' dir='ltr'><strong>hac</strong></span> <span class='ocrx_word' id='word_1_54' title='bbox 959 506 1034 549; x_wconf 87' lang='lat' dir='ltr'><strong>lege</strong></span> <span class='ocrx_word' id='word_1_55' title='bbox 1056 503 1264 547; x_wconf 83' lang='lat' dir='ltr'><strong>vendiderit,</strong></span> 
     </span>
     <span class='ocr_line' id='line_1_9' title="bbox 181 549 1264 596; baseline -0.004 -9"><span class='ocrx_word' id='word_1_56' title='bbox 181 557 217 588; x_wconf 81' lang='lat' dir='ltr'><strong>ut</strong></span> <span class='ocrx_word' id='word_1_57' title='bbox 240 551 539 587; x_wconf 74' lang='lat' dir='ltr'><strong>manumittatur?</strong></span> <span class='ocrx_word' id='word_1_58' title='bbox 561 550 641 587; x_wconf 91' lang='lat' dir='ltr'><strong>ideo</strong></span> <span class='ocrx_word' id='word_1_59' title='bbox 661 562 727 596; x_wconf 90' lang='lat' dir='ltr'><strong>pro</strong></span> <span class='ocrx_word' id='word_1_60' title='bbox 754 551 833 587; x_wconf 92' lang='lat' dir='ltr'><strong>osui</strong></span> <span class='ocrx_word' id='word_1_61' title='bbox 843 550 1011 585; x_wconf 89' lang='lat' dir='ltr'><strong>maiorem</strong></span> <span class='ocrx_word' id='word_1_62' title='bbox 1022 549 1154 593; x_wconf 84' lang='lat' dir='ltr'><strong>viginti,</strong></span> <span class='ocrx_word' id='word_1_63' title='bbox 1175 559 1264 594; x_wconf 89' lang='lat' dir='ltr'><strong>quo-</strong></span> 
     </span>
     <span class='ocr_line' id='line_1_10' title="bbox 177 594 1263 640; baseline -0.004 -8"><span class='ocrx_word' id='word_1_64' title='bbox 177 598 272 632; x_wconf 88' lang='lat' dir='ltr'><strong>niam</strong></span> <span class='ocrx_word' id='word_1_65' title='bbox 296 601 332 632; x_wconf 90' lang='lat' dir='ltr'><strong>et</strong></span> <span class='ocrx_word' id='word_1_66' title='bbox 355 596 528 632; x_wconf 86' lang='lat' dir='ltr'><strong>Scaevola</strong></span> <span class='ocrx_word' id='word_1_67' title='bbox 551 596 676 632; x_wconf 81' lang='lat' dir='ltr'><strong>scribit</strong></span> <span class='ocrx_word' id='word_1_68' title='bbox 698 596 722 631; x_wconf 92' lang='lat' dir='ltr'><strong>li</strong></span> <span class='ocrx_word' id='word_1_69' title='bbox 748 606 788 631; x_wconf 93' lang='lat' dir='ltr'><strong>ro</strong></span> <span class='ocrx_word' id='word_1_70' title='bbox 821 599 948 640; x_wconf 86' lang='lat' dir='ltr'><strong>quarto</strong></span> <span class='ocrx_word' id='word_1_71' title='bbox 981 594 1117 629; x_wconf 91' lang='lat' dir='ltr'><strong>decimo</strong></span> <span class='ocrx_word' id='word_1_72' title='bbox 1152 604 1263 639; x_wconf 86' lang='lat' dir='ltr'><strong>quae-</strong></span> 
     </span>
     <span class='ocr_line' id='line_1_11' title="bbox 176 638 1265 686; baseline -0.005 -8"><span class='ocrx_word' id='word_1_73' title='bbox 176 643 331 678; x_wconf 90' lang='lat' dir='ltr'><strong>stionum</strong></span> <span class='ocrx_word' id='word_1_74' title='bbox 355 645 391 678; x_wconf 89' lang='lat' dir='ltr'><strong>et</strong></span> <span class='ocrx_word' id='word_1_75' title='bbox 412 641 525 686; x_wconf 82' lang='lat' dir='ltr'><strong>magis</strong></span> <span class='ocrx_word' id='word_1_76' title='bbox 549 645 614 684; x_wconf 89' lang='lat' dir='ltr'><strong>est,</strong></span> <span class='ocrx_word' id='word_1_77' title='bbox 638 644 680 677; x_wconf 90' lang='lat' dir='ltr'><strong>ut</strong></span> <span class='ocrx_word' id='word_1_78' title='bbox 702 640 880 676; x_wconf 91' lang='lat' dir='ltr'><strong>sententia</strong></span> <span class='ocrx_word' id='word_1_79' title='bbox 904 638 1170 675; x_wconf 83' lang='lat' dir='ltr'><strong>constitutionis</strong></span> <span class='ocrx_word' id='word_1_80' title='bbox 1194 638 1265 674; x_wconf 91' lang='lat' dir='ltr'><strong>divi</strong></span> 
     </span>
     <span class='ocr_line' id='line_1_12' title="bbox 175 684 1265 727; baseline -0.004 -5"><span class='ocrx_word' id='word_1_81' title='bbox 175 686 543 723; x_wconf 81' lang='lat' dir='ltr'><strong>MarciadAufidiuin</strong></span> <span class='ocrx_word' id='word_1_82' title='bbox 554 686 777 722; x_wconf 89' lang='lat' dir='ltr'><strong>Victorinum</strong></span> <span class='ocrx_word' id='word_1_83' title='bbox 801 686 907 727; x_wconf 91' lang='lat' dir='ltr'><strong>hunc,</strong></span> <span class='ocrx_word' id='word_1_84' title='bbox 930 684 968 719; x_wconf 92' lang='lat' dir='ltr'><strong>id</strong></span> <span class='ocrx_word' id='word_1_85' title='bbox 991 688 1044 719; x_wconf 91' lang='lat' dir='ltr'><strong>est</strong></span> <span class='ocrx_word' id='word_1_86' title='bbox 1068 684 1265 719; x_wconf 83' lang='lat' dir='ltr'><strong>minorem²</strong></span> 
     </span>
     <span class='ocr_line' id='line_1_13' title="bbox 174 728 1265 777; baseline -0.004 -10"><span class='ocrx_word' id='word_1_87' title='bbox 174 732 297 777; x_wconf 88' lang='lat' dir='ltr'><strong>viginti</strong></span> <span class='ocrx_word' id='word_1_88' title='bbox 320 732 424 767; x_wconf 86' lang='lat' dir='ltr'><strong>annis</strong></span> <span class='ocrx_word' id='word_1_89' title='bbox 446 742 520 768; x_wconf 91' lang='lat' dir='ltr'><strong>non</strong></span> <span class='ocrx_word' id='word_1_90' title='bbox 543 731 811 776; x_wconf 83' lang='lat' dir='ltr'><strong>complectatur.</strong></span> <span class='ocrx_word' id='word_1_91' title='bbox 859 739 969 775; x_wconf 87' lang='lat' dir='ltr'><strong>quare</strong></span> <span class='ocrx_word' id='word_1_92' title='bbox 992 728 1193 771; x_wconf 89' lang='lat' dir='ltr'><strong>videndum,</strong></span> <span class='ocrx_word' id='word_1_93' title='bbox 1218 739 1265 764; x_wconf 87' lang='lat' dir='ltr'><strong>an</strong></span> 
     </span>
     <span class='ocr_line' id='line_1_14' title="bbox 174 773 1265 823; baseline -0.005 -10"><span class='ocrx_word' id='word_1_94' title='bbox 174 777 301 813; x_wconf 89' lang='lat' dir='ltr'><strong>maiori</strong></span> <span class='ocrx_word' id='word_1_95' title='bbox 323 776 445 823; x_wconf 88' lang='lat' dir='ltr'><strong>viginti</strong></span> <span class='ocrx_word' id='word_1_96' title='bbox 467 777 571 812; x_wconf 88' lang='lat' dir='ltr'><strong>annis</strong></span> <span class='ocrx_word' id='word_1_97' title='bbox 595 776 842 812; x_wconf 81' lang='lat' dir='ltr'><strong>subveniatur:</strong></span> <span class='ocrx_word' id='word_1_98' title='bbox 879 778 915 810; x_wconf 91' lang='lat' dir='ltr'><strong>et</strong></span> <span class='ocrx_word' id='word_1_99' title='bbox 946 773 976 808; x_wconf 89' lang='lat' dir='ltr'><strong>si</strong></span> <span class='ocrx_word' id='word_1_100' title='bbox 1007 773 1149 819; x_wconf 88' lang='lat' dir='ltr'><strong>quidem</strong></span> <span class='ocrx_word' id='word_1_101' title='bbox 1180 777 1265 809; x_wconf 89' lang='lat' dir='ltr'><strong>ante</strong></span> 
     </span>
     <span class='ocr_line' id='line_1_15' title="bbox 175 819 1262 871; baseline -0.005 -13"><span class='ocrx_word' id='word_1_102' title='bbox 175 822 361 865; x_wconf 80' lang='lat' dir='ltr'><strong>desideret,</strong></span> <span class='ocrx_word' id='word_1_103' title='bbox 386 831 493 868; x_wconf 89' lang='lat' dir='ltr'><strong>quam</strong></span> <span class='ocrx_word' id='word_1_104' title='bbox 516 822 662 857; x_wconf 88' lang='lat' dir='ltr'><strong>libertas</strong></span> <span class='ocrx_word' id='word_1_105' title='bbox 687 823 875 865; x_wconf 86' lang='lat' dir='ltr'><strong>competat,</strong></span> <span class='ocrx_word' id='word_1_106' title='bbox 901 819 1084 871; x_wconf 75' lang='lat' dir='ltr'><strong>audietur:</strong></span> <span class='ocrx_word' id='word_1_107' title='bbox 1109 819 1165 871; x_wconf 83' lang='lat' dir='ltr'><strong>sin</strong></span> <span class='ocrx_word' id='word_1_108' title='bbox 1177 829 1262 871; x_wconf 81' lang='lat' dir='ltr'><strong>vero</strong></span> 
     </span>
     <span class='ocr_line' id='line_1_16' title="bbox 200 865 1266 913; baseline -0.005 -10"><span class='ocrx_word' id='word_1_109' title='bbox 200 871 312 910; x_wconf 86' lang='lat' dir='ltr'><strong>ostea,</strong></span> <span class='ocrx_word' id='word_1_110' title='bbox 337 877 409 903; x_wconf 91' lang='lat' dir='ltr'><strong>non</strong></span> <span class='ocrx_word' id='word_1_111' title='bbox 431 867 554 913; x_wconf 83' lang='lat' dir='ltr'><strong>possit.</strong></span> <span class='ocrx_word' id='word_1_112' title='bbox 587 867 671 902; x_wconf 91' lang='lat' dir='ltr'><strong>item</strong></span> <span class='ocrx_word' id='word_1_113' title='bbox 695 865 817 911; x_wconf 89' lang='lat' dir='ltr'><strong>quaeri</strong></span> <span class='ocrx_word' id='word_1_114' title='bbox 840 868 970 910; x_wconf 90' lang='lat' dir='ltr'><strong>potest,</strong></span> <span class='ocrx_word' id='word_1_115' title='bbox 995 874 1025 899; x_wconf 89' lang='lat' dir='ltr'><strong>s1</strong></span> <span class='ocrx_word' id='word_1_116' title='bbox 1047 874 1078 899; x_wconf 90' lang='lat' dir='ltr'><strong>is</strong></span> <span class='ocrx_word' id='word_1_117' title='bbox 1102 874 1163 909; x_wconf 89' lang='lat' dir='ltr'><strong>qui</strong></span> <span class='ocrx_word' id='word_1_118' title='bbox 1180 867 1266 899; x_wconf 90' lang='lat' dir='ltr'><strong>emit</strong></span> 
     </span>
     <span class='ocr_line' id='line_1_17' title="bbox 172 878 1265 961; baseline -0.005 -13"><span class='ocrx_word' id='word_1_119' title='bbox 172 878 244 948; x_wconf 55' lang='lat' dir='ltr'><strong>fiac</strong></span> <span class='ocrx_word' id='word_1_120' title='bbox 266 912 344 958; x_wconf 89' lang='lat' dir='ltr'><strong>lege</strong></span> <span class='ocrx_word' id='word_1_121' title='bbox 366 912 483 948; x_wconf 92' lang='lat' dir='ltr'><strong>minor</strong></span> <span class='ocrx_word' id='word_1_122' title='bbox 505 912 572 954; x_wconf 93' lang='lat' dir='ltr'><strong>sit,</strong></span> <span class='ocrx_word' id='word_1_123' title='bbox 605 922 652 947; x_wconf 88' lang='lat' dir='ltr'><strong>an</strong></span> <span class='ocrx_word' id='word_1_124' title='bbox 675 910 814 946; x_wconf 87' lang='lat' dir='ltr'><strong>restitui</strong></span> <span class='ocrx_word' id='word_1_125' title='bbox 838 909 961 961; x_wconf 84' lang='lat' dir='ltr'><strong>possit.</strong></span> <span class='ocrx_word' id='word_1_126' title='bbox 1010 912 1046 943; x_wconf 92' lang='lat' dir='ltr'><strong>et</strong></span> <span class='ocrx_word' id='word_1_127' title='bbox 1068 908 1100 944; x_wconf 91' lang='lat' dir='ltr'><strong>si</strong></span> <span class='ocrx_word' id='word_1_128' title='bbox 1122 908 1265 954; x_wconf 89' lang='lat' dir='ltr'><strong>quidem</strong></span> 
     </span>
     <span class='ocr_line' id='line_1_18' title="bbox 174 954 1262 1002; baseline -0.005 -9"><span class='ocrx_word' id='word_1_129' title='bbox 174 957 333 994; x_wconf 88' lang='lat' dir='ltr'><strong>nondum</strong></span> <span class='ocrx_word' id='word_1_130' title='bbox 354 957 501 992; x_wconf 90' lang='lat' dir='ltr'><strong>libertas</strong></span> <span class='ocrx_word' id='word_1_131' title='bbox 526 955 705 1002; x_wconf 90' lang='lat' dir='ltr'><strong>competit,</strong></span> <span class='ocrx_word' id='word_1_132' title='bbox 730 955 796 990; x_wconf 92' lang='lat' dir='ltr'><strong>erit</strong></span> <span class='ocrx_word' id='word_1_133' title='bbox 814 954 1002 989; x_wconf 89' lang='lat' dir='ltr'><strong>dicendum</strong></span> <span class='ocrx_word' id='word_1_134' title='bbox 1039 954 1165 989; x_wconf 92' lang='lat' dir='ltr'><strong>osseei</strong></span> <span class='ocrx_word' id='word_1_135' title='bbox 1178 954 1262 989; x_wconf 93' lang='lat' dir='ltr'><strong>sub-</strong></span> 
     </span>
     <span class='ocr_line' id='line_1_19' title="bbox 173 999 1263 1054; baseline -0.006 -15"><span class='ocrx_word' id='word_1_136' title='bbox 173 1002 303 1039; x_wconf 86' lang='lat' dir='ltr'><strong>veniri:</strong></span> <span class='ocrx_word' id='word_1_137' title='bbox 329 1002 384 1038; x_wconf 90' lang='lat' dir='ltr'><strong>sin</strong></span> <span class='ocrx_word' id='word_1_138' title='bbox 394 1012 477 1038; x_wconf 92' lang='lat' dir='ltr'><strong>vero</strong></span> <span class='ocrx_word' id='word_1_139' title='bbox 490 1006 724 1054; x_wconf 82' lang='lat' dir='ltr'><strong>posteaquam</strong></span> <span class='ocrx_word' id='word_1_140' title='bbox 744 1000 819 1035; x_wconf 91' lang='lat' dir='ltr'><strong>dies</strong></span> <span class='ocrx_word' id='word_1_141' title='bbox 839 999 946 1041; x_wconf 91' lang='lat' dir='ltr'><strong>venit,</strong></span> <span class='ocrx_word' id='word_1_142' title='bbox 969 1009 1013 1034; x_wconf 93' lang='lat' dir='ltr'><strong>vo</strong></span> <span class='ocrx_word' id='word_1_143' title='bbox 1029 1002 1134 1034; x_wconf 89' lang='lat' dir='ltr'><strong>untas</strong></span> <span class='ocrx_word' id='word_1_144' title='bbox 1151 999 1263 1034; x_wconf 87' lang='lat' dir='ltr'><strong>maio-</strong></span> 
     </span>
     <span class='ocr_line' id='line_1_20' title="bbox 174 1043 1262 1090; baseline -0.005 -6"><span class='ocrx_word' id='word_1_145' title='bbox 174 1050 195 1083; x_wconf 87' lang='lat'><strong>2</strong></span> <span class='ocrx_word' id='word_1_146' title='bbox 241 1048 316 1083; x_wconf 87' lang='lat' dir='ltr'><strong>ris³</strong></span> <span class='ocrx_word' id='word_1_147' title='bbox 336 1047 530 1083; x_wconf 90' lang='lat' dir='ltr'><strong>venditoris</strong></span> <span class='ocrx_word' id='word_1_148' title='bbox 553 1047 753 1081; x_wconf 90' lang='lat' dir='ltr'><strong>libertatem</strong></span> <span class='ocrx_word' id='word_1_149' title='bbox 775 1044 935 1090; x_wconf 89' lang='lat' dir='ltr'><strong>imponit.</strong></span> <span class='ocrx_word' id='word_1_150' title='bbox 971 1043 1029 1078; x_wconf 89' lang='lat' dir='ltr'><strong>Ex</strong></span> <span class='ocrx_word' id='word_1_151' title='bbox 1041 1043 1139 1080; x_wconf 87' lang='lat' dir='ltr'><strong>facto</strong></span> <span class='ocrx_word' id='word_1_152' title='bbox 1153 1054 1262 1089; x_wconf 91' lang='lat' dir='ltr'><strong>quae-</strong></span> 
     </span>
     <span class='ocr_line' id='line_1_21' title="bbox 173 1090 1264 1136; baseline -0.005 -7"><span class='ocrx_word' id='word_1_153' title='bbox 173 1093 281 1129; x_wconf 87' lang='lat' dir='ltr'><strong>situm</strong></span> <span class='ocrx_word' id='word_1_154' title='bbox 295 1096 369 1128; x_wconf 84' lang='lat' dir='ltr'><strong>est:</strong></span> <span class='ocrx_word' id='word_1_155' title='bbox 394 1092 641 1128; x_wconf 87' lang='lat' dir='ltr'><strong>adulescentes</strong></span> <span class='ocrx_word' id='word_1_156' title='bbox 665 1090 809 1136; x_wconf 87' lang='lat' dir='ltr'><strong>quidam</strong></span> <span class='ocrx_word' id='word_1_157' title='bbox 828 1093 1044 1134; x_wconf 85' lang='lat' dir='ltr'><strong>acceperant</strong></span> <span class='ocrx_word' id='word_1_158' title='bbox 1063 1092 1264 1125; x_wconf 87' lang='lat' dir='ltr'><strong>curatorem</strong></span> 
     </span>
     <span class='ocr_line' id='line_1_22' title="bbox 173 1133 1262 1183; baseline -0.006 -9"><span class='ocrx_word' id='word_1_159' title='bbox 173 1137 378 1174; x_wconf 77' lang='lat' dir='ltr'><strong>salvianum</strong></span> <span class='ocrx_word' id='word_1_160' title='bbox 403 1136 580 1183; x_wconf 86' lang='lat' dir='ltr'><strong>quendam</strong></span> <span class='ocrx_word' id='word_1_161' title='bbox 603 1136 762 1171; x_wconf 92' lang='lat' dir='ltr'><strong>nomine:</strong></span> <span class='ocrx_word' id='word_1_162' title='bbox 794 1135 852 1170; x_wconf 91' lang='lat' dir='ltr'><strong>hic</strong></span> <span class='ocrx_word' id='word_1_163' title='bbox 883 1145 965 1170; x_wconf 92' lang='lat' dir='ltr'><strong>cum</strong></span> <span class='ocrx_word' id='word_1_164' title='bbox 997 1143 1121 1169; x_wconf 89' lang='lat' dir='ltr'><strong>curam</strong></span> <span class='ocrx_word' id='word_1_165' title='bbox 1152 1133 1262 1169; x_wconf 91' lang='lat' dir='ltr'><strong>admi-</strong></span> 
     </span>
     <span class='ocr_line' id='line_1_23' title="bbox 172 1179 1263 1226; baseline -0.005 -7"><span class='ocrx_word' id='word_1_166' title='bbox 172 1182 373 1225; x_wconf 87' lang='lat' dir='ltr'><strong>nistrasset,</strong></span> <span class='ocrx_word' id='word_1_167' title='bbox 396 1181 570 1218; x_wconf 89' lang='lat' dir='ltr'><strong>beneficio</strong></span> <span class='ocrx_word' id='word_1_168' title='bbox 619 1180 764 1226; x_wconf 89' lang='lat' dir='ltr'><strong>rincipis</strong></span> <span class='ocrx_word' id='word_1_169' title='bbox 787 1180 948 1215; x_wconf 85' lang='lat' dir='ltr'><strong>urbicam</strong></span> <span class='ocrx_word' id='word_1_170' title='bbox 971 1179 1263 1224; x_wconf 87' lang='lat' dir='ltr'><strong>procurationem</strong></span> 
     </span>
     <span class='ocr_line' id='line_1_24' title="bbox 174 1224 1263 1273; baseline -0.003 -10"><span class='ocrx_word' id='word_1_171' title='bbox 174 1231 253 1264; x_wconf 88' lang='lat' dir='ltr'><strong>erat</strong></span> <span class='ocrx_word' id='word_1_172' title='bbox 275 1227 427 1273; x_wconf 88' lang='lat' dir='ltr'><strong>adeptus</strong></span> <span class='ocrx_word' id='word_1_173' title='bbox 452 1231 488 1262; x_wconf 92' lang='lat' dir='ltr'><strong>et</strong></span> <span class='ocrx_word' id='word_1_174' title='bbox 510 1237 582 1271; x_wconf 88' lang='lat' dir='ltr'><strong>apu</strong></span> <span class='ocrx_word' id='word_1_175' title='bbox 630 1230 831 1270; x_wconf 84' lang='lat' dir='ltr'><strong>praetorem</strong></span> <span class='ocrx_word' id='word_1_176' title='bbox 853 1235 892 1259; x_wconf 91' lang='lat' dir='ltr'><strong>se</strong></span> <span class='ocrx_word' id='word_1_177' title='bbox 911 1234 935 1259; x_wconf 89' lang='lat' dir='ltr'><strong>a</strong></span> <span class='ocrx_word' id='word_1_178' title='bbox 954 1234 1042 1259; x_wconf 88' lang='lat' dir='ltr'><strong>cura</strong></span> <span class='ocrx_word' id='word_1_179' title='bbox 1053 1224 1263 1260; x_wconf 89' lang='lat' dir='ltr'><strong>adulescen-</strong></span> 
     </span>
     <span class='ocr_line' id='line_1_25' title="bbox 172 1269 1265 1309; baseline -0.005 0"><span class='ocrx_word' id='word_1_180' title='bbox 172 1273 261 1308; x_wconf 88' lang='lat' dir='ltr'><strong>tium</strong></span> <span class='ocrx_word' id='word_1_181' title='bbox 273 1275 507 1309; x_wconf 84' lang='lat' dir='ltr'><strong>excusaverat</strong></span> <span class='ocrx_word' id='word_1_182' title='bbox 518 1271 726 1306; x_wconf 87' lang='lat' dir='ltr'><strong>absentibus</strong></span> <span class='ocrx_word' id='word_1_183' title='bbox 740 1270 807 1305; x_wconf 92' lang='lat' dir='ltr'><strong>eis:</strong></span> <span class='ocrx_word' id='word_1_184' title='bbox 833 1269 1080 1304; x_wconf 82' lang='lat' dir='ltr'><strong>adulescentes</strong></span> <span class='ocrx_word' id='word_1_185' title='bbox 1101 1269 1265 1305; x_wconf 87' lang='lat' dir='ltr'><strong>adierant</strong></span> 
     </span>
     <span class='ocr_line' id='line_1_26' title="bbox 171 1314 1263 1364; baseline -0.004 -10"><span class='ocrx_word' id='word_1_186' title='bbox 171 1322 375 1364; x_wconf 87' lang='lat' dir='ltr'><strong>praetorem</strong></span> <span class='ocrx_word' id='word_1_187' title='bbox 398 1316 640 1352; x_wconf 88' lang='lat' dir='ltr'><strong>desiderantes</strong></span> <span class='ocrx_word' id='word_1_188' title='bbox 663 1316 700 1350; x_wconf 92' lang='lat' dir='ltr'><strong>in</strong></span> <span class='ocrx_word' id='word_1_189' title='bbox 722 1315 898 1359; x_wconf 84' lang='lat' dir='ltr'><strong>integrum</strong></span> <span class='ocrx_word' id='word_1_190' title='bbox 917 1314 1087 1349; x_wconf 88' lang='lat' dir='ltr'><strong>adversus</strong></span> <span class='ocrx_word' id='word_1_191' title='bbox 1107 1323 1188 1349; x_wconf 89' lang='lat' dir='ltr'><strong>eum</strong></span> <span class='ocrx_word' id='word_1_192' title='bbox 1207 1325 1263 1350; x_wconf 89' lang='lat' dir='ltr'><strong>re-</strong></span> 
     </span>
     <span class='ocr_line' id='line_1_27' title="bbox 172 1359 1262 1415; baseline -0.004 -17"><span class='ocrx_word' id='word_1_193' title='bbox 172 1363 290 1406; x_wconf 86' lang='lat' dir='ltr'><strong>stitui,</strong></span> <span class='ocrx_word' id='word_1_194' title='bbox 327 1362 424 1415; x_wconf 86' lang='lat' dir='ltr'><strong>quod</strong></span> <span class='ocrx_word' id='word_1_195' title='bbox 458 1365 553 1397; x_wconf 90' lang='lat' dir='ltr'><strong>esset</strong></span> <span class='ocrx_word' id='word_1_196' title='bbox 587 1364 713 1396; x_wconf 88' lang='lat' dir='ltr'><strong>contra</strong></span> <span class='ocrx_word' id='word_1_197' title='bbox 749 1359 1022 1395; x_wconf 90' lang='lat' dir='ltr'><strong>constitutiones</strong></span> <span class='ocrx_word' id='word_1_198' title='bbox 1058 1362 1262 1395; x_wconf 91' lang='lat' dir='ltr'><strong>excusatus.</strong></span> 
     </span>
     <span class='ocr_line' id='line_1_28' title="bbox 173 1404 1262 1451; baseline -0.005 -7"><span class='ocrx_word' id='word_1_199' title='bbox 173 1418 255 1444; x_wconf 92' lang='lat' dir='ltr'><strong>cum</strong></span> <span class='ocrx_word' id='word_1_200' title='bbox 289 1418 382 1443; x_wconf 88' lang='lat' dir='ltr'><strong>emm</strong></span> <span class='ocrx_word' id='word_1_201' title='bbox 413 1410 617 1451; x_wconf 86' lang='lat' dir='ltr'><strong>susceptam</strong></span> <span class='ocrx_word' id='word_1_202' title='bbox 639 1405 789 1440; x_wconf 90' lang='lat' dir='ltr'><strong>tutelam</strong></span> <span class='ocrx_word' id='word_1_203' title='bbox 812 1414 885 1440; x_wconf 90' lang='lat' dir='ltr'><strong>non</strong></span> <span class='ocrx_word' id='word_1_204' title='bbox 909 1404 969 1439; x_wconf 90' lang='lat' dir='ltr'><strong>alii</strong></span> <span class='ocrx_word' id='word_1_205' title='bbox 992 1404 1132 1439; x_wconf 88' lang='lat' dir='ltr'><strong>soleant</strong></span> <span class='ocrx_word' id='word_1_206' title='bbox 1154 1404 1262 1450; x_wconf 91' lang='lat' dir='ltr'><strong>depo-</strong></span> 
     </span>
     <span class='ocr_line' id='line_1_29' title="bbox 171 1449 1265 1498; baseline -0.004 -10"><span class='ocrx_word' id='word_1_207' title='bbox 171 1463 268 1496; x_wconf 83' lang='lat' dir='ltr'><strong>nere,</strong></span> <span class='ocrx_word' id='word_1_208' title='bbox 292 1462 398 1498; x_wconf 90' lang='lat' dir='ltr'><strong>quam</strong></span> <span class='ocrx_word' id='word_1_209' title='bbox 423 1451 483 1496; x_wconf 91' lang='lat' dir='ltr'><strong>qui</strong></span> <span class='ocrx_word' id='word_1_210' title='bbox 506 1455 606 1486; x_wconf 87' lang='lat' dir='ltr'><strong>trans</strong></span> <span class='ocrx_word' id='word_1_211' title='bbox 629 1460 726 1485; x_wconf 89' lang='lat' dir='ltr'><strong>mare</strong></span> <span class='ocrx_word' id='word_1_212' title='bbox 744 1450 797 1485; x_wconf 89' lang='lat' dir='ltr'><strong>rei</strong></span> <span class='ocrx_word' id='word_1_213' title='bbox 814 1449 981 1494; x_wconf 88' lang='lat' dir='ltr'><strong>publicae</strong></span> <span class='ocrx_word' id='word_1_214' title='bbox 1001 1459 1113 1485; x_wconf 88' lang='lat' dir='ltr'><strong>causa</strong></span> <span class='ocrx_word' id='word_1_215' title='bbox 1132 1449 1265 1484; x_wconf 90' lang='lat' dir='ltr'><strong>absunt</strong></span> 
     </span>
     <span class='ocr_line' id='line_1_30' title="bbox 171 1493 1262 1541; baseline -0.005 -7"><span class='ocrx_word' id='word_1_216' title='bbox 171 1498 227 1534; x_wconf 91' lang='lat' dir='ltr'><strong>vel</strong></span> <span class='ocrx_word' id='word_1_217' title='bbox 250 1497 287 1533; x_wconf 90' lang='lat' dir='ltr'><strong>hi</strong></span> <span class='ocrx_word' id='word_1_218' title='bbox 335 1497 373 1532; x_wconf 93' lang='lat' dir='ltr'><strong>ui</strong></span> <span class='ocrx_word' id='word_1_219' title='bbox 397 1497 494 1532; x_wconf 90' lang='lat' dir='ltr'><strong>circa</strong></span> <span class='ocrx_word' id='word_1_220' title='bbox 541 1496 711 1541; x_wconf 85' lang='lat' dir='ltr'><strong>rincipem</strong></span> <span class='ocrx_word' id='word_1_221' title='bbox 734 1498 820 1530; x_wconf 91' lang='lat' dir='ltr'><strong>sunt</strong></span> <span class='ocrx_word' id='word_1_222' title='bbox 843 1494 1028 1539; x_wconf 90' lang='lat' dir='ltr'><strong>occupati,</strong></span> <span class='ocrx_word' id='word_1_223' title='bbox 1052 1497 1094 1529; x_wconf 92' lang='lat' dir='ltr'><strong>ut</strong></span> <span class='ocrx_word' id='word_1_224' title='bbox 1114 1493 1154 1529; x_wconf 92' lang='lat' dir='ltr'><strong>in</strong></span> <span class='ocrx_word' id='word_1_225' title='bbox 1177 1505 1262 1530; x_wconf 91' lang='lat' dir='ltr'><strong>con-</strong></span> 
     </span>
     <span class='ocr_line' id='line_1_31' title="bbox 171 1507 1265 1586; baseline -0.003 -8"><span class='ocrx_word' id='word_1_226' title='bbox 171 1542 293 1578; x_wconf 86' lang='lat' dir='ltr'><strong>siliarii</strong></span> <span class='ocrx_word' id='word_1_227' title='bbox 345 1507 598 1578; x_wconf 50' lang='lat' dir='ltr'><strong>enandriffirrii</strong></span> <span class='ocrx_word' id='word_1_228' title='bbox 617 1549 771 1586; x_wconf 90' lang='lat' dir='ltr'><strong>persona</strong></span> <span class='ocrx_word' id='word_1_229' title='bbox 790 1542 845 1575; x_wconf 90' lang='lat' dir='ltr'><strong>est</strong></span> <span class='ocrx_word' id='word_1_230' title='bbox 866 1539 1054 1582; x_wconf 90' lang='lat' dir='ltr'><strong>indultum,</strong></span> <span class='ocrx_word' id='word_1_231' title='bbox 1078 1539 1265 1575; x_wconf 89' lang='lat' dir='ltr'><strong>meruisset</strong></span> 
     </span>
     <span class='ocr_line' id='line_1_32' title="bbox 171 1584 1264 1630; baseline -0.004 -7"><span class='ocrx_word' id='word_1_232' title='bbox 171 1591 292 1623; x_wconf 87' lang='lat' dir='ltr'><strong>autem</strong></span> <span class='ocrx_word' id='word_1_233' title='bbox 328 1586 514 1622; x_wconf 87' lang='lat' dir='ltr'><strong>Salvianus</strong></span> <span class='ocrx_word' id='word_1_234' title='bbox 550 1585 836 1627; x_wconf 88' lang='lat' dir='ltr'><strong>excusationem,</strong></span> <span class='ocrx_word' id='word_1_235' title='bbox 878 1584 1126 1620; x_wconf 88' lang='lat' dir='ltr'><strong>adulescentes</strong></span> <span class='ocrx_word' id='word_1_236' title='bbox 1160 1584 1264 1630; x_wconf 86' lang='lat' dir='ltr'><strong>quasi</strong></span> 
     </span>
     <span class='ocr_line' id='line_1_33' title="bbox 171 1629 1261 1678; baseline -0.004 -10"><span class='ocrx_word' id='word_1_237' title='bbox 171 1633 269 1678; x_wconf 87' lang='lat' dir='ltr'><strong>capti</strong></span> <span class='ocrx_word' id='word_1_238' title='bbox 291 1632 329 1668; x_wconf 93' lang='lat' dir='ltr'><strong>in</strong></span> <span class='ocrx_word' id='word_1_239' title='bbox 351 1632 528 1677; x_wconf 86' lang='lat' dir='ltr'><strong>integrum</strong></span> <span class='ocrx_word' id='word_1_240' title='bbox 550 1630 690 1666; x_wconf 90' lang='lat' dir='ltr'><strong>restitui</strong></span> <span class='ocrx_word' id='word_1_241' title='bbox 713 1640 736 1665; x_wconf 89' lang='lat' dir='ltr'><strong>a</strong></span> <span class='ocrx_word' id='word_1_242' title='bbox 765 1632 931 1675; x_wconf 88' lang='lat' dir='ltr'><strong>praetore</strong></span> <span class='ocrx_word' id='word_1_243' title='bbox 963 1629 1261 1665; x_wconf 86' lang='lat' dir='ltr'><strong>desideraverant.</strong></span> 
     </span>
     <span class='ocr_line' id='line_1_34' title="bbox 170 1674 1262 1722; baseline -0.004 -9"><span class='ocrx_word' id='word_1_244' title='bbox 170 1677 317 1713; x_wconf 86' lang='lat' dir='ltr'><strong>Aetrius</strong></span> <span class='ocrx_word' id='word_1_245' title='bbox 341 1676 493 1712; x_wconf 87' lang='lat' dir='ltr'><strong>Severus</strong></span> <span class='ocrx_word' id='word_1_246' title='bbox 517 1675 601 1722; x_wconf 90' lang='lat' dir='ltr'><strong>quia</strong></span> <span class='ocrx_word' id='word_1_247' title='bbox 625 1675 831 1717; x_wconf 87' lang='lat' dir='ltr'><strong>dubitabat,</strong></span> <span class='ocrx_word' id='word_1_248' title='bbox 856 1674 904 1709; x_wconf 85' lang='lat' dir='ltr'><strong>ad</strong></span> <span class='ocrx_word' id='word_1_249' title='bbox 924 1674 1175 1720; x_wconf 84' lang='lat' dir='ltr'><strong>imperatorem</strong></span> <span class='ocrx_word' id='word_1_250' title='bbox 1199 1674 1262 1710; x_wconf 88' lang='lat' dir='ltr'><strong>Se-</strong></span> 
     </span>
     <span class='ocr_line' id='line_1_35' title="bbox 169 1719 1261 1766; baseline -0.003 -8"><span class='ocrx_word' id='word_1_251' title='bbox 169 1733 294 1758; x_wconf 90' lang='lat' dir='ltr'><strong>verum</strong></span> <span class='ocrx_word' id='word_1_252' title='bbox 324 1721 481 1758; x_wconf 87' lang='lat' dir='ltr'><strong>rettulit:</strong></span> <span class='ocrx_word' id='word_1_253' title='bbox 515 1721 563 1756; x_wconf 89' lang='lat' dir='ltr'><strong>ad</strong></span> <span class='ocrx_word' id='word_1_254' title='bbox 585 1731 692 1766; x_wconf 88' lang='lat' dir='ltr'><strong>quam</strong></span> <span class='ocrx_word' id='word_1_255' title='bbox 715 1719 1013 1756; x_wconf 88' lang='lat' dir='ltr'><strong>consultationem</strong></span> <span class='ocrx_word' id='word_1_256' title='bbox 1036 1720 1261 1755; x_wconf 82' lang='lat' dir='ltr'><strong>successori⁴</strong></span> 
     </span>
     <span class='ocr_line' id='line_1_36' title="bbox 170 1765 1261 1817; baseline -0.005 -13"><span class='ocrx_word' id='word_1_257' title='bbox 170 1768 246 1804; x_wconf 91' lang='lat' dir='ltr'><strong>eius</strong></span> <span class='ocrx_word' id='word_1_258' title='bbox 258 1766 409 1803; x_wconf 89' lang='lat' dir='ltr'><strong>Venidio</strong></span> <span class='ocrx_word' id='word_1_259' title='bbox 423 1766 550 1811; x_wconf 81' lang='lat' dir='ltr'><strong>Quieto</strong></span> <span class='ocrx_word' id='word_1_260' title='bbox 573 1765 758 1811; x_wconf 88' lang='lat' dir='ltr'><strong>rescripsit</strong></span> <span class='ocrx_word' id='word_1_261' title='bbox 779 1765 897 1800; x_wconf 85' lang='lat' dir='ltr'><strong>nullas</strong></span> <span class='ocrx_word' id='word_1_262' title='bbox 918 1768 1040 1809; x_wconf 90' lang='lat' dir='ltr'><strong>partes</strong></span> <span class='ocrx_word' id='word_1_263' title='bbox 1060 1774 1138 1800; x_wconf 91' lang='lat' dir='ltr'><strong>esse</strong></span> <span class='ocrx_word' id='word_1_264' title='bbox 1157 1774 1261 1817; x_wconf 89' lang='lat' dir='ltr'><strong>prae-</strong></span> 
     </span>
     <span class='ocr_line' id='line_1_37' title="bbox 169 1810 1263 1864; baseline -0.004 -16"><span class='ocrx_word' id='word_1_265' title='bbox 169 1813 278 1848; x_wconf 88' lang='lat' dir='ltr'><strong>toris:</strong></span> <span class='ocrx_word' id='word_1_266' title='bbox 311 1821 427 1864; x_wconf 85' lang='lat' dir='ltr'><strong>neque</strong></span> <span class='ocrx_word' id='word_1_267' title='bbox 458 1811 552 1846; x_wconf 91' lang='lat' dir='ltr'><strong>enim</strong></span> <span class='ocrx_word' id='word_1_268' title='bbox 583 1814 807 1846; x_wconf 90' lang='lat' dir='ltr'><strong>contractum</strong></span> <span class='ocrx_word' id='word_1_269' title='bbox 839 1810 991 1855; x_wconf 90' lang='lat' dir='ltr'><strong>proponi</strong></span> <span class='ocrx_word' id='word_1_270' title='bbox 1023 1820 1105 1845; x_wconf 92' lang='lat' dir='ltr'><strong>cum</strong></span> <span class='ocrx_word' id='word_1_271' title='bbox 1126 1820 1263 1845; x_wconf 90' lang='lat' dir='ltr'><strong>minore</strong></span> 
     </span>
     <span class='ocr_line' id='line_1_38' title="bbox 170 1854 1263 1902; baseline -0.004 -9"><span class='ocrx_word' id='word_1_272' title='bbox 170 1857 273 1893; x_wconf 90' lang='lat' dir='ltr'><strong>annis</strong></span> <span class='ocrx_word' id='word_1_273' title='bbox 306 1856 430 1902; x_wconf 91' lang='lat' dir='ltr'><strong>viginti</strong></span> <span class='ocrx_word' id='word_1_274' title='bbox 465 1856 640 1902; x_wconf 87' lang='lat' dir='ltr'><strong>quinque:</strong></span> <span class='ocrx_word' id='word_1_275' title='bbox 677 1854 742 1891; x_wconf 89' lang='lat' dir='ltr'><strong>sed</strong></span> <span class='ocrx_word' id='word_1_276' title='bbox 772 1855 953 1900; x_wconf 87' lang='lat' dir='ltr'><strong>principes</strong></span> <span class='ocrx_word' id='word_1_277' title='bbox 983 1854 1196 1890; x_wconf 85' lang='lat' dir='ltr'><strong>intervenire</strong></span> <span class='ocrx_word' id='word_1_278' title='bbox 1227 1859 1263 1890; x_wconf 91' lang='lat' dir='ltr'><strong>et</strong></span> 
     </span>
     <span class='ocr_line' id='line_1_39' title="bbox 169 1900 1261 1945; baseline -0.004 -6"><span class='ocrx_word' id='word_1_279' title='bbox 169 1903 341 1939; x_wconf 89' lang='lat' dir='ltr'><strong>reducere</strong></span> <span class='ocrx_word' id='word_1_280' title='bbox 374 1902 471 1937; x_wconf 92' lang='lat' dir='ltr'><strong>hunc</strong></span> <span class='ocrx_word' id='word_1_281' title='bbox 503 1900 550 1936; x_wconf 89' lang='lat' dir='ltr'><strong>ad</strong></span> <span class='ocrx_word' id='word_1_282' title='bbox 581 1900 942 1942; x_wconf 88' lang='lat' dir='ltr'><strong>administrationem,</strong></span> <span class='ocrx_word' id='word_1_283' title='bbox 978 1900 1039 1945; x_wconf 91' lang='lat' dir='ltr'><strong>qui</strong></span> <span class='ocrx_word' id='word_1_284' title='bbox 1073 1909 1261 1945; x_wconf 89' lang='lat' dir='ltr'><strong>perperam</strong></span> 
     </span>
     <span class='ocr_line' id='line_1_40' title="bbox 170 1944 1262 1992; baseline -0.004 -9"><span class='ocrx_word' id='word_1_285' title='bbox 170 1951 190 1983; x_wconf 90' lang='grc'>3</span> <span class='ocrx_word' id='word_1_286' title='bbox 237 1950 332 1984; x_wconf 89' lang='lat' dir='ltr'><strong>esset</strong></span> <span class='ocrx_word' id='word_1_287' title='bbox 354 1957 377 1982; x_wconf 87' lang='lat' dir='ltr'><strong>a</strong></span> <span class='ocrx_word' id='word_1_288' title='bbox 399 1950 565 1992; x_wconf 88' lang='lat' dir='ltr'><strong>praetore</strong></span> <span class='ocrx_word' id='word_1_289' title='bbox 588 1949 791 1981; x_wconf 88' lang='lat' dir='ltr'><strong>excusatus.</strong></span> <span class='ocrx_word' id='word_1_290' title='bbox 840 1944 1031 1980; x_wconf 89' lang='lat' dir='ltr'><strong>Sciendum</strong></span> <span class='ocrx_word' id='word_1_291' title='bbox 1063 1948 1119 1980; x_wconf 90' lang='lat' dir='ltr'><strong>est</strong></span> <span class='ocrx_word' id='word_1_292' title='bbox 1141 1948 1262 1980; x_wconf 91' lang='lat' dir='ltr'><strong>autem</strong></span> 
     </span>
     <span class='ocr_line' id='line_1_41' title="bbox 168 1990 1261 2038; baseline -0.003 -11"><span class='ocrx_word' id='word_1_293' title='bbox 168 2003 242 2029; x_wconf 91' lang='lat' dir='ltr'><strong>non</strong></span> <span class='ocrx_word' id='word_1_294' title='bbox 266 1992 400 2038; x_wconf 91' lang='lat' dir='ltr'><strong>passim</strong></span> <span class='ocrx_word' id='word_1_295' title='bbox 424 1991 619 2027; x_wconf 88' lang='lat' dir='ltr'><strong>minoribus</strong></span> <span class='ocrx_word' id='word_1_296' title='bbox 644 1990 843 2032; x_wconf 89' lang='lat' dir='ltr'><strong>subveniri,</strong></span> <span class='ocrx_word' id='word_1_297' title='bbox 877 1990 941 2025; x_wconf 90' lang='lat' dir='ltr'><strong>sed</strong></span> <span class='ocrx_word' id='word_1_298' title='bbox 970 1999 1082 2025; x_wconf 89' lang='lat' dir='ltr'><strong>causa</strong></span> <span class='ocrx_word' id='word_1_299' title='bbox 1106 1990 1261 2035; x_wconf 86' lang='lat' dir='ltr'><strong>cognita,</strong></span> 
     </span>
     <span class='ocr_line' id='line_1_42' title="bbox 169 2035 1260 2081; baseline -0.004 -8"><span class='ocrx_word' id='word_1_300' title='bbox 169 2041 190 2073; x_wconf 83' lang='grc'>4</span> <span class='ocrx_word' id='word_1_301' title='bbox 237 2037 269 2073; x_wconf 87' lang='lat' dir='ltr'><strong>si</strong></span> <span class='ocrx_word' id='word_1_302' title='bbox 293 2037 390 2081; x_wconf 87' lang='lat' dir='ltr'><strong>capti</strong></span> <span class='ocrx_word' id='word_1_303' title='bbox 414 2046 492 2072; x_wconf 92' lang='lat' dir='ltr'><strong>esse</strong></span> <span class='ocrx_word' id='word_1_304' title='bbox 514 2039 774 2081; x_wconf 87' lang='lat' dir='ltr'><strong>proponantur.</strong></span> <span class='ocrx_word' id='word_1_305' title='bbox 822 2035 912 2070; x_wconf 92' lang='lat' dir='ltr'><strong>Item</strong></span> <span class='ocrx_word' id='word_1_306' title='bbox 944 2045 1017 2070; x_wconf 91' lang='lat' dir='ltr'><strong>non</strong></span> <span class='ocrx_word' id='word_1_307' title='bbox 1041 2035 1260 2077; x_wconf 88' lang='lat' dir='ltr'><strong>restituetur,</strong></span> 
     </span>
     <span class='ocr_line' id='line_1_43' title="bbox 169 2080 1262 2128; baseline -0.003 -10"><span class='ocrx_word' id='word_1_308' title='bbox 169 2082 231 2128; x_wconf 87' lang='lat' dir='ltr'><strong>qui</strong></span> <span class='ocrx_word' id='word_1_309' title='bbox 264 2081 383 2118; x_wconf 86' lang='lat' dir='ltr'><strong>sobrie</strong></span> <span class='ocrx_word' id='word_1_310' title='bbox 415 2091 492 2116; x_wconf 90' lang='lat' dir='ltr'><strong>rem</strong></span> <span class='ocrx_word' id='word_1_311' title='bbox 523 2091 626 2116; x_wconf 89' lang='lat' dir='ltr'><strong>suam</strong></span> <span class='ocrx_word' id='word_1_312' title='bbox 650 2080 902 2115; x_wconf 82' lang='lat' dir='ltr'><strong>administrans</strong></span> <span class='ocrx_word' id='word_1_313' title='bbox 927 2080 1117 2115; x_wconf 87' lang='lat' dir='ltr'><strong>occasione</strong></span> <span class='ocrx_word' id='word_1_314' title='bbox 1140 2080 1262 2115; x_wconf 90' lang='lat' dir='ltr'><strong>damni</strong></span> 
     </span>
     <span class='ocr_line' id='line_1_44' title="bbox 168 2124 1261 2167; baseline -0.002 -5"><span class='ocrx_word' id='word_1_315' title='bbox 168 2137 242 2163; x_wconf 93' lang='lat' dir='ltr'><strong>non</strong></span> <span class='ocrx_word' id='word_1_316' title='bbox 264 2126 466 2162; x_wconf 77' lang='lat' dir='ltr'><strong>inconsulte</strong></span> <span class='ocrx_word' id='word_1_317' title='bbox 489 2125 697 2167; x_wconf 86' lang='lat' dir='ltr'><strong>accidentis,</strong></span> <span class='ocrx_word' id='word_1_318' title='bbox 721 2124 784 2160; x_wconf 91' lang='lat' dir='ltr'><strong>sed</strong></span> <span class='ocrx_word' id='word_1_319' title='bbox 806 2124 882 2160; x_wconf 85' lang='lat' dir='ltr'><strong>fato</strong></span> <span class='ocrx_word' id='word_1_320' title='bbox 905 2125 990 2159; x_wconf 92' lang='lat' dir='ltr'><strong>velit</strong></span> <span class='ocrx_word' id='word_1_321' title='bbox 1009 2125 1169 2160; x_wconf 87' lang='lat' dir='ltr'><strong>restitui:</strong></span> <span class='ocrx_word' id='word_1_322' title='bbox 1194 2135 1261 2161; x_wconf 91' lang='lat' dir='ltr'><strong>nec</strong></span> 
     </span>
     <span class='ocr_line' id='line_1_45' title="bbox 169 2169 1260 2214; baseline -0.004 -6"><span class='ocrx_word' id='word_1_323' title='bbox 169 2172 262 2208; x_wconf 91' lang='lat' dir='ltr'><strong>enim</strong></span> <span class='ocrx_word' id='word_1_324' title='bbox 285 2175 433 2207; x_wconf 87' lang='lat' dir='ltr'><strong>eventus</strong></span> <span class='ocrx_word' id='word_1_325' title='bbox 459 2171 579 2206; x_wconf 91' lang='lat' dir='ltr'><strong>damni</strong></span> <span class='ocrx_word' id='word_1_326' title='bbox 610 2170 870 2205; x_wconf 88' lang='lat' dir='ltr'><strong>restitutionem</strong></span> <span class='ocrx_word' id='word_1_327' title='bbox 899 2170 1077 2214; x_wconf 88' lang='lat' dir='ltr'><strong>indulget,</strong></span> <span class='ocrx_word' id='word_1_328' title='bbox 1111 2169 1175 2205; x_wconf 92' lang='lat' dir='ltr'><strong>sed</strong></span> <span class='ocrx_word' id='word_1_329' title='bbox 1205 2170 1260 2204; x_wconf 91' lang='lat' dir='ltr'><strong>in-</strong></span> 
     </span>
     <span class='ocr_line' id='line_1_46' title="bbox 169 2214 1259 2253; baseline -0.004 0"><span class='ocrx_word' id='word_1_330' title='bbox 169 2217 334 2253; x_wconf 88' lang='lat' dir='ltr'><strong>consulta</strong></span> <span class='ocrx_word' id='word_1_331' title='bbox 364 2216 531 2252; x_wconf 83' lang='lat' dir='ltr'><strong>facilitas.</strong></span> <span class='ocrx_word' id='word_1_332' title='bbox 580 2220 616 2252; x_wconf 93' lang='lat' dir='ltr'><strong>et</strong></span> <span class='ocrx_word' id='word_1_333' title='bbox 645 2216 697 2251; x_wconf 89' lang='lat' dir='ltr'><strong>ita</strong></span> <span class='ocrx_word' id='word_1_334' title='bbox 727 2219 763 2251; x_wconf 92' lang='lat' dir='ltr'><strong>et</strong></span> <span class='ocrx_word' id='word_1_335' title='bbox 784 2215 873 2250; x_wconf 92' lang='lat' dir='ltr'><strong>Pom</strong></span> <span class='ocrx_word' id='word_1_336' title='bbox 899 2215 1003 2250; x_wconf 91' lang='lat' dir='ltr'><strong>onius</strong></span> <span class='ocrx_word' id='word_1_337' title='bbox 1026 2214 1118 2250; x_wconf 92' lang='lat' dir='ltr'><strong>libro</strong></span> <span class='ocrx_word' id='word_1_338' title='bbox 1141 2215 1259 2250; x_wconf 88' lang='lat' dir='ltr'><strong>vicen-</strong></span> 
     </span>
     <span class='ocr_line' id='line_1_47' title="bbox 168 2259 1260 2313; baseline -0.004 -15"><span class='ocrx_word' id='word_1_339' title='bbox 168 2262 258 2298; x_wconf 90' lang='lat' dir='ltr'><strong>simo</strong></span> <span class='ocrx_word' id='word_1_340' title='bbox 282 2265 410 2298; x_wconf 88' lang='lat' dir='ltr'><strong>octavo</strong></span> <span class='ocrx_word' id='word_1_341' title='bbox 435 2261 589 2313; x_wconf 84' lang='lat' dir='ltr'><strong>scripsit.</strong></span> <span class='ocrx_word' id='word_1_342' title='bbox 626 2260 723 2296; x_wconf 89' lang='lat' dir='ltr'><strong>unde</strong></span> <span class='ocrx_word' id='word_1_343' title='bbox 745 2259 869 2295; x_wconf 87' lang='lat' dir='ltr'><strong>Marce</strong></span> <span class='ocrx_word' id='word_1_344' title='bbox 896 2270 938 2295; x_wconf 91' lang='lat' dir='ltr'><strong>us</strong></span> <span class='ocrx_word' id='word_1_345' title='bbox 962 2259 1060 2305; x_wconf 89' lang='lat' dir='ltr'><strong>apud</strong></span> <span class='ocrx_word' id='word_1_346' title='bbox 1083 2260 1260 2295; x_wconf 89' lang='lat' dir='ltr'><strong>Iulianum</strong></span> 
     </span>
     <span class='ocr_line' id='line_1_48' title="bbox 167 2305 1259 2349; baseline -0.004 -6"><span class='ocrx_word' id='word_1_347' title='bbox 167 2311 282 2349; x_wconf 88' lang='lat' dir='ltr'><strong>notat,</strong></span> <span class='ocrx_word' id='word_1_348' title='bbox 307 2307 338 2343; x_wconf 92' lang='lat' dir='ltr'><strong>si</strong></span> <span class='ocrx_word' id='word_1_349' title='bbox 356 2306 473 2342; x_wconf 90' lang='lat' dir='ltr'><strong>minor</strong></span> <span class='ocrx_word' id='word_1_350' title='bbox 489 2306 558 2342; x_wconf 90' lang='lat' dir='ltr'><strong>sibi</strong></span> <span class='ocrx_word' id='word_1_351' title='bbox 579 2316 719 2342; x_wconf 90' lang='lat' dir='ltr'><strong>servum</strong></span> <span class='ocrx_word' id='word_1_352' title='bbox 737 2305 977 2340; x_wconf 85' lang='lat' dir='ltr'><strong>necessarium</strong></span> <span class='ocrx_word' id='word_1_353' title='bbox 990 2305 1259 2349; x_wconf 83' lang='lat' dir='ltr'><strong>comparaverit,</strong></span> 
     </span>
     <span class='ocr_line' id='line_1_49' title="bbox 167 2350 1260 2395; baseline -0.004 -7"><span class='ocrx_word' id='word_1_354' title='bbox 167 2363 251 2388; x_wconf 90' lang='lat' dir='ltr'><strong>mox</strong></span> <span class='ocrx_word' id='word_1_355' title='bbox 263 2351 459 2388; x_wconf 89' lang='lat' dir='ltr'><strong>decesserit</strong></span> <span class='ocrx_word' id='word_1_356' title='bbox 468 2352 493 2394; x_wconf 79' lang='lat'><strong>⁶,</strong></span> <span class='ocrx_word' id='word_1_357' title='bbox 515 2361 589 2387; x_wconf 92' lang='lat' dir='ltr'><strong>non</strong></span> <span class='ocrx_word' id='word_1_358' title='bbox 608 2351 737 2386; x_wconf 91' lang='lat' dir='ltr'><strong>debere</strong></span> <span class='ocrx_word' id='word_1_359' title='bbox 758 2360 839 2385; x_wconf 90' lang='lat' dir='ltr'><strong>eum</strong></span> <span class='ocrx_word' id='word_1_360' title='bbox 850 2350 1009 2385; x_wconf 89' lang='lat' dir='ltr'><strong>restitui:</strong></span> <span class='ocrx_word' id='word_1_361' title='bbox 1034 2360 1149 2395; x_wconf 90' lang='lat' dir='ltr'><strong>neque</strong></span> <span class='ocrx_word' id='word_1_362' title='bbox 1168 2350 1260 2386; x_wconf 91' lang='lat' dir='ltr'><strong>enim</strong></span> 
     </span>
     <span class='ocr_line' id='line_1_50' title="bbox 168 2395 1261 2443; baseline -0.003 -10"><span class='ocrx_word' id='word_1_363' title='bbox 168 2401 298 2443; x_wconf 89' lang='lat' dir='ltr'><strong>captus</strong></span> <span class='ocrx_word' id='word_1_364' title='bbox 333 2400 389 2432; x_wconf 90' lang='lat' dir='ltr'><strong>est</strong></span> <span class='ocrx_word' id='word_1_365' title='bbox 423 2396 570 2432; x_wconf 90' lang='lat' dir='ltr'><strong>emendo</strong></span> <span class='ocrx_word' id='word_1_366' title='bbox 607 2396 675 2432; x_wconf 91' lang='lat' dir='ltr'><strong>sibi</strong></span> <span class='ocrx_word' id='word_1_367' title='bbox 708 2406 783 2431; x_wconf 89' lang='lat' dir='ltr'><strong>rem</strong></span> <span class='ocrx_word' id='word_1_368' title='bbox 817 2395 1141 2440; x_wconf 86' lang='lat' dir='ltr'><strong>pernecessariam,</strong></span> <span class='ocrx_word' id='word_1_369' title='bbox 1176 2395 1261 2430; x_wconf 91' lang='lat' dir='ltr'><strong>licet</strong></span> 
     </span>
     <span class='ocr_line' id='line_1_51' title="bbox 168 2440 1259 2486; baseline -0.002 -8"><span class='ocrx_word' id='word_1_370' title='bbox 168 2445 188 2477; x_wconf 88' lang='lat'>5</span> <span class='ocrx_word' id='word_1_371' title='bbox 236 2442 434 2478; x_wconf 90' lang='lat' dir='ltr'><strong>mortalem.</strong></span> <span class='ocrx_word' id='word_1_372' title='bbox 471 2441 510 2477; x_wconf 90' lang='lat' dir='ltr'><strong>Si</strong></span> <span class='ocrx_word' id='word_1_373' title='bbox 532 2440 703 2486; x_wconf 89' lang='lat' dir='ltr'><strong>locupleti</strong></span> <span class='ocrx_word' id='word_1_374' title='bbox 725 2441 829 2476; x_wconf 90' lang='lat' dir='ltr'><strong>heres</strong></span> <span class='ocrx_word' id='word_1_375' title='bbox 854 2440 972 2475; x_wconf 85' lang='lat' dir='ltr'><strong>extitit</strong></span> <span class='ocrx_word' id='word_1_376' title='bbox 994 2444 1031 2475; x_wconf 91' lang='lat' dir='ltr'><strong>et</strong></span> <span class='ocrx_word' id='word_1_377' title='bbox 1053 2440 1172 2475; x_wconf 92' lang='lat' dir='ltr'><strong>subito</strong></span> <span class='ocrx_word' id='word_1_378' title='bbox 1196 2440 1259 2476; x_wconf 93' lang='lat' dir='ltr'><strong>he-</strong></span> 
     </span>
     <span class='ocr_line' id='line_1_52' title="bbox 167 2485 1259 2532; baseline -0.002 -10"><span class='ocrx_word' id='word_1_379' title='bbox 167 2487 303 2523; x_wconf 87' lang='lat' dir='ltr'><strong>reditas</strong></span> <span class='ocrx_word' id='word_1_380' title='bbox 334 2487 437 2532; x_wconf 88' lang='lat' dir='ltr'><strong>lapsa</strong></span> <span class='ocrx_word' id='word_1_381' title='bbox 466 2487 514 2523; x_wconf 90' lang='lat' dir='ltr'><strong>sit</strong></span> <span class='ocrx_word' id='word_1_382' title='bbox 545 2489 647 2532; x_wconf 90' lang='lat' dir='ltr'><strong>(puta</strong></span> <span class='ocrx_word' id='word_1_383' title='bbox 676 2485 823 2532; x_wconf 84' lang='lat' dir='ltr'><strong>praedia</strong></span> <span class='ocrx_word' id='word_1_384' title='bbox 852 2485 1000 2520; x_wconf 88' lang='lat' dir='ltr'><strong>fuerunt</strong></span> <span class='ocrx_word' id='word_1_385' title='bbox 1030 2495 1123 2530; x_wconf 90' lang='lat' dir='ltr'><strong>quae</strong></span> <span class='ocrx_word' id='word_1_386' title='bbox 1154 2485 1259 2521; x_wconf 89' lang='lat' dir='ltr'><strong>chas-</strong></span> 
     </span>
     <span class='ocr_line' id='line_1_53' title="bbox 167 2530 1260 2578; baseline -0.003 -10"><span class='ocrx_word' id='word_1_387' title='bbox 167 2537 262 2568; x_wconf 88' lang='lat' dir='ltr'><strong>mate</strong></span> <span class='ocrx_word' id='word_1_388' title='bbox 284 2533 488 2578; x_wconf 90' lang='lat' dir='ltr'><strong>perierunt,</strong></span> <span class='ocrx_word' id='word_1_389' title='bbox 511 2531 651 2567; x_wconf 84' lang='lat' dir='ltr'><strong>insulae</strong></span> <span class='ocrx_word' id='word_1_390' title='bbox 675 2534 824 2566; x_wconf 87' lang='lat' dir='ltr'><strong>exustae</strong></span> <span class='ocrx_word' id='word_1_391' title='bbox 847 2534 951 2572; x_wconf 89' lang='lat' dir='ltr'><strong>sunt,</strong></span> <span class='ocrx_word' id='word_1_392' title='bbox 976 2530 1069 2566; x_wconf 89' lang='lat' dir='ltr'><strong>servi</strong></span> <span class='ocrx_word' id='word_1_393' title='bbox 1091 2530 1260 2575; x_wconf 87' lang='lat' dir='ltr'><strong>fugerunt</strong></span> 
     </span>
     <span class='ocr_line' id='line_1_54' title="bbox 168 2575 1258 2621; baseline -0.003 -8"><span class='ocrx_word' id='word_1_394' title='bbox 168 2581 232 2612; x_wconf 87' lang='lat' dir='ltr'><strong>aut</strong></span> <span class='ocrx_word' id='word_1_395' title='bbox 263 2577 523 2619; x_wconf 90' lang='lat' dir='ltr'><strong>decesserunt):</strong></span> <span class='ocrx_word' id='word_1_396' title='bbox 555 2576 715 2612; x_wconf 89' lang='lat' dir='ltr'><strong>Iulianus</strong></span> <span class='ocrx_word' id='word_1_397' title='bbox 748 2575 890 2621; x_wconf 88' lang='lat' dir='ltr'><strong>quidem</strong></span> <span class='ocrx_word' id='word_1_398' title='bbox 920 2575 1010 2611; x_wconf 92' lang='lat' dir='ltr'><strong>libro</strong></span> <span class='ocrx_word' id='word_1_399' title='bbox 1035 2575 1258 2620; x_wconf 85' lang='lat' dir='ltr'><strong>quadragen-</strong></span> 
     </span>
     <span class='ocr_line' id='line_1_55' title="bbox 168 2620 1258 2667; baseline -0.002 -10"><span class='ocrx_word' id='word_1_400' title='bbox 168 2622 257 2657; x_wconf 90' lang='lat' dir='ltr'><strong>simo</strong></span> <span class='ocrx_word' id='word_1_401' title='bbox 282 2625 383 2657; x_wconf 89' lang='lat' dir='ltr'><strong>sexto</strong></span> <span class='ocrx_word' id='word_1_402' title='bbox 408 2622 459 2658; x_wconf 92' lang='lat' dir='ltr'><strong>sic</strong></span> <span class='ocrx_word' id='word_1_403' title='bbox 482 2622 659 2667; x_wconf 91' lang='lat' dir='ltr'><strong>loquitur,</strong></span> <span class='ocrx_word' id='word_1_404' title='bbox 690 2621 793 2666; x_wconf 88' lang='lat' dir='ltr'><strong>quasi</strong></span> <span class='ocrx_word' id='word_1_405' title='bbox 823 2620 939 2666; x_wconf 88' lang='lat' dir='ltr'><strong>possit</strong></span> <span class='ocrx_word' id='word_1_406' title='bbox 969 2620 1085 2656; x_wconf 92' lang='lat' dir='ltr'><strong>minor</strong></span> <span class='ocrx_word' id='word_1_407' title='bbox 1106 2620 1145 2655; x_wconf 93' lang='lat' dir='ltr'><strong>in</strong></span> <span class='ocrx_word' id='word_1_408' title='bbox 1167 2621 1258 2656; x_wconf 89' lang='lat' dir='ltr'><strong>inte-</strong></span> 
     </span>
     <span class='ocr_line' id='line_1_56' title="bbox 168 2665 1259 2712; baseline -0.002 -10"><span class='ocrx_word' id='word_1_409' title='bbox 168 2678 270 2712; x_wconf 89' lang='lat' dir='ltr'><strong>grum</strong></span> <span class='ocrx_word' id='word_1_410' title='bbox 292 2667 443 2702; x_wconf 89' lang='lat' dir='ltr'><strong>restitui.</strong></span> <span class='ocrx_word' id='word_1_411' title='bbox 487 2667 682 2702; x_wconf 90' lang='lat' dir='ltr'><strong>Marcellus</strong></span> <span class='ocrx_word' id='word_1_412' title='bbox 705 2670 824 2701; x_wconf 89' lang='lat' dir='ltr'><strong>autem</strong></span> <span class='ocrx_word' id='word_1_413' title='bbox 847 2665 945 2711; x_wconf 89' lang='lat' dir='ltr'><strong>apud</strong></span> <span class='ocrx_word' id='word_1_414' title='bbox 955 2665 1134 2701; x_wconf 86' lang='lat' dir='ltr'><strong>Iulianum</strong></span> <span class='ocrx_word' id='word_1_415' title='bbox 1156 2669 1259 2701; x_wconf 89' lang='lat' dir='ltr'><strong>notat</strong></span> 
     </span>
     <span class='ocr_line' id='line_1_57' title="bbox 169 2711 1257 2757; baseline -0.001 -10"><span class='ocrx_word' id='word_1_416' title='bbox 169 2722 311 2747; x_wconf 88' lang='lat' dir='ltr'><strong>cessare</strong></span> <span class='ocrx_word' id='word_1_417' title='bbox 334 2712 371 2746; x_wconf 92' lang='lat' dir='ltr'><strong>in</strong></span> <span class='ocrx_word' id='word_1_418' title='bbox 393 2711 570 2757; x_wconf 87' lang='lat' dir='ltr'><strong>integrum</strong></span> <span class='ocrx_word' id='word_1_419' title='bbox 593 2711 871 2747; x_wconf 89' lang='lat' dir='ltr'><strong>restitutionem:</strong></span> <span class='ocrx_word' id='word_1_420' title='bbox 904 2721 1019 2756; x_wconf 91' lang='lat' dir='ltr'><strong>neque</strong></span> <span class='ocrx_word' id='word_1_421' title='bbox 1042 2711 1136 2746; x_wconf 91' lang='lat' dir='ltr'><strong>enim</strong></span> <span class='ocrx_word' id='word_1_422' title='bbox 1159 2714 1257 2746; x_wconf 89' lang='lat' dir='ltr'><strong>aeta-</strong></span> 
     </span>
     <span class='ocr_line' id='line_1_58' title="bbox 168 2756 1257 2802; baseline 0 -11"><span class='ocrx_word' id='word_1_423' title='bbox 168 2757 215 2792; x_wconf 89' lang='lat' dir='ltr'><strong>tis</strong></span> <span class='ocrx_word' id='word_1_424' title='bbox 247 2756 384 2792; x_wconf 89' lang='lat' dir='ltr'><strong>lubrico</strong></span> <span class='ocrx_word' id='word_1_425' title='bbox 418 2761 545 2802; x_wconf 89' lang='lat' dir='ltr'><strong>captus</strong></span> <span class='ocrx_word' id='word_1_426' title='bbox 577 2760 632 2792; x_wconf 89' lang='lat' dir='ltr'><strong>est</strong></span> <span class='ocrx_word' id='word_1_427' title='bbox 654 2756 818 2792; x_wconf 86' lang='lat' dir='ltr'><strong>adeundo</strong></span> <span class='ocrx_word' id='word_1_428' title='bbox 842 2756 1057 2801; x_wconf 88' lang='lat' dir='ltr'><strong>locupletem</strong></span> <span class='ocrx_word' id='word_1_429' title='bbox 1079 2756 1257 2791; x_wconf 88' lang='lat' dir='ltr'><strong>heredita·</strong></span> 
     </span>
     <span class='ocr_line' id='line_1_59' title="bbox 168 2801 1258 2880; baseline 0 -44"><span class='ocrx_word' id='word_1_430' title='bbox 168 2804 260 2843; x_wconf 81' lang='lat' dir='ltr'><strong>tem,</strong></span> <span class='ocrx_word' id='word_1_431' title='bbox 297 2805 334 2836; x_wconf 90' lang='lat' dir='ltr'><strong>et</strong></span> <span class='ocrx_word' id='word_1_432' title='bbox 363 2801 461 2880; x_wconf 59' lang='grc' dir='ltr'><strong>331οᾱ</strong></span> <span class='ocrx_word' id='word_1_433' title='bbox 494 2801 569 2836; x_wconf 91' lang='lat' dir='ltr'><strong>fato</strong></span> <span class='ocrx_word' id='word_1_434' title='bbox 605 2801 794 2846; x_wconf 83' lang='lat' dir='ltr'><strong>contingit,</strong></span> <span class='ocrx_word' id='word_1_435' title='bbox 830 2801 940 2837; x_wconf 90' lang='lat' dir='ltr'><strong>cuivis</strong></span> <span class='ocrx_word' id='word_1_436' title='bbox 979 2801 1075 2846; x_wconf 87' lang='lat' dir='ltr'><strong>patri</strong></span> <span class='ocrx_word' id='word_1_437' title='bbox 1104 2801 1258 2836; x_wconf 82' lang='lat' dir='ltr'><strong>familias</strong></span> 
     </span>
     <span class='ocr_line' id='line_1_60' title="bbox 169 2846 1258 2892; baseline 0.001 -11"><span class='ocrx_word' id='word_1_438' title='bbox 169 2846 328 2892; x_wconf 88' lang='lat' dir='ltr'><strong>quamvis</strong></span> <span class='ocrx_word' id='word_1_439' title='bbox 389 2846 627 2891; x_wconf 84' lang='lat' dir='ltr'><strong>’&#39;gentissimo</strong></span> <span class='ocrx_word' id='word_1_440' title='bbox 661 2846 776 2892; x_wconf 87' lang='lat' dir='ltr'><strong>possit</strong></span> <span class='ocrx_word' id='word_1_441' title='bbox 808 2846 1023 2891; x_wconf 85' lang='lat' dir='ltr'><strong>contingere.</strong></span> <span class='ocrx_word' id='word_1_442' title='bbox 1071 2846 1136 2882; x_wconf 92' lang='lat' dir='ltr'><strong>sed</strong></span> <span class='ocrx_word' id='word_1_443' title='bbox 1166 2846 1258 2882; x_wconf 90' lang='lat' dir='ltr'><strong>haec</strong></span> 
     </span>
     <span class='ocr_line' id='line_1_61' title="bbox 168 2890 1256 2936; baseline 0 -10"><span class='ocrx_word' id='word_1_444' title='bbox 168 2901 226 2926; x_wconf 87' lang='lat' dir='ltr'><strong>res</strong></span> <span class='ocrx_word' id='word_1_445' title='bbox 250 2890 390 2926; x_wconf 83' lang='lat' dir='ltr'><strong>adferre</strong></span> <span class='ocrx_word' id='word_1_446' title='bbox 412 2895 531 2936; x_wconf 89' lang='lat' dir='ltr'><strong>potest</strong></span> <span class='ocrx_word' id='word_1_447' title='bbox 553 2891 812 2927; x_wconf 90' lang='lat' dir='ltr'><strong>restitutionem</strong></span> <span class='ocrx_word' id='word_1_448' title='bbox 835 2891 972 2933; x_wconf 89' lang='lat' dir='ltr'><strong>minori,</strong></span> <span class='ocrx_word' id='word_1_449' title='bbox 997 2891 1028 2926; x_wconf 90' lang='lat' dir='ltr'><strong>si</strong></span> <span class='ocrx_word' id='word_1_450' title='bbox 1047 2891 1136 2926; x_wconf 88' lang='lat' dir='ltr'><strong>adiit</strong></span> <span class='ocrx_word' id='word_1_451' title='bbox 1153 2891 1256 2927; x_wconf 88' lang='lat' dir='ltr'><strong>here-</strong></span> 
     </span>
     <span class='ocr_line' id='line_1_62' title="bbox 170 2935 1255 2982; baseline 0.001 -11"><span class='ocrx_word' id='word_1_452' title='bbox 170 2935 336 2978; x_wconf 87' lang='lat' dir='ltr'><strong>ditatem,</strong></span> <span class='ocrx_word' id='word_1_453' title='bbox 367 2936 405 2970; x_wconf 92' lang='lat' dir='ltr'><strong>in</strong></span> <span class='ocrx_word' id='word_1_454' title='bbox 429 2946 500 2980; x_wconf 91' lang='lat' dir='ltr'><strong>qua</strong></span> <span class='ocrx_word' id='word_1_455' title='bbox 522 2946 579 2971; x_wconf 92' lang='lat' dir='ltr'><strong>res</strong></span> <span class='ocrx_word' id='word_1_456' title='bbox 603 2941 704 2971; x_wconf 91' lang='lat' dir='ltr'><strong>erant</strong></span> <span class='ocrx_word' id='word_1_457' title='bbox 727 2937 861 2972; x_wconf 91' lang='lat' dir='ltr'><strong>multae</strong></span> <span class='ocrx_word' id='word_1_458' title='bbox 883 2937 1050 2972; x_wconf 87' lang='lat' dir='ltr'><strong>mortales</strong></span> <span class='ocrx_word' id='word_1_459' title='bbox 1072 2937 1128 2972; x_wconf 90' lang='lat' dir='ltr'><strong>vel</strong></span> <span class='ocrx_word' id='word_1_460' title='bbox 1151 2947 1255 2982; x_wconf 88' lang='lat' dir='ltr'><strong>prae-</strong></span> 
     </span>
     <span class='ocr_line' id='line_1_63' title="bbox 169 2980 1254 3027; baseline 0.002 -12"><span class='ocrx_word' id='word_1_461' title='bbox 169 2980 229 3016; x_wconf 86' lang='lat' dir='ltr'><strong>dia</strong></span> <span class='ocrx_word' id='word_1_462' title='bbox 252 2981 405 3021; x_wconf 87' lang='lat' dir='ltr'><strong>urbana,</strong></span> <span class='ocrx_word' id='word_1_463' title='bbox 429 2990 490 3016; x_wconf 90' lang='lat' dir='ltr'><strong>aes</strong></span> <span class='ocrx_word' id='word_1_464' title='bbox 515 2985 633 3016; x_wconf 90' lang='lat' dir='ltr'><strong>autem</strong></span> <span class='ocrx_word' id='word_1_465' title='bbox 657 2981 811 3017; x_wconf 90' lang='lat' dir='ltr'><strong>alienum</strong></span> <span class='ocrx_word' id='word_1_466' title='bbox 834 2991 952 3027; x_wconf 89' lang='lat' dir='ltr'><strong>grave,</strong></span> <span class='ocrx_word' id='word_1_467' title='bbox 978 2981 1074 3027; x_wconf 93' lang='lat' dir='ltr'><strong>quod</strong></span> <span class='ocrx_word' id='word_1_468' title='bbox 1085 2992 1158 3017; x_wconf 91' lang='lat' dir='ltr'><strong>non</strong></span> <span class='ocrx_word' id='word_1_469' title='bbox 1171 2992 1254 3027; x_wconf 94' lang='lat' dir='ltr'><strong>pro-</strong></span> 
     </span>
    </p>

    <p class='ocr_par' dir='ltr' id='par_1_3' title="bbox 167 3025 1256 3566">
     <span class='ocr_line' id='line_1_64' title="bbox 214 3025 1255 3072; baseline 0.002 -12"><span class='ocrx_word' id='word_1_470' title='bbox 214 3025 286 3061; x_wconf 86' lang='lat' dir='ltr'><strong>exit</strong></span> <span class='ocrx_word' id='word_1_471' title='bbox 308 3035 414 3071; x_wconf 86' lang='lat' dir='ltr'><strong>posse</strong></span> <span class='ocrx_word' id='word_1_472' title='bbox 437 3026 587 3067; x_wconf 86' lang='lat' dir='ltr'><strong>evenire,</strong></span> <span class='ocrx_word' id='word_1_473' title='bbox 611 3030 652 3061; x_wconf 91' lang='lat' dir='ltr'><strong>ut</strong></span> <span class='ocrx_word' id='word_1_474' title='bbox 674 3026 914 3062; x_wconf 89' lang='lat' dir='ltr'><strong>demoriantur</strong></span> <span class='ocrx_word' id='word_1_475' title='bbox 937 3026 1127 3072; x_wconf 89' lang='lat' dir='ltr'><strong>mancipia,</strong></span> <span class='ocrx_word' id='word_1_476' title='bbox 1151 3037 1255 3072; x_wconf 89' lang='lat' dir='ltr'><strong>prae-</strong></span> 
     </span>
     <span class='ocr_line' id='line_1_65' title="bbox 169 3036 1256 3117; baseline 0.001 -11"><span class='ocrx_word' id='word_1_477' title='bbox 169 3036 229 3106; x_wconf 49' lang='grc' dir='ltr'><strong>(Ἧι</strong></span> <span class='ocrx_word' id='word_1_478' title='bbox 250 3074 376 3114; x_wconf 91' lang='lat' dir='ltr'><strong>ruant,</strong></span> <span class='ocrx_word' id='word_1_479' title='bbox 408 3070 463 3105; x_wconf 91' lang='lat' dir='ltr'><strong>vel</strong></span> <span class='ocrx_word' id='word_1_480' title='bbox 487 3070 583 3115; x_wconf 91' lang='lat' dir='ltr'><strong>quod</strong></span> <span class='ocrx_word' id='word_1_481' title='bbox 606 3081 678 3106; x_wconf 91' lang='lat' dir='ltr'><strong>non</strong></span> <span class='ocrx_word' id='word_1_482' title='bbox 702 3071 771 3107; x_wconf 91' lang='lat' dir='ltr'><strong>cito</strong></span> <span class='ocrx_word' id='word_1_483' title='bbox 796 3071 1001 3107; x_wconf 89' lang='lat' dir='ltr'><strong>distraxerit</strong></span> <span class='ocrx_word' id='word_1_484' title='bbox 1021 3072 1131 3116; x_wconf 87' lang='lat' dir='ltr'><strong>haec,</strong></span> <span class='ocrx_word' id='word_1_485' title='bbox 1163 3082 1256 3117; x_wconf 88' lang='lat' dir='ltr'><strong>quae</strong></span> 
     </span>
     <span class='ocr_line' id='line_1_66' title="bbox 169 3115 1256 3162; baseline 0 -10"><span class='ocrx_word' id='word_1_486' title='bbox 169 3118 191 3152; x_wconf 84' lang='lat'><strong>6</strong></span> <span class='ocrx_word' id='word_1_487' title='bbox 237 3115 357 3150; x_wconf 85' lang='lat' dir='ltr'><strong>multis</strong></span> <span class='ocrx_word' id='word_1_488' title='bbox 382 3115 524 3151; x_wconf 84' lang='lat' dir='ltr'><strong>casibus</strong></span> <span class='ocrx_word' id='word_1_489' title='bbox 549 3115 704 3151; x_wconf 90' lang='lat' dir='ltr'><strong>obnoxia</strong></span> <span class='ocrx_word' id='word_1_490' title='bbox 726 3121 820 3151; x_wconf 90' lang='lat' dir='ltr'><strong>sunt.</strong></span> <span class='ocrx_word' id='word_1_491' title='bbox 868 3117 958 3152; x_wconf 93' lang='lat' dir='ltr'><strong>Item</strong></span> <span class='ocrx_word' id='word_1_492' title='bbox 992 3116 1193 3162; x_wconf 89' lang='lat' dir='ltr'><strong>quaeritur,</strong></span> <span class='ocrx_word' id='word_1_493' title='bbox 1226 3117 1256 3152; x_wconf 92' lang='lat' dir='ltr'><strong>si</strong></span> 
     </span>
     <span class='ocr_line' id='line_1_67' title="bbox 168 3159 1255 3203; baseline 0.001 -7"><span class='ocrx_word' id='word_1_494' title='bbox 168 3160 283 3196; x_wconf 90' lang='lat' dir='ltr'><strong>minor</strong></span> <span class='ocrx_word' id='word_1_495' title='bbox 305 3159 473 3196; x_wconf 85' lang='lat' dir='ltr'><strong>adversus</strong></span> <span class='ocrx_word' id='word_1_496' title='bbox 497 3160 668 3195; x_wconf 89' lang='lat' dir='ltr'><strong>minorem</strong></span> <span class='ocrx_word' id='word_1_497' title='bbox 690 3161 827 3196; x_wconf 89' lang='lat' dir='ltr'><strong>restitui</strong></span> <span class='ocrx_word' id='word_1_498' title='bbox 852 3161 1040 3203; x_wconf 89' lang='lat' dir='ltr'><strong>desiderat,</strong></span> <span class='ocrx_word' id='word_1_499' title='bbox 1065 3172 1113 3197; x_wconf 87' lang='lat' dir='ltr'><strong>an</strong></span> <span class='ocrx_word' id='word_1_500' title='bbox 1131 3162 1179 3197; x_wconf 89' lang='lat' dir='ltr'><strong>sit</strong></span> <span class='ocrx_word' id='word_1_501' title='bbox 1190 3172 1255 3197; x_wconf 90' lang='lat' dir='ltr'><strong>au-</strong></span> 
     </span>
     <span class='ocr_line' id='line_1_68' title="bbox 169 3204 1254 3250; baseline 0.002 -10"><span class='ocrx_word' id='word_1_502' title='bbox 169 3204 331 3241; x_wconf 86' lang='lat' dir='ltr'><strong>diendus.</strong></span> <span class='ocrx_word' id='word_1_503' title='bbox 380 3209 416 3240; x_wconf 92' lang='lat' dir='ltr'><strong>et</strong></span> <span class='ocrx_word' id='word_1_504' title='bbox 438 3205 657 3249; x_wconf 90' lang='lat' dir='ltr'><strong>Pomponius</strong></span> <span class='ocrx_word' id='word_1_505' title='bbox 681 3206 885 3250; x_wconf 89' lang='lat' dir='ltr'><strong>simpliciter</strong></span> <span class='ocrx_word' id='word_1_506' title='bbox 908 3206 1034 3242; x_wconf 86' lang='lat' dir='ltr'><strong>scribit</strong></span> <span class='ocrx_word' id='word_1_507' title='bbox 1054 3217 1128 3242; x_wconf 92' lang='lat' dir='ltr'><strong>non</strong></span> <span class='ocrx_word' id='word_1_508' title='bbox 1150 3207 1254 3242; x_wconf 91' lang='lat' dir='ltr'><strong>resti-</strong></span> 
     </span>
     <span class='ocr_line' id='line_1_69' title="bbox 167 3249 1254 3297; baseline 0.002 -12"><span class='ocrx_word' id='word_1_509' title='bbox 167 3249 351 3286; x_wconf 88' lang='lat' dir='ltr'><strong>tuendum.</strong></span> <span class='ocrx_word' id='word_1_510' title='bbox 387 3253 475 3295; x_wconf 89' lang='lat' dir='ltr'><strong>puto</strong></span> <span class='ocrx_word' id='word_1_511' title='bbox 501 3253 619 3284; x_wconf 88' lang='lat' dir='ltr'><strong>autem</strong></span> <span class='ocrx_word' id='word_1_512' title='bbox 643 3250 697 3284; x_wconf 89' lang='lat' dir='ltr'><strong>ins</strong></span> <span class='ocrx_word' id='word_1_513' title='bbox 723 3250 898 3286; x_wconf 89' lang='lat' dir='ltr'><strong>iciendum</strong></span> <span class='ocrx_word' id='word_1_514' title='bbox 922 3261 944 3286; x_wconf 90' lang='lat' dir='ltr'><strong>a</strong></span> <span class='ocrx_word' id='word_1_515' title='bbox 966 3255 1151 3296; x_wconf 89' lang='lat' dir='ltr'><strong>praetore,</strong></span> <span class='ocrx_word' id='word_1_516' title='bbox 1175 3252 1254 3297; x_wconf 87' lang='lat' dir='ltr'><strong>quis</strong></span> 
     </span>
     <span class='ocr_line' id='line_1_70' title="bbox 167 3261 1256 3348; baseline 0.001 -17"><span class='ocrx_word' id='word_1_517' title='bbox 167 3298 298 3348; x_wconf 76' lang='lat' dir='ltr'><strong>captus</strong></span> <span class='ocrx_word' id='word_1_518' title='bbox 320 3294 386 3330; x_wconf 85' lang='lat' dir='ltr'><strong>sit:</strong></span> <span class='ocrx_word' id='word_1_519' title='bbox 419 3294 568 3347; x_wconf 83' lang='lat' dir='ltr'><strong>proinde</strong></span> <span class='ocrx_word' id='word_1_520' title='bbox 591 3295 621 3329; x_wconf 90' lang='lat' dir='ltr'><strong>si</strong></span> <span class='ocrx_word' id='word_1_521' title='bbox 645 3261 749 3330; x_wconf 52' lang='lat' dir='ltr'><strong>amgo</strong></span> <span class='ocrx_word' id='word_1_522' title='bbox 775 3297 870 3340; x_wconf 86' lang='lat' dir='ltr'><strong>capti</strong></span> <span class='ocrx_word' id='word_1_523' title='bbox 894 3301 996 3339; x_wconf 88' lang='lat' dir='ltr'><strong>sunt,</strong></span> <span class='ocrx_word' id='word_1_524' title='bbox 1020 3296 1119 3332; x_wconf 89' lang='lat' dir='ltr'><strong>verbi</strong></span> <span class='ocrx_word' id='word_1_525' title='bbox 1140 3296 1256 3342; x_wconf 88' lang='lat' dir='ltr'><strong>gratia</strong></span> 
     </span>
     <span class='ocr_line' id='line_1_71' title="bbox 168 3339 1255 3387; baseline 0.002 -12"><span class='ocrx_word' id='word_1_526' title='bbox 168 3350 285 3375; x_wconf 91' lang='lat' dir='ltr'><strong>minoi·</strong></span> <span class='ocrx_word' id='word_1_527' title='bbox 306 3339 435 3375; x_wconf 88' lang='lat' dir='ltr'><strong>minori</strong></span> <span class='ocrx_word' id='word_1_528' title='bbox 457 3339 645 3384; x_wconf 89' lang='lat' dir='ltr'><strong>pecuniam</strong></span> <span class='ocrx_word' id='word_1_529' title='bbox 669 3339 765 3374; x_wconf 89' lang='lat' dir='ltr'><strong>dedit</strong></span> <span class='ocrx_word' id='word_1_530' title='bbox 789 3345 824 3374; x_wconf 93' lang='lat' dir='ltr'><strong>et</strong></span> <span class='ocrx_word' id='word_1_531' title='bbox 846 3341 904 3376; x_wconf 86' lang='lat' dir='ltr'><strong>ille</strong></span> <span class='ocrx_word' id='word_1_532' title='bbox 928 3341 1100 3387; x_wconf 89' lang='lat' dir='ltr'><strong>perdidit,</strong></span> <span class='ocrx_word' id='word_1_533' title='bbox 1132 3341 1255 3377; x_wconf 91' lang='lat' dir='ltr'><strong>melior</strong></span> 
     </span>
     <span class='ocr_line' id='line_1_72' title="bbox 168 3383 1256 3438; baseline 0.002 -18"><span class='ocrx_word' id='word_1_534' title='bbox 168 3389 224 3420; x_wconf 89' lang='lat' dir='ltr'><strong>est</strong></span> <span class='ocrx_word' id='word_1_535' title='bbox 248 3394 359 3420; x_wconf 83' lang='lat' dir='ltr'><strong>causa</strong></span> <span class='ocrx_word' id='word_1_536' title='bbox 381 3383 578 3420; x_wconf 86' lang='lat' dir='ltr'><strong>secundum</strong></span> <span class='ocrx_word' id='word_1_537' title='bbox 602 3383 689 3419; x_wconf 91' lang='lat' dir='ltr'><strong>Pom</strong></span> <span class='ocrx_word' id='word_1_538' title='bbox 716 3384 835 3419; x_wconf 92' lang='lat' dir='ltr'><strong>onium</strong></span> <span class='ocrx_word' id='word_1_539' title='bbox 860 3386 947 3428; x_wconf 86' lang='lat' dir='ltr'><strong>eius,</strong></span> <span class='ocrx_word' id='word_1_540' title='bbox 972 3386 1032 3438; x_wconf 82' lang='lat' dir='ltr'><strong>qui</strong></span> <span class='ocrx_word' id='word_1_541' title='bbox 1056 3386 1196 3432; x_wconf 86' lang='lat' dir='ltr'><strong>accepit</strong></span> <span class='ocrx_word' id='word_1_542' title='bbox 1219 3390 1256 3422; x_wconf 90' lang='lat' dir='ltr'><strong>et</strong></span> 
     </span>
     <span class='ocr_line' id='line_1_73' title="bbox 169 3428 1254 3473; baseline 0.002 -8"><span class='ocrx_word' id='word_1_543' title='bbox 169 3433 187 3464; x_wconf 83' lang='lat'><em>7</em></span> <span class='ocrx_word' id='word_1_544' title='bbox 235 3429 291 3465; x_wconf 88' lang='lat' dir='ltr'><strong>vel</strong></span> <span class='ocrx_word' id='word_1_545' title='bbox 314 3428 386 3465; x_wconf 85' lang='lat' dir='ltr'><strong>dila</strong></span> <span class='ocrx_word' id='word_1_546' title='bbox 411 3428 520 3464; x_wconf 89' lang='lat' dir='ltr'><strong>idavit</strong></span> <span class='ocrx_word' id='word_1_547' title='bbox 542 3428 596 3464; x_wconf 89' lang='lat' dir='ltr'><strong>vel</strong></span> <span class='ocrx_word' id='word_1_548' title='bbox 619 3439 683 3473; x_wconf 89' lang='lat' dir='ltr'><strong>per</strong></span> <span class='ocrx_word' id='word_1_549' title='bbox 710 3429 781 3464; x_wconf 84' lang='lat' dir='ltr'><strong>’dit.</strong></span> <span class='ocrx_word' id='word_1_550' title='bbox 826 3429 936 3465; x_wconf 90' lang='lat' dir='ltr'><strong>Plane</strong></span> <span class='ocrx_word' id='word_1_551' title='bbox 959 3441 990 3466; x_wconf 90' lang='lat' dir='ltr'><strong>si</strong></span> <span class='ocrx_word' id='word_1_552' title='bbox 1013 3431 1128 3467; x_wconf 92' lang='lat' dir='ltr'><strong>minor</strong></span> <span class='ocrx_word' id='word_1_553' title='bbox 1151 3431 1254 3467; x_wconf 87' lang='lat' dir='ltr'><strong>annis</strong></span> 
     </span>
     <span class='ocr_line' id='line_1_74' title="bbox 168 3473 1253 3518; baseline 0.002 -8"><span class='ocrx_word' id='word_1_554' title='bbox 168 3485 251 3510; x_wconf 90' lang='lat' dir='ltr'><strong>cum</strong></span> <span class='ocrx_word' id='word_1_555' title='bbox 284 3473 358 3510; x_wconf 84' lang='lat' dir='ltr'><strong>filio</strong></span> <span class='ocrx_word' id='word_1_556' title='bbox 468 3473 477 3481; x_wconf 85' lang='lat'>&#39;</span> <span class='ocrx_word' id='word_1_557' title='bbox 492 3473 544 3509; x_wconf 84' lang='lat' dir='ltr'><strong>’as</strong></span> <span class='ocrx_word' id='word_1_558' title='bbox 578 3473 712 3508; x_wconf 88' lang='lat' dir='ltr'><strong>maiore</strong></span> <span class='ocrx_word' id='word_1_559' title='bbox 746 3475 981 3518; x_wconf 85' lang='lat' dir='ltr'><strong>contraxerit,</strong></span> <span class='ocrx_word' id='word_1_560' title='bbox 1025 3479 1061 3511; x_wconf 88' lang='lat' dir='ltr'><strong>et</strong></span> <span class='ocrx_word' id='word_1_561' title='bbox 1094 3476 1253 3512; x_wconf 85' lang='lat' dir='ltr'><strong>Iulianus</strong></span> 
     </span>
     <span class='ocr_line' id='line_1_75' title="bbox 167 3519 1254 3566; baseline 0.002 -11"><span class='ocrx_word' id='word_1_562' title='bbox 167 3520 258 3556; x_wconf 86' lang='lat' dir='ltr'><strong>libro</strong></span> <span class='ocrx_word' id='word_1_563' title='bbox 290 3523 418 3566; x_wconf 89' lang='lat' dir='ltr'><strong>quarto</strong></span> <span class='ocrx_word' id='word_1_564' title='bbox 451 3519 667 3565; x_wconf 79' lang='lat' dir='ltr'><strong>digestorum</strong></span> <span class='ocrx_word' id='word_1_565' title='bbox 700 3522 736 3554; x_wconf 90' lang='lat' dir='ltr'><strong>et</strong></span> <span class='ocrx_word' id='word_1_566' title='bbox 757 3519 950 3555; x_wconf 86' lang='lat' dir='ltr'><strong>Marcellus</strong></span> <span class='ocrx_word' id='word_1_567' title='bbox 982 3521 1073 3557; x_wconf 83' lang='lat' dir='ltr'><strong>h&#39;bro</strong></span> <span class='ocrx_word' id='word_1_568' title='bbox 1097 3520 1254 3557; x_wconf 88' lang='lat' dir='ltr'><strong>secundo</strong></span> 
     </span>
    </p>
   </div>
   <div class='ocr_carea' id='block_1_3' title="bbox 168 3673 1254 3763">
    <p class='ocr_par' dir='ltr' id='par_1_4' title="bbox 168 3673 1254 3763">
     <span class='ocr_line' id='line_1_76' title="bbox 170 3673 1254 3719; baseline 0.004 -12"><span class='ocrx_word' id='word_1_569' title='bbox 170 3674 211 3716; x_wconf 84' lang='lat' dir='ltr'><strong>(i)</strong></span> <span class='ocrx_word' id='word_1_570' title='bbox 236 3674 398 3706; x_wconf 79' lang='lat' dir='ltr'><strong>servitute</strong></span> <span class='ocrx_word' id='word_1_571' title='bbox 411 3674 486 3707; x_wconf 80' lang='lat' dir='ltr'><strong>edd.</strong></span> <span class='ocrx_word' id='word_1_572' title='bbox 646 3674 690 3714; x_wconf 81' lang='lat'><strong>(2)</strong></span> <span class='ocrx_word' id='word_1_573' title='bbox 715 3673 875 3707; x_wconf 84' lang='lat' dir='ltr'><strong>maiorem</strong></span> <span class='ocrx_word' id='word_1_574' title='bbox 887 3675 1081 3719; x_wconf 77' lang='lat' dir='ltr'><strong>Deqenkolb</strong></span> <span class='ocrx_word' id='word_1_575' title='bbox 1092 3689 1103 3709; x_wconf 87' lang='lat'><strong>.·</strong></span> <span class='ocrx_word' id='word_1_576' title='bbox 1117 3678 1172 3711; x_wconf 77' lang='lat' dir='ltr'><strong>uel</strong></span> <span class='ocrx_word' id='word_1_577' title='bbox 1182 3678 1254 3711; x_wconf 75' lang='lat' dir='ltr'><strong>dele</strong></span> 
     </span>
     <span class='ocr_line' id='line_1_77' title="bbox 168 3717 1254 3763; baseline 0.001 -9"><span class='ocrx_word' id='word_1_578' title='bbox 168 3718 271 3754; x_wconf 77' lang='lat' dir='ltr'><strong>verba</strong></span> <span class='ocrx_word' id='word_1_579' title='bbox 282 3718 317 3751; x_wconf 88' lang='lat' dir='ltr'><strong>id</strong></span> <span class='ocrx_word' id='word_1_580' title='bbox 330 3722 384 3754; x_wconf 81' lang='lat' dir='ltr'><strong>est</strong></span> <span class='ocrx_word' id='word_1_581' title='bbox 395 3719 557 3752; x_wconf 86' lang='lat' dir='ltr'><strong>minorem</strong></span> <span class='ocrx_word' id='word_1_582' title='bbox 567 3717 692 3761; x_wconf 88' lang='lat' dir='ltr'><strong>viginti</strong></span> <span class='ocrx_word' id='word_1_583' title='bbox 704 3719 803 3752; x_wconf 79' lang='lat' dir='ltr'><strong>annis</strong></span> <span class='ocrx_word' id='word_1_584' title='bbox 949 3723 991 3761; x_wconf 79' lang='grc'><strong>(3)</strong></span> <span class='ocrx_word' id='word_1_585' title='bbox 1019 3722 1141 3763; x_wconf 83' lang='lat' dir='ltr'><strong>viginti</strong></span> <span class='ocrx_word' id='word_1_586' title='bbox 1155 3723 1254 3755; x_wconf 80' lang='lat' dir='ltr'><strong>annis</strong></span> 
     </span>
    </p>
   </div>
   <div class='ocr_carea' id='block_1_4' title="bbox 1274 111 1331 159">
    <p class='ocr_par' dir='ltr' id='par_1_5' title="bbox 1274 111 1331 159">
     <span class='ocr_line' id='line_1_78' title="bbox 1274 111 1331 159; baseline 0 0"><span class='ocrx_word' id='word_1_587' title='bbox 1274 111 1331 159; x_wconf 81' lang='lat'><strong>58</strong></span> 
     </span>
    </p>
   </div>
   <div class='ocr_carea' id='block_1_5' title="bbox 2088 0 2528 183">
    <p class='ocr_par' dir='ltr' id='par_1_6' title="bbox 2088 0 2528 183">
     <span class='ocr_line' id='line_1_79' title="bbox 2088 0 2528 183; baseline 0.007 -24"><span class='ocrx_word' id='word_1_588' title='bbox 2088 128 2149 159; x_wconf 82' lang='lat' dir='ltr'><strong>DE</strong></span> <span class='ocrx_word' id='word_1_589' title='bbox 2177 128 2424 162; x_wconf 66' lang='lat' dir='ltr'><strong>molimus</strong></span> <span class='ocrx_word' id='word_1_590' title='bbox 2472 0 2528 183; x_wconf 49' lang='grc' dir='ltr'><strong>ἓ</strong></span> 
     </span>
    </p>
   </div>
   <div class='ocr_carea' id='block_1_6' title="bbox 1323 234 2447 3341">
    <p class='ocr_par' dir='ltr' id='par_1_7' title="bbox 1334 234 2423 327">
     <span class='ocr_line' id='line_1_80' title="bbox 1335 234 2423 281; baseline 0.005 -12"><span class='ocrx_word' id='word_1_591' title='bbox 1335 234 1551 278; x_wconf 87' lang='lat' dir='ltr'><strong>digestorum</strong></span> <span class='ocrx_word' id='word_1_592' title='bbox 1586 235 1734 271; x_wconf 81' lang='lat' dir='ltr'><strong>scribit⁸</strong></span> <span class='ocrx_word' id='word_1_593' title='bbox 1766 246 1874 281; x_wconf 85' lang='lat' dir='ltr'><strong>posse</strong></span> <span class='ocrx_word' id='word_1_594' title='bbox 1907 237 1946 272; x_wconf 90' lang='lat' dir='ltr'><strong>in</strong></span> <span class='ocrx_word' id='word_1_595' title='bbox 1979 236 2017 272; x_wconf 91' lang='lat' dir='ltr'><strong>in</strong></span> <span class='ocrx_word' id='word_1_596' title='bbox 2187 238 2346 281; x_wconf 89' lang='lat' dir='ltr'><strong>restitui,</strong></span> <span class='ocrx_word' id='word_1_597' title='bbox 2382 242 2423 274; x_wconf 82' lang='lat' dir='ltr'><strong>ut</strong></span> 
     </span>
     <span class='ocr_line' id='line_1_81' title="bbox 1334 279 2422 327; baseline 0.006 -14"><span class='ocrx_word' id='word_1_598' title='bbox 1334 279 1446 323; x_wconf 85' lang='lat' dir='ltr'><strong>magis</strong></span> <span class='ocrx_word' id='word_1_599' title='bbox 1469 279 1599 315; x_wconf 90' lang='lat' dir='ltr'><strong>aetatis</strong></span> <span class='ocrx_word' id='word_1_600' title='bbox 1621 280 1713 316; x_wconf 87' lang='lat' dir='ltr'><strong>ratio</strong></span> <span class='ocrx_word' id='word_1_601' title='bbox 1738 291 1845 327; x_wconf 86' lang='lat' dir='ltr'><strong>quam</strong></span> <span class='ocrx_word' id='word_1_602' title='bbox 1867 284 2014 317; x_wconf 89' lang='lat' dir='ltr'><strong>senatus</strong></span> <span class='ocrx_word' id='word_1_603' title='bbox 2047 281 2203 318; x_wconf 91' lang='lat' dir='ltr'><strong>consulti</strong></span> <span class='ocrx_word' id='word_1_604' title='bbox 2232 282 2422 319; x_wconf 84' lang='lat' dir='ltr'><strong>habeatur.</strong></span> 
     </span>
    </p>

    <p class='ocr_par' dir='ltr' id='par_1_8' title="bbox 1334 322 2425 632">
     <span class='ocr_line' id='line_1_82' title="bbox 1383 322 2423 378; baseline 0.004 -17"><span class='ocrx_word' id='word_1_605' title='bbox 1383 322 1435 362; x_wconf 85' lang='lat'><strong>12</strong></span> <span class='ocrx_word' id='word_1_606' title='bbox 1463 324 1588 361; x_wconf 61' lang='grc' dir='ltr'>(ἔωσε</span> <span class='ocrx_word' id='word_1_607' title='bbox 1607 324 1699 361; x_wconf 76' lang='lat' dir='ltr'><strong>libro</strong></span> <span class='ocrx_word' id='word_1_608' title='bbox 1723 330 1854 378; x_wconf 77' lang='lat' dir='ltr'><strong>quarto</strong></span> <span class='ocrx_word' id='word_1_609' title='bbox 1877 326 1929 362; x_wconf 85' lang='lat' dir='ltr'><strong>ad</strong></span> <span class='ocrx_word' id='word_1_610' title='bbox 1949 327 2103 362; x_wconf 80' lang='lat' dir='ltr'><strong>edictum</strong></span> <span class='ocrx_word' id='word_1_611' title='bbox 2120 329 2351 373; x_wconf 73' lang='lat' dir='ltr'><strong>provinciale</strong></span> <span class='ocrx_word' id='word_1_612' title='bbox 2385 328 2423 365; x_wconf 90' lang='lat' dir='ltr'><strong>Si</strong></span> 
     </span>
     <span class='ocr_line' id='line_1_83' title="bbox 1335 369 2424 422; baseline 0.005 -18"><span class='ocrx_word' id='word_1_613' title='bbox 1335 369 1431 422; x_wconf 90' lang='lat' dir='ltr'><strong>apud</strong></span> <span class='ocrx_word' id='word_1_614' title='bbox 1454 370 1625 405; x_wconf 91' lang='lat' dir='ltr'><strong>minorem</strong></span> <span class='ocrx_word' id='word_1_615' title='bbox 1647 370 1773 406; x_wconf 87' lang='lat' dir='ltr'><strong>mulier</strong></span> <span class='ocrx_word' id='word_1_616' title='bbox 1795 382 1860 416; x_wconf 91' lang='lat' dir='ltr'><strong>pro</strong></span> <span class='ocrx_word' id='word_1_617' title='bbox 1884 371 1955 407; x_wconf 84' lang='lat' dir='ltr'><strong>alio</strong></span> <span class='ocrx_word' id='word_1_618' title='bbox 1978 372 2241 416; x_wconf 88' lang='lat' dir='ltr'><strong>intercesserit,</strong></span> <span class='ocrx_word' id='word_1_619' title='bbox 2273 384 2345 409; x_wconf 86' lang='lat' dir='ltr'><strong>non</strong></span> <span class='ocrx_word' id='word_1_620' title='bbox 2369 378 2424 409; x_wconf 81' lang='lat' dir='ltr'><strong>est</strong></span> 
     </span>
     <span class='ocr_line' id='line_1_84' title="bbox 1335 414 2423 467; baseline 0.006 -18"><span class='ocrx_word' id='word_1_621' title='bbox 1335 424 1367 450; x_wconf 86' lang='lat' dir='ltr'><strong>ei</strong></span> <span class='ocrx_word' id='word_1_622' title='bbox 1391 414 1485 450; x_wconf 88' lang='lat' dir='ltr'><strong>actio</strong></span> <span class='ocrx_word' id='word_1_623' title='bbox 1508 414 1750 467; x_wconf 47' lang='lat' dir='ltr'><strong>in·mulierem</strong></span> <span class='ocrx_word' id='word_1_624' title='bbox 1773 415 1904 459; x_wconf 87' lang='lat' dir='ltr'><strong>danda,</strong></span> <span class='ocrx_word' id='word_1_625' title='bbox 1928 416 1991 452; x_wconf 92' lang='lat' dir='ltr'><strong>sed</strong></span> <span class='ocrx_word' id='word_1_626' title='bbox 2013 416 2162 462; x_wconf 88' lang='lat' dir='ltr'><strong>perinde</strong></span> <span class='ocrx_word' id='word_1_627' title='bbox 2184 421 2294 463; x_wconf 88' lang='lat' dir='ltr'><strong>atque</strong></span> <span class='ocrx_word' id='word_1_628' title='bbox 2314 419 2423 455; x_wconf 89' lang='lat' dir='ltr'><strong>ceteri</strong></span> 
     </span>
     <span class='ocr_line' id='line_1_85' title="bbox 1334 461 2422 508; baseline 0.006 -15"><span class='ocrx_word' id='word_1_629' title='bbox 1334 469 1399 505; x_wconf 91' lang='lat' dir='ltr'><strong>per</strong></span> <span class='ocrx_word' id='word_1_630' title='bbox 1423 462 1666 504; x_wconf 77' lang='lat' dir='ltr'><strong>exceptionem</strong></span> <span class='ocrx_word' id='word_1_631' title='bbox 1687 461 1898 497; x_wconf 89' lang='lat' dir='ltr'><strong>summoveri</strong></span> <span class='ocrx_word' id='word_1_632' title='bbox 1921 461 2044 497; x_wconf 85' lang='lat' dir='ltr'><strong>debet:</strong></span> <span class='ocrx_word' id='word_1_633' title='bbox 2068 462 2205 498; x_wconf 89' lang='lat' dir='ltr'><strong>scilicet</strong></span> <span class='ocrx_word' id='word_1_634' title='bbox 2222 463 2307 508; x_wconf 88' lang='lat' dir='ltr'><strong>quia</strong></span> <span class='ocrx_word' id='word_1_635' title='bbox 2327 474 2422 500; x_wconf 91' lang='lat' dir='ltr'><strong>com-</strong></span> 
     </span>
     <span class='ocr_line' id='line_1_86' title="bbox 1335 504 2421 549; baseline 0.005 -10"><span class='ocrx_word' id='word_1_636' title='bbox 1335 504 1433 539; x_wconf 90' lang='lat' dir='ltr'><strong>muni</strong></span> <span class='ocrx_word' id='word_1_637' title='bbox 1455 504 1533 540; x_wconf 90' lang='lat' dir='ltr'><strong>iure</strong></span> <span class='ocrx_word' id='word_1_638' title='bbox 1555 504 1592 539; x_wconf 90' lang='lat' dir='ltr'><strong>in</strong></span> <span class='ocrx_word' id='word_1_639' title='bbox 1614 504 1768 549; x_wconf 89' lang='lat' dir='ltr'><strong>priorem</strong></span> <span class='ocrx_word' id='word_1_640' title='bbox 1791 505 1986 542; x_wconf 90' lang='lat' dir='ltr'><strong>debitorem</strong></span> <span class='ocrx_word' id='word_1_641' title='bbox 2017 506 2050 542; x_wconf 90' lang='lat' dir='ltr'><strong>ei</strong></span> <span class='ocrx_word' id='word_1_642' title='bbox 2083 507 2178 543; x_wconf 89' lang='lat' dir='ltr'><strong>actio</strong></span> <span class='ocrx_word' id='word_1_643' title='bbox 2210 508 2421 544; x_wconf 85' lang='lat' dir='ltr'><strong>restituitur.</strong></span> 
     </span>
     <span class='ocr_line' id='line_1_87' title="bbox 1334 549 2425 598; baseline 0.004 -14"><span class='ocrx_word' id='word_1_644' title='bbox 1334 549 1424 584; x_wconf 91' lang='lat' dir='ltr'><strong>haec</strong></span> <span class='ocrx_word' id='word_1_645' title='bbox 1455 549 1487 584; x_wconf 90' lang='lat' dir='ltr'><strong>si</strong></span> <span class='ocrx_word' id='word_1_646' title='bbox 1510 549 1677 585; x_wconf 89' lang='lat' dir='ltr'><strong>solvendo</strong></span> <span class='ocrx_word' id='word_1_647' title='bbox 1710 550 1757 585; x_wconf 91' lang='lat' dir='ltr'><strong>sit</strong></span> <span class='ocrx_word' id='word_1_648' title='bbox 1786 551 1885 596; x_wconf 89' lang='lat' dir='ltr'><strong>prior</strong></span> <span class='ocrx_word' id='word_1_649' title='bbox 1916 550 2074 587; x_wconf 86' lang='lat' dir='ltr'><strong>debitor:</strong></span> <span class='ocrx_word' id='word_1_650' title='bbox 2107 551 2266 598; x_wconf 87' lang='lat' dir='ltr'><strong>alioquin</strong></span> <span class='ocrx_word' id='word_1_651' title='bbox 2297 553 2425 589; x_wconf 90' lang='lat' dir='ltr'><strong>mulier</strong></span> 
     </span>
     <span class='ocr_line' id='line_1_88' title="bbox 1334 595 2066 632; baseline 0.003 -3"><span class='ocrx_word' id='word_1_652' title='bbox 1334 605 1408 630; x_wconf 92' lang='lat' dir='ltr'><strong>non</strong></span> <span class='ocrx_word' id='word_1_653' title='bbox 1433 597 1552 629; x_wconf 90' lang='lat' dir='ltr'><strong>utetur</strong></span> <span class='ocrx_word' id='word_1_654' title='bbox 1575 598 1720 631; x_wconf 85' lang='lat' dir='ltr'><strong>senatus</strong></span> <span class='ocrx_word' id='word_1_655' title='bbox 1745 595 1899 631; x_wconf 86' lang='lat' dir='ltr'><strong>consulti</strong></span> <span class='ocrx_word' id='word_1_656' title='bbox 1922 596 2066 632; x_wconf 89' lang='lat' dir='ltr'><strong>auxilio.</strong></span> 
     </span>
    </p>

    <p class='ocr_par' dir='ltr' id='par_1_9' title="bbox 1329 636 2447 2125">
     <span class='ocr_line' id='line_1_89' title="bbox 1384 636 2422 678; baseline 0.001 -2"><span class='ocrx_word' id='word_1_657' title='bbox 1384 636 1433 676; x_wconf 87' lang='grc'><strong>13</strong></span> <span class='ocrx_word' id='word_1_658' title='bbox 1466 638 1662 675; x_wconf 71' lang='lat' dir='ltr'><strong>ULPIANUS</strong></span> <span class='ocrx_word' id='word_1_659' title='bbox 1681 639 1773 675; x_wconf 75' lang='lat' dir='ltr'><strong>libro</strong></span> <span class='ocrx_word' id='word_1_660' title='bbox 1795 640 1984 677; x_wconf 81' lang='lat' dir='ltr'><strong>undecimo</strong></span> <span class='ocrx_word' id='word_1_661' title='bbox 2007 641 2058 676; x_wconf 85' lang='lat' dir='ltr'><strong>ad</strong></span> <span class='ocrx_word' id='word_1_662' title='bbox 2079 641 2234 678; x_wconf 71' lang='lat' dir='ltr'><strong>edictum</strong></span> <span class='ocrx_word' id='word_1_663' title='bbox 2280 642 2322 677; x_wconf 89' lang='lat' dir='ltr'><strong>In</strong></span> <span class='ocrx_word' id='word_1_664' title='bbox 2336 653 2422 678; x_wconf 89' lang='lat' dir='ltr'><strong>cau-</strong></span> 
     </span>
     <span class='ocr_line' id='line_1_90' title="bbox 1334 684 2424 729; baseline 0.003 -10"><span class='ocrx_word' id='word_1_665' title='bbox 1334 694 1396 719; x_wconf 89' lang='lat' dir='ltr'><strong>sae</strong></span> <span class='ocrx_word' id='word_1_666' title='bbox 1408 684 1610 729; x_wconf 80' lang='lat' dir='ltr'><strong>cognitione</strong></span> <span class='ocrx_word' id='word_1_667' title='bbox 1620 684 1831 728; x_wconf 87' lang='lat' dir='ltr'><strong>versabitur,</strong></span> <span class='ocrx_word' id='word_1_668' title='bbox 1854 689 1975 721; x_wconf 92' lang='lat' dir='ltr'><strong>utrum</strong></span> <span class='ocrx_word' id='word_1_669' title='bbox 1998 686 2065 721; x_wconf 89' lang='lat' dir='ltr'><strong>soli</strong></span> <span class='ocrx_word' id='word_1_670' title='bbox 2088 686 2122 722; x_wconf 90' lang='lat' dir='ltr'><strong>ei</strong></span> <span class='ocrx_word' id='word_1_671' title='bbox 2140 687 2424 722; x_wconf 84' lang='lat' dir='ltr'><strong>succurrendum</strong></span> 
     </span>
     <span class='ocr_line' id='line_1_91' title="bbox 1334 729 2425 777; baseline 0.004 -13"><span class='ocrx_word' id='word_1_672' title='bbox 1334 729 1399 772; x_wconf 89' lang='lat' dir='ltr'><strong>sit,</strong></span> <span class='ocrx_word' id='word_1_673' title='bbox 1432 738 1479 764; x_wconf 85' lang='lat' dir='ltr'><strong>an</strong></span> <span class='ocrx_word' id='word_1_674' title='bbox 1502 729 1610 764; x_wconf 89' lang='lat' dir='ltr'><strong>etiam</strong></span> <span class='ocrx_word' id='word_1_675' title='bbox 1631 729 1688 765; x_wconf 87' lang='lat' dir='ltr'><strong>his</strong></span> <span class='ocrx_word' id='word_1_676' title='bbox 1712 730 1774 775; x_wconf 87' lang='lat' dir='ltr'><strong>qui</strong></span> <span class='ocrx_word' id='word_1_677' title='bbox 1795 741 1862 775; x_wconf 89' lang='lat' dir='ltr'><strong>pro</strong></span> <span class='ocrx_word' id='word_1_678' title='bbox 1886 740 1928 766; x_wconf 92' lang='lat' dir='ltr'><strong>eo</strong></span> <span class='ocrx_word' id='word_1_679' title='bbox 1953 730 2099 775; x_wconf 88' lang='lat' dir='ltr'><strong>obligati</strong></span> <span class='ocrx_word' id='word_1_680' title='bbox 2130 735 2233 774; x_wconf 89' lang='lat' dir='ltr'><strong>sunt,</strong></span> <span class='ocrx_word' id='word_1_681' title='bbox 2264 735 2307 767; x_wconf 91' lang='lat' dir='ltr'><strong>ut</strong></span> <span class='ocrx_word' id='word_1_682' title='bbox 2335 736 2425 777; x_wconf 89' lang='lat' dir='ltr'><strong>puta</strong></span> 
     </span>
     <span class='ocr_line' id='line_1_92' title="bbox 1333 773 2424 819; baseline 0.003 -10"><span class='ocrx_word' id='word_1_683' title='bbox 1333 773 1613 810; x_wconf 89' lang='lat' dir='ltr'><strong>fideiussoribus.</strong></span> <span class='ocrx_word' id='word_1_684' title='bbox 1647 774 1770 819; x_wconf 90' lang='lat' dir='ltr'><strong>itaque</strong></span> <span class='ocrx_word' id='word_1_685' title='bbox 1793 775 1824 810; x_wconf 91' lang='lat' dir='ltr'><strong>si</strong></span> <span class='ocrx_word' id='word_1_686' title='bbox 1847 785 1929 810; x_wconf 90' lang='lat' dir='ltr'><strong>cum</strong></span> <span class='ocrx_word' id='word_1_687' title='bbox 1961 775 2089 811; x_wconf 90' lang='lat' dir='ltr'><strong>scirem</strong></span> <span class='ocrx_word' id='word_1_688' title='bbox 2120 776 2292 812; x_wconf 87' lang='lat' dir='ltr'><strong>minorem</strong></span> <span class='ocrx_word' id='word_1_689' title='bbox 2322 780 2359 812; x_wconf 91' lang='lat' dir='ltr'><strong>et</strong></span> <span class='ocrx_word' id='word_1_690' title='bbox 2391 777 2424 812; x_wconf 90' lang='lat' dir='ltr'><strong>ei</strong></span> 
     </span>
     <span class='ocr_line' id='line_1_93' title="bbox 1333 818 2424 866; baseline 0.004 -12"><span class='ocrx_word' id='word_1_691' title='bbox 1333 818 1441 854; x_wconf 87' lang='lat' dir='ltr'><strong>fidem</strong></span> <span class='ocrx_word' id='word_1_692' title='bbox 1464 829 1537 854; x_wconf 92' lang='lat' dir='ltr'><strong>non</strong></span> <span class='ocrx_word' id='word_1_693' title='bbox 1559 819 1750 862; x_wconf 89' lang='lat' dir='ltr'><strong>haberem,</strong></span> <span class='ocrx_word' id='word_1_694' title='bbox 1781 823 1822 855; x_wconf 90' lang='lat' dir='ltr'><strong>tu</strong></span> <span class='ocrx_word' id='word_1_695' title='bbox 1844 819 2062 856; x_wconf 86' lang='lat' dir='ltr'><strong>fideiusseris</strong></span> <span class='ocrx_word' id='word_1_696' title='bbox 2085 831 2152 866; x_wconf 89' lang='lat' dir='ltr'><strong>pro</strong></span> <span class='ocrx_word' id='word_1_697' title='bbox 2176 831 2240 864; x_wconf 90' lang='lat' dir='ltr'><strong>eo,</strong></span> <span class='ocrx_word' id='word_1_698' title='bbox 2273 831 2347 857; x_wconf 92' lang='lat' dir='ltr'><strong>non</strong></span> <span class='ocrx_word' id='word_1_699' title='bbox 2370 826 2424 858; x_wconf 84' lang='lat' dir='ltr'><strong>est</strong></span> 
     </span>
     <span class='ocr_line' id='line_1_94' title="bbox 1334 863 2425 909; baseline 0.004 -10"><span class='ocrx_word' id='word_1_700' title='bbox 1334 873 1487 909; x_wconf 86' lang='lat' dir='ltr'><strong>aequum</strong></span> <span class='ocrx_word' id='word_1_701' title='bbox 1521 863 1722 900; x_wconf 86' lang='lat' dir='ltr'><strong>fideiussori</strong></span> <span class='ocrx_word' id='word_1_702' title='bbox 1755 865 1792 900; x_wconf 92' lang='lat' dir='ltr'><strong>in</strong></span> <span class='ocrx_word' id='word_1_703' title='bbox 1823 875 1947 900; x_wconf 90' lang='lat' dir='ltr'><strong>necem</strong></span> <span class='ocrx_word' id='word_1_704' title='bbox 1980 875 2095 901; x_wconf 88' lang='lat' dir='ltr'><strong>meam</strong></span> <span class='ocrx_word' id='word_1_705' title='bbox 2128 865 2325 909; x_wconf 88' lang='lat' dir='ltr'><strong>subveniri,</strong></span> <span class='ocrx_word' id='word_1_706' title='bbox 2361 867 2425 902; x_wconf 85' lang='lat' dir='ltr'><strong>sed</strong></span> 
     </span>
     <span class='ocr_line' id='line_1_95' title="bbox 1333 909 2425 954; baseline 0.004 -10"><span class='ocrx_word' id='word_1_707' title='bbox 1333 909 1453 954; x_wconf 90' lang='lat' dir='ltr'><strong>potius</strong></span> <span class='ocrx_word' id='word_1_708' title='bbox 1476 909 1489 944; x_wconf 91' lang='lat' dir='ltr'><strong>i</strong></span> <span class='ocrx_word' id='word_1_709' title='bbox 1515 909 1546 944; x_wconf 92' lang='lat' dir='ltr'><strong>si</strong></span> <span class='ocrx_word' id='word_1_710' title='bbox 1569 909 1776 954; x_wconf 89' lang='lat' dir='ltr'><strong>deneganda</strong></span> <span class='ocrx_word' id='word_1_711' title='bbox 1800 909 1867 944; x_wconf 92' lang='lat' dir='ltr'><strong>erit</strong></span> <span class='ocrx_word' id='word_1_712' title='bbox 1888 910 2051 945; x_wconf 87' lang='lat' dir='ltr'><strong>mandati</strong></span> <span class='ocrx_word' id='word_1_713' title='bbox 2073 911 2180 947; x_wconf 87' lang='lat' dir='ltr'><strong>actio.</strong></span> <span class='ocrx_word' id='word_1_714' title='bbox 2215 911 2253 947; x_wconf 89' lang='lat' dir='ltr'><strong>iii</strong></span> <span class='ocrx_word' id='word_1_715' title='bbox 2285 921 2425 948; x_wconf 84' lang='lat' dir='ltr'><strong>summa</strong></span> 
     </span>
     <span class='ocr_line' id='line_1_96' title="bbox 1333 953 2447 1001; baseline 0.003 -12"><span class='ocrx_word' id='word_1_716' title='bbox 1333 963 1469 999; x_wconf 88' lang='lat' dir='ltr'><strong>perpen</strong></span> <span class='ocrx_word' id='word_1_717' title='bbox 1495 953 1625 990; x_wconf 90' lang='lat' dir='ltr'><strong>endum</strong></span> <span class='ocrx_word' id='word_1_718' title='bbox 1659 954 1728 989; x_wconf 90' lang='lat' dir='ltr'><strong>erit</strong></span> <span class='ocrx_word' id='word_1_719' title='bbox 1758 955 1935 1000; x_wconf 88' lang='lat' dir='ltr'><strong>praetori,</strong></span> <span class='ocrx_word' id='word_1_720' title='bbox 1979 955 2038 990; x_wconf 91' lang='lat' dir='ltr'><strong>cui</strong></span> <span class='ocrx_word' id='word_1_721' title='bbox 2070 956 2190 1001; x_wconf 89' lang='lat' dir='ltr'><strong>potius</strong></span> <span class='ocrx_word' id='word_1_722' title='bbox 2224 956 2447 999; x_wconf 79' lang='lat' dir='ltr'><strong>subveniat,-</strong></span> 
     </span>
     <span class='ocr_line' id='line_1_97' title="bbox 1333 999 2424 1047; baseline 0.004 -13"><span class='ocrx_word' id='word_1_723' title='bbox 1333 1003 1454 1034; x_wconf 89' lang='lat' dir='ltr'><strong>utrum</strong></span> <span class='ocrx_word' id='word_1_724' title='bbox 1489 999 1656 1035; x_wconf 86' lang='lat' dir='ltr'><strong>creditori</strong></span> <span class='ocrx_word' id='word_1_725' title='bbox 1687 1009 1735 1034; x_wconf 90' lang='lat' dir='ltr'><strong>aii</strong></span> <span class='ocrx_word' id='word_1_726' title='bbox 1768 999 1990 1035; x_wconf 90' lang='lat' dir='ltr'><strong>fideiussori:</strong></span> <span class='ocrx_word' id='word_1_727' title='bbox 2029 1010 2113 1036; x_wconf 92' lang='lat' dir='ltr'><strong>nam</strong></span> <span class='ocrx_word' id='word_1_728' title='bbox 2146 1001 2262 1037; x_wconf 89' lang='lat' dir='ltr'><strong>minor</strong></span> <span class='ocrx_word' id='word_1_729' title='bbox 2295 1006 2424 1047; x_wconf 89' lang='lat' dir='ltr'><strong>captus</strong></span> 
     </span>
     <span class='ocr_line' id='line_1_98' title="bbox 1333 1044 2426 1082; baseline 0.004 -3"><span class='ocrx_word' id='word_1_730' title='bbox 1333 1044 1451 1079; x_wconf 90' lang='lat' dir='ltr'><strong>neutri</strong></span> <span class='ocrx_word' id='word_1_731' title='bbox 1462 1044 1654 1080; x_wconf 86' lang='lat' dir='ltr'><strong>tenebitur.</strong></span> <span class='ocrx_word' id='word_1_732' title='bbox 1690 1044 1832 1080; x_wconf 83' lang='lat' dir='ltr'><strong>facilius</strong></span> <span class='ocrx_word' id='word_1_733' title='bbox 1855 1044 1894 1079; x_wconf 91' lang='lat' dir='ltr'><strong>in</strong></span> <span class='ocrx_word' id='word_1_734' title='bbox 1916 1045 2127 1081; x_wconf 86' lang='lat' dir='ltr'><strong>mandatore</strong></span> <span class='ocrx_word' id='word_1_735' title='bbox 2150 1045 2340 1082; x_wconf 79' lang='lat' dir='ltr'><strong>dicendum</strong></span> <span class='ocrx_word' id='word_1_736' title='bbox 2358 1046 2426 1082; x_wconf 87' lang='lat' dir='ltr'><strong>erit</strong></span> 
     </span>
     <span class='ocr_line' id='line_1_99' title="bbox 1333 1089 2425 1127; baseline 0.003 -3"><span class='ocrx_word' id='word_1_737' title='bbox 1333 1099 1406 1125; x_wconf 91' lang='lat' dir='ltr'><strong>non</strong></span> <span class='ocrx_word' id='word_1_738' title='bbox 1429 1089 1559 1124; x_wconf 89' lang='lat' dir='ltr'><strong>debere</strong></span> <span class='ocrx_word' id='word_1_739' title='bbox 1582 1089 1615 1125; x_wconf 88' lang='lat' dir='ltr'><strong>ei</strong></span> <span class='ocrx_word' id='word_1_740' title='bbox 1637 1089 1867 1125; x_wconf 90' lang='lat' dir='ltr'><strong>subvenire⁷:</strong></span> <span class='ocrx_word' id='word_1_741' title='bbox 1899 1090 1958 1125; x_wconf 92' lang='lat' dir='ltr'><strong>hic</strong></span> <span class='ocrx_word' id='word_1_742' title='bbox 1982 1090 2075 1126; x_wconf 90' lang='lat' dir='ltr'><strong>enim</strong></span> <span class='ocrx_word' id='word_1_743' title='bbox 2096 1091 2194 1126; x_wconf 88' lang='lat' dir='ltr'><strong>velut</strong></span> <span class='ocrx_word' id='word_1_744' title='bbox 2217 1090 2425 1127; x_wconf 84' lang='lat' dir='ltr'><strong>adfirmator</strong></span> 
     </span>
     <span class='ocr_line' id='line_1_100' title="bbox 1332 1134 2427 1178; baseline 0.004 -10"><span class='ocrx_word' id='word_1_745' title='bbox 1332 1134 1402 1169; x_wconf 88' lang='lat' dir='ltr'><strong>fuit</strong></span> <span class='ocrx_word' id='word_1_746' title='bbox 1433 1137 1470 1169; x_wconf 92' lang='lat' dir='ltr'><strong>et</strong></span> <span class='ocrx_word' id='word_1_747' title='bbox 1499 1144 1646 1178; x_wconf 88' lang='lat' dir='ltr'><strong>suasor,</strong></span> <span class='ocrx_word' id='word_1_748' title='bbox 1676 1138 1719 1169; x_wconf 92' lang='lat' dir='ltr'><strong>ut</strong></span> <span class='ocrx_word' id='word_1_749' title='bbox 1742 1144 1824 1170; x_wconf 89' lang='lat' dir='ltr'><strong>cum</strong></span> <span class='ocrx_word' id='word_1_750' title='bbox 1853 1135 1988 1171; x_wconf 90' lang='lat' dir='ltr'><strong>minore</strong></span> <span class='ocrx_word' id='word_1_751' title='bbox 2012 1136 2294 1172; x_wconf 86' lang='lat' dir='ltr'><strong>contraheretur.</strong></span> <span class='ocrx_word' id='word_1_752' title='bbox 2329 1136 2427 1172; x_wconf 88' lang='lat' dir='ltr'><strong>unde</strong></span> 
     </span>
     <span class='ocr_line' id='line_1_101' title="bbox 1332 1179 2424 1225; baseline 0.003 -11"><span class='ocrx_word' id='word_1_753' title='bbox 1332 1179 1484 1214; x_wconf 90' lang='lat' dir='ltr'><strong>tractari</strong></span> <span class='ocrx_word' id='word_1_754' title='bbox 1506 1182 1636 1225; x_wconf 89' lang='lat' dir='ltr'><strong>potest,</strong></span> <span class='ocrx_word' id='word_1_755' title='bbox 1660 1179 1777 1215; x_wconf 89' lang='lat' dir='ltr'><strong>minor</strong></span> <span class='ocrx_word' id='word_1_756' title='bbox 1794 1180 1898 1215; x_wconf 89' lang='lat' dir='ltr'><strong>inint</strong></span> <span class='ocrx_word' id='word_1_757' title='bbox 1960 1181 2292 1217; x_wconf 89' lang='lat' dir='ltr'><strong>umrestitutionem</strong></span> <span class='ocrx_word' id='word_1_758' title='bbox 2304 1185 2424 1217; x_wconf 91' lang='lat' dir='ltr'><strong>utrum</strong></span> 
     </span>
     <span class='ocr_line' id='line_1_102' title="bbox 1333 1223 2423 1262; baseline 0.002 -2"><span class='ocrx_word' id='word_1_759' title='bbox 1333 1223 1504 1260; x_wconf 86' lang='lat' dir='ltr'><strong>adversus</strong></span> <span class='ocrx_word' id='word_1_760' title='bbox 1529 1224 1741 1260; x_wconf 87' lang='lat' dir='ltr'><strong>creditorem</strong></span> <span class='ocrx_word' id='word_1_761' title='bbox 1765 1235 1812 1260; x_wconf 89' lang='lat' dir='ltr'><strong>an</strong></span> <span class='ocrx_word' id='word_1_762' title='bbox 1836 1228 1873 1260; x_wconf 90' lang='lat' dir='ltr'><strong>et</strong></span> <span class='ocrx_word' id='word_1_763' title='bbox 1896 1236 1918 1260; x_wconf 85' lang='lat' dir='ltr'><strong>a</strong></span> <span class='ocrx_word' id='word_1_764' title='bbox 1942 1235 2065 1261; x_wconf 88' lang='lat' dir='ltr'><strong>versus</strong></span> <span class='ocrx_word' id='word_1_765' title='bbox 2087 1225 2335 1262; x_wconf 88' lang='lat' dir='ltr'><strong>fideiussorem</strong></span> <span class='ocrx_word' id='word_1_766' title='bbox 2357 1226 2423 1262; x_wconf 91' lang='lat' dir='ltr'><strong>im-</strong></span> 
     </span>
     <span class='ocr_line' id='line_1_103' title="bbox 1332 1268 2423 1317; baseline 0.003 -13"><span class='ocrx_word' id='word_1_767' title='bbox 1332 1269 1475 1315; x_wconf 88' lang='lat' dir='ltr'><strong>plorare</strong></span> <span class='ocrx_word' id='word_1_768' title='bbox 1506 1268 1646 1304; x_wconf 89' lang='lat' dir='ltr'><strong>debeat.</strong></span> <span class='ocrx_word' id='word_1_769' title='bbox 1683 1273 1719 1305; x_wconf 93' lang='lat' dir='ltr'><strong>et</strong></span> <span class='ocrx_word' id='word_1_770' title='bbox 1748 1272 1838 1315; x_wconf 91' lang='lat' dir='ltr'><strong>puto</strong></span> <span class='ocrx_word' id='word_1_771' title='bbox 1869 1270 1982 1306; x_wconf 91' lang='lat' dir='ltr'><strong>tutius</strong></span> <span class='ocrx_word' id='word_1_772' title='bbox 2013 1270 2183 1307; x_wconf 89' lang='lat' dir='ltr'><strong>adversus</strong></span> <span class='ocrx_word' id='word_1_773' title='bbox 2214 1275 2423 1317; x_wconf 89' lang='lat' dir='ltr'><strong>utrumque:</strong></span> 
     </span>
     <span class='ocr_line' id='line_1_104' title="bbox 1334 1314 2425 1360; baseline 0.003 -11"><span class='ocrx_word' id='word_1_774' title='bbox 1334 1324 1446 1350; x_wconf 88' lang='lat' dir='ltr'><strong>causa</strong></span> <span class='ocrx_word' id='word_1_775' title='bbox 1469 1314 1562 1350; x_wconf 90' lang='lat' dir='ltr'><strong>enim</strong></span> <span class='ocrx_word' id='word_1_776' title='bbox 1585 1314 1729 1359; x_wconf 87' lang='lat' dir='ltr'><strong>cognita</strong></span> <span class='ocrx_word' id='word_1_777' title='bbox 1752 1318 1788 1350; x_wconf 90' lang='lat' dir='ltr'><strong>et</strong></span> <span class='ocrx_word' id='word_1_778' title='bbox 1809 1315 2060 1360; x_wconf 88' lang='lat' dir='ltr'><strong>praesentibus</strong></span> <span class='ocrx_word' id='word_1_779' title='bbox 2083 1315 2295 1352; x_wconf 88' lang='lat' dir='ltr'><strong>adversariis</strong></span> <span class='ocrx_word' id='word_1_780' title='bbox 2318 1316 2375 1352; x_wconf 82' lang='lat' dir='ltr'><strong>vel</strong></span> <span class='ocrx_word' id='word_1_781' title='bbox 2394 1317 2425 1352; x_wconf 89' lang='lat' dir='ltr'><strong>si</strong></span> 
     </span>
     <span class='ocr_line' id='line_1_105' title="bbox 1332 1359 2423 1407; baseline 0.003 -13"><span class='ocrx_word' id='word_1_782' title='bbox 1332 1369 1398 1405; x_wconf 90' lang='lat' dir='ltr'><strong>per</strong></span> <span class='ocrx_word' id='word_1_783' title='bbox 1410 1359 1672 1395; x_wconf 85' lang='lat' dir='ltr'><strong>contumaciam</strong></span> <span class='ocrx_word' id='word_1_784' title='bbox 1691 1359 1810 1395; x_wconf 87' lang='lat' dir='ltr'><strong>desint</strong></span> <span class='ocrx_word' id='word_1_785' title='bbox 1828 1360 1866 1395; x_wconf 93' lang='lat' dir='ltr'><strong>in</strong></span> <span class='ocrx_word' id='word_1_786' title='bbox 1884 1360 2060 1405; x_wconf 88' lang='lat' dir='ltr'><strong>integrum</strong></span> <span class='ocrx_word' id='word_1_787' title='bbox 2078 1360 2321 1397; x_wconf 90' lang='lat' dir='ltr'><strong>restitutiones</strong></span> <span class='ocrx_word' id='word_1_788' title='bbox 2341 1371 2423 1407; x_wconf 88' lang='lat' dir='ltr'><strong>per-</strong></span> 
     </span>
     <span class='ocr_line' id='line_1_106' title="bbox 1335 1404 2423 1450; baseline 0.003 -11"><span class='ocrx_word' id='word_1_789' title='bbox 1335 1408 1351 1439; x_wconf 90' lang='lat'>1</span> <span class='ocrx_word' id='word_1_790' title='bbox 1400 1404 1610 1450; x_wconf 89' lang='lat' dir='ltr'><strong>pendendae</strong></span> <span class='ocrx_word' id='word_1_791' title='bbox 1633 1408 1728 1440; x_wconf 89' lang='lat' dir='ltr'><strong>sunt.</strong></span> <span class='ocrx_word' id='word_1_792' title='bbox 1775 1405 1957 1440; x_wconf 89' lang='lat' dir='ltr'><strong>Interdum</strong></span> <span class='ocrx_word' id='word_1_793' title='bbox 1980 1409 2100 1441; x_wconf 87' lang='lat' dir='ltr'><strong>autem</strong></span> <span class='ocrx_word' id='word_1_794' title='bbox 2122 1406 2301 1442; x_wconf 85' lang='lat' dir='ltr'><strong>restitutio</strong></span> <span class='ocrx_word' id='word_1_795' title='bbox 2326 1411 2364 1442; x_wconf 93' lang='lat' dir='ltr'><strong>et</strong></span> <span class='ocrx_word' id='word_1_796' title='bbox 2385 1407 2423 1442; x_wconf 89' lang='lat' dir='ltr'><strong>in</strong></span> 
     </span>
     <span class='ocr_line' id='line_1_107' title="bbox 1332 1449 2423 1496; baseline 0.003 -11"><span class='ocrx_word' id='word_1_797' title='bbox 1332 1459 1408 1485; x_wconf 88' lang='lat' dir='ltr'><strong>rein</strong></span> <span class='ocrx_word' id='word_1_798' title='bbox 1432 1449 1539 1486; x_wconf 88' lang='lat' dir='ltr'><strong>datur</strong></span> <span class='ocrx_word' id='word_1_799' title='bbox 1560 1450 1708 1492; x_wconf 90' lang='lat' dir='ltr'><strong>minori,</strong></span> <span class='ocrx_word' id='word_1_800' title='bbox 1731 1449 1769 1485; x_wconf 92' lang='lat' dir='ltr'><strong>id</strong></span> <span class='ocrx_word' id='word_1_801' title='bbox 1793 1453 1849 1486; x_wconf 91' lang='lat' dir='ltr'><strong>est</strong></span> <span class='ocrx_word' id='word_1_802' title='bbox 1871 1450 2042 1486; x_wconf 88' lang='lat' dir='ltr'><strong>adversus</strong></span> <span class='ocrx_word' id='word_1_803' title='bbox 2065 1450 2117 1486; x_wconf 92' lang='lat' dir='ltr'><strong>rei</strong></span> <span class='ocrx_word' id='word_1_804' title='bbox 2140 1451 2215 1487; x_wconf 89' lang='lat' dir='ltr'><strong>eius</strong></span> <span class='ocrx_word' id='word_1_805' title='bbox 2238 1461 2423 1496; x_wconf 89' lang='lat' dir='ltr'><strong>possesso-</strong></span> 
     </span>
     <span class='ocr_line' id='line_1_108' title="bbox 1331 1494 2424 1537; baseline 0.002 -7"><span class='ocrx_word' id='word_1_806' title='bbox 1331 1504 1426 1537; x_wconf 87' lang='lat' dir='ltr'><strong>rem,</strong></span> <span class='ocrx_word' id='word_1_807' title='bbox 1458 1494 1544 1530; x_wconf 89' lang='lat' dir='ltr'><strong>licet</strong></span> <span class='ocrx_word' id='word_1_808' title='bbox 1567 1505 1648 1530; x_wconf 90' lang='lat' dir='ltr'><strong>cum</strong></span> <span class='ocrx_word' id='word_1_809' title='bbox 1671 1505 1713 1531; x_wconf 93' lang='lat' dir='ltr'><strong>eo</strong></span> <span class='ocrx_word' id='word_1_810' title='bbox 1738 1505 1811 1530; x_wconf 94' lang='lat' dir='ltr'><strong>non</strong></span> <span class='ocrx_word' id='word_1_811' title='bbox 1833 1495 1881 1530; x_wconf 90' lang='lat' dir='ltr'><strong>sit</strong></span> <span class='ocrx_word' id='word_1_812' title='bbox 1904 1499 2138 1532; x_wconf 88' lang='lat' dir='ltr'><strong>contractum.</strong></span> <span class='ocrx_word' id='word_1_813' title='bbox 2173 1500 2215 1532; x_wconf 90' lang='lat' dir='ltr'><strong>ut</strong></span> <span class='ocrx_word' id='word_1_814' title='bbox 2263 1500 2328 1532; x_wconf 84' lang='lat' dir='ltr'><strong>uta</strong></span> <span class='ocrx_word' id='word_1_815' title='bbox 2349 1507 2424 1532; x_wconf 90' lang='lat' dir='ltr'><strong>rem</strong></span> 
     </span>
     <span class='ocr_line' id='line_1_109' title="bbox 1332 1539 2423 1593; baseline 0.003 -19"><span class='ocrx_word' id='word_1_816' title='bbox 1332 1550 1355 1592; x_wconf 78' lang='lat' dir='ltr'><strong>a</strong></span> <span class='ocrx_word' id='word_1_817' title='bbox 1378 1540 1515 1576; x_wconf 92' lang='lat' dir='ltr'><strong>minore</strong></span> <span class='ocrx_word' id='word_1_818' title='bbox 1538 1539 1653 1575; x_wconf 88' lang='lat' dir='ltr'><strong>emisti</strong></span> <span class='ocrx_word' id='word_1_819' title='bbox 1676 1543 1712 1575; x_wconf 90' lang='lat' dir='ltr'><strong>et</strong></span> <span class='ocrx_word' id='word_1_820' title='bbox 1735 1540 1796 1575; x_wconf 80' lang='lat' dir='ltr'><strong>alii</strong></span> <span class='ocrx_word' id='word_1_821' title='bbox 1827 1540 2034 1576; x_wconf 86' lang='lat' dir='ltr'><strong>vendidisti:</strong></span> <span class='ocrx_word' id='word_1_822' title='bbox 2067 1544 2190 1593; x_wconf 88' lang='lat' dir='ltr'><strong>potest</strong></span> <span class='ocrx_word' id='word_1_823' title='bbox 2245 1541 2423 1577; x_wconf 89' lang='lat' dir='ltr'><strong>esiderare</strong></span> 
     </span>
     <span class='ocr_line' id='line_1_110' title="bbox 1331 1584 2424 1630; baseline 0.003 -11"><span class='ocrx_word' id='word_1_824' title='bbox 1331 1585 1509 1620; x_wconf 88' lang='lat' dir='ltr'><strong>interdum</strong></span> <span class='ocrx_word' id='word_1_825' title='bbox 1532 1584 1703 1620; x_wconf 89' lang='lat' dir='ltr'><strong>adversus</strong></span> <span class='ocrx_word' id='word_1_826' title='bbox 1726 1595 1971 1630; x_wconf 89' lang='lat' dir='ltr'><strong>possessorem</strong></span> <span class='ocrx_word' id='word_1_827' title='bbox 1993 1586 2144 1629; x_wconf 89' lang='lat' dir='ltr'><strong>restitui,</strong></span> <span class='ocrx_word' id='word_1_828' title='bbox 2168 1596 2214 1622; x_wconf 92' lang='lat' dir='ltr'><strong>ne</strong></span> <span class='ocrx_word' id='word_1_829' title='bbox 2235 1596 2310 1622; x_wconf 91' lang='lat' dir='ltr'><strong>rem</strong></span> <span class='ocrx_word' id='word_1_830' title='bbox 2322 1597 2424 1622; x_wconf 89' lang='lat' dir='ltr'><strong>suam</strong></span> 
     </span>
     <span class='ocr_line' id='line_1_111' title="bbox 1331 1630 2423 1677; baseline 0.002 -12"><span class='ocrx_word' id='word_1_831' title='bbox 1331 1630 1459 1675; x_wconf 86' lang='lat' dir='ltr'><strong>perdat</strong></span> <span class='ocrx_word' id='word_1_832' title='bbox 1479 1630 1536 1665; x_wconf 94' lang='lat' dir='ltr'><strong>vel</strong></span> <span class='ocrx_word' id='word_1_833' title='bbox 1557 1640 1598 1665; x_wconf 89' lang='lat' dir='ltr'><strong>re</strong></span> <span class='ocrx_word' id='word_1_834' title='bbox 1621 1640 1688 1665; x_wconf 88' lang='lat' dir='ltr'><strong>sua</strong></span> <span class='ocrx_word' id='word_1_835' title='bbox 1711 1634 1844 1673; x_wconf 86' lang='lat' dir='ltr'><strong>careat,</strong></span> <span class='ocrx_word' id='word_1_836' title='bbox 1869 1634 1906 1666; x_wconf 93' lang='lat' dir='ltr'><strong>et</strong></span> <span class='ocrx_word' id='word_1_837' title='bbox 1927 1631 1998 1667; x_wconf 92' lang='lat' dir='ltr'><strong>hoc</strong></span> <span class='ocrx_word' id='word_1_838' title='bbox 2020 1631 2076 1666; x_wconf 92' lang='lat' dir='ltr'><strong>vel</strong></span> <span class='ocrx_word' id='word_1_839' title='bbox 2100 1631 2300 1677; x_wconf 82' lang='lat' dir='ltr'><strong>cognitione</strong></span> <span class='ocrx_word' id='word_1_840' title='bbox 2343 1642 2423 1667; x_wconf 85' lang='lat' dir='ltr'><strong>rae-</strong></span> 
     </span>
     <span class='ocr_line' id='line_1_112' title="bbox 1331 1675 2423 1712; baseline 0.002 -2"><span class='ocrx_word' id='word_1_841' title='bbox 1331 1675 1426 1710; x_wconf 86' lang='lat' dir='ltr'><strong>toria</strong></span> <span class='ocrx_word' id='word_1_842' title='bbox 1458 1675 1514 1710; x_wconf 94' lang='lat' dir='ltr'><strong>vel</strong></span> <span class='ocrx_word' id='word_1_843' title='bbox 1547 1675 1703 1711; x_wconf 85' lang='lat' dir='ltr'><strong>rescissa</strong></span> <span class='ocrx_word' id='word_1_844' title='bbox 1733 1675 1947 1711; x_wconf 88' lang='lat' dir='ltr'><strong>alienatione</strong></span> <span class='ocrx_word' id='word_1_845' title='bbox 1980 1676 2065 1711; x_wconf 91' lang='lat' dir='ltr'><strong>dato</strong></span> <span class='ocrx_word' id='word_1_846' title='bbox 2100 1676 2139 1711; x_wconf 91' lang='lat' dir='ltr'><strong>in</strong></span> <span class='ocrx_word' id='word_1_847' title='bbox 2172 1687 2247 1712; x_wconf 91' lang='lat' dir='ltr'><strong>rem</strong></span> <span class='ocrx_word' id='word_1_848' title='bbox 2278 1676 2315 1712; x_wconf 90' lang='lat' dir='ltr'><strong>iu</strong></span> <span class='ocrx_word' id='word_1_849' title='bbox 2343 1677 2423 1712; x_wconf 86' lang='lat' dir='ltr'><strong>‘cio.</strong></span> 
     </span>
     <span class='ocr_line' id='line_1_113' title="bbox 1331 1720 2424 1772; baseline 0.002 -17"><span class='ocrx_word' id='word_1_850' title='bbox 1331 1720 1552 1765; x_wconf 92' lang='lat' dir='ltr'><strong>Pomponius</strong></span> <span class='ocrx_word' id='word_1_851' title='bbox 1587 1730 1728 1772; x_wconf 90' lang='lat' dir='ltr'><strong>quoque</strong></span> <span class='ocrx_word' id='word_1_852' title='bbox 1768 1721 1858 1756; x_wconf 90' lang='lat' dir='ltr'><strong>libro</strong></span> <span class='ocrx_word' id='word_1_853' title='bbox 1905 1721 2097 1757; x_wconf 90' lang='lat' dir='ltr'><strong>vicensimo</strong></span> <span class='ocrx_word' id='word_1_854' title='bbox 2134 1725 2262 1757; x_wconf 88' lang='lat' dir='ltr'><strong>octavo</strong></span> <span class='ocrx_word' id='word_1_855' title='bbox 2298 1722 2424 1757; x_wconf 88' lang='lat' dir='ltr'><strong>scribit</strong></span> 
     </span>
     <span class='ocr_line' id='line_1_114' title="bbox 1331 1765 2422 1812; baseline 0.002 -12"><span class='ocrx_word' id='word_1_856' title='bbox 1331 1765 1538 1801; x_wconf 86' lang='lat' dir='ltr'><strong>Labeonem</strong></span> <span class='ocrx_word' id='word_1_857' title='bbox 1549 1765 1781 1808; x_wconf 81' lang='lat' dir='ltr'><strong>existimasse,</strong></span> <span class='ocrx_word' id='word_1_858' title='bbox 1807 1766 1837 1801; x_wconf 91' lang='lat' dir='ltr'><strong>si</strong></span> <span class='ocrx_word' id='word_1_859' title='bbox 1859 1766 1974 1802; x_wconf 90' lang='lat' dir='ltr'><strong>minor</strong></span> <span class='ocrx_word' id='word_1_860' title='bbox 1996 1766 2119 1811; x_wconf 87' lang='lat' dir='ltr'><strong>viginti</strong></span> <span class='ocrx_word' id='word_1_861' title='bbox 2142 1766 2299 1812; x_wconf 87' lang='lat' dir='ltr'><strong>quinque</strong></span> <span class='ocrx_word' id='word_1_862' title='bbox 2319 1767 2422 1802; x_wconf 87' lang='lat' dir='ltr'><strong>annis</strong></span> 
     </span>
     <span class='ocr_line' id='line_1_115' title="bbox 1330 1809 2423 1856; baseline 0.002 -11"><span class='ocrx_word' id='word_1_863' title='bbox 1330 1809 1483 1845; x_wconf 86' lang='lat' dir='ltr'><strong>fundum</strong></span> <span class='ocrx_word' id='word_1_864' title='bbox 1506 1810 1664 1846; x_wconf 87' lang='lat' dir='ltr'><strong>vendidit</strong></span> <span class='ocrx_word' id='word_1_865' title='bbox 1696 1813 1732 1846; x_wconf 90' lang='lat' dir='ltr'><strong>et</strong></span> <span class='ocrx_word' id='word_1_866' title='bbox 1760 1810 1925 1854; x_wconf 87' lang='lat' dir='ltr'><strong>tradidit,</strong></span> <span class='ocrx_word' id='word_1_867' title='bbox 1958 1811 1989 1847; x_wconf 91' lang='lat' dir='ltr'><strong>si</strong></span> <span class='ocrx_word' id='word_1_868' title='bbox 2019 1814 2158 1856; x_wconf 89' lang='lat' dir='ltr'><strong>emptor</strong></span> <span class='ocrx_word' id='word_1_869' title='bbox 2186 1821 2312 1847; x_wconf 88' lang='lat' dir='ltr'><strong>rursus</strong></span> <span class='ocrx_word' id='word_1_870' title='bbox 2342 1821 2423 1847; x_wconf 91' lang='lat' dir='ltr'><strong>eum</strong></span> 
     </span>
     <span class='ocr_line' id='line_1_116' title="bbox 1331 1854 2423 1901; baseline 0.002 -11"><span class='ocrx_word' id='word_1_871' title='bbox 1331 1855 1519 1898; x_wconf 88' lang='lat' dir='ltr'><strong>alienavit,</strong></span> <span class='ocrx_word' id='word_1_872' title='bbox 1554 1855 1586 1890; x_wconf 91' lang='lat' dir='ltr'><strong>si</strong></span> <span class='ocrx_word' id='word_1_873' title='bbox 1621 1854 1763 1900; x_wconf 87' lang='lat' dir='ltr'><strong>quidem</strong></span> <span class='ocrx_word' id='word_1_874' title='bbox 1798 1866 1853 1892; x_wconf 93' lang='lat' dir='ltr'><strong>em</strong></span> <span class='ocrx_word' id='word_1_875' title='bbox 1878 1859 1937 1892; x_wconf 90' lang='lat' dir='ltr'><strong>tor</strong></span> <span class='ocrx_word' id='word_1_876' title='bbox 1971 1866 2123 1901; x_wconf 88' lang='lat' dir='ltr'><strong>sequens</strong></span> <span class='ocrx_word' id='word_1_877' title='bbox 2157 1857 2226 1892; x_wconf 89' lang='lat' dir='ltr'><strong>scit</strong></span> <span class='ocrx_word' id='word_1_878' title='bbox 2259 1867 2336 1892; x_wconf 91' lang='lat' dir='ltr'><strong>rem</strong></span> <span class='ocrx_word' id='word_1_879' title='bbox 2369 1857 2423 1892; x_wconf 84' lang='lat' dir='ltr'><strong>ita</strong></span> 
     </span>
     <span class='ocr_line' id='line_1_117' title="bbox 1330 1867 2424 1952; baseline 0.002 -17"><span class='ocrx_word' id='word_1_880' title='bbox 1330 1903 1487 1952; x_wconf 70' lang='lat' dir='ltr'><strong>gestam,</strong></span> <span class='ocrx_word' id='word_1_881' title='bbox 1521 1900 1783 1952; x_wconf 78' lang='lat' dir='ltr'><strong>restitutionem</strong></span> <span class='ocrx_word' id='word_1_882' title='bbox 1824 1867 1995 1936; x_wconf 40' lang='lat' dir='ltr'><strong>adversus</strong></span> <span class='ocrx_word' id='word_1_883' title='bbox 2028 1911 2110 1936; x_wconf 90' lang='lat' dir='ltr'><strong>eum</strong></span> <span class='ocrx_word' id='word_1_884' title='bbox 2138 1900 2360 1937; x_wconf 88' lang='lat' dir='ltr'><strong>faciendam:</strong></span> <span class='ocrx_word' id='word_1_885' title='bbox 2393 1902 2424 1937; x_wconf 91' lang='lat' dir='ltr'><strong>si</strong></span> 
     </span>
     <span class='ocr_line' id='line_1_118' title="bbox 1329 1945 2425 1991; baseline 0.002 -11"><span class='ocrx_word' id='word_1_886' title='bbox 1329 1947 1506 1990; x_wconf 85' lang='lat' dir='ltr'><strong>ignoravit</strong></span> <span class='ocrx_word' id='word_1_887' title='bbox 1537 1949 1573 1980; x_wconf 91' lang='lat' dir='ltr'><strong>et</strong></span> <span class='ocrx_word' id='word_1_888' title='bbox 1603 1955 1702 1990; x_wconf 88' lang='lat' dir='ltr'><strong>prior</strong></span> <span class='ocrx_word' id='word_1_889' title='bbox 1733 1949 1872 1991; x_wconf 89' lang='lat' dir='ltr'><strong>emptor</strong></span> <span class='ocrx_word' id='word_1_890' title='bbox 1902 1945 2071 1982; x_wconf 88' lang='lat' dir='ltr'><strong>solvendo</strong></span> <span class='ocrx_word' id='word_1_891' title='bbox 2096 1949 2209 1990; x_wconf 85' lang='lat' dir='ltr'><strong>esset,</strong></span> <span class='ocrx_word' id='word_1_892' title='bbox 2239 1957 2312 1982; x_wconf 92' lang='lat' dir='ltr'><strong>non</strong></span> <span class='ocrx_word' id='word_1_893' title='bbox 2344 1956 2425 1982; x_wconf 90' lang='lat' dir='ltr'><strong>esse</strong></span> 
     </span>
     <span class='ocr_line' id='line_1_119' title="bbox 1330 1990 2426 2037; baseline 0.003 -12"><span class='ocrx_word' id='word_1_894' title='bbox 1330 1990 1550 2026; x_wconf 84' lang='lat' dir='ltr'><strong>faciendam:</strong></span> <span class='ocrx_word' id='word_1_895' title='bbox 1576 1990 1632 2025; x_wconf 90' lang='lat' dir='ltr'><strong>sin</strong></span> <span class='ocrx_word' id='word_1_896' title='bbox 1654 2000 1738 2026; x_wconf 91' lang='lat' dir='ltr'><strong>vero</strong></span> <span class='ocrx_word' id='word_1_897' title='bbox 1763 2001 1835 2026; x_wconf 90' lang='lat' dir='ltr'><strong>non</strong></span> <span class='ocrx_word' id='word_1_898' title='bbox 1860 1994 1956 2027; x_wconf 89' lang='lat' dir='ltr'><strong>esset</strong></span> <span class='ocrx_word' id='word_1_899' title='bbox 1977 1991 2158 2034; x_wconf 88' lang='lat' dir='ltr'><strong>solvendo,</strong></span> <span class='ocrx_word' id='word_1_900' title='bbox 2183 1992 2331 2037; x_wconf 89' lang='lat' dir='ltr'><strong>aequius</strong></span> <span class='ocrx_word' id='word_1_901' title='bbox 2344 2001 2426 2028; x_wconf 89' lang='lat' dir='ltr'><strong>esse</strong></span> 
     </span>
     <span class='ocr_line' id='line_1_120' title="bbox 1330 2035 2423 2082; baseline 0.003 -12"><span class='ocrx_word' id='word_1_902' title='bbox 1330 2035 1459 2071; x_wconf 89' lang='lat' dir='ltr'><strong>minori</strong></span> <span class='ocrx_word' id='word_1_903' title='bbox 1482 2035 1645 2071; x_wconf 89' lang='lat' dir='ltr'><strong>succurri</strong></span> <span class='ocrx_word' id='word_1_904' title='bbox 1668 2035 1776 2071; x_wconf 89' lang='lat' dir='ltr'><strong>etiam</strong></span> <span class='ocrx_word' id='word_1_905' title='bbox 1798 2035 1968 2072; x_wconf 88' lang='lat' dir='ltr'><strong>adversus</strong></span> <span class='ocrx_word' id='word_1_906' title='bbox 1991 2036 2230 2081; x_wconf 86' lang='lat' dir='ltr'><strong>ignorantem,</strong></span> <span class='ocrx_word' id='word_1_907' title='bbox 2262 2037 2423 2082; x_wconf 89' lang='lat' dir='ltr'><strong>quamvis</strong></span> 
     </span>
     <span class='ocr_line' id='line_1_121' title="bbox 1329 2079 1770 2125; baseline 0 -9"><span class='ocrx_word' id='word_1_908' title='bbox 1329 2080 1427 2116; x_wconf 91' lang='lat' dir='ltr'><strong>bona</strong></span> <span class='ocrx_word' id='word_1_909' title='bbox 1448 2079 1522 2116; x_wconf 87' lang='lat' dir='ltr'><strong>fide</strong></span> <span class='ocrx_word' id='word_1_910' title='bbox 1544 2084 1682 2125; x_wconf 88' lang='lat' dir='ltr'><strong>emptor</strong></span> <span class='ocrx_word' id='word_1_911' title='bbox 1704 2084 1770 2116; x_wconf 90' lang='lat' dir='ltr'><strong>est.</strong></span> 
     </span>
    </p>

    <p class='ocr_par' dir='ltr' id='par_1_10' title="bbox 1329 2124 2421 2306">
     <span class='ocr_line' id='line_1_122' title="bbox 1379 2124 2421 2172; baseline 0 -10"><span class='ocrx_word' id='word_1_912' title='bbox 1379 2124 1431 2162; x_wconf 87' lang='lat'><strong>14</strong></span> <span class='ocrx_word' id='word_1_913' title='bbox 1454 2125 1616 2161; x_wconf 61' lang='lat' dir='ltr'><strong>Panos·</strong></span> <span class='ocrx_word' id='word_1_914' title='bbox 1624 2125 1716 2161; x_wconf 81' lang='lat' dir='ltr'><strong>libro</strong></span> <span class='ocrx_word' id='word_1_915' title='bbox 1728 2125 1918 2168; x_wconf 83' lang='lat' dir='ltr'><strong>undecimo</strong></span> <span class='ocrx_word' id='word_1_916' title='bbox 1931 2125 1982 2162; x_wconf 83' lang='lat' dir='ltr'><strong>ad</strong></span> <span class='ocrx_word' id='word_1_917' title='bbox 1992 2126 2147 2162; x_wconf 77' lang='lat' dir='ltr'><strong>edictum</strong></span> <span class='ocrx_word' id='word_1_918' title='bbox 2169 2125 2283 2162; x_wconf 87' lang='lat' dir='ltr'><strong>Plane</strong></span> <span class='ocrx_word' id='word_1_919' title='bbox 2295 2136 2421 2172; x_wconf 89' lang='lat' dir='ltr'><strong>quam·</strong></span> 
     </span>
     <span class='ocr_line' id='line_1_123' title="bbox 1330 2170 2421 2215; baseline 0.003 -10"><span class='ocrx_word' id='word_1_920' title='bbox 1330 2170 1391 2205; x_wconf 90' lang='lat' dir='ltr'><strong>diu</strong></span> <span class='ocrx_word' id='word_1_921' title='bbox 1413 2171 1444 2206; x_wconf 92' lang='lat' dir='ltr'><strong>is</strong></span> <span class='ocrx_word' id='word_1_922' title='bbox 1469 2170 1531 2215; x_wconf 90' lang='lat' dir='ltr'><strong>qui</strong></span> <span class='ocrx_word' id='word_1_923' title='bbox 1553 2181 1576 2206; x_wconf 85' lang='lat' dir='ltr'><strong>a</strong></span> <span class='ocrx_word' id='word_1_924' title='bbox 1598 2170 1735 2206; x_wconf 85' lang='lat' dir='ltr'><strong>minore</strong></span> <span class='ocrx_word' id='word_1_925' title='bbox 1757 2181 1833 2206; x_wconf 89' lang='lat' dir='ltr'><strong>rem</strong></span> <span class='ocrx_word' id='word_1_926' title='bbox 1846 2171 1860 2192; x_wconf 83' lang='lat'>⁸</span> <span class='ocrx_word' id='word_1_927' title='bbox 1883 2181 1971 2207; x_wconf 90' lang='lat' dir='ltr'><strong>acce</strong></span> <span class='ocrx_word' id='word_1_928' title='bbox 1995 2171 2025 2206; x_wconf 90' lang='lat' dir='ltr'><strong>it</strong></span> <span class='ocrx_word' id='word_1_929' title='bbox 2046 2175 2111 2206; x_wconf 88' lang='lat' dir='ltr'><strong>aut</strong></span> <span class='ocrx_word' id='word_1_930' title='bbox 2127 2171 2230 2207; x_wconf 90' lang='lat' dir='ltr'><strong>heres</strong></span> <span class='ocrx_word' id='word_1_931' title='bbox 2251 2171 2326 2208; x_wconf 91' lang='lat' dir='ltr'><strong>eius</strong></span> <span class='ocrx_word' id='word_1_932' title='bbox 2342 2171 2421 2208; x_wconf 92' lang='lat' dir='ltr'><strong>ido-</strong></span> 
     </span>
     <span class='ocr_line' id='line_1_124' title="bbox 1330 2215 2421 2262; baseline 0.002 -12"><span class='ocrx_word' id='word_1_933' title='bbox 1330 2225 1419 2251; x_wconf 90' lang='lat' dir='ltr'><strong>neus</strong></span> <span class='ocrx_word' id='word_1_934' title='bbox 1451 2216 1516 2258; x_wconf 90' lang='lat' dir='ltr'><strong>sit,</strong></span> <span class='ocrx_word' id='word_1_935' title='bbox 1548 2215 1637 2250; x_wconf 91' lang='lat' dir='ltr'><strong>nihil</strong></span> <span class='ocrx_word' id='word_1_936' title='bbox 1659 2215 1741 2250; x_wconf 89' lang='lat' dir='ltr'><strong>novi</strong></span> <span class='ocrx_word' id='word_1_937' title='bbox 1765 2216 1968 2252; x_wconf 90' lang='lat' dir='ltr'><strong>constituen</strong></span> <span class='ocrx_word' id='word_1_938' title='bbox 1995 2226 2055 2251; x_wconf 89' lang='lat' dir='ltr'><strong>uin</strong></span> <span class='ocrx_word' id='word_1_939' title='bbox 2079 2219 2134 2251; x_wconf 92' lang='lat' dir='ltr'><strong>est</strong></span> <span class='ocrx_word' id='word_1_940' title='bbox 2155 2217 2193 2251; x_wconf 90' lang='lat' dir='ltr'><strong>in</strong></span> <span class='ocrx_word' id='word_1_941' title='bbox 2224 2226 2326 2259; x_wconf 90' lang='lat' dir='ltr'><strong>eum,</strong></span> <span class='ocrx_word' id='word_1_942' title='bbox 2359 2217 2421 2262; x_wconf 89' lang='lat' dir='ltr'><strong>qui</strong></span> 
     </span>
     <span class='ocr_line' id='line_1_125' title="bbox 1329 2260 2374 2306; baseline 0.002 -11"><span class='ocrx_word' id='word_1_943' title='bbox 1329 2270 1404 2295; x_wconf 90' lang='lat' dir='ltr'><strong>rem</strong></span> <span class='ocrx_word' id='word_1_944' title='bbox 1427 2260 1524 2296; x_wconf 91' lang='lat' dir='ltr'><strong>bona</strong></span> <span class='ocrx_word' id='word_1_945' title='bbox 1546 2260 1616 2296; x_wconf 90' lang='lat' dir='ltr'><strong>fide</strong></span> <span class='ocrx_word' id='word_1_946' title='bbox 1638 2260 1781 2303; x_wconf 90' lang='lat' dir='ltr'><strong>emerit,</strong></span> <span class='ocrx_word' id='word_1_947' title='bbox 1804 2260 1912 2306; x_wconf 90' lang='lat' dir='ltr'><strong>idque</strong></span> <span class='ocrx_word' id='word_1_948' title='bbox 1935 2264 1972 2295; x_wconf 90' lang='lat' dir='ltr'><strong>et</strong></span> <span class='ocrx_word' id='word_1_949' title='bbox 1993 2261 2214 2306; x_wconf 90' lang='lat' dir='ltr'><strong>Pomponius</strong></span> <span class='ocrx_word' id='word_1_950' title='bbox 2237 2261 2374 2297; x_wconf 89' lang='lat' dir='ltr'><strong>scribit.</strong></span> 
     </span>
    </p>

    <p class='ocr_par' dir='ltr' id='par_1_11' title="bbox 1329 2304 2423 2486">
     <span class='ocr_line' id='line_1_126' title="bbox 1355 2304 2422 2353; baseline -0.001 -10"><span class='ocrx_word' id='word_1_951' title='bbox 1355 2342 1358 2343; x_wconf 13' lang='grc' dir='ltr'><em>γ</em></span> <span class='ocrx_word' id='word_1_952' title='bbox 1378 2304 1428 2342; x_wconf 89' lang='grc'><strong>15</strong></span> <span class='ocrx_word' id='word_1_953' title='bbox 1468 2305 1592 2341; x_wconf 66' lang='grc' dir='ltr'>θᾼιυε</span> <span class='ocrx_word' id='word_1_954' title='bbox 1624 2305 1715 2341; x_wconf 82' lang='lat' dir='ltr'><strong>libro</strong></span> <span class='ocrx_word' id='word_1_955' title='bbox 1751 2309 1882 2351; x_wconf 82' lang='lat' dir='ltr'><strong>quarto</strong></span> <span class='ocrx_word' id='word_1_956' title='bbox 1925 2305 1977 2341; x_wconf 84' lang='lat' dir='ltr'><strong>ad</strong></span> <span class='ocrx_word' id='word_1_957' title='bbox 2008 2305 2162 2341; x_wconf 77' lang='lat' dir='ltr'><strong>edictum</strong></span> <span class='ocrx_word' id='word_1_958' title='bbox 2191 2306 2422 2353; x_wconf 78' lang='lat' dir='ltr'><strong>provinciale</strong></span> 
     </span>
     <span class='ocr_line' id='line_1_127' title="bbox 1330 2350 2423 2396; baseline 0.002 -11"><span class='ocrx_word' id='word_1_959' title='bbox 1330 2350 1400 2386; x_wconf 90' lang='lat' dir='ltr'><strong>Sed</strong></span> <span class='ocrx_word' id='word_1_960' title='bbox 1423 2350 1486 2386; x_wconf 92' lang='lat' dir='ltr'><strong>ubi</strong></span> <span class='ocrx_word' id='word_1_961' title='bbox 1509 2350 1686 2391; x_wconf 86' lang='lat' dir='ltr'><strong>restitutio</strong></span> <span class='ocrx_word' id='word_1_962' title='bbox 1711 2350 1837 2393; x_wconf 89' lang='lat' dir='ltr'><strong>datur,</strong></span> <span class='ocrx_word' id='word_1_963' title='bbox 1861 2350 2039 2396; x_wconf 89' lang='lat' dir='ltr'><strong>posterior</strong></span> <span class='ocrx_word' id='word_1_964' title='bbox 2062 2354 2201 2396; x_wconf 90' lang='lat' dir='ltr'><strong>emptor</strong></span> <span class='ocrx_word' id='word_1_965' title='bbox 2222 2351 2352 2387; x_wconf 89' lang='lat' dir='ltr'><strong>reverti</strong></span> <span class='ocrx_word' id='word_1_966' title='bbox 2373 2351 2423 2387; x_wconf 87' lang='lat' dir='ltr'><strong>ad</strong></span> 
     </span>
     <span class='ocr_line' id='line_1_128' title="bbox 1329 2395 2420 2448; baseline 0.002 -18"><span class='ocrx_word' id='word_1_967' title='bbox 1329 2399 1513 2431; x_wconf 89' lang='lat' dir='ltr'><strong>auctorem</strong></span> <span class='ocrx_word' id='word_1_968' title='bbox 1536 2405 1640 2431; x_wconf 90' lang='lat' dir='ltr'><strong>suum</strong></span> <span class='ocrx_word' id='word_1_969' title='bbox 1662 2395 1811 2439; x_wconf 89' lang='lat' dir='ltr'><strong>poterit:</strong></span> <span class='ocrx_word' id='word_1_970' title='bbox 1870 2406 1908 2431; x_wconf 92' lang='lat' dir='ltr'><strong>er</strong></span> <span class='ocrx_word' id='word_1_971' title='bbox 1935 2395 2058 2448; x_wconf 89' lang='lat' dir='ltr'><strong>plures</strong></span> <span class='ocrx_word' id='word_1_972' title='bbox 2082 2406 2225 2441; x_wconf 89' lang='lat' dir='ltr'><strong>quoque</strong></span> <span class='ocrx_word' id='word_1_973' title='bbox 2247 2406 2420 2442; x_wconf 87' lang='lat' dir='ltr'><strong>personas</strong></span> 
     </span>
     <span class='ocr_line' id='line_1_129' title="bbox 1330 2439 2122 2486; baseline 0 -11"><span class='ocrx_word' id='word_1_974' title='bbox 1330 2441 1360 2475; x_wconf 90' lang='lat' dir='ltr'><strong>si</strong></span> <span class='ocrx_word' id='word_1_975' title='bbox 1385 2440 1517 2486; x_wconf 88' lang='lat' dir='ltr'><strong>emptio</strong></span> <span class='ocrx_word' id='word_1_976' title='bbox 1542 2439 1791 2483; x_wconf 85' lang='lat' dir='ltr'><strong>ambulaverit,</strong></span> <span class='ocrx_word' id='word_1_977' title='bbox 1815 2440 1828 2476; x_wconf 93' lang='lat' dir='ltr'><strong>i</strong></span> <span class='ocrx_word' id='word_1_978' title='bbox 1854 2451 1909 2476; x_wconf 90' lang='lat' dir='ltr'><strong>em</strong></span> <span class='ocrx_word' id='word_1_979' title='bbox 1933 2441 2022 2476; x_wconf 88' lang='lat' dir='ltr'><strong>iuris</strong></span> <span class='ocrx_word' id='word_1_980' title='bbox 2045 2440 2122 2476; x_wconf 90' lang='lat' dir='ltr'><strong>erit.</strong></span> 
     </span>
    </p>

    <p class='ocr_par' dir='ltr' id='par_1_12' title="bbox 1323 2483 2421 3341">
     <span class='ocr_line' id='line_1_130' title="bbox 1378 2483 2418 2523; baseline -0.002 0"><span class='ocrx_word' id='word_1_981' title='bbox 1378 2483 1429 2523; x_wconf 89' lang='grc'><strong>16</strong></span> <span class='ocrx_word' id='word_1_982' title='bbox 1461 2484 1657 2521; x_wconf 71' lang='lat' dir='ltr'><strong>Umms</strong></span> <span class='ocrx_word' id='word_1_983' title='bbox 1678 2485 1770 2521; x_wconf 81' lang='lat' dir='ltr'><strong>libro</strong></span> <span class='ocrx_word' id='word_1_984' title='bbox 1795 2485 1983 2521; x_wconf 79' lang='lat' dir='ltr'><strong>undecimo</strong></span> <span class='ocrx_word' id='word_1_985' title='bbox 2006 2485 2057 2521; x_wconf 81' lang='lat' dir='ltr'><strong>ad</strong></span> <span class='ocrx_word' id='word_1_986' title='bbox 2078 2485 2232 2522; x_wconf 78' lang='lat' dir='ltr'><strong>edictum</strong></span> <span class='ocrx_word' id='word_1_987' title='bbox 2278 2485 2418 2522; x_wconf 82' lang='lat' dir='ltr'><strong>Incan-</strong></span> 
     </span>
     <span class='ocr_line' id='line_1_131' title="bbox 1329 2530 2421 2575; baseline 0.001 -9"><span class='ocrx_word' id='word_1_988' title='bbox 1329 2541 1390 2566; x_wconf 89' lang='lat' dir='ltr'><strong>sae</strong></span> <span class='ocrx_word' id='word_1_989' title='bbox 1414 2530 1615 2575; x_wconf 88' lang='lat' dir='ltr'><strong>cognitione</strong></span> <span class='ocrx_word' id='word_1_990' title='bbox 1638 2530 1744 2565; x_wconf 89' lang='lat' dir='ltr'><strong>etiam</strong></span> <span class='ocrx_word' id='word_1_991' title='bbox 1766 2530 1836 2566; x_wconf 91' lang='lat' dir='ltr'><strong>hoc</strong></span> <span class='ocrx_word' id='word_1_992' title='bbox 1859 2530 2077 2573; x_wconf 87' lang='lat' dir='ltr'><strong>versabitur,</strong></span> <span class='ocrx_word' id='word_1_993' title='bbox 2108 2541 2194 2566; x_wconf 92' lang='lat' dir='ltr'><strong>num</strong></span> <span class='ocrx_word' id='word_1_994' title='bbox 2223 2530 2318 2567; x_wconf 86' lang='lat' dir='ltr'><strong>forte</strong></span> <span class='ocrx_word' id='word_1_995' title='bbox 2350 2531 2421 2567; x_wconf 87' lang='lat' dir='ltr'><strong>alia</strong></span> 
     </span>
     <span class='ocr_line' id='line_1_132' title="bbox 1329 2575 2417 2621; baseline 0.001 -10"><span class='ocrx_word' id='word_1_996' title='bbox 1329 2575 1423 2612; x_wconf 92' lang='lat' dir='ltr'><strong>actio</strong></span> <span class='ocrx_word' id='word_1_997' title='bbox 1434 2575 1551 2621; x_wconf 89' lang='lat' dir='ltr'><strong>possit</strong></span> <span class='ocrx_word' id='word_1_998' title='bbox 1563 2579 1764 2621; x_wconf 90' lang='lat' dir='ltr'><strong>competere</strong></span> <span class='ocrx_word' id='word_1_999' title='bbox 1784 2575 1875 2611; x_wconf 91' lang='lat' dir='ltr'><strong>citra</strong></span> <span class='ocrx_word' id='word_1_1000' title='bbox 1893 2575 1931 2610; x_wconf 92' lang='lat' dir='ltr'><strong>in</strong></span> <span class='ocrx_word' id='word_1_1001' title='bbox 1949 2575 2126 2621; x_wconf 88' lang='lat' dir='ltr'><strong>integrum</strong></span> <span class='ocrx_word' id='word_1_1002' title='bbox 2144 2576 2417 2612; x_wconf 89' lang='lat' dir='ltr'><strong>restitutionem.</strong></span> 
     </span>
     <span class='ocr_line' id='line_1_133' title="bbox 1328 2620 2421 2664; baseline 0.001 -8"><span class='ocrx_word' id='word_1_1003' title='bbox 1328 2631 1410 2656; x_wconf 90' lang='lat' dir='ltr'><strong>nam</strong></span> <span class='ocrx_word' id='word_1_1004' title='bbox 1442 2621 1473 2656; x_wconf 90' lang='lat' dir='ltr'><strong>si</strong></span> <span class='ocrx_word' id='word_1_1005' title='bbox 1505 2620 1683 2656; x_wconf 91' lang='lat' dir='ltr'><strong>communi</strong></span> <span class='ocrx_word' id='word_1_1006' title='bbox 1712 2620 1845 2656; x_wconf 88' lang='lat' dir='ltr'><strong>auxilio</strong></span> <span class='ocrx_word' id='word_1_1007' title='bbox 1878 2624 1914 2656; x_wconf 90' lang='lat' dir='ltr'><strong>et</strong></span> <span class='ocrx_word' id='word_1_1008' title='bbox 1943 2631 2041 2656; x_wconf 90' lang='lat' dir='ltr'><strong>mero</strong></span> <span class='ocrx_word' id='word_1_1009' title='bbox 2072 2620 2150 2657; x_wconf 89' lang='lat' dir='ltr'><strong>iure</strong></span> <span class='ocrx_word' id='word_1_1010' title='bbox 2179 2621 2337 2657; x_wconf 87' lang='lat' dir='ltr'><strong>munitus</strong></span> <span class='ocrx_word' id='word_1_1011' title='bbox 2361 2622 2421 2664; x_wconf 88' lang='lat' dir='ltr'><strong>sit,</strong></span> 
     </span>
     <span class='ocr_line' id='line_1_134' title="bbox 1328 2665 2420 2719; baseline 0 -17"><span class='ocrx_word' id='word_1_1012' title='bbox 1328 2677 1400 2702; x_wconf 92' lang='lat' dir='ltr'><strong>non</strong></span> <span class='ocrx_word' id='word_1_1013' title='bbox 1414 2666 1520 2701; x_wconf 90' lang='lat' dir='ltr'><strong>debet</strong></span> <span class='ocrx_word' id='word_1_1014' title='bbox 1539 2666 1572 2701; x_wconf 89' lang='lat' dir='ltr'><strong>ei</strong></span> <span class='ocrx_word' id='word_1_1015' title='bbox 1588 2665 1699 2701; x_wconf 87' lang='lat' dir='ltr'><strong>tribui</strong></span> <span class='ocrx_word' id='word_1_1016' title='bbox 1718 2665 2038 2701; x_wconf 87' lang='lat' dir='ltr'><strong>extraordinarium</strong></span> <span class='ocrx_word' id='word_1_1017' title='bbox 2057 2666 2245 2702; x_wconf 82' lang='lat' dir='ltr'><strong>auxilium:</strong></span> <span class='ocrx_word' id='word_1_1018' title='bbox 2270 2670 2312 2701; x_wconf 92' lang='lat' dir='ltr'><strong>ut</strong></span> <span class='ocrx_word' id='word_1_1019' title='bbox 2330 2670 2420 2719; x_wconf 88' lang='lat' dir='ltr'><strong>puta</strong></span> 
     </span>
     <span class='ocr_line' id='line_1_135' title="bbox 1329 2710 2420 2757; baseline -0.001 -10"><span class='ocrx_word' id='word_1_1020' title='bbox 1329 2722 1410 2747; x_wconf 93' lang='lat' dir='ltr'><strong>cum</strong></span> <span class='ocrx_word' id='word_1_1021' title='bbox 1440 2722 1490 2757; x_wconf 88' lang='lat' dir='ltr'><strong>pu</strong></span> <span class='ocrx_word' id='word_1_1022' title='bbox 1516 2710 1576 2746; x_wconf 92' lang='lat' dir='ltr'><strong>illo</strong></span> <span class='ocrx_word' id='word_1_1023' title='bbox 1609 2714 1835 2746; x_wconf 89' lang='lat' dir='ltr'><strong>contractum</strong></span> <span class='ocrx_word' id='word_1_1024' title='bbox 1867 2714 1922 2746; x_wconf 92' lang='lat' dir='ltr'><strong>est</strong></span> <span class='ocrx_word' id='word_1_1025' title='bbox 1951 2710 2029 2746; x_wconf 89' lang='lat' dir='ltr'><strong>sine</strong></span> <span class='ocrx_word' id='word_1_1026' title='bbox 2050 2711 2179 2746; x_wconf 88' lang='lat' dir='ltr'><strong>tutoris</strong></span> <span class='ocrx_word' id='word_1_1027' title='bbox 2203 2715 2420 2747; x_wconf 88' lang='lat' dir='ltr'><strong>auctoritate</strong></span> 
     </span>
     <span class='ocr_line' id='line_1_136' title="bbox 1331 2755 2418 2808; baseline 0 -16"><span class='ocrx_word' id='word_1_1028' title='bbox 1331 2760 1342 2791; x_wconf 81' lang='lat'>1</span> <span class='ocrx_word' id='word_1_1029' title='bbox 1395 2767 1464 2792; x_wconf 91' lang='lat' dir='ltr'><strong>nec</strong></span> <span class='ocrx_word' id='word_1_1030' title='bbox 1501 2755 1700 2801; x_wconf 90' lang='lat' dir='ltr'><strong>ocupletior</strong></span> <span class='ocrx_word' id='word_1_1031' title='bbox 1721 2755 1840 2791; x_wconf 85' lang='lat' dir='ltr'><strong>factus</strong></span> <span class='ocrx_word' id='word_1_1032' title='bbox 1864 2759 1929 2791; x_wconf 87' lang='lat' dir='ltr'><strong>est.</strong></span> <span class='ocrx_word' id='word_1_1033' title='bbox 1964 2755 2054 2791; x_wconf 84' lang='lat' dir='ltr'><strong>Item</strong></span> <span class='ocrx_word' id='word_1_1034' title='bbox 2073 2755 2227 2791; x_wconf 88' lang='lat' dir='ltr'><strong>relatum</strong></span> <span class='ocrx_word' id='word_1_1035' title='bbox 2246 2759 2302 2792; x_wconf 89' lang='lat' dir='ltr'><strong>est</strong></span> <span class='ocrx_word' id='word_1_1036' title='bbox 2319 2756 2418 2808; x_wconf 83' lang='lat' dir='ltr'><strong>apud</strong></span> 
     </span>
     <span class='ocr_line' id='line_1_137' title="bbox 1327 2800 2418 2845; baseline 0.001 -9"><span class='ocrx_word' id='word_1_1037' title='bbox 1327 2802 1543 2844; x_wconf 88' lang='lat' dir='ltr'><strong>Labeonem,</strong></span> <span class='ocrx_word' id='word_1_1038' title='bbox 1567 2801 1599 2836; x_wconf 92' lang='lat' dir='ltr'><strong>si</strong></span> <span class='ocrx_word' id='word_1_1039' title='bbox 1621 2801 1737 2836; x_wconf 88' lang='lat' dir='ltr'><strong>minor</strong></span> <span class='ocrx_word' id='word_1_1040' title='bbox 1755 2800 2045 2845; x_wconf 88' lang='lat' dir='ltr'><strong>circumscriptus</strong></span> <span class='ocrx_word' id='word_1_1041' title='bbox 2066 2800 2274 2837; x_wconf 88' lang='lat' dir='ltr'><strong>societatem</strong></span> <span class='ocrx_word' id='word_1_1042' title='bbox 2294 2802 2418 2837; x_wconf 79' lang='lat' dir='ltr'><strong>coierit</strong></span> 
     </span>
     <span class='ocr_line' id='line_1_138' title="bbox 1327 2845 2417 2888; baseline 0 -6"><span class='ocrx_word' id='word_1_1043' title='bbox 1327 2847 1381 2882; x_wconf 91' lang='lat' dir='ltr'><strong>vel</strong></span> <span class='ocrx_word' id='word_1_1044' title='bbox 1405 2847 1512 2882; x_wconf 89' lang='lat' dir='ltr'><strong>etiam</strong></span> <span class='ocrx_word' id='word_1_1045' title='bbox 1537 2846 1740 2882; x_wconf 86' lang='lat' dir='ltr'><strong>donationis</strong></span> <span class='ocrx_word' id='word_1_1046' title='bbox 1772 2856 1903 2888; x_wconf 86' lang='lat' dir='ltr'><strong>causa,</strong></span> <span class='ocrx_word' id='word_1_1047' title='bbox 1935 2845 2070 2880; x_wconf 88' lang='lat' dir='ltr'><strong>nullam</strong></span> <span class='ocrx_word' id='word_1_1048' title='bbox 2101 2855 2179 2882; x_wconf 91' lang='lat' dir='ltr'><strong>esse</strong></span> <span class='ocrx_word' id='word_1_1049' title='bbox 2211 2846 2417 2882; x_wconf 89' lang='lat' dir='ltr'><strong>societatem</strong></span> 
     </span>
     <span class='ocr_line' id='line_1_139' title="bbox 1327 2890 2415 2943; baseline -0.001 -16"><span class='ocrx_word' id='word_1_1050' title='bbox 1327 2903 1392 2928; x_wconf 88' lang='lat' dir='ltr'><strong>nec</strong></span> <span class='ocrx_word' id='word_1_1051' title='bbox 1411 2892 1506 2927; x_wconf 87' lang='lat' dir='ltr'><strong>inter</strong></span> <span class='ocrx_word' id='word_1_1052' title='bbox 1523 2891 1675 2926; x_wconf 86' lang='lat' dir='ltr'><strong>maiores</strong></span> <span class='ocrx_word' id='word_1_1053' title='bbox 1694 2890 1835 2943; x_wconf 85' lang='lat' dir='ltr'><strong>quidem</strong></span> <span class='ocrx_word' id='word_1_1054' title='bbox 1855 2895 1891 2925; x_wconf 91' lang='lat' dir='ltr'><strong>et</strong></span> <span class='ocrx_word' id='word_1_1055' title='bbox 1911 2890 1991 2926; x_wconf 88' lang='lat' dir='ltr'><strong>ideo</strong></span> <span class='ocrx_word' id='word_1_1056' title='bbox 2013 2901 2154 2927; x_wconf 91' lang='lat' dir='ltr'><strong>cessare</strong></span> <span class='ocrx_word' id='word_1_1057' title='bbox 2169 2894 2292 2943; x_wconf 88' lang='lat' dir='ltr'><strong>partes</strong></span> <span class='ocrx_word' id='word_1_1058' title='bbox 2311 2902 2415 2937; x_wconf 88' lang='lat' dir='ltr'><strong>prae-</strong></span> 
     </span>
     <span class='ocr_line' id='line_1_140' title="bbox 1326 2935 2419 2987; baseline -0.001 -15"><span class='ocrx_word' id='word_1_1059' title='bbox 1326 2937 1432 2972; x_wconf 89' lang='lat' dir='ltr'><strong>toris:</strong></span> <span class='ocrx_word' id='word_1_1060' title='bbox 1456 2936 1550 2972; x_wconf 88' lang='lat' dir='ltr'><strong>idem</strong></span> <span class='ocrx_word' id='word_1_1061' title='bbox 1575 2940 1611 2972; x_wconf 90' lang='lat' dir='ltr'><strong>et</strong></span> <span class='ocrx_word' id='word_1_1062' title='bbox 1634 2935 1759 2972; x_wconf 89' lang='lat' dir='ltr'><strong>Ofihus</strong></span> <span class='ocrx_word' id='word_1_1063' title='bbox 1782 2935 1984 2987; x_wconf 88' lang='lat' dir='ltr'><strong>respondit:</strong></span> <span class='ocrx_word' id='word_1_1064' title='bbox 2010 2935 2098 2972; x_wconf 89' lang='lat' dir='ltr'><strong>satis</strong></span> <span class='ocrx_word' id='word_1_1065' title='bbox 2122 2946 2214 2971; x_wconf 90' lang='lat' dir='ltr'><strong>enim</strong></span> <span class='ocrx_word' id='word_1_1066' title='bbox 2236 2936 2249 2971; x_wconf 93' lang='lat' dir='ltr'><strong>i</strong></span> <span class='ocrx_word' id='word_1_1067' title='bbox 2274 2946 2315 2972; x_wconf 90' lang='lat' dir='ltr'><strong>so</strong></span> <span class='ocrx_word' id='word_1_1068' title='bbox 2338 2936 2419 2972; x_wconf 90' lang='lat' dir='ltr'><strong>iure</strong></span> 
     </span>
     <span class='ocr_line' id='line_1_141' title="bbox 1326 2980 2415 3026; baseline 0 -9"><span class='ocrx_word' id='word_1_1069' title='bbox 1326 2986 1345 3016; x_wconf 82' lang='lat'>2</span> <span class='ocrx_word' id='word_1_1070' title='bbox 1393 2981 1550 3017; x_wconf 83' lang='lat' dir='ltr'><strong>munitus</strong></span> <span class='ocrx_word' id='word_1_1071' title='bbox 1573 2983 1638 3017; x_wconf 88' lang='lat' dir='ltr'><strong>est.</strong></span> <span class='ocrx_word' id='word_1_1072' title='bbox 1685 2980 1904 3025; x_wconf 89' lang='lat' dir='ltr'><strong>Pompomus</strong></span> <span class='ocrx_word' id='word_1_1073' title='bbox 1935 2990 2077 3026; x_wconf 88' lang='lat' dir='ltr'><strong>quoque</strong></span> <span class='ocrx_word' id='word_1_1074' title='bbox 2107 2980 2218 3017; x_wconf 90' lang='lat' dir='ltr'><strong>refert</strong></span> <span class='ocrx_word' id='word_1_1075' title='bbox 2264 2981 2340 3017; x_wconf 83' lang='lat' dir='ltr'><strong>&#39;bro</strong></span> <span class='ocrx_word' id='word_1_1076' title='bbox 2363 2982 2415 3017; x_wconf 90' lang='lat' dir='ltr'><strong>vi-</strong></span> 
     </span>
     <span class='ocr_line' id='line_1_142' title="bbox 1326 3025 2415 3071; baseline 0 -9"><span class='ocrx_word' id='word_1_1077' title='bbox 1326 3027 1480 3062; x_wconf 88' lang='lat' dir='ltr'><strong>censimo</strong></span> <span class='ocrx_word' id='word_1_1078' title='bbox 1499 3030 1637 3068; x_wconf 88' lang='lat' dir='ltr'><strong>octavo,</strong></span> <span class='ocrx_word' id='word_1_1079' title='bbox 1662 3035 1744 3060; x_wconf 89' lang='lat' dir='ltr'><strong>cum</strong></span> <span class='ocrx_word' id='word_1_1080' title='bbox 1767 3025 1911 3070; x_wconf 87' lang='lat' dir='ltr'><strong>quidam</strong></span> <span class='ocrx_word' id='word_1_1081' title='bbox 1934 3026 2037 3061; x_wconf 89' lang='lat' dir='ltr'><strong>heres</strong></span> <span class='ocrx_word' id='word_1_1082' title='bbox 2059 3029 2205 3071; x_wconf 88' lang='lat' dir='ltr'><strong>rogatus</strong></span> <span class='ocrx_word' id='word_1_1083' title='bbox 2229 3029 2323 3062; x_wconf 87' lang='lat' dir='ltr'><strong>esset</strong></span> <span class='ocrx_word' id='word_1_1084' title='bbox 2340 3025 2415 3061; x_wconf 87' lang='lat' dir='ltr'><strong>fra-</strong></span> 
     </span>
     <span class='ocr_line' id='line_1_143' title="bbox 1325 3069 2414 3115; baseline 0 -8"><span class='ocrx_word' id='word_1_1085' title='bbox 1325 3072 1389 3107; x_wconf 88' lang='lat' dir='ltr'><strong>tris</strong></span> <span class='ocrx_word' id='word_1_1086' title='bbox 1402 3072 1418 3093; x_wconf 83' lang='lat'><strong>⁹</strong></span> <span class='ocrx_word' id='word_1_1087' title='bbox 1440 3071 1536 3106; x_wconf 88' lang='lat' dir='ltr'><strong>filiae</strong></span> <span class='ocrx_word' id='word_1_1088' title='bbox 1558 3069 1759 3115; x_wconf 89' lang='lat' dir='ltr'><strong>complures</strong></span> <span class='ocrx_word' id='word_1_1089' title='bbox 1782 3080 1840 3106; x_wconf 90' lang='lat' dir='ltr'><strong>res</strong></span> <span class='ocrx_word' id='word_1_1090' title='bbox 1865 3070 1951 3106; x_wconf 87' lang='lat' dir='ltr'><strong>dare</strong></span> <span class='ocrx_word' id='word_1_1091' title='bbox 1982 3081 2025 3107; x_wconf 87' lang='lat' dir='ltr'><strong>ea</strong></span> <span class='ocrx_word' id='word_1_1092' title='bbox 2048 3070 2276 3114; x_wconf 90' lang='lat' dir='ltr'><strong>condicione,</strong></span> <span class='ocrx_word' id='word_1_1093' title='bbox 2299 3074 2359 3114; x_wconf 90' lang='lat' dir='ltr'><strong>ut,</strong></span> <span class='ocrx_word' id='word_1_1094' title='bbox 2384 3071 2414 3107; x_wconf 88' lang='lat' dir='ltr'><strong>si</strong></span> 
     </span>
     <span class='ocr_line' id='line_1_144' title="bbox 1324 3115 2414 3157; baseline 0 -5"><span class='ocrx_word' id='word_1_1095' title='bbox 1324 3116 1401 3152; x_wconf 90' lang='lat' dir='ltr'><strong>sine</strong></span> <span class='ocrx_word' id='word_1_1096' title='bbox 1423 3116 1544 3151; x_wconf 92' lang='lat' dir='ltr'><strong>liberis</strong></span> <span class='ocrx_word' id='word_1_1097' title='bbox 1568 3115 1789 3157; x_wconf 87' lang='lat' dir='ltr'><strong>decessisset,</strong></span> <span class='ocrx_word' id='word_1_1098' title='bbox 1814 3116 2018 3151; x_wconf 89' lang='lat' dir='ltr'><strong>restitueret</strong></span> <span class='ocrx_word' id='word_1_1099' title='bbox 2041 3126 2102 3151; x_wconf 89' lang='lat' dir='ltr'><strong>eas</strong></span> <span class='ocrx_word' id='word_1_1100' title='bbox 2124 3115 2247 3152; x_wconf 89' lang='lat' dir='ltr'><strong>heredi</strong></span> <span class='ocrx_word' id='word_1_1101' title='bbox 2270 3119 2307 3152; x_wconf 85' lang='lat' dir='ltr'><strong>et</strong></span> <span class='ocrx_word' id='word_1_1102' title='bbox 2323 3116 2414 3152; x_wconf 85' lang='lat' dir='ltr'><strong>haec</strong></span> 
     </span>
     <span class='ocr_line' id='line_1_145' title="bbox 1324 3159 2414 3204; baseline 0 -8"><span class='ocrx_word' id='word_1_1103' title='bbox 1324 3161 1493 3197; x_wconf 85' lang='lat' dir='ltr'><strong>defuncto</strong></span> <span class='ocrx_word' id='word_1_1104' title='bbox 1517 3159 1648 3196; x_wconf 88' lang='lat' dir='ltr'><strong>herede</strong></span> <span class='ocrx_word' id='word_1_1105' title='bbox 1670 3159 1793 3195; x_wconf 87' lang='lat' dir='ltr'><strong>heredi</strong></span> <span class='ocrx_word' id='word_1_1106' title='bbox 1817 3161 1893 3196; x_wconf 90' lang='lat' dir='ltr'><strong>eius</strong></span> <span class='ocrx_word' id='word_1_1107' title='bbox 1917 3161 2070 3197; x_wconf 88' lang='lat' dir='ltr'><strong>cavisset</strong></span> <span class='ocrx_word' id='word_1_1108' title='bbox 2092 3171 2133 3196; x_wconf 89' lang='lat' dir='ltr'><strong>se</strong></span> <span class='ocrx_word' id='word_1_1109' title='bbox 2154 3160 2414 3204; x_wconf 85' lang='lat' dir='ltr'><strong>restituturam,</strong></span> 
     </span>
     <span class='ocr_line' id='line_1_146' title="bbox 1323 3204 2414 3250; baseline -0.001 -8"><span class='ocrx_word' id='word_1_1110' title='bbox 1323 3206 1527 3242; x_wconf 86' lang='lat' dir='ltr'><strong>Aristonem</strong></span> <span class='ocrx_word' id='word_1_1111' title='bbox 1549 3209 1699 3250; x_wconf 89' lang='lat' dir='ltr'><strong>putasse</strong></span> <span class='ocrx_word' id='word_1_1112' title='bbox 1721 3204 1758 3240; x_wconf 89' lang='lat' dir='ltr'><strong>in</strong></span> <span class='ocrx_word' id='word_1_1113' title='bbox 1781 3205 1956 3250; x_wconf 87' lang='lat' dir='ltr'><strong>integrum</strong></span> <span class='ocrx_word' id='word_1_1114' title='bbox 1978 3205 2244 3241; x_wconf 88' lang='lat' dir='ltr'><strong>restituendam.</strong></span> <span class='ocrx_word' id='word_1_1115' title='bbox 2292 3205 2356 3242; x_wconf 88' lang='lat' dir='ltr'><strong>sed</strong></span> <span class='ocrx_word' id='word_1_1116' title='bbox 2378 3210 2414 3241; x_wconf 84' lang='lat' dir='ltr'><strong>et</strong></span> 
     </span>
     <span class='ocr_line' id='line_1_147' title="bbox 1323 3249 2413 3302; baseline 0.001 -16"><span class='ocrx_word' id='word_1_1117' title='bbox 1323 3251 1411 3287; x_wconf 92' lang='lat' dir='ltr'><strong>illud</strong></span> <span class='ocrx_word' id='word_1_1118' title='bbox 1433 3250 1652 3302; x_wconf 80' lang='lat' dir='ltr'><strong>Pomponius</strong></span> <span class='ocrx_word' id='word_1_1119' title='bbox 1683 3249 1811 3293; x_wconf 88' lang='lat' dir='ltr'><strong>adicit,</strong></span> <span class='ocrx_word' id='word_1_1120' title='bbox 1843 3250 1941 3296; x_wconf 86' lang='lat' dir='ltr'><strong>quod</strong></span> <span class='ocrx_word' id='word_1_1121' title='bbox 1962 3250 2080 3296; x_wconf 90' lang='lat' dir='ltr'><strong>potuit</strong></span> <span class='ocrx_word' id='word_1_1122' title='bbox 2109 3251 2238 3286; x_wconf 89' lang='lat' dir='ltr'><strong>incerti</strong></span> <span class='ocrx_word' id='word_1_1123' title='bbox 2271 3250 2413 3287; x_wconf 85' lang='lat' dir='ltr'><strong>condici</strong></span> 
     </span>
     <span class='ocr_line' id='line_1_148' title="bbox 1323 3295 2413 3341; baseline 0 -9"><span class='ocrx_word' id='word_1_1124' title='bbox 1323 3296 1413 3332; x_wconf 90' lang='lat' dir='ltr'><strong>haec</strong></span> <span class='ocrx_word' id='word_1_1125' title='bbox 1436 3299 1555 3332; x_wconf 89' lang='lat' dir='ltr'><strong>cautio</strong></span> <span class='ocrx_word' id='word_1_1126' title='bbox 1580 3298 1687 3330; x_wconf 85' lang='lat' dir='ltr'><strong>etiam</strong></span> <span class='ocrx_word' id='word_1_1127' title='bbox 1710 3304 1732 3329; x_wconf 90' lang='lat' dir='ltr'><strong>a</strong></span> <span class='ocrx_word' id='word_1_1128' title='bbox 1754 3295 1909 3331; x_wconf 84' lang='lat' dir='ltr'><strong>maiore:</strong></span> <span class='ocrx_word' id='word_1_1129' title='bbox 1934 3306 2006 3331; x_wconf 89' lang='lat' dir='ltr'><strong>non</strong></span> <span class='ocrx_word' id='word_1_1130' title='bbox 2027 3295 2120 3331; x_wconf 90' lang='lat' dir='ltr'><strong>enim</strong></span> <span class='ocrx_word' id='word_1_1131' title='bbox 2138 3295 2216 3341; x_wconf 90' lang='lat' dir='ltr'><strong>ipso</strong></span> <span class='ocrx_word' id='word_1_1132' title='bbox 2236 3295 2325 3338; x_wconf 89' lang='lat' dir='ltr'><strong>iure,</strong></span> <span class='ocrx_word' id='word_1_1133' title='bbox 2349 3295 2413 3332; x_wconf 89' lang='lat' dir='ltr'><strong>sed</strong></span> 
     </span>
    </p>
   </div>
   <div class='ocr_carea' id='block_1_7' title="bbox 1323 3339 2476 3483">
    <p class='ocr_par' dir='ltr' id='par_1_13' title="bbox 1323 3339 2476 3483">
     <span class='ocr_line' id='line_1_149' title="bbox 1324 3339 2411 3387; baseline -0.002 -10"><span class='ocrx_word' id='word_1_1134' title='bbox 1324 3344 1344 3377; x_wconf 84' lang='lat'>3</span> <span class='ocrx_word' id='word_1_1135' title='bbox 1390 3351 1456 3387; x_wconf 87' lang='lat' dir='ltr'><strong>per</strong></span> <span class='ocrx_word' id='word_1_1136' title='bbox 1479 3339 1739 3376; x_wconf 83' lang='lat' dir='ltr'><strong>condictionem</strong></span> <span class='ocrx_word' id='word_1_1137' title='bbox 1762 3340 1919 3376; x_wconf 88' lang='lat' dir='ltr'><strong>munitus</strong></span> <span class='ocrx_word' id='word_1_1138' title='bbox 1943 3344 2008 3376; x_wconf 85' lang='lat' dir='ltr'><strong>est.</strong></span> <span class='ocrx_word' id='word_1_1139' title='bbox 2043 3339 2094 3375; x_wconf 90' lang='lat' dir='ltr'><strong>Et</strong></span> <span class='ocrx_word' id='word_1_1140' title='bbox 2149 3340 2316 3376; x_wconf 91' lang='lat' dir='ltr'><strong>neraliter</strong></span> <span class='ocrx_word' id='word_1_1141' title='bbox 2327 3351 2411 3386; x_wconf 90' lang='lat' dir='ltr'><strong>pro-</strong></span> 
     </span>
     <span class='ocr_line' id='line_1_150' title="bbox 1323 3384 2411 3429; baseline -0.001 -7"><span class='ocrx_word' id='word_1_1142' title='bbox 1323 3386 1482 3422; x_wconf 90' lang='lat' dir='ltr'><strong>bandum</strong></span> <span class='ocrx_word' id='word_1_1143' title='bbox 1513 3388 1588 3428; x_wconf 86' lang='lat' dir='ltr'><strong>est,</strong></span> <span class='ocrx_word' id='word_1_1144' title='bbox 1622 3384 1685 3420; x_wconf 90' lang='lat' dir='ltr'><strong>ubi</strong></span> <span class='ocrx_word' id='word_1_1145' title='bbox 1715 3389 1923 3421; x_wconf 85' lang='lat' dir='ltr'><strong>contractus</strong></span> <span class='ocrx_word' id='word_1_1146' title='bbox 1958 3395 2031 3420; x_wconf 91' lang='lat' dir='ltr'><strong>non</strong></span> <span class='ocrx_word' id='word_1_1147' title='bbox 2064 3396 2086 3420; x_wconf 94' lang='lat' dir='ltr'><strong>v</strong></span> <span class='ocrx_word' id='word_1_1148' title='bbox 2123 3389 2177 3429; x_wconf 85' lang='lat' dir='ltr'><strong>et,</strong></span> <span class='ocrx_word' id='word_1_1149' title='bbox 2236 3395 2278 3421; x_wconf 92' lang='lat' dir='ltr'><strong>ro</strong></span> <span class='ocrx_word' id='word_1_1150' title='bbox 2314 3389 2411 3421; x_wconf 86' lang='lat' dir='ltr'><strong>certo</strong></span> 
     </span>
     <span class='ocr_line' id='line_1_151' title="bbox 1323 3430 2476 3483; baseline 0 -17"><span class='ocrx_word' id='word_1_1151' title='bbox 1323 3434 1345 3466; x_wconf 87' lang='lat'>4</span> <span class='ocrx_word' id='word_1_1152' title='bbox 1390 3434 1592 3483; x_wconf 88' lang='lat' dir='ltr'><strong>praetorem</strong></span> <span class='ocrx_word' id='word_1_1153' title='bbox 1614 3439 1654 3465; x_wconf 88' lang='lat' dir='ltr'><strong>se</strong></span> <span class='ocrx_word' id='word_1_1154' title='bbox 1676 3439 1748 3465; x_wconf 90' lang='lat' dir='ltr'><strong>non</strong></span> <span class='ocrx_word' id='word_1_1155' title='bbox 1773 3430 1901 3466; x_wconf 90' lang='lat' dir='ltr'><strong>debere</strong></span> <span class='ocrx_word' id='word_1_1156' title='bbox 1923 3430 2158 3475; x_wconf 90' lang='lat' dir='ltr'><strong>interponere.</strong></span> <span class='ocrx_word' id='word_1_1157' title='bbox 2238 3430 2410 3467; x_wconf 89' lang='lat' dir='ltr'><strong>emPom·</strong></span> <span class='ocrx_word' id='word_1_1158' title='bbox 2472 3463 2476 3466; x_wconf 85' lang='lat'><strong>.</strong></span> 
     </span>
    </p>
   </div>
   <div class='ocr_carea' id='block_1_8' title="bbox 1322 3474 2410 3556">
    <p class='ocr_par' dir='ltr' id='par_1_14' title="bbox 1322 3474 2410 3556">
     <span class='ocr_line' id='line_1_152' title="bbox 1322 3474 2409 3522; baseline -0.002 -10"><span class='ocrx_word' id='word_1_1159' title='bbox 1322 3486 1453 3522; x_wconf 90' lang='lat' dir='ltr'><strong>pomus</strong></span> <span class='ocrx_word' id='word_1_1160' title='bbox 1485 3475 1537 3511; x_wconf 89' lang='lat' dir='ltr'><strong>ait</strong></span> <span class='ocrx_word' id='word_1_1161' title='bbox 1557 3474 1596 3510; x_wconf 92' lang='lat' dir='ltr'><strong>in</strong></span> <span class='ocrx_word' id='word_1_1162' title='bbox 1618 3474 1733 3520; x_wconf 88' lang='lat' dir='ltr'><strong>pretio</strong></span> <span class='ocrx_word' id='word_1_1163' title='bbox 1759 3474 1945 3520; x_wconf 90' lang='lat' dir='ltr'><strong>emptionis</strong></span> <span class='ocrx_word' id='word_1_1164' title='bbox 1970 3479 2005 3510; x_wconf 90' lang='lat' dir='ltr'><strong>et</strong></span> <span class='ocrx_word' id='word_1_1165' title='bbox 2027 3474 2239 3511; x_wconf 88' lang='lat' dir='ltr'><strong>venditionis</strong></span> <span class='ocrx_word' id='word_1_1166' title='bbox 2262 3478 2409 3511; x_wconf 86' lang='lat' dir='ltr'><strong>natura-</strong></span> 
     </span>
     <span class='ocr_line' id='line_1_153' title="bbox 1323 3519 2410 3556; baseline -0.001 0"><span class='ocrx_word' id='word_1_1167' title='bbox 1323 3524 1343 3555; x_wconf 82' lang='lat'><strong>5</strong></span> <span class='ocrx_word' id='word_1_1168' title='bbox 1390 3521 1470 3556; x_wconf 85' lang='lat' dir='ltr'><strong>liter</strong></span> <span class='ocrx_word' id='word_1_1169' title='bbox 1492 3520 1600 3556; x_wconf 90' lang='lat' dir='ltr'><strong>licere</strong></span> <span class='ocrx_word' id='word_1_1170' title='bbox 1623 3520 1916 3555; x_wconf 87' lang='lat' dir='ltr'><strong>contrahentibus</strong></span> <span class='ocrx_word' id='word_1_1171' title='bbox 1941 3529 1980 3555; x_wconf 91' lang='lat' dir='ltr'><strong>se</strong></span> <span class='ocrx_word' id='word_1_1172' title='bbox 2003 3519 2267 3556; x_wconf 83' lang='lat' dir='ltr'><strong>circumvenire.</strong></span> <span class='ocrx_word' id='word_1_1173' title='bbox 2303 3519 2410 3555; x_wconf 84' lang='lat' dir='ltr'><strong>Nunc</strong></span> 
     </span>
    </p>
   </div>
   <div class='ocr_carea' id='block_1_9' title="bbox 2113 3677 2406 3720">
    <p class='ocr_par' dir='ltr' id='par_1_15' title="bbox 2113 3677 2406 3720">
     <span class='ocr_line' id='line_1_154' title="bbox 2113 3677 2406 3720; baseline -0.01 -8"><span class='ocrx_word' id='word_1_1174' title='bbox 2113 3679 2157 3720; x_wconf 79' lang='grc'><strong>(6)</strong></span> <span class='ocrx_word' id='word_1_1175' title='bbox 2182 3677 2335 3711; x_wconf 82' lang='lat' dir='ltr'><strong>scribunt</strong></span> <span class='ocrx_word' id='word_1_1176' title='bbox 2342 3689 2406 3711; x_wconf 73' lang='lat' dir='ltr'><strong>scr.</strong></span> 
     </span>
    </p>
   </div>
   <div class='ocr_carea' id='block_1_10' title="bbox 1324 3678 2416 3765">
    <p class='ocr_par' dir='ltr' id='par_1_16' title="bbox 1324 3678 2416 3765">
     <span class='ocr_line' id='line_1_155' title="bbox 1324 3678 2019 3720; baseline 0.001 -10"><span class='ocrx_word' id='word_1_1177' title='bbox 1324 3679 1384 3711; x_wconf 76' lang='lat' dir='ltr'><strong>ins.</strong></span> <span class='ocrx_word' id='word_1_1178' title='bbox 1477 3679 1520 3719; x_wconf 82' lang='grc'><strong>(4)</strong></span> <span class='ocrx_word' id='word_1_1179' title='bbox 1543 3678 1762 3712; x_wconf 81' lang='lat' dir='ltr'><strong>suceessorF</strong></span> <span class='ocrx_word' id='word_1_1180' title='bbox 1847 3679 1890 3720; x_wconf 81' lang='lat'><strong>(5)</strong></span> <span class='ocrx_word' id='word_1_1181' title='bbox 1915 3678 1945 3710; x_wconf 83' lang='lat' dir='ltr'><strong>is</strong></span> <span class='ocrx_word' id='word_1_1182' title='bbox 1958 3679 2019 3711; x_wconf 75' lang='lat' dir='ltr'><strong>ins.</strong></span> 
     </span>
     <span class='ocr_line' id='line_1_156' title="bbox 2199 3720 2416 3765; baseline -0.009 -8"><span class='ocrx_word' id='word_1_1183' title='bbox 2199 3724 2243 3765; x_wconf 79' lang='grc'><strong>(9)</strong></span> <span class='ocrx_word' id='word_1_1184' title='bbox 2268 3720 2416 3755; x_wconf 60' lang='lat' dir='ltr'><strong>fatris?</strong></span> 
     </span>
    </p>
   </div>
   <div class='ocr_carea' id='block_1_11' title="bbox 1327 3721 2103 3766">
    <p class='ocr_par' dir='ltr' id='par_1_17' title="bbox 1327 3721 2103 3766">
     <span class='ocr_line' id='line_1_157' title="bbox 1327 3721 2103 3766; baseline 0 -10"><span class='ocrx_word' id='word_1_1185' title='bbox 1327 3725 1370 3763; x_wconf 76' lang='lat'><strong>(7)</strong></span> <span class='ocrx_word' id='word_1_1186' title='bbox 1393 3721 1565 3755; x_wconf 83' lang='lat' dir='ltr'><strong>subveniri</strong></span> <span class='ocrx_word' id='word_1_1187' title='bbox 1577 3722 1610 3757; x_wconf 75' lang='lat' dir='ltr'><strong><em>S</em></strong></span> <span class='ocrx_word' id='word_1_1188' title='bbox 1710 3724 1754 3766; x_wconf 80' lang='lat'><strong>(8)</strong></span> <span class='ocrx_word' id='word_1_1189' title='bbox 1779 3724 1827 3756; x_wconf 78' lang='lat' dir='ltr'><strong>sic</strong></span> <span class='ocrx_word' id='word_1_1190' title='bbox 1841 3723 1880 3763; x_wconf 92' lang='lat' dir='ltr'><strong>S,</strong></span> <span class='ocrx_word' id='word_1_1191' title='bbox 1893 3723 2057 3756; x_wconf 89' lang='lat' dir='ltr'><strong>minorem</strong></span> <span class='ocrx_word' id='word_1_1192' title='bbox 2068 3723 2103 3756; x_wconf 78' lang='lat' dir='ltr'><strong>F·</strong></span> 
     </span>
    </p>
   </div>
  </div>
 </body>
</html>
