2528 3918
184 106 391 149 XXXXV
424 110 442 149 1

184 229 330 275 singulis
353 227 544 264 heredibus
565 226 713 263 divisum
734 227 904 274 consequi
954 237 1134 265 ossumus:
1158 225 1266 282 aliud,

185 274 280 321 quod
308 277 423 325 totuin
454 272 528 318 peti
556 283 702 309 necesse
730 277 787 310 est
814 283 891 327 nec·
949 273 1062 309 visum
1092 275 1269 327 praestari

183 321 303 400 {ati}
310 317 680 409 attinet&
694 321 798 409 {233
817 322 970 400 ξ’ἒιέἴξῖἰὲᾱ
991 318 1183 409 3ξᾶἒὲἑὲ
1198 328 1269 405 ἓξὲξ

188 413 202 444 1
252 409 337 445 licet
359 409 396 444 in
420 408 632 444 solutionem
655 408 820 445 admittat
849 409 1067 444 secutionem
1079 409 1101 442 ¹.
1148 407 1270 443 Prima

185 454 321 500 species
361 453 516 499 pertinet
552 453 599 489 ad
635 454 886 499 promissorem
923 453 1098 499 pecuniae
1130 456 1266 489 certae:

185 509 269 535 nam
297 502 334 534 et
363 498 487 545 petitio
518 502 555 534 et
585 499 714 535 solutio
745 499 791 535 ad
824 499 1006 544 portiones
1036 498 1268 534 hereditarias

187 548 206 579 2
255 547 404 590 spectat.
453 543 619 579 Secunda
656 544 703 580 ad
735 555 756 580 o
783 555 845 589 us,
884 543 980 589 quod
1010 546 1162 579 testator
1190 542 1269 578 fieri

184 588 345 642 iusserit:
381 599 465 642 nam
499 589 628 634 singuli
650 590 746 642 ’here
773 599 810 626 es
843 590 881 625 in
908 588 1063 641 solidum
1090 591 1267 631 tenentur,

185 633 624 725 ἓωέυἶὲθέἒζὲῗὲῗὲῗὲε
644 637 868 725 {32183‘5321
882 633 1269 714 {tisanam

185 728 268 760 ‘non
291 724 380 768 fieri,
405 735 475 770 quo
499 725 615 761 minus
640 735 717 760 eam
741 735 859 770 agam:
884 724 916 760 si
939 723 1110 759 adversus
1133 733 1176 759 ea
1192 722 1268 758 fac-

186 774 274 805 ‘tum
296 769 352 813 sit,
377 773 517 805 tantum
541 770 653 806 dari?’
700 773 737 805 et
758 780 851 806 unus
876 779 920 805 ex
942 769 1106 815 pluribus
1129 768 1269 804 heredi-

185 815 252 850 bus
276 814 504 867 promissoris
528 826 583 850 me
606 815 813 860 prohibeat,
845 813 961 850 verior
991 813 1063 850 εει2
1094 813 1270 850 sententia

185 860 462 896 existimantium
498 861 604 896 unius
634 860 731 896 facto
765 870 886 896 omnes
917 859 1048 902 teneri,
1088 858 1268 905 quoniam,

185 906 269 941 licet
291 905 338 941 ab
362 916 433 941 uno
455 906 658 951 prohibeor,
687 915 759 941 non
781 909 902 940 tamen
923 904 961 940 in
983 907 1123 950 partem
1146 903 1269 949 prohi-

185 951 290 986 beor:
327 950 391 986 sed
421 951 531 986 ceteri
563 950 718 986 familiae
754 949 987 986 erciscundae
1021 949 1152 985 iudicio
1192 959 1269 985 sar-

186 1000 205 1030 4
253 996 373 1032 cient-‘⁸
410 995 588 1031 damnum.
643 995 714 1032 Pro
751 999 856 1041 parte
893 998 1013 1030 autem
1048 994 1142 1041 peti,
1182 994 1270 1030 solvi

184 1044 304 1077 autem
332 1040 402 1077 nisi
431 1044 546 1076 totum
576 1051 648 1076 non
670 1043 809 1086 potest,
840 1040 948 1076 veluti
972 1050 1053 1075 cum
1075 1039 1268 1092 stipulatus

185 1097 264 1121 suin
294 1086 472 1122 hominem
495 1086 684 1121 incertum:
720 1096 804 1121 nam
826 1085 950 1131 petitio
975 1085 1052 1121 eius
1082 1084 1268 1127 scinditur,

187 1131 276 1167 solvi
298 1141 382 1167 vero
406 1131 475 1167 nisi
497 1131 630 1167 solidus
654 1141 727 1166 non
748 1134 878 1177 potest.
915 1130 1073 1175 alioquin
1093 1129 1133 1166 in
1156 1129 1268 1166 diver-

185 1177 233 1212 sis
273 1176 478 1212 hominibus
518 1180 615 1212 recte
654 1180 776 1221 partes
818 1176 1015 1212 solventur:
1083 1174 1156 1211 uod
1196 1185 1270 1210 non

184 1222 304 1268 potuit
334 1221 524 1257 defunctus
554 1221 690 1266 facere,
721 1222 811 1257 nec⁴
839 1220 936 1267 quod
967 1220 1013 1257 sti
1077 1223 1157 1255 atus
1190 1230 1269 1255 sum

185 1277 395 1312 consequar.
443 1266 536 1301 idem
558 1267 646 1302 iuris
671 1269 741 1311 est,
773 1270 810 1302 et
841 1266 871 1302 si
902 1265 982 1312 quis
1030 1275 1128 1301 ecem
1150 1265 1270 1300 milia⁵

186 1316 204 1347 5
253 1317 316 1347 aut
355 1311 531 1347 hominem
570 1311 783 1357 promiserit.
830 1311 874 1347 In
903 1311 1055 1347 solidum
1091 1321 1174 1347 vero
1213 1310 1270 1355 agi

185 1360 329 1402 oportet
351 1362 387 1392 et
409 1356 523 1409 partis
547 1357 676 1392 solutio
700 1357 818 1392 adfert
840 1357 1096 1399 liberationem,
1122 1367 1204 1391 cum
1226 1366 1271 1391 ex

185 1413 297 1438 causa
321 1402 502 1438 evictionis
525 1401 758 1438 intendimus:
782 1413 866 1438 nam
889 1402 1047 1437 auctoris
1070 1401 1217 1437 heredes
1233 1401 1271 1435 in

185 1447 337 1483 solidum
358 1446 591 1483 denuntiandi
610 1451 695 1483 sunt
712 1458 903 1493 omnesque
926 1447 1057 1483 debent
1076 1446 1270 1482 subsistere

185 1497 222 1528 et
251 1493 409 1538 quolibet
441 1492 642 1537 defugiente
670 1503 791 1528 omnes
825 1493 1059 1535 tenebuntur,
1096 1491 1160 1527 sed
1190 1491 1268 1527 uni-

186 1538 243 1573 cui
269 1548 314 1574 ue
343 1548 409 1584 pro
446 1542 548 1583 parte
578 1537 794 1574 hereditaria
832 1537 1027 1584 praestatio
1063 1537 1163 1572 iniun
1189 1536 1269 1571 ‘tuin

186 1588 206 1618 6
272 1586 342 1618 tem
366 1583 397 1619 si
425 1583 476 1618 ita
499 1583 682 1636 stipulatio
713 1583 811 1619 facta
834 1583 898 1619 sit:
935 1583 978 1619 ‘si
999 1582 1133 1618 fundus
1189 1582 1269 1617 itia-

185 1631 265 1663 ‘nus
289 1627 394 1664 datus
417 1639 490 1664 non
514 1632 599 1673 erit,
625 1631 768 1664 centum
792 1628 917 1671 dari?’,
940 1628 1010 1664 nisi
1031 1631 1131 1664 totus
1155 1626 1270 1668 detur,

184 1683 302 1719 poena
326 1673 558 1710 committitur
586 1677 728 1710 centum
756 1684 824 1710 nec
855 1673 1003 1719 prodest
1024 1676 1146 1719 partes
1168 1671 1271 1707 fundi

184 1718 327 1754 tradere
360 1723 524 1755 cessante
559 1729 649 1762 uno,
684 1718 979 1765 quemadmodum
1013 1729 1086 1754 non
1123 1717 1272 1764 prodest

185 1763 232 1799 ad
300 1764 402 1817 ignus
443 1764 690 1800 liberandum*
735 1769 847 1800 artem
889 1763 1080 1799 creditori⁶
1123 1763 1269 1799 solvere.

187 1813 203 1843 7
253 1775 475 1855 QPuicumque
519 1810 586 1845 sub
621 1820 690 1845 con
729 1810 828 1845 cione
869 1809 1046 1854 obligatus
1083 1807 1269 1850 curaverit,

185 1864 229 1889 ne
254 1853 417 1890 condicio
441 1854 638 1897 exsisteret,
662 1854 772 1890 nihilo
796 1854 913 1890 minus
939 1853 1149 1899 obligatur⁷.

232 1895 286 1937 86
317 1898 512 1936 ΗιΡΙΔΝυε
539 1899 630 1935 libro
658 1904 787 1947 septua
815 1901 949 1935 ensa'mo
978 1910 1074 1934 nono
1106 1898 1156 1934 ad
1178 1897 1271 1934 edic-

187 1949 261 1979 tum
307 1943 411 1989 Quod
446 1944 578 1980 dicitur
611 1947 667 1980 tot
701 1945 769 1990 stip
810 1945 948 1980 ationes
977 1954 1056 1980 esse
1114 1948 1178 1980 uot
1200 1953 1271 1986 res,

185 1989 236 2025 ibi
258 1989 377 2026 locum
399 1990 525 2032 habet,
559 1989 622 2025 ubi
645 2000 703 2026 res
728 1990 976 2036 exprimuntur
999 1989 1069 2035 stip
1110 1989 1270 2024 atione⁸2

187 2038 344 2070 ceterum
367 2035 399 2070 si
422 2045 494 2070 non
516 2035 651 2070 fuerint
673 2045 873 2081 expressae,
898 2045 971 2070 una
994 2038 1050 2070 est
1073 2034 1270 2080 stipulatio.

233 2077 310 2118 87⁹
340 2079 500 2115 PAULUS
527 2080 618 2116 libro
640 2091 679 2116 sc
707 2081 930 2127 tuaqensimo
955 2081 1080 2126 quinto
1104 2079 1154 2115 ad
1176 2079 1271 2115 edic-

188 2130 262 2161 !um
307 2124 419 2161 Nemo
443 2135 518 2160 rem
540 2135 642 2161 suam
680 2129 823 2161 uturam
845 2125 883 2161 in
903 2135 982 2160 eum
1002 2135 1135 2169 casum,
1160 2135 1231 2170 quo
1245 2125 1273 2145 ¹⁰

188 2181 256 2207 sua
278 2169 330 2212 fit,
354 2170 490 2206 utiliter
511 2170 714 2216 stipulatur.

234 2212 287 2254 88
311 2214 418 2251 Ios-u
437 2215 528 2251 libro
551 2220 656 2252 sexto
680 2216 730 2252 ad
751 2215 936 2251 Plautium
982 2215 1088 2251 Mora
1110 2215 1163 2251 rei
1185 2214 1272 2251 fide-

187 2260 318 2297 iussori
346 2271 487 2306 quoque
515 2264 634 2297 nocet.
681 2260 746 2297 sed
775 2260 807 2297 si
829 2260 1017 2296 fideiussor
1045 2270 1184 2296 servum
1209 2261 1272 2296 ob-

188 2305 272 2341 tulit
294 2309 331 2342 et
352 2315 435 2341 reus
459 2315 595 2342 moram
614 2305 722 2349 fecit,
753 2310 894 2342 mortuo
917 2306 1039 2341 Sticho
1070 2305 1273 2341 fideiussori

189 2350 470 2387 succurrendum
498 2354 564 2387 est.
610 2351 675 2388 sed
705 2351 736 2387 si
758 2351 947 2387 fideiussor
977 2351 1153 2386 hominem
1178 2351 1271 2386 occi-

189 2397 289 2440 derit,
313 2406 396 2432 reus
418 2396 601 2442 liberatur,
624 2395 816 2432 fideiussor
835 2400 955 2432 autem
976 2406 1020 2431 ex
1043 2395 1273 2441 stipulatione

189 2441 369 2477 conveniri
391 2445 521 2487 potest.

236 2484 290 2524 89
321 2486 428 2522 IDEM
453 2487 544 2523 libro
573 2497 668 2522 nono
701 2486 750 2522 ad
779 2487 964 2523 Plautium
1011 2486 1049 2522 Si
1080 2496 1103 2521 a
1132 2485 1271 2529 colono,

190 2533 248 2567 cui
275 2531 427 2567 fundum
457 2531 495 2568 in
526 2532 611 2578 quin
636 2533 805 2567 nennium
834 2532 1053 2574 locaveram,
1088 2535 1172 2577 post
1199 2535 1272 2567 tres

189 2587 303 2613 annos
326 2576 377 2612 ita
400 2577 594 2622 stipulatus
633 2587 738 2612 uero:
777 2576 873 2622 ‘quid
899 2577 960 2612 uid
983 2579 1020 2612 te
1044 2577 1130 2612 dare
1154 2576 1273 2612 facere

190 2622 392 2667 ‘oportet?’,
429 2633 503 2659 non
534 2622 685 2675 amplius
716 2623 753 2657 in
784 2622 879 2667 stipu
895 2622 1049 2657 ationem
1073 2621 1270 2664 deducitur,

214 2678 296 2702 uam
314 2666 410 2712 quod
428 2667 500 2702 iam
519 2666 596 2702 dari
615 2678 635 2702 o
663 2671 771 2703 ortet:
795 2667 833 2702 in
852 2667 1116 2712 stipulationem
1128 2668 1155 2688 ¹²
1179 2666 1272 2702 enim

190 2678 387 2755 deducitur,
412 2711 507 2773 quod
529 2713 599 2747 iam
624 2678 702 2747 ilari
721 2714 873 2757 oportet.
909 2712 940 2747 si
959 2716 1078 2747 autem
1095 2711 1272 2747 adiciatur

191 2758 425 2801 ‘oportebitve
438 2784 448 2801 ,
472 2757 580 2793 etiam
602 2756 725 2792 futura
749 2757 917 2802 obligatio
942 2757 1140 2793 deducitur.

238 2799 290 2840 90
318 2802 543 2838 Pomomvs
571 2802 662 2838 libro
693 2804 796 2838 tertio
827 2813 878 2838 ex
902 2801 1047 2838 Plautio
1095 2801 1185 2837 Cum
1208 2801 1270 2837 sti-

216 2846 304 2882 ulati
327 2857 449 2882 sumus
472 2858 538 2893 pro
567 2847 685 2883 usuris
714 2847 878 2892 legitimis
909 2857 1061 2892 poenam
1083 2847 1120 2882 in
1152 2847 1271 2891 singu-

189 2859 245 2928 fos
276 2902 434 2936 menses,
474 2893 503 2927 si
535 2903 612 2928 sors
642 2892 760 2928 soluta
797 2903 870 2928 non
901 2893 966 2935 sit,
999 2891 1138 2928 etiamsi
1166 2891 1271 2927 sortis

192 2936 360 2982 obligatio
401 2937 439 2972 in
479 2936 649 2972 iudicium
693 2938 738 2972 sit
778 2937 948 2981 deducta,
991 2937 1111 2973 adhuc
1153 2940 1272 2972 tamen

191 2992 308 3029 poena
341 2981 487 3024 crescit,
527 2982 609 3027 quia
646 2993 766 3018 verum
803 2987 859 3018 est
895 2982 1049 3018 solutam
1084 2982 1272 3027 pecuniam

191 3038 265 3063 non
288 3037 376 3062 esse.

238 3070 287 3110 91
315 3071 475 3107 ΡΑυιυε
494 3071 584 3107 libro
608 3073 758 3118 septimo
782 3072 918 3108 decimo
943 3072 992 3107 ad
1015 3071 1199 3108 Plautium
1234 3071 1273 3107 Si

192 3127 332 3153 servum
361 3116 552 3162 stipulatus
583 3117 684 3152 fuero
718 3121 753 3152 et
781 3117 880 3152 nulla
902 3127 1004 3152 mora
1034 3117 1273 3152 intercedente

192 3172 315 3198 servus
339 3161 548 3198 decesserit:
581 3162 611 3197 si
635 3162 774 3206 quidem
798 3162 940 3198 occidat
962 3172 1043 3197 eum
1065 3162 1271 3207 promissor,

193 3207 396 3252 expeditum
433 3210 499 3242 est.
547 3207 602 3242 sin
640 3210 758 3241 autem
797 3207 958 3252 neglegat
993 3206 1187 3250 infirmum,
1226 3217 1272 3242 an

191 3251 305 3287 teneri
339 3251 468 3287 debeat
499 3251 709 3304 promissor,
751 3252 1056 3287 considerantibus
1069 3253 1108 3297 ¹²,
1142 3256 1272 3296 utrum,

192 3295 486 3342 quemadmodum
508 3307 547 3331 in
569 3295 805 3332 vindicatione
834 3297 1005 3339 hominis,
1035 3297 1066 3333 si
1089 3297 1272 3342 neglectus

193 3353 215 3377 a
245 3351 454 3387 possessore
484 3341 612 3384 fuerit,
652 3340 779 3393 culpae
815 3341 921 3377 huius
959 3342 1101 3378 nomine
1130 3345 1274 3378 tenetur

192 3397 390 3432 possessor,
414 3386 466 3422 ita
484 3390 521 3422 et
539 3397 620 3422 cum
638 3385 715 3421 dari
732 3386 896 3438 promisit
910 3388 946 3431 ¹³,
969 3397 1017 3422 an
1035 3387 1152 3439 culpa,
1177 3387 1273 3432 quod

193 3431 241 3467 ad
262 3431 527 3477 stipulationem
550 3431 696 3474 attinet,
729 3442 767 3466 ιιι
789 3430 953 3467 faciendo
986 3431 1193 3477 accipienda
1215 3432 1272 3475 sit,

193 3486 267 3513 non
292 3476 333 3513 in
361 3486 436 3513 non
462 3476 654 3515 faciende?
700 3475 795 3522 quod
824 3476 935 3520 magis
958 3477 1183 3523 probandum
1207 3481 1271 3521 est,

193 3593 234 3634 (1)
256 3590 412 3624 admittat
421 3591 527 3635 partis
538 3590 779 3624 exsecutionem
792 3590 865 3623 deu.
943 3591 985 3630 (⁰2)
1010 3592 1089 3623 etF
1151 3594 1193 3629 (3)
1219 3601 1271 3624 ce-

193 3636 275 3670 teris
292 3636 439 3670 familiae
458 3636 670 3669 erciscundae
690 3634 815 3667 iudicio
830 3634 950 3667 sarciet
969 3636 997 3668 S

194 3683 237 3722 (5)
261 3680 356 3714 milia
372 3681 437 3715 det.
455 3680 506 3715 F²

194 3728 238 3767 (a)
262 3724 473 3769 nepaiationi
488 3726 523 3759 F
605 3685 650 3723 (ὃ)
674 3679 847 3713 mmmm
866 3679 901 3713 F

617 3728 663 3766 (o)
690 3727 730 3768 cf
745 3724 824 3758 Inst.
839 3725 871 3766 3,
885 3732 930 3766 is,
943 3731 978 3758 22

1259 102 1344 151 728

1115 3637 1157 3677 (4)
1183 3646 1225 3669 ne
1246 3636 1281 3669 F
1338 3635 1367 3667 si
1391 3634 1561 3668 crantibus
1583 3636 1646 3669 del.

990 3680 1034 3721 (7)
1059 3679 1226 3723 obligetur
1245 3681 1281 3714 F

1082 3727 1143 3768 (ιο)
1166 3735 1232 3767 qua
1247 3725 1280 3758 F

1487 4 1491 24 l

1498 24 1575 127 Ὗ

1337 227 1422 283 quia
1443 227 1507 274 qui
1528 227 1606 265 dari
1629 228 1806 274 promisit,
1840 228 1887 265 ad
1910 228 2084 274 dandum,
2113 240 2187 266 non
2216 229 2417 267 faciendum

1340 277 1354 308 1
1404 276 1558 309 tenetur.
1593 272 1664 310 Sed
1685 273 1718 310 si
1739 274 1787 310 sit
1809 273 1950 320 quidem
1972 284 2031 311 res
2052 274 2091 311 in
2110 275 2219 312 rebus
2240 275 2417 318 humanis,

1337 318 1401 355 sed
1430 317 1509 354 dari
1537 328 1610 354 non
1639 318 1772 365 possit,
1809 321 1852 355 ut
1879 318 2013 356 fundus
2036 319 2223 366 religiosus
2251 322 2342 366 puta
2362 320 2419 356 vel

1337 373 1440 399 sacer
1469 362 1588 399 factus
1616 363 1673 399 vel
1702 374 1825 400 servus
1856 365 2111 408 manumissus,
2146 364 2204 401 vel
2235 365 2342 402 etiam
2371 366 2417 401 ab

1335 407 1502 444 hostibus
1537 408 1569 444 si
1600 409 1780 454 capiatur,
1817 410 1924 456 culpa
1946 410 1983 445 in
2005 409 2103 446 hunc
2125 410 2268 447 modum
2291 410 2418 446 diiudi-

1338 455 1455 497 catur,
1481 456 1538 495 ut,
1571 453 1601 489 si
1624 453 1765 499 quidem
1787 454 1899 501 ipsius
1923 455 2149 501 promissoris
2169 465 2231 491 res
2252 454 2308 492 vel
2329 459 2417 490 tem·

1336 509 1424 543 pore
1455 498 1697 544 stipulationis
1727 500 1783 535 vel
1816 504 1943 545 postea
1972 500 2081 535 fuerit
2111 501 2149 536 et
2183 499 2267 546 quid
2296 510 2419 536 eorum

1337 542 1525 586 acciderit,
1558 543 1668 579 nihilo
1701 544 1816 581 minus
1840 548 2022 587 teneatur,
2057 544 2222 591 idemque
2242 543 2307 581 fiat
2329 549 2366 580 et
2388 545 2420 581 si

1336 598 1401 633 per
1424 588 1543 630 alium,
1568 592 1801 635 posteaquam
1824 590 1870 626 ab
1893 590 1963 626 hoc
1987 589 2162 626 alienatus
2186 589 2249 633 sit,
2271 589 2310 626 id
2333 600 2418 626 con-

1336 633 1466 678 tigerit.
1515 633 1570 669 sin
1601 636 1721 669 autem
1751 634 1888 671 alienus
1918 635 1988 671 fuit
2011 639 2046 670 et
2069 635 2116 671 ab
2139 634 2211 672 alio
2239 634 2313 671 tale
2335 634 2420 680 quid

1338 678 1478 722 accidit,
1502 689 1576 714 non
1598 682 1759 722 tenetur,
1789 679 1874 725 quia
1895 680 1984 716 nihil
2006 680 2108 723 fecit,
2131 678 2202 716 nisi
2223 679 2256 716 si
2271 684 2418 732 postea-

1339 734 1444 767 quam
1479 727 1637 760 moratus
1671 728 1727 760 est
1773 724 2001 769 solutionem,
2049 724 2183 778 aliquid
2218 724 2421 760 huiusmodi

1338 768 1524 804 acciderit:
1563 779 1669 814 quam
1698 769 1961 806 distinctionem
1988 774 2025 806 et
2057 770 2216 806 Iuhanus
2247 770 2418 816 sequitur.

1337 813 1421 848 item
1445 813 1476 849 si
1498 814 1624 857 homo,
1662 814 1724 860 qui
1751 813 1820 850 fuit
1850 814 2095 861 promissoris,
2127 825 2171 851 ex
2192 814 2420 860 praecedenti

1337 869 1448 894 causa
1471 859 1613 895 ablatus
1636 859 1670 895 ei
1692 859 1811 902 fuerit,
1835 859 1931 905 quod
1955 859 2143 896 statuliber
2165 859 2251 903 fuit,
2275 859 2420 912 perinde

1337 903 1523 940 habendus
1553 904 1614 948 sit,
1648 915 1692 940 ac
1721 904 1753 940 si
1781 905 1935 941 alienum
1966 905 2201 951 promisisset,
2234 915 2318 950 quia
2345 905 2422 942 sine

1339 952 1358 983 2
1406 949 1502 985 facto
1532 949 1646 994 ipsius
1676 949 1782 986 desiit
1812 950 1887 986 eius
1919 960 2010 986 esse.
2057 950 2112 986 De
2134 949 2195 986 illo
2228 949 2420 995 quaeritur,

1339 1004 1386 1029 an
1409 998 1445 1030 et
1467 994 1516 1035 is,
1548 994 1610 1040 qui
1633 995 1794 1031 nesciens
1819 1005 1859 1031 se
1881 994 2011 1031 debere
2034 994 2214 1038 occiderit,
2238 998 2419 1031 teneatur:

1339 1039 1435 1084 quod
1457 1039 1618 1075 Iulianus
1630 1041 1658 1061 ¹⁴
1680 1043 1786 1093 putat
1807 1040 1845 1075 in
1868 1051 1927 1084 eo,
1953 1040 2030 1086 qui,
2059 1051 2141 1076 cum
2162 1040 2315 1076 nesciret
2337 1050 2360 1076 a
2382 1050 2422 1075 se

1339 1088 1359 1119 3
1406 1085 1556 1129 petitum
1580 1084 1752 1121 codicillis
1784 1089 1824 1121 ut
1845 1085 2067 1128 restitueret,
2095 1085 2310 1121 manumisit.
2358 1083 2420 1121 Se-

1339 1129 2420 1221 {ffi‘cffissir‘in‘ffssrvessffitqissssiiffiess{ssgfflrssssizgissssi

1338 1219 2131 1310 antistitii?qtssefflfflvzt
2152 1220 2423 1312 ρθέεέἳξᾱὲῗρέἒ

1339 1310 1451 1346 ditum
1473 1310 1691 1346 intellectum
1714 1311 1823 1347 habet
1845 1311 2070 1347 constitutio:
2101 1310 2135 1348 si
2154 1321 2237 1347 vero
2260 1315 2420 1347 moratus

1339 1356 1386 1391 sit
1416 1359 1575 1398 tantum,
1599 1356 1814 1400 haesitatur,
1846 1366 1909 1399 an,
1941 1357 1972 1392 si
2003 1359 2131 1402 postea
2157 1355 2196 1391 in
2226 1366 2327 1392 mora
2349 1366 2422 1391 non

1338 1400 1464 1445 fuerit,
1496 1401 1727 1446 extinguatur
1757 1402 1921 1447 superior
1949 1411 2060 1437 mora.
2108 1405 2145 1438 et
2177 1400 2301 1438 Celsus
2332 1400 2420 1437 adu-

1337 1446 1474 1482 lescens
1509 1446 1635 1482 scribit
1670 1457 1769 1489 eum,
1805 1446 1866 1492 qui
1899 1456 2037 1483 moram
2070 1445 2156 1482 fecit
2188 1446 2227 1482 in
2254 1445 2421 1483 solvendo

1339 1491 1460 1527 Sticho
1481 1502 1585 1537 quem
1607 1492 1830 1537 promiserat,
1853 1502 1961 1538 posse
1981 1491 2169 1528 emendare
2188 1501 2268 1528 eam
2285 1501 2422 1528 moram

1338 1540 1466 1617 Bostea
1497 1536 1696 1573 offerendo:
1735 1547 1814 1573 esse
1843 1537 1937 1573 enim
1974 1537 2068 1572 hanc
2106 1536 2349 1583 quaestionem
2377 1535 2422 1571 de

1366 1592 1434 1618 ono
1466 1585 1502 1617 et
1530 1592 1661 1627 aequo:
1692 1582 1731 1618 in
1762 1592 1832 1627 quo
1854 1592 1983 1627 genere
2014 1582 2222 1628 plerumque
2245 1581 2312 1618 sub
2335 1591 2420 1617 auc-

1339 1626 1484 1663 toritate
1507 1626 1595 1662 iuris
1619 1626 1789 1663 scientiae
1811 1627 2021 1673 perniciose,
2044 1627 2171 1672 inquit,
2194 1631 2344 1663 erratur.
2386 1631 2423 1662 et

1340 1682 1427 1708 sane
1448 1672 1647 1718 probabilis
1670 1673 1760 1708 haec
1789 1672 1966 1709 sententia
1988 1676 2061 1715 est,
2094 1682 2200 1718 quam
2246 1671 2363 1708 uidem
2385 1675 2423 1708 et

1338 1717 1499 1753 Iulianus
1523 1717 1701 1763 sequitur:
1739 1727 1822 1753 nam
1846 1717 1930 1753 dum
1960 1717 2145 1763 quaeritur
2166 1717 2211 1754 de
2223 1683 2362 1753 ιἒίιιιιιιιο
2386 1721 2422 1752 ει

1339 1772 1407 1808 par
1429 1762 1616 1808 utriusque
1639 1772 1751 1798 causa
1773 1762 1838 1806 sit,
1863 1773 1973 1808 quare
1995 1773 2067 1798 non
2089 1762 2269 1808 potentior
2292 1762 2339 1799 sit
2362 1761 2423 1807 qui

1341 1811 1362 1843 4
1407 1810 1538 1851 teneat,
1561 1817 1668 1853 quam
1687 1808 1749 1853 qui
1765 1808 2015 1855 persequitur?
2044 1807 2151 1844 Nunc
2169 1807 2363 1850 videamus,
2384 1807 2423 1843 in

1340 1852 1468 1898 quibus
1492 1853 1655 1898 personis
1678 1853 1769 1889 haec
1793 1853 2000 1890 constitutio
2022 1852 2142 1889 locum
2163 1852 2306 1889 habeat.
2331 1862 2422 1898 quae

1339 1898 1514 1943 inspectio
1538 1897 1670 1944 duplex
1692 1902 1758 1941 est,
1781 1901 1822 1933 ut
1843 1898 1957 1944 primo
1980 1908 2202 1944 quaeramus,
2227 1907 2318 1951 quae
2340 1907 2422 1944 per-

1341 1953 1451 1978 sonae
1474 1942 1632 1979 efficiant
1660 1947 1868 1990 perpetuam
1897 1943 2162 1989 obligationem,
2195 1942 2320 1979 deinde
2344 1942 2422 1996 qui-

1340 1989 1408 2024 bus
1426 1998 1504 2025 eam
1527 1989 1742 2034 producant.
1777 1988 1898 2034 utique
1917 1993 2037 2024 autem
2058 1988 2265 2034 principalis
2284 1987 2424 2024 debitor

1340 2034 1635 2114 fitffiffiazsz'ffi
1660 2034 1831 2125 Zffffij
1862 2034 2424 2125 gssr‘iissfflffiistsssssfiffetffiffi

1342 2123 1436 2159 enim
1458 2122 1557 2160 facto
1587 2135 1653 2160 suo
1675 2124 1863 2161 fideiussor
1888 2134 1989 2160 suam
2024 2123 2272 2169 obligationem
2294 2126 2331 2159 to
2382 2123 2423 2159 t'?

1342 2169 1444 2205 cuius
1461 2169 1637 2205 sententia
1657 2179 1743 2206 vera
1766 2173 1836 2206 est:
1861 2170 1982 2214 itaque
2003 2172 2239 2215 perpetuatur
2256 2168 2421 2213 obligatio

1341 2218 1415 2249 tam
1437 2214 1598 2260 ipsorum
1621 2225 1728 2261 quam
1758 2225 2006 2251 successorum
2028 2224 2161 2250 eorum.
2209 2214 2421 2250 accessioni-

1341 2260 1409 2295 bus
1441 2270 1583 2305 quoque
1613 2260 1705 2304 suis,
1740 2259 1778 2295 id
1809 2264 1864 2296 est
1893 2259 2179 2302 fideiussoribus,
2209 2262 2423 2304 perpetuant

1341 2304 1607 2350 obligationem,
1646 2305 1729 2350 quia
1758 2305 1796 2340 in
1826 2308 1939 2340 totam
1969 2315 2114 2340 causam
2143 2303 2421 2350 spoponderunt.

1341 2353 1361 2384 5
1408 2350 1467 2385 An
1489 2349 1584 2387 filius
1606 2350 1773 2393 familias,
1798 2350 1859 2395 qui
1878 2350 1978 2385 iussu
2001 2349 2113 2395 patris
2132 2349 2305 2402 promisit,
2329 2349 2422 2385 occi-

1342 2394 1458 2430 dendo
1482 2405 1623 2431 servum
1653 2395 1831 2442 producat
1857 2395 1971 2440 patris
2003 2395 2269 2439 obligationem,
2300 2393 2421 2430 viden-

1341 2439 1425 2475 dum
1448 2444 1514 2476 est.
1562 2440 1779 2486 Pomponius
1802 2440 2000 2485 producere
2021 2443 2138 2486 putat,
2161 2438 2298 2476 scilicet
2320 2439 2423 2485 quasi

1342 2488 1363 2520 6
1409 2485 1650 2521 accessionem
1671 2485 1770 2521 intell
1834 2496 1877 2521 ns
1901 2495 1981 2520 eum
2005 2484 2066 2530 qui
2088 2484 2219 2520 iubeat.
2259 2483 2422 2520 Effectus

1341 2530 1446 2565 huius
1482 2530 1747 2567 constitutionis
1811 2530 1845 2566 le
1881 2534 1953 2574 est,
1991 2534 2032 2566 ut
2066 2529 2183 2565 adhuc
2212 2529 2318 2565 homo
2349 2529 2423 2575 peti

1367 2575 1474 2611 ossit:
1506 2575 1570 2611 sed
1592 2578 1630 2612 et
1652 2578 1838 2622 acceptum
1867 2575 1901 2611 ei
1923 2585 2030 2620 posse
2051 2574 2138 2610 ferri
2148 2576 2176 2597 ¹⁶
2207 2573 2365 2611 creditur
2387 2578 2423 2610 et

1340 2586 1586 2656 fideiussorem
1609 2621 1687 2657 acci
1713 2621 1725 2656 i
1747 2620 1824 2656 eius
1853 2619 2079 2673 obligationis
2101 2619 2254 2656 nomine.
2299 2619 2423 2655 novari

1688 2632 1778 2702 flaec
1796 2665 1975 2710 obligatio,
1999 2664 2240 2718 dubitationis·
2248 2668 2314 2707 est,
2338 2664 2423 2710 quia

2083 119 2146 151 DE
2174 117 2418 152 vmonun

1787 2530 1795 2538 ι

1341 2670 1460 2701 autem
1484 2676 1531 2701 an
1553 2666 1668 2719 possit
1743 2711 1751 2719 ·

1340 2711 2237 2809 ngtiliugellilgtliliurniltlipu&ringsssseusitnulffiquggopeguto
2257 2719 2423 2808 iiovgt'iffi

1340 2811 1422 2836 nem
1444 2801 1521 2838 fieri
1544 2811 1670 2847 posse,
1693 2812 1725 2838 si
1746 2801 1816 2838 hoc
1839 2805 1959 2837 actum
1980 2803 2074 2836 inter
2094 2804 2214 2846 partes
2237 2803 2302 2844 sit,
2327 2799 2423 2846 quod

1342 2850 1377 2881 et
1399 2845 1537 2882 Iuliano
1561 2846 1691 2892 placet.

1387 2888 1441 2929 92
1455 2891 1571 2933 λθειν
1591 2891 1683 2927 libro
1706 2893 1830 2928 octavo
1854 2890 1992 2927 decimo
2015 2889 2066 2927 ad
2087 2889 2270 2926 Plautium
2309 2889 2349 2926 Si
2370 2889 2421 2925 ita

1340 2936 1507 2981 stipuler:
1539 2939 1617 2982 ‘per
1637 2939 1675 2972 te
1696 2946 1770 2972 non
1791 2935 1887 2981 fieri,
1921 2946 1993 2982 quo
2022 2935 2139 2972 minus
2166 2934 2254 2972 mihi
2280 2934 2419 2971 heredi-

1340 2983 1422 3062 ἓιιῖε
1457 2991 1542 3062 me?i
1568 2981 1782 3017 vindemiam
1814 2981 1940 3017 tollere
1967 2980 2123 3024 iiceat‘ez
2162 2979 2268 3017 etiam
2298 2979 2421 3016 heredi

1365 3038 1387 3062 a
1403 3036 1448 3062 ur
1469 3037 1513 3063 ac
1543 3037 1575 3062 ο.

1387 3069 1439 3110 93
1464 3071 1571 3108 Imm
1598 3071 1688 3107 libro
1721 3070 1826 3107 tertio
1857 3070 1908 3107 ad
1936 3070 2115 3107 Vitellium
2163 3069 2202 3106 Si
2232 3069 2283 3106 sic
2306 3069 2420 3115 stipu-

1340 3117 1436 3153 latus
1459 3116 1581 3153 fuero:
1616 3118 1625 3134 ‘
1653 3126 1692 3151 er
1715 3119 1751 3152 te
1773 3126 1847 3151 non
1868 3115 1967 3160 fieri,
2005 3125 2076 3162 quo
2104 3114 2221 3151 minus
2244 3114 2420 3150 hominem

1341 3166 1398 3198 ‘ex
1419 3161 1487 3204 his,
1511 3172 1600 3207 quos
1650 3161 1746 3205 abes,
1770 3161 1943 3198 sumam?
1967 3160 2092 3197 electio
2113 3169 2195 3196 mea
2217 3160 2295 3196 erit.

1387 3205 1440 3245 94
1464 3205 1703 3242 Maeonius
1731 3206 1822 3242 libro
1855 3206 1959 3242 tertio
1982 3205 2202 3252 diqestorum
2247 3203 2420 3240 Triticum

1341 3251 1427 3287 dare
1457 3255 1622 3297 oportere
1652 3251 1842 3304 stipulatus
1874 3253 1930 3287 est
1959 3249 2104 3296 anquis:
2141 3249 2229 3286 facti
2258 3249 2419 3302 quaestio
2491 3254 2493 3258 ⁴

1340 3300 1406 3340 est,
1429 3307 1503 3332 non
1525 3296 1625 3331 iuris.
1664 3295 1774 3341 igitur
1796 3295 1827 3332 si
1850 3295 1893 3332 de
1916 3295 2036 3341 aliquo
2058 3294 2178 3331 tritico
2201 3293 2419 3340 cogitaverit,

1339 3341 1375 3377 id
1398 3345 1454 3377 est
1483 3341 1571 3377 certi
1593 3341 1732 3387 generis
1765 3345 1884 3393 certae
1908 3339 2138 3387 quantitatis,
2169 3339 2208 3376 id
2228 3338 2421 3376 habebitur
2493 3347 2496 3351 ·

1340 3397 1405 3432 pro
1436 3396 1624 3432 expresso:
1664 3386 1821 3431 alioquin
1838 3396 1900 3440 'si‚
1932 3396 2013 3439 cum
2043 3384 2221 3438 destinare
2247 3394 2360 3437 genus
2383 3388 2420 3420 et

1338 3430 1648 3522 &Simius
1672 3430 2010 3522 staffili-..iffi
2046 3429 2238 3476 'mmm'
2268 3428 2418 3473 ''M‘’

1340 3591 1378 3629 (ιι
1417 3588 1633 3632 stipulatione
1647 3591 1682 3624 F
1771 3591 1829 3631 (12)
1852 3598 1897 3641 aii
1908 3588 2015 3623 teneri
2026 3587 2143 3622 debeat
2150 3587 2329 3641 promi-or
2339 3598 2418 3621 οοιι-

1793 3635 1852 3677 (18)
1875 3636 1924 3667 ita
1942 3636 1976 3668 et
1993 3644 2069 3667 oum
2087 3633 2162 3667 dari
2179 3633 2332 3678 promi-at
2354 3633 2416 3667 dcl.

1341 3679 1666 3723 (14)D.36,1,2⁶‚2
1736 3680 1797 3722 (io)
1820 3678 2059 3722 perpetuatis*
2140 3678 2200 3720 (ιο)
2224 3677 2356 3711 reim-oF
2395 3716 2415 3726 Π,
