2528 3918
133 115 194 146 DE
223 116 629 150 mnumssmsnsus
1203 101 1288 150 613

2152 105 2323 148 XXXX
2359 109 2372 146 1

892 327 1072 378 LIBER
1104 326 1612 388 QUADRAGESIMUS.

644 456 665 496 1
673 455 700 495 ¹.

405 522 468 556 DE
492 522 926 556 MANUmSSIONmUS.

179 588 196 626 1
232 588 426 625 Uimiws
445 589 537 624 libro
556 592 662 624 sexto
686 588 736 624 ad
747 587 922 624 Sabinum
957 589 1101 624 Placuit
1124 599 1215 632 eum,

130 635 189 687 qui
213 633 369 670 calendis
393 633 569 670 Ianuariis
593 637 700 669 natus
724 634 812 675 est2,
843 638 928 679 post
961 638 1099 669 sextam
1130 645 1216 670 noc-

128 684 172 714 tis
196 678 310 724 pridie
334 679 525 722 kalendas,
559 680 661 725 quasi
691 689 823 714 annum
858 679 1089 715 vicensimum
1121 690 1216 715 com-

127 724 285 768 pleverit,
309 734 415 769 posse
437 725 704 760 manumittere:
731 735 803 759 non
828 724 920 759 enim
945 725 1072 760 maiori
1095 725 1218 770 viginti

127 769 228 804 annis
251 770 410 814 permitti
437 770 704 812 manumittere,
737 769 801 805 sed
823 770 996 805 minorem
1028 771 1216 806 manumit-

125 819 201 850 tere
223 815 349 850 vetari:
383 816 453 850 iam
480 819 600 851 autem
623 816 739 850 minor
762 826 834 851 non
858 820 929 860 est,
954 816 1016 861 qui
1040 816 1132 851 diem
1157 826 1215 851 su-

125 870 285 905 premum
310 861 382 905 agit
405 861 490 896 anni
514 861 704 896 vicensimi.

171 902 222 941 2³
253 905 361 940 IDEM
391 906 481 942 libro
517 907 668 952 septimo
700 906 836 942 decimo
873 907 922 941 ad
952 905 1125 942 Sabinum
1179 906 1218 941 Si

125 951 227 985 heres
258 950 476 987 deliberante
507 951 678 996 legatario
718 962 859 987 servum
895 952 1052 997 legatum
1090 962 1215 986 manu-

125 996 276 1038 miserit,
313 1007 396 1032 mox
430 997 622 1042 legatarius
660 997 918 1042 repudiaverit,
958 997 1217 1033 manumissum

124 1041 276 1077 liberum
298 1041 376 1078 fore
424 1042 553 1078 lacet⁴.

170 1084 194 1124 3
220 1086 380 1123 ΡΑσιυε
414 1089 492 1124 ibro
518 1089 727 1134 triqensimo
752 1099 847 1124 nono
871 1088 922 1123 ad
941 1088 1096 1123 edictum
1133 1087 1216 1123 Ser-

123 1143 187 1168 vus
211 1132 351 1185 pignori
376 1133 492 1176 datus,
518 1133 657 1169 etiamsi
680 1133 821 1169 debitor
842 1134 1004 1179 locuples
1026 1137 1081 1169 est
1091 1135 1115 1176 ⁵,
1140 1144 1216 1168 ma-

124 1182 267 1213 numittl
289 1189 361 1214 non
384 1182 517 1224 potest.

169 1221 194 1260 4
227 1222 421 1260 ULPIANUS
441 1224 532 1260 libro
552 1228 658 1260 sexto
681 1225 968 1270 disputationum
1003 1224 1038 1259 Is
1084 1224 1122 1259 ui
1142 1224 1216 1259 suis

123 1269 274 1304 nummis
299 1269 430 1305 emitur
452 1270 607 1315 epistula
632 1269 792 1306 divorum
815 1269 969 1305 fratrum
994 1269 1041 1305 ad
1098 1269 1216 1305 rhium

122 1314 318 1349 Maximum
348 1315 385 1349 in
416 1325 495 1351 eam
528 1315 773 1351 condicionem
802 1315 992 1360 redigitur,
1032 1318 1074 1349 ut
1108 1315 1215 1350 liber-

126 1363 139 1393 1
189 1363 301 1394 tatem
324 1360 558 1405 adipiscatur.
595 1360 647 1395 Et
669 1360 784 1405 primo
805 1360 947 1406 quidem
967 1360 1120 1396 nummis
1141 1361 1215 1396 suis

122 1415 194 1440 non
216 1406 361 1450 proprie
383 1405 525 1441 videtur
547 1409 688 1451 emptus
713 1405 803 1448 dici,
837 1416 919 1441 cum
943 1416 1028 1442 suos
1052 1417 1215 1441 nummos

122 1460 244 1485 servus
268 1450 403 1487 habere
426 1462 499 1487 non
521 1452 654 1497 possit:
680 1462 803 1487 verum
827 1451 1075 1487 coniventibus
1100 1451 1214 1487 oculis

122 1495 338 1531 credendum
369 1501 425 1532 est
454 1497 530 1532 suis
561 1497 714 1533 nummis
746 1507 826 1532 eum
857 1497 1099 1542 redemptum,
1134 1508 1214 1532 cum

120 1552 193 1577 non
228 1541 380 1577 nummis
418 1542 511 1586 eius,
552 1542 613 1587 qui
649 1553 730 1578 eum
761 1541 928 1585 redemit,
971 1546 1213 1588 comparatur.

121 1586 270 1632 proinde
300 1586 373 1623 sive
404 1598 448 1622 ex
478 1588 638 1633 peculio,
677 1587 773 1633 quod
804 1588 851 1623 ad
881 1588 1100 1624 venditorem
1133 1598 1214 1634 per-

121 1632 226 1675 tinet,
252 1632 325 1668 sive
348 1643 393 1668 ex
417 1633 618 1669 adventicio
642 1634 761 1676 lucro,
795 1634 868 1669 sive
892 1633 1000 1669 etiam
1022 1634 1129 1669 amici
1151 1634 1212 1669 be-

122 1677 249 1714 neficio
281 1678 335 1713 vel
364 1678 580 1714 liberalitate
608 1679 664 1714 vel
695 1683 913 1724 prorogante
945 1689 986 1715 eo
1010 1679 1066 1715 vel
1089 1690 1213 1724 repro-

120 1723 307 1759 mittentess
325 1724 381 1759 vel
397 1734 436 1759 se
454 1724 638 1769 delegante
657 1724 712 1760 vel
726 1724 764 1759 in
781 1735 820 1760 se
839 1724 1033 1769 recipiente
1054 1724 1214 1760 debitum

121 1768 325 1813 redemptus
350 1769 411 1811 sit,
446 1769 662 1805 credendum
692 1774 746 1805 est
774 1770 849 1806 suis
873 1770 1027 1806 nummis
1053 1780 1134 1805 eum
1157 1780 1213 1805 re-

121 1814 321 1860 demptum:
347 1815 435 1850 satis
456 1818 511 1850 est
529 1815 632 1859 enim,
658 1815 755 1860 quod
771 1815 813 1858 is,
838 1815 899 1860 qui
918 1815 1089 1860 emptioni
1109 1826 1214 1850 suum

121 1863 140 1893 2
188 1869 318 1895 nomen
336 1860 670 1903 accommodaverit,
696 1860 784 1896 nihil
809 1860 853 1896 de
877 1871 943 1897 suo
967 1860 1140 1906 inpendit.
1177 1860 1214 1896 Si

120 1905 166 1940 ab
197 1905 319 1950 ignoto
353 1909 492 1950 emptus
526 1906 588 1949 sit,
622 1909 750 1950 postea
779 1910 900 1941 autem
930 1907 1085 1950 pretium
1109 1917 1214 1941 suum

121 1951 303 1995 optulerit,
328 1950 518 1986 dicendum
541 1951 609 1987 erit
628 1962 701 1987 non
719 1962 798 1987 esse
818 1951 1053 1987 audiendum:
1078 1952 1125 1987 ab
1145 1951 1213 1986 ini-

119 1995 170 2032 tio
194 1996 288 2031 enim
311 1996 381 2032 hoc
405 1996 463 2041 agi
487 1996 612 2039 debet,
645 2001 686 2032 ut
714 1997 926 2041 imaginaria
954 1996 1057 2033 fieret
1081 1997 1213 2042 emptio

121 2044 157 2076 et
184 2052 250 2087 per
280 2041 386 2077 fidem
417 2045 625 2078 contractus
654 2043 748 2078 inter
779 2046 974 2096 emptorem
1005 2046 1042 2078 et
1073 2053 1214 2079 servum

121 2090 140 2122 3
187 2091 328 2132 agatur.
363 2087 443 2122 Sive
465 2087 574 2132 igitur
597 2098 670 2123 non
686 2088 757 2123 hoc
777 2088 823 2123 ab
843 2087 946 2123 mitio
968 2091 1063 2124 esset
1079 2092 1212 2130 actum,

120 2135 161 2167 ut
183 2133 258 2168 suis
282 2133 434 2168 nummis
458 2133 708 2175 redimeretur,
742 2133 817 2168 sive
847 2134 918 2169 hoc
941 2137 1025 2169 acto
1049 2144 1213 2169 nummos

120 2181 141 2212 4
188 2188 312 2213 servus
336 2189 409 2213 non
432 2178 547 2221 dedit,
576 2178 731 2214 cessabit
753 2178 914 2214 libertas.
961 2178 1065 2215 Unde
1090 2179 1215 2224 quaeri

119 2223 269 2303 poterit,
294 2224 342 2266 si,
368 2234 449 2259 cum
471 2224 541 2259 hoc
565 2224 612 2259 ab
635 2224 736 2259 initio
761 2225 879 2260 esset⁷
904 2228 1044 2267 actum,
1075 2228 1215 2269 emptor

135 2268 300 2304 estinavit
328 2272 364 2305 et
394 2269 547 2314 pretium
581 2270 797 2312 numeravit,
829 2279 875 2305 an
899 2273 1026 2315 postea
1050 2269 1083 2305 ei
1107 2270 1212 2306 satis-

119 2315 219 2350 facto
242 2324 368 2350 servus
392 2315 650 2350 constitutione
672 2315 726 2350 uti
749 2315 880 2361 possit:
912 2318 948 2351 et
976 2318 1065 2360 puto
1093 2325 1211 2360 posse.

120 2363 139 2395 5
187 2359 343 2395 Proinde
361 2363 396 2395 et
413 2359 444 2395 si
462 2360 494 2396 ei
511 2371 674 2396 nummos
690 2360 897 2405 prorogavit
912 2364 1062 2405 emptor,
1083 2371 1164 2396 cum
1182 2361 1214 2396 ei

122 2408 141 2440 6
187 2404 383 2450 pariaverit
392 2406 415 2449 ⁸,
439 2406 573 2450 poterit
597 2406 643 2441 ad
666 2406 870 2441 libertatem
893 2406 1091 2451 pervenire.
1132 2406 1213 2441 Sive

120 2454 239 2486 autem
271 2451 489 2496 exprimetur
516 2451 555 2486 in
587 2454 778 2486 contractu
811 2451 921 2494 (velut
950 2451 988 2486 in
1021 2452 1212 2496 emptione)

120 2496 190 2531 hoc
223 2498 274 2531 ‘ut
304 2496 589 2532 manumittatur’
623 2497 696 2532 sive
728 2507 801 2532 non
824 2496 1061 2541 exprimatur,
1094 2497 1212 2533 verius

121 2545 138 2575 7
189 2545 243 2577 est
266 2541 469 2577 libertatem
493 2546 707 2587 competere.
756 2542 854 2587 Ergo
885 2545 922 2577 et
949 2542 980 2577 si
1008 2541 1103 2578 forte
1133 2542 1212 2587 quis

121 2587 172 2622 sic
198 2587 459 2632 comparaverit
489 2587 562 2623 suis
594 2587 764 2630 nummis,
797 2597 842 2623 ne
867 2597 948 2622 eum
972 2587 1211 2631 manumittat,

119 2632 272 2677 benigna
296 2636 351 2667 est
374 2633 493 2677 opinio
514 2632 708 2668 dicentium
726 2633 824 2668 hunc
843 2632 890 2667 ad
910 2632 1110 2668 libertatem
1128 2643 1210 2678 per-

120 2678 255 2721 venire,
296 2688 376 2712 cum
414 2681 451 2713 et
487 2688 617 2713 nomen
655 2677 843 2722 emptionis
880 2677 1112 2722 imaginarius
1142 2678 1212 2714 iste

122 2726 141 2758 8
188 2726 328 2768 emptor
342 2723 588 2759 accommodet
600 2725 637 2758 et
653 2727 841 2768 praeterea
858 2723 948 2758 nihil
964 2723 1006 2758 ei,
1017 2723 1121 2759 absit.
1147 2723 1211 2759 Ni-

120 2768 171 2803 hil
193 2772 312 2803 autem
336 2769 502 2811 interest,
536 2779 558 2803 a
588 2779 657 2813 quo
683 2768 762 2821 quis
786 2768 861 2804 suis
885 2768 1037 2804 nummis
1061 2772 1211 2812 ematur,

121 2825 143 2849 a
165 2813 255 2849 fisco
278 2814 333 2849 vel
358 2813 499 2849 civitate
520 2814 577 2849 vel
601 2824 623 2849 a
645 2817 803 2858 pnvato,
837 2813 1010 2859 cuiusque
1034 2813 1082 2849 sit
1105 2824 1211 2850 sexus

120 2860 150 2895 is
205 2859 244 2894 ui
275 2858 370 2894 emit.
418 2859 481 2894 sed
511 2862 548 2895 et
579 2859 609 2894 si
637 2859 754 2895 minor
785 2859 831 2894 sit
861 2858 986 2904 viginti
1015 2859 1119 2894 annis
1152 2860 1212 2904 qui

120 2871 296 2947 ventdidit,
338 2904 549 2940 interveniet
585 2903 805 2940 constitutio.
859 2914 927 2939 nec
969 2905 1210 2948 comparantis

121 2949 264 2995 quidem
294 2953 395 2985 aetas
425 2952 627 2995 spectatur:
667 2959 751 2985 nam
788 2953 823 2985 et
854 2950 885 2985 si
915 2949 1074 2994 pupillus
1107 2954 1209 2994 emat,

121 3005 273 3041 aequum
297 2999 351 3031 est
376 3006 456 3031 eum
478 2994 586 3031 fidem
603 2995 761 3040 implere,
787 3006 869 3031 cum
888 2995 964 3030 sine
986 2994 1115 3030 damno
1135 2996 1210 3031 eius

122 3043 142 3075 9
188 3041 258 3076 hoc
287 3040 333 3075 sit
361 3040 534 3076 futurum.
581 3039 676 3075 idem
699 3044 736 3076 et
759 3041 790 3076 si
815 3050 938 3076 servus
963 3044 1028 3076 est.
1077 3040 1119 3075 In
1142 3041 1210 3076 illis

123 3095 208 3121 sane
232 3087 342 3121 servis
365 3096 438 3121 non
465 3085 657 3121 intervenit
685 3086 908 3129 constitutio,
940 3086 1000 3131 qui
1028 3085 1066 3120 111
1095 3089 1210 3122 totum

122 3130 268 3175 perduci
291 3131 338 3166 ad
361 3131 563 3167 libertatem
590 3141 662 3166 non
694 3135 865 3175 possunt,
898 3135 939 3166 ut
967 3134 1057 3176 puta
1087 3131 1118 3166 si
1150 3142 1209 3167 ex-

122 3176 318 3221 portandus
343 3176 398 3212 vel
420 3177 490 3212 hac
513 3176 591 3221 lege
614 3176 763 3212 venierit
787 3177 855 3220 (vel
878 3179 1092 3212 testamento
1116 3177 1209 3212 hanc

124 3220 366 3256 condicionem
385 3224 601 3267 acceperat),
627 3232 672 3256 ne
696 3232 863 3267 umquam
886 3222 1208 3259 manumitteretur.

127 3269 166 3300 10
214 3265 294 3301 Suis
309 3270 428 3302 autem
446 3267 598 3302 nummis
616 3266 820 3312 redemptus
837 3267 904 3303 etsi
921 3271 1037 3303 totum
1056 3268 1210 3313 pretium

124 3321 195 3346 non
218 3312 425 3354 numeravit,
450 3323 495 3348 ex
519 3312 638 3357 operis
661 3315 781 3348 tamen
798 3312 912 3357 ipsius
932 3313 1125 3349 accesserit
1144 3313 1208 3348 ali-

124 3355 225 3400 quid,
249 3360 290 3390 ut
312 3357 442 3401 repleri
464 3358 618 3402 pretium
641 3357 773 3402 possit,
805 3357 861 3393 vel
884 3358 915 3393 si
938 3358 1023 3402 quid
1045 3369 1112 3394 suo
1136 3369 1208 3394 me-

124 3401 192 3436 rito
216 3400 439 3445 adquisierit,
471 3402 660 3438 dicendum
691 3407 748 3438 est
768 3402 970 3438 libertatem
994 3407 1207 3448 competere.

127 3450 165 3480 11
215 3445 319 3490 Quod
355 3446 386 3482 si
419 3451 558 3492 partem
594 3448 669 3484 suis
702 3448 854 3484 nummis
884 3447 1090 3493 redimeret,
1127 3460 1209 3485 cum

124 3495 263 3536 partem
282 3491 375 3526 servi
389 3491 549 3535 haberet,
574 3492 620 3528 ad
644 3493 933 3529 constitutionem
956 3503 1029 3528 non
1051 3495 1207 3539 pertine-

171 3606 211 3647 (1)
236 3605 316 3639 Sab.
335 3612 420 3642 1...9;
446 3606 532 3649 App.
555 3613 606 3644 10;
632 3608 698 3639 Ed.
718 3615 826 3641 11...1s.
848 3613 903 3645 263
929 3607 1014 3650 Pap.
1033 3616 1208 3643 19...25.—

127 3651 210 3683 Bas.
225 3651 374 3691 48,1.-
390 3650 442 3692 Cs-
459 3651 537 3684 cod.
550 3653 583 3692 7,
595 3658 628 3685 15
698 3653 741 3693 (2)
767 3654 815 3685 est
826 3664 884 3685 om.
898 3652 933 3685 F
1002 3655 1044 3695 (3)
1068 3670 1114 3683 ==
1133 3654 1208 3687 Vat.

130 3700 145 3734 5
162 3702 198 3728 84
281 3697 324 3736 (4)
348 3695 500 3736 idemque
513 3697 546 3727 et
557 3695 586 3727 si
597 3696 691 3728 heres
703 3696 906 3729 deliberante
917 3696 1080 3739 legatario
1091 3709 1209 3730 manu—

127 3741 248 3780 mittat,
269 3750 344 3772 mox
355 3739 536 3781 legatariu-
551 3740 793 3783 repudiaverit:
819 3752 896 3774 nam
909 3745 941 3775 et
952 3743 1016 3775 hoo
1032 3754 1108 3777 casu
1126 3743 1209 3776 libe-

1287 452 1351 496 bit,
1376 463 1448 488 non
1472 453 1584 498 magis
1608 463 1715 499 quam
1763 453 1812 495 ui,
1838 464 1919 489 cum
1943 455 2197 500 proprietatem
2219 456 2381 498 haberet,

1290 501 1331 533 12
1379 508 1483 534 usum
1506 498 1666 534 fructum
1690 509 1730 534 re
1756 498 1850 534 emit.
1900 499 1970 534 Sed
1995 500 2073 544 qui,
2107 513 2188 537 cum
2218 502 2380 537 fructua-

1286 543 1362 579 rius
1381 547 1477 579 esset
1511 544 1770 589 proprietatem
1786 544 1949 586 redemit,
1973 544 2011 580 in
2028 555 2070 580 ea
2089 546 2298 583 condicione
2315 555 2381 589 est,

1291 592 1330 624 13
1378 593 1420 623 111
1443 571 1490 624 ad
1515 590 1806 625 constitutionem
1830 589 2036 634 pertineret.
2084 591 2154 627 Sed
2186 596 2222 627 et
2254 592 2285 628 si
2311 592 2381 627 duo

1287 644 1428 670 servum
1447 634 1675 677 redemerint,
1700 635 1790 670 alter
1807 634 1962 679 propriis
1983 637 2145 680 nummis,
2172 638 2261 672 alter
2279 649 2381 672 num-

1286 679 1353 715 mis
1378 680 1481 722 servi,
1507 680 1696 715 dicendum
1722 681 1790 715 erit
1814 680 2103 716 constitutionem
2129 693 2287 718 cessare:
2314 683 2381 718 nisi

1285 725 1381 760 forte
1418 725 1449 760 is
1487 726 1547 770 qui
1581 726 1737 770 propriis
1771 726 1922 761 nummis
1953 725 2103 761 redemit
2133 728 2382 763 manumittere

1291 774 1332 804 14
1379 770 1489 806 fuerit
1517 775 1678 816 paratus.
1729 771 1799 807 Sed
1830 775 1867 806 et
1896 770 1927 806 si
1956 775 2096 816 partem
2121 773 2198 817 quis
2223 774 2380 815 redemit,

1287 826 1372 860 pars
1405 816 1518 850 altera
1546 827 1590 851 ex
1615 826 1726 852 causa
1749 816 1925 852 lucrativa
1948 818 2160 861 accesserit,
2194 818 2380 854 dicendum

1287 861 1355 897 erit
1379 861 1672 897 constitutionem
1694 862 1815 898 locum
1838 862 1983 898 habere.

1334 904 1358 943 5
1384 905 1622 942 MAROIANUS
1643 907 1734 943 libro
1759 907 1917 943 secundo
1942 908 2204 943 institutionum
2244 909 2281 943 Si
2304 909 2382 953 quis

1288 951 1385 987 dicat
1408 962 1447 987 se
1472 952 1546 988 suis
1571 952 1724 988 nummis
1749 956 1919 997 emptum,
1943 956 2062 997 potest
2086 953 2281 989 consistere
2302 965 2381 988 cum

1287 997 1430 1032 domino
1455 1008 1538 1040 suo,
1565 998 1668 1034 cuius
1691 999 1729 1033 in
1752 997 1858 1033 fidem
1884 998 2060 1043 confugit,
2086 1002 2123 1034 et
2145 999 2263 1043 queri,
2288 1000 2382 1044 quod

1288 1043 1333 1078 ab
1358 1053 1401 1078 eo
1427 1053 1500 1078 non
1522 1044 1809 1086 manumittatur,
1834 1043 1972 1079 Romae
1996 1044 2138 1088 quidem
2163 1045 2259 1089 apud
2278 1055 2381 1089 prae-

1285 1088 1422 1124 fectum
1454 1089 1572 1131 urbis,
1605 1089 1644 1124 in
1672 1088 1865 1134 provinciis
1896 1099 1979 1125 vero
2012 1089 2108 1134 apud
2131 1090 2313 1134 praesides
2339 1100 2383 1125 ex

1286 1134 1400 1169 sacris
1420 1134 1738 1170 constitutionibus
1758 1134 1920 1170 divorum
1937 1135 2101 1178 fratrum,
2122 1136 2188 1170 sub
2206 1145 2248 1170 ea
2264 1139 2383 1170 tamen

1287 1179 1574 1223 denuntiatione,
1608 1184 1649 1215 ut
1677 1180 1707 1215 is
1739 1190 1882 1222 servus,
1916 1181 1978 1225 qui
2007 1180 2076 1215 hoc
2100 1180 2294 1215 intenderit
2317 1191 2382 1216 nec

1285 1225 1491 1270 inpleverit,
1524 1225 1563 1260 in
1587 1236 1678 1271 opus
1702 1225 1838 1261 metalli
1861 1225 1983 1268 detur,
2008 1226 2078 1261 nisi
2102 1225 2195 1261 forte
2220 1225 2382 1261 dominus

1286 1270 1386 1305 reddi
1410 1281 1492 1306 eum
1516 1271 1586 1307 sibi
1609 1271 1791 1314 maluerit,
1822 1271 1946 1315 utique
1975 1282 2048 1306 non
2077 1271 2249 1306 maiorem
2273 1282 2317 1306 ex
2341 1282 2384 1307 ea

1291 1319 1300 1350 1
1356 1326 1467 1352 causa
1491 1327 1645 1361 poenam
1670 1317 1944 1352 constituturus.
1984 1316 2055 1352 Sed
2075 1321 2110 1351 et
2131 1317 2162 1351 si
2182 1317 2383 1352 rationibus

1285 1361 1435 1397 redditis
1459 1362 1551 1398 liber
1574 1372 1654 1398 esse
1684 1363 1806 1398 iussus
1836 1361 1961 1406 fuerit,
1992 1362 2127 1397 arbiter
2158 1362 2276 1397 inter⁹
2307 1372 2381 1398 ser-

1286 1417 1367 1441 vum
1391 1411 1428 1442 et
1452 1407 1651 1450 dominum,
1683 1408 1720 1443 id
1745 1411 1799 1443 est
1822 1407 2005 1451 heredem,
2037 1407 2143 1443 datur
2167 1408 2211 1443 de
2234 1408 2381 1443 rationi-

1285 1453 1352 1488 bus
1378 1453 1610 1488 excutiendis.

1332 1495 1357 1535 6
1383 1498 1566 1534 ALFENUS
1596 1498 1717 1533 tems
1744 1498 1834 1534 libro
1866 1501 1999 1544 quarto
2030 1499 2251 1545 diqestorum
2300 1500 2380 1535 Ser-

1284 1554 1349 1579 vus
1374 1543 1564 1588 pecuniam
1589 1544 1635 1579 ob
1658 1544 1861 1579 libertatem
1883 1547 2013 1589 pactus
2039 1549 2118 1580 erat
2150 1548 2185 1579 et
2214 1556 2293 1581 eam
2317 1546 2379 1581 do-

1284 1588 1380 1625 mino
1397 1588 1562 1625 dederat:
1585 1589 1748 1625 dominus
1764 1589 1866 1634 prius
1905 1600 1988 1624 uam
2004 1600 2085 1625 eum
2101 1591 2380 1633 manumitteret,

1284 1637 1448 1670 mortuus
1473 1639 1550 1670 erat
1573 1638 1860 1680 testamentoque
1898 1635 2033 1671 'berum
2064 1646 2144 1672 esse
2167 1636 2322 1672 iusserat
2346 1642 2381 1672 et

1284 1680 1317 1715 ei
1340 1680 1520 1725 peculium
1544 1691 1649 1716 suum
1673 1681 1864 1725 legaverat.
1901 1681 2113 1716 consulebat
2129 1683 2166 1724 ¹⁰,
2193 1693 2299 1728 quam
2316 1694 2378 1728 pe-

1285 1725 1428 1760 cuniam
1451 1726 1594 1762 domino
1620 1726 1775 1762 dedisset
1799 1726 1846 1761 ob
1870 1725 2089 1769 libertatem,
2124 1738 2170 1762 an
2203 1738 2282 1763 eam
2313 1728 2380 1763 sibi

1284 1770 1434 1807 heredes
1464 1772 1607 1816 patroni
1636 1771 1787 1807 reddere
1817 1771 1989 1807 deberent
2012 1782 2135 1808 necne.
2184 1774 2379 1819 respondit,

1285 1817 1313 1851 si
1338 1826 1416 1851 eam
1441 1817 1630 1862 pecuniam
1649 1817 1825 1859 dominus,
1877 1821 2088 1862 osteaquam
2108 1819 2317 1864 accepisset,
2343 1820 2379 1853 in

1284 1872 1371 1897 suae
1404 1863 1597 1907 pecuniae.
1611 1863 1786 1898 rationem
1800 1864 1826 1884 ¹¹
1884 1862 2061 1905 abuisset‚
2094 1865 2215 1899 statim
2245 1864 2380 1900 desisse

1283 1907 1361 1942 eius
1388 1908 1520 1952 peculii
1551 1918 1648 1944 esse:
1681 1908 1744 1943 sed
1775 1907 1807 1942 si
1837 1907 1993 1951 interea,
2027 1908 2112 1944 dum
2142 1920 2223 1944 eum
2254 1921 2379 1945 manu-

1282 1952 1458 1995 mitteret,
1498 1958 1687 1999 acceptum
1721 1963 1823 1988 servo
1852 1953 2071 1996 rettulisset,
2108 1955 2219 1990 videri
2250 1956 2379 2000 peculii

1283 1997 1395 2077 11111030
1428 2002 1464 2034 01
1492 1998 1623 2035 debere
1654 1998 1803 2034 heredes
1833 2008 1913 2034 eam
1942 2000 2132 2043 pecuniam
2163 2002 2380 2037 manumisso

1283 2054 1322 2078 re
1375 2053 1444 2079 ere.

1330 2086 1354 2124 7
1380 2088 1489 2124 Imm
1508 2088 1599 2126 libro
1623 2090 1776 2135 septimo
1801 2088 2025 2136 diqestorum
2071 2090 2154 2127 Duo
2186 2090 2249 2126 filii
2276 2091 2377 2126 fami-

1281 2134 1348 2170 lias
1381 2134 1581 2178 peculiares
1612 2144 1734 2170 servos
1768 2135 1962 2180 separatim
1994 2139 2146 2181 uterque
2178 2137 2377 2172 habebant:

1284 2190 1327 2214 ex
1358 2180 1414 2214 his
1446 2180 1538 2215 alter
1568 2179 1748 2215 servulum
1780 2190 1886 2215 suum
1916 2181 2137 2226 peculiarem
2167 2182 2244 2218 vivo
2277 2187 2379 2227 patre

1282 2225 1504 2260 manumisit:
1538 2229 1644 2271 pater
1666 2226 1808 2270 utrique
1832 2229 2046 2262 testamento
2070 2227 2250 2272 peculium
2274 2238 2377 2272 prae-

1282 2270 1473 2315 legaverat.
1515 2271 1773 2316 quaerebatur,
1804 2281 1928 2307 servus
1952 2272 2021 2307 iste
2045 2276 2167 2307 utrum
2191 2274 2377 2309 amborum

1282 2326 1330 2351 an
1359 2316 1436 2351 eius
1468 2326 1491 2351 a
1515 2327 1586 2361 quo
1610 2317 1849 2352 manumissus
1874 2320 1953 2353 erat
1975 2317 2125 2353 libertus
2151 2322 2254 2353 esset.
2303 2329 2376 2354 res-

1280 2361 1426 2408 pondit,
1459 2362 1491 2398 si
1522 2362 1623 2406 prius
1654 2366 1908 2397 testamentum
1937 2367 2042 2407 pater
2070 2363 2233 2405 fecisset,
2271 2375 2377 2408 quam

1280 2407 1376 2442 filius
1402 2417 1483 2442 eum
1506 2407 1657 2442 liberum
1677 2417 1756 2442 esse
1774 2407 1949 2450 iussisset,
1975 2409 2081 2444 unius
2100 2419 2179 2444 esse
2198 2409 2376 2452 libertum,

1280 2452 1361 2487 ideo
1386 2452 1482 2497 quod
1508 2462 1588 2487 eum
1612 2463 1754 2497 quoque
1778 2452 1814 2487 in
1837 2453 1979 2498 peculio
2009 2454 2147 2499 legasse
2178 2454 2374 2490 videretur:

1282 2497 1346 2533 sed
1370 2498 1400 2533 si
1423 2501 1550 2543 postea
1573 2502 1827 2533 testamentum
1851 2503 1954 2542 pater
1978 2498 2140 2541 fecisset,
2171 2511 2244 2535 non
2267 2501 2376 2536 videri

1282 2553 1360 2578 eam
1390 2547 1545 2579 mentem
1575 2543 1653 2579 eius
1685 2543 1814 2585 fuisse,
1845 2547 1886 2578 ut
1916 2555 2015 2587 eum,
2047 2545 2107 2589 qui
2136 2546 2375 2582 manumissus

1281 2592 1393 2631 esset,
1426 2589 1563 2633 legaret
1586 2599 1739 2634 eumque
1762 2599 1919 2631 servum,
1950 2590 2119 2634 quoniam
2149 2591 2374 2636 praelegatus

1281 2645 1355 2669 non
1379 2638 1484 2676 esset,
1509 2638 1649 2670 mortuo
1701 2638 1777 2669 atre
1802 2635 1988 2669 amborum
2012 2645 2152 2670 servum
2176 2636 2298 2672 fuisse.

1328 2676 1353 2716 8
1389 2679 1627 2715 MARCJANUS
1679 2680 1756 2714 ibro
1794 2681 1898 2715 certio
1936 2680 2073 2716 decimo
2112 2682 2374 2717 institutionwn

1281 2724 1349 2769 Qui
1373 2735 1512 2769 poenae
1536 2726 1628 2760 servi
1653 2724 1871 2766 efficiuntur,
1895 2725 2096 2761 indubitate
2126 2727 2375 2762 manumittere

1285 2774 1297 2804 1
1349 2781 1420 2805 non
1445 2774 1609 2815 possunt,
1634 2771 1718 2815 quia
1742 2774 1777 2805 et
1800 2770 1870 2814 ipsi
1891 2771 1984 2806 servi
2009 2775 2103 2806 sunt.
2145 2771 2216 2807 Sed
2237 2783 2303 2808 nec
2323 2773 2374 2808 rei

1281 2815 1489 2861 capitalium
1506 2815 1691 2851 criminum
1706 2815 1957 2851 manumittere
1973 2827 2093 2852 servos
2111 2828 2197 2853 suos
2212 2822 2372 2862 possunt,

1281 2863 1301 2895 2
1349 2864 1391 2895 ut
1421 2863 1458 2896 et
1485 2865 1631 2897 senatus
1666 2861 1813 2896 censuit.
1862 2861 1977 2897 Divus
2011 2873 2152 2907 quoque
2180 2863 2267 2898 Pius
2293 2863 2371 2898 Cal-

1279 2905 1408 2950 purnio
1432 2906 1617 2951 rescripsit
1639 2905 1823 2942 libertates
1848 2907 1894 2941 ab
1919 2917 1979 2950 eo,
2004 2907 2065 2952 qui
2088 2908 2160 2943 iam
2182 2908 2259 2952 lege
2285 2908 2370 2944 Cor-

1280 2951 1375 2986 nelia
1391 2950 1580 2986 damnatus
1599 2955 1693 2987 esset
1710 2951 1776 2994 vel,
1802 2962 1883 2987 cum
1903 2951 2065 2987 futurum
2089 2954 2310 2998 prospiceret
2334 2957 2372 2987 ut

1282 3000 1299 3030 3
1348 2996 1590 3040 damnaretur,
1615 2996 1725 3032 servis
1750 2997 1853 3033 datas
1876 3008 1949 3032 non
1974 3002 2186 3043 competere.
2234 2998 2303 3034 Sed
2328 3009 2371 3032 ne

1280 3041 1423 3086 quidem
1457 3041 1536 3077 illos
1575 3041 1622 3077 ad
1656 3042 1789 3077 iustam
1820 3042 2023 3079 libertatem
2054 3044 2236 3088 pervenire
2270 3043 2370 3078 divus

1278 3086 1486 3121 Hadrianus
1514 3087 1715 3132 rescripsit,
1749 3088 1811 3133 qui
1841 3087 1922 3124 ideo
1955 3089 2164 3124 manumissi
2195 3093 2296 3130 sunt,
2331 3092 2369 3122 111

1280 3131 1419 3167 crimini
1443 3132 1751 3168 subtraherentur.

1326 3174 1350 3214 9
1375 3176 1535 3212 PAULUS
1556 3177 1646 3213 libro
1671 3177 1856 3224 sinqulari
1876 3180 2087 3225 requtarum
2141 3178 2270 3213 Servus
2300 3178 2368 3212 hac

1278 3223 1291 3257 l
1335 3233 1354 3257 e
1377 3222 1559 3265 venditus,
1584 3233 1629 3258 ne
1652 3223 1944 3266 manumittatur,
1969 3224 2025 3259 vel
2047 3226 2260 3258 testamento
2285 3234 2366 3267 pro-

1277 3268 1315 3303 111
1340 3268 1413 3303 itus
1444 3268 1664 3311 manumitti,
1702 3269 1760 3304 vel
1794 3279 1816 3303 a
1849 3268 2031 3314 praefecto
2064 3268 2119 3303 vel
2150 3278 2172 3302 a
2203 3268 2367 3312 praeside

1277 3312 1478 3359 prohibitus
1512 3313 1557 3349 ob
1589 3313 1733 3359 aliquod
1764 3314 1932 3350 delictum
1963 3313 2162 3348 manumitti
2191 3313 2236 3347 ad
2260 3313 2365 3348 liber-

1276 3362 1388 3393 tatem
1438 3357 1561 3393 erduci
1583 3369 1656 3395 non
1705 3363 1809 3395 otest.

1327 3402 1377 3440 10
1426 3413 1510 3438 DEM
1529 3405 1682 3450 imperia
1697 3405 1770 3440 ium
1795 3404 2053 3439 sententiarum
2085 3404 2123 3437 in
2153 3403 2362 3449 coqnitioni-

1278 3450 1344 3485 bus
1358 3449 1594 3495 prolatarum
1622 3460 1673 3485 ex
1703 3450 1806 3486 libris
1831 3459 1900 3484 sea:
1930 3448 2021 3499 libra
2044 3447 2201 3483 secundo
2247 3447 2364 3483 Aelia-

1276 3504 1344 3529 nus
1370 3494 1510 3530 debitor
1531 3493 1665 3531 fiscalis
1689 3494 1917 3530 Euemeriam
1942 3492 2110 3528 ancillam
2138 3496 2220 3527 ante
2251 3503 2365 3528 annos

1277 3617 1353 3640 rum
1364 3607 1435 3641 fore
1447 3608 1496 3641 ait
1506 3609 1590 3651 (scil.
1602 3608 1796 3645 Marcellus)
1813 3607 1886 3639 Vat.
1942 3608 1985 3646 (5)
2008 3608 2055 3638 est
2068 3618 2123 3638 om.
2137 3606 2169 3637 F
2222 3608 2265 3646 (6)
2286 3616 2362 3649 pro-

1277 3653 1431 3686 mittente
1443 3654 1473 3687 S
1557 3655 1600 3695 (τ)
1625 3654 1727 3686 cesset
1740 3653 1772 3684 F
1851 3653 1894 3691 (8)
1919 3650 2069 3692 paruerit
2082 3651 2136 3682 F2
2217 3653 2262 3692 (9)
2287 3652 2322 3683 111
2338 3652 2371 3685 F

1280 3699 1340 3739 (1ο)
1366 3698 1601 3732 consulebatur
1615 3699 1665 3731 F2
1756 3699 1810 3737 (11)
1836 3696 1964 3728 ratione
1977 3695 2057 3729 Hal.
