2528 3918
179 121 343 164 XVIIII
372 123 398 162 2

179 242 322 278 auxerit
344 241 398 276 vel
421 238 660 276 aedificaverit
681 238 738 275 vel
765 238 977 281 instituerit,
1010 248 1090 274 cum
1123 236 1160 272 id
1189 247 1261 272 non

178 287 410 328 convenisset,
434 284 481 320 ad
503 283 708 336 recipienda
731 293 775 319 ea
797 294 889 330 quae
910 283 1082 336 impendit
1105 292 1151 317 ex
1175 292 1261 334 con3

178 335 198 367 2
245 331 353 367 ducto
389 340 470 365 cum
504 328 647 365 douuno
680 328 783 364 fundi
818 329 969 375 experiri
1003 330 1134 374 potest.
1193 326 1262 371 Qui

179 380 303 412 contra
325 376 437 420 legem
462 373 710 410 conductionis
732 373 882 410 fundum
905 377 988 409 ante
1013 377 1083 408 tem
1111 382 1153 407 us
1185 372 1262 407 sine

177 422 272 457 iusta
304 430 347 456 ac
378 419 555 465 probabili
585 429 697 455 causa
727 419 940 462 deseruerit,
973 418 1020 454 ad
1051 428 1090 453 so
1106 416 1260 452 vendas¹

178 466 286 501 totius
317 464 486 510 temporis
536 464 698 501 ensiones
722 475 766 500 ex
790 464 969 500 conducto
995 462 1175 499 conveniri
1197 471 1261 514 po-

177 514 265 552 test,
299 514 474 555 quatenus
519 509 656 546 ocatori
685 510 724 545 in
753 509 791 545 id
815 509 911 555 quod
936 509 1012 544 eius
1036 508 1185 543 interest
1206 518 1261 542 m-

179 556 353 590 demnitas
376 558 536 590 servetur
545 554 571 591 ⁸.

223 598 276 637 56
301 599 409 635 loru
435 599 526 636 libro
548 599 731 647 sinqulm·
751 600 796 636 de
820 599 945 646 officio
962 597 1154 644 praefecti
1173 597 1211 649 vj
1235 597 1262 632 i-

178 646 250 680 lum
298 644 386 680 Cum
420 644 554 681 domini
586 645 794 681 horreorum
829 644 1095 688 insularumque
1126 642 1200 678 desi
1227 652 1262 677 e-

176 693 258 725 rant
281 689 342 725 diu
365 700 438 725 non
461 690 716 736 apparentibus
739 701 805 725 nec
830 690 904 724 eius
927 687 1095 740 temporis
1120 687 1261 732 pensio-

178 745 241 770 nes
273 735 536 771 exsolventibus
559 735 838 772 conductoribus
863 744 1000 779 apenre
1023 736 1059 769 et
1082 733 1148 768 ea³
1171 741 1264 778 quae

177 780 226 815 ibi
249 784 333 815 sunt
356 779 576 824 describere,
607 790 631 816 a
660 780 812 826 publicis
843 778 1004 825 personis
1035 788 1185 831 quorum
1208 776 1263 812 in-

177 828 287 860 terest
309 825 477 861 audiendi
499 829 594 862 sunt.
632 829 772 871 tempus
796 830 915 860 autem
938 824 976 859 in
999 822 1201 859 humsmodi
1225 832 1264 858 re

181 870 311 905 biennii
335 870 442 907 debet
464 870 657 907 observari.

223 912 276 953 57
300 914 347 951 ῙΔ
356 925 527 952 νοιΕΝυε
547 916 638 952 libro
661 926 756 951 nono
781 926 831 950 ex
842 913 1109 961 posterioribus
1128 911 1263 964 Labeo:

177 962 234 996 nis
278 959 348 1005 Qui
370 960 513 997 domum
537 961 703 1004 habebat,
728 970 847 996 aream
872 959 1068 994 iniunctam
1093 958 1124 994 ei
1144 957 1263 993 domm

177 1006 291 1041 vicino
315 1005 476 1052 proximo
501 1006 698 1042 locaverat:
730 1006 760 1041 is
792 1005 928 1040 vicinus
954 1015 1035 1040 cum
1059 1002 1265 1039 aedificaret

177 1051 213 1086 in
236 1061 322 1094 suo,
346 1054 478 1087 terram
501 1051 538 1087 in
562 1061 640 1087 eam
664 1061 782 1086 aream
807 1050 982 1095 amplius⁴
1006 1059 1112 1095 quam
1134 1047 1263 1083 funda-

176 1099 297 1132 menta
327 1097 559 1132 caementicio.
589 1096 757 1133 locator-is
790 1099 892 1131 erant
924 1094 1133 1147 congessit„
1155 1097 1191 1128 et
1221 1102 1264 1145 ea

176 1146 274 1177 terra
297 1141 455 1177 adsiduis
478 1142 606 1187 pluviis
630 1141 822 1183 inundata,
853 1140 905 1175 ita
927 1140 1080 1186 paneti⁵
1104 1149 1179 1174 elus
1203 1149 1264 1183 qui

175 1187 357 1223 locaverat
379 1197 503 1223 umore
524 1187 737 1232 praestituto
763 1184 974 1228 madefacto,
999 1184 1163 1220 aedificia
1183 1194 1262 1219 cor-

176 1235 334 1267 ruerunt.
372 1233 494 1268 Labeo
519 1242 563 1267 ex
586 1232 703 1268 locato
723 1230 969 1266 tantummodo
990 1230 1166 1266 actionem
1185 1238 1264 1264 esse

177 1277 246 1319 ait,
271 1277 355 1323 quia
379 1288 451 1313 non
474 1278 553 1323 ipsa
577 1277 776 1322 congestio,
807 1275 870 1312 sed
892 1276 1019 1311 umor⁶
1042 1285 1087 1310 ex
1111 1284 1161 1327 ea·
1177 1284 1262 1326 con-

175 1322 335 1367 gestione
358 1326 484 1368 postea
507 1322 637 1358 damno
662 1321 788 1364 fuerit,
821 1320 940 1356 damni
972 1323 1091 1355 autem
1114 1319 1264 1355 imurlae

177 1367 271 1403 actio
296 1367 341 1403 ob
367 1377 410 1403 ea
431 1367 512 1413 ipsa
534 1368 599 1410 sit,
621 1377 686 1413 per
709 1376 820 1412 quae,
853 1376 924 1401 non
949 1366 1169 1401 extrinsecus
1194 1364 1264 1400 alia

177 1422 287 1448 causa
311 1412 452 1455 oblata,
485 1412 614 1448 damno
647 1412 725 1458 quis
749 1411 911 1447 adfectus
937 1414 1008 1447 est:
1040 1411 1110 1447 hoc
1135 1410 1260 1456 probo.

222 1455 275 1495 58
287 1456 421 1493 LABEO
436 1457 527 1494 libro
545 1462 675 1504 quarto
688 1457 933 1504 posteriorum
955 1468 978 1491 a
997 1455 1169 1492 Iavoleno
1189 1455 1263 1502 epi-

177 1506 391 1538 tomatornm
438 1503 595 1538 Insulam
618 1513 689 1538 uno
714 1502 828 1548 pretio
848 1505 961 1537 totam
980 1501 1108 1537 locasti
1129 1504 1166 1536 et
1185 1511 1262 1536 eam

176 1547 361 1583 vendidisti
383 1548 445 1591 ita,
469 1551 511 1583 ut
534 1548 684 1594 emptori
707 1547 913 1583 mercedes⁷
932 1546 1183 1592 inquilinorum
1202 1555 1262 1581 ac-

176 1592 352 1628 cederent.
389 1593 547 1638 quamvis
572 1603 650 1629 eam
674 1593 871 1628 conductor
901 1593 1035 1628 maiore
1064 1591 1178 1637 pretio
1210 1591 1262 1626 lo-

176 1641 285 1680 caret,
308 1641 429 1673 tamen
451 1638 488 1674 id
512 1638 661 1684 emptori
686 1637 835 1681 accedit,
860 1637 955 1683 quod
979 1637 1045 1673 tibi
1064 1636 1264 1673 conductor

182 1686 193 1718 1
243 1682 381 1718 debeat.
428 1683 472 1719 In
505 1684 622 1730 operis
657 1683 836 1719 locatione
871 1683 968 1718 non⁸
1005 1686 1083 1718 erat
1117 1682 1262 1724 dictum,

175 1731 258 1763 ante
282 1738 388 1773 quam
412 1728 503 1764 diem
527 1728 622 1764 effici
645 1728 806 1764 deberet:
833 1727 978 1771 deinde,
1003 1727 1033 1763 si
1055 1727 1107 1762 ita
1129 1726 1264 1762 factum

175 1784 247 1809 non
271 1776 385 1817 esset,
441 1774 542 1809 uanti
572 1773 743 1810 locatoris
767 1773 1006 1816 interfuisset,
1038 1775 1177 1808 tantam
1200 1782 1262 1817 pe-

176 1818 316 1854 cuniam
350 1828 417 1854 con
444 1822 549 1855 uctor
579 1819 803 1865 promiserat.
840 1822 988 1854 eatenus
1019 1827 1098 1853 eam
1129 1817 1263 1862 obliga-

175 1863 306 1899 tionem
331 1864 495 1899 contrahi
518 1868 627 1910 puto,
663 1868 838 1916 quatenus
862 1864 915 1899 vir
937 1864 1054 1899 bonus
1078 1862 1122 1898 de
1147 1862 1262 1908 spatio

174 1908 346 1954 temporis
370 1909 604 1952 aestimasset,
629 1920 713 1955 qu1a
735 1909 771 1945 id
795 1913 916 1944 actum
939 1911 1091 1961 apparet
1110 1917 1199 1951 esse,
1223 1911 1264 1943 ut

176 1964 216 1990 eo
254 1954 371 1999 spatio
403 1954 667 1997 absolveretur,
702 1954 779 1990 sine
814 1964 884 2000 quo
919 1953 997 1989 fieri
1030 1964 1103 1989 non
1138 1953 1262 1998 possit.

177 2001 196 2034 2
243 1998 395 2043 Quidam
425 1999 463 2035 in
494 1999 683 2045 municipio
711 2000 891 2035 balineum
917 1998 1172 2045 praestandum
1199 2009 1263 2033 an-

177 2043 259 2079 nuis
289 2043 412 2089 viginti
443 2045 596 2080 nummis
628 2045 851 2081 conduxerat
885 2050 920 2080 et
954 2044 1000 2080 ad
1034 2044 1265 2080 refectionem

176 2088 332 2124 fornacis
356 2089 556 2126 fistularum
579 2090 813 2136 similiumque
831 2101 948 2126 rerum
969 2093 1112 2126 centum
1133 2089 1265 2124 nummi

176 2137 216 2169 ut
246 2138 514 2179 praestarentur
546 2135 597 2178 ei,
629 2139 860 2171 convenerat:
894 2135 1091 2171 conductor
1124 2138 1265 2170 centum

176 2189 338 2216 nummos
362 2180 518 2225 petebat.
554 2180 606 2216 ita
630 2180 662 2216 ei
685 2180 807 2216 deberi
831 2180 923 2224 dico,
948 2180 978 2215 si
1000 2180 1038 2215 in
1061 2190 1184 2216 earum
1207 2190 1263 2215 re-

176 2233 254 2259 rum
278 2224 507 2261 refectionem
531 2226 634 2262 eam⁹
656 2226 844 2271 pecuniam
874 2225 1031 2271 impendi
1062 2225 1263 2261 satisdaret.

222 2267 276 2306 59
300 2269 346 2305 IA
356 2279 528 2306 VOLENUS
557 2271 648 2307 libro
673 2272 798 2317 quinto
823 2270 1002 2307 Labeonis
1017 2272 1264 2318 posteriorum

176 2314 336 2351 Marcius
380 2314 523 2351 domum
560 2315 761 2351 faciendam
796 2326 818 2351 a
854 2315 986 2352 Flacco
1023 2316 1263 2352 conduxerat:

177 2359 303 2395 deinde
333 2361 450 2413 operis
481 2365 584 2406 parte
615 2361 742 2397 effecta
773 2365 889 2397 terrae
920 2364 1020 2397 motu
1052 2371 1265 2396 concussum

177 2408 255 2440 erat
285 2405 494 2441 aedificium.
542 2406 743 2442 Massurius
767 2406 940 2449 Sabinus,
972 2406 1003 2441 si
1033 2406 1066 2441 vi
1098 2406 1264 2449 naturali,

176 2450 284 2530 vidua
307 2453 424 2487 terrae
447 2454 548 2487 motu
561 2453 589 2473 ¹⁰
611 2452 682 2487 hoc
706 2451 897 2495 acciderit,
922 2451 1047 2487 Flacci
1072 2461 1150 2488 esse
1173 2451 1265 2497 peri-

178 2505 197 2530 c
237 2506 308 2531 um.

222 2537 275 2578 60
300 2539 434 2576 LABEO
456 2542 704 2588 posteriorum
719 2542 745 2563 ¹¹
770 2541 860 2578 libro
893 2542 1020 2588 quinto
1045 2553 1068 2577 a
1092 2540 1265 2576 Iauoleno

177 2586 451 2631 epitomatorum
498 2585 587 2622 Cum
617 2587 655 2621 in
710 2586 806 2622 lures
838 2597 952 2622 annos
987 2586 1112 2622 domus
1147 2586 1267 2622 locata

178 2634 249 2672 est,
280 2634 465 2676 praestare
488 2631 626 2667 locator
649 2631 692 2667 de
719 2636 773 2675 et,
805 2636 846 2667 ut
868 2643 941 2668 non
964 2632 1081 2667 solum
1103 2631 1267 2667 habitare

178 2675 375 2711 conductor
398 2686 442 2711 ex
466 2677 622 2712 calendis
646 2677 714 2713 illis
739 2676 911 2723 cuiusque
934 2677 1037 2720 anni,
1073 2676 1137 2712 sed
1160 2677 1267 2711 etiam

177 2721 297 2756 locare
326 2720 523 2757 habitatori
555 2722 583 2757 si
607 2722 691 2757 velit
713 2733 783 2758 suo
802 2727 963 2768 tempore
986 2723 1110 2768 possit.
1147 2721 1267 2767 itaque

178 2765 208 2800 si
232 2775 274 2801 ea
298 2765 420 2801 domus
445 2776 490 2802 ex
512 2767 674 2803 kalendis
695 2768 870 2803 Ianuariis
890 2767 983 2803 fulta
996 2768 1024 2790 ¹²
1046 2768 1084 2802 in
1103 2767 1265 2802 kalendis

178 2810 289 2846 Iuniis
302 2811 331 2832 ¹³
353 2812 625 2856 permansisset,
656 2812 708 2848 ita
738 2816 780 2847 ut
803 2823 869 2848 nec
893 2813 1056 2848 habitare
1079 2813 1267 2858 quisquam

179 2865 245 2891 nec
269 2855 456 2891 ostendere
480 2857 585 2892 alicui
609 2861 750 2903 posset,
783 2858 871 2893 nihil
894 2858 1046 2894 locatori
1069 2857 1266 2894 conducto-

178 2910 252 2935 rem
275 2905 560 2945 praestaturum,
593 2902 681 2938 adeo
714 2906 756 2938 ut
786 2914 854 2939 nec
878 2903 957 2948 cogi
980 2903 1121 2949 quidem
1144 2906 1268 2948 posset

179 2955 224 2980 ex
246 2945 408 2981 kalendis
432 2946 530 2982 Iuliis
553 2947 688 2983 refecta
711 2948 819 2984 domu
842 2948 1024 2992 habitare,
1057 2948 1125 2984 nisi
1149 2948 1179 2983 si
1227 2958 1265 2983 a·

178 2993 278 3026 ratus
301 2990 430 3026 fuisset
452 2991 589 3027 locator
613 2993 833 3029 commodam
858 2994 1002 3029 domum
1026 2994 1057 3029 ei
1088 2993 1135 3028 ad
1164 2993 1212 3028 ha
1236 2993 1264 3028 i-

182 3038 196 3070 1
247 3035 396 3071 tandum
421 3035 516 3072 dare.
564 3037 739 3073 Heredem
765 3039 900 3082 coloni,
934 3039 1092 3084 quamvis
1118 3039 1265 3074 colonus

179 3090 252 3116 non
288 3084 360 3124 est,
401 3081 509 3116 nihilo
544 3083 660 3118 minus
695 3083 838 3119 domino
872 3084 1055 3129 possidere
1091 3084 1263 3120 existimo.

179 3128 200 3160 2
248 3125 468 3161 Vestimenta
491 3131 555 3161 tua
578 3127 665 3163 fullo
689 3129 842 3173 perdidit
864 3133 900 3165 et
916 3129 1029 3165 habes
1049 3129 1143 3164 unde
1163 3133 1265 3174 petas

180 3180 246 3206 nec
277 3174 438 3217 repetere
467 3171 539 3207 vis:
573 3172 647 3217 agis
678 3173 787 3209 nihilo
819 3174 936 3210 minus
967 3185 1012 3210 ex
1041 3174 1160 3210 locato
1185 3185 1266 3210 cum

179 3214 336 3259 fullone,
361 3215 425 3252 sed
447 3216 598 3252 iudicem
622 3218 906 3262 aestimaturum‚
932 3229 979 3254 an
1002 3219 1118 3265 possis
1142 3219 1264 3255 adver-

180 3270 242 3296 sus
274 3260 391 3297 furem
421 3261 534 3307 magis
566 3271 670 3307 agere
700 3267 736 3299 et
765 3264 811 3299 ab
843 3275 885 3300 eo
909 3268 990 3300 tuas
1014 3274 1071 3301 res
1095 3265 1266 3310 consequi

179 3421 219 3461 (1)
243 3412 402 3452 εοῙνοὶιᾶα
413 3419 449 3453 F'
531 3421 575 3462 (2)
601 3420 638 3452 Si
651 3421 798 3454 creditor
810 3422 955 3456 debitori
968 3424 1110 3457 fundum
1125 3425 1262 3467 pignori

179 3465 295 3498 datum
307 3464 479 3507 locaverit,
501 3465 511 3497 i
515 3475 574 3507 pse
587 3468 706 3498 contra
726 3477 800 3499 eum
822 3467 923 3500 locati
945 3479 1042 3511 agere
1058 3471 1184 3512 poterit
1205 3481 1262 3503 ne-

180 3520 244 3552 que
252 3513 363 3542 tamen
373 3510 506 3543 debitor
513 3510 670 3543 adversus
680 3512 876 3545 creditorem
884 3515 1042 3547 conducti
1043 3517 1191 3559 sortasse
1198 3527 1261 3549 sec.

1251 110 1350 159 256·

1327 235 1473 272 fullonis
1495 235 1659 272 videlicet
1680 236 1899 283 sumptibus:
1931 236 1995 273 sed
2017 236 2049 272 si
2070 236 2140 273 hoc
2163 237 2228 273 tibi
2249 238 2410 291 impossi-

1329 282 1399 316 bile
1423 290 1500 317 esse
1523 282 1753 327 perspexerit,
1777 285 1863 317 tunc
1887 281 2056 317 fullonem
2080 281 2220 334 quidem
2243 283 2308 318 tib:
2327 294 2411 319 con-

1330 325 1520 369 demnabit,
1544 330 1626 362 tuas
1638 327 1665 348 ¹⁴
1689 331 1808 362 autem
1827 327 1986 363 actiones
2006 330 2042 362 te
2062 337 2095 362 e1
2112 331 2296 372 praestare
2316 339 2412 364 com-

1331 375 1350 407 3
1397 371 1516 417 pellet.
1564 371 1660 417 Lege
1670 371 1767 408 dicta
1786 371 1912 408 domus
1931 371 2098 407 facienda
2115 373 2236 408 locata
2257 376 2334 409 erat
2351 374 2412 416 ita,

1330 419 1372 452 ut
1393 415 1557 461 probatio
1582 420 1647 451 aut
1668 416 1881 463 improbatio
1905 417 2075 452 locatoris
2095 421 2159 452 aut
2178 417 2317 454 heredis
2339 418 2413 454 eius

1331 464 1442 497 esset:
1475 460 1678 506 redemptor
1708 471 1752 497 ex
1782 462 1965 498 voluntate
1988 461 2155 497 locatoris
2180 463 2355 508 quaedam
2378 464 2414 498 in

1331 516 1438 558 opere
1460 510 1733 552 permutaverat.
1769 507 1939 552 respondi
1971 516 2061 552 opus
2093 507 2234 552 quidem
2264 518 2309 544 ex
2339 508 2415 554 lege

1332 552 1429 587 dicta
1452 561 1524 587 non
1547 550 1656 587 videri
1677 551 1833 595 factum,
1866 552 1930 588 sed
1986 552 2129 587 uoniam
2165 563 2208 588 ex
2233 553 2415 589 voluntate

1331 596 1498 632 locatoris
1523 599 1761 641 permutatum
1785 601 1890 640 esset,
1913 606 1954 633 re
1979 600 2171 642 emptorem
2195 598 2331 634 absolvi
2354 598 2414 634 de-

1332 644 1352 677 4
1399 641 1494 677 bere.
1542 641 1711 677 Mandavi
1733 642 1809 685 tibi,
1834 646 1875 678 ut
1907 646 2109 685 excuteres,
2143 643 2267 688 quanti
2298 644 2415 679 villam

1332 686 1522 722 aedificare
1535 687 1561 708 ¹⁵
1585 686 1709 722 velles:
1741 687 1954 723 renuntiasti
1984 687 2070 722 mihi
2095 687 2328 724 ducentorum
2350 689 2414 724 im-

1332 742 1479 778 pensam
1493 732 1522 753 ¹⁰
1546 735 1729 768 excutere:
1761 736 1860 768 certa
1890 732 2052 768 mercede
2082 742 2173 777 opus
2204 733 2269 768 tibi
2291 734 2415 776 locavi,

1332 781 1459 823 postea
1483 777 1640 822 comperi
1652 778 1679 799 ¹⁷
1698 787 1770 813 non
1787 787 1894 823 posse
1912 777 2058 813 minoris
2078 780 2319 814 trecentorum
2339 789 2416 814 eam

1332 822 1451 857 villam
1475 827 1658 857 constare:
1692 822 1778 858 data
1807 826 1927 858 autem
1958 822 2023 857 tibi
2054 826 2157 858 erant
2181 827 2342 866 centum,
2374 834 2416 859 ex

1334 867 1462 912 quibus
1487 878 1568 903 cum
1598 871 1735 920 partem
1765 867 2017 913 impendisses,
2049 868 2144 903 vetui
2174 871 2211 904 te
2241 878 2331 914 opus
2361 869 2415 904 fa-

1333 922 1424 948 cere.
1463 912 1554 955 dixi,
1586 923 1618 948 sl
1641 923 1732 958 opus
1755 912 1877 948 facere
1900 912 2199 958 perseveraveris,
2232 923 2276 949 ex
2298 914 2416 950 locato

1333 961 1450 993 tecum
1466 958 1494 979 ¹⁸
1517 967 1639 1003 agere,
1672 961 1714 993 ut
1735 958 1909 1004 pecuniae
1933 957 2018 993 mihi
2040 958 2214 1003 reliquum
2237 959 2415 995 restituas.

1333 1005 1352 1038 5
1400 1003 1555 1038 Messem
1579 1003 1788 1048 inspiciente
1802 1003 1831 1025 ¹⁹
1861 1003 2008 1046 colono,
2044 1013 2124 1039 cum
2157 1003 2309 1039 alienam
2340 1014 2418 1040 esse

1333 1058 1405 1084 non
1428 1047 1629 1129 ignorares,
1662 1048 1837 1084 sustulisti
1846 1048 1888 1084 ²⁰.
1926 1047 2148 1084 condicere2¹
2175 1048 2239 1084 tibi
2262 1049 2416 1086 frumen-

1333 1097 1407 1129 tum
1456 1093 1611 1129 ominum
1635 1104 1741 1139 posse
1763 1093 1886 1129 Labeo
1911 1093 1972 1137 ait,
1998 1097 2034 1129 et
2056 1096 2097 1129 ut
2119 1093 2155 1129 id
2174 1093 2296 1138 faciat,
2321 1095 2417 1131 colo-

1333 1142 1353 1175 6
1400 1150 1485 1174 num
1516 1148 1562 1174 ex
1592 1139 1770 1174 conducto
1803 1149 1883 1175 cum
1915 1138 2056 1175 domino
2081 1143 2254 1174 acturum.
2301 1140 2417 1176 Loca-

1332 1187 1389 1219 tor
1422 1183 1541 1219 horrei
1598 1184 1797 1230 ropositum
1831 1184 1958 1220 habuit
1991 1194 2030 1220 se
2065 1194 2192 1219 aurum
2235 1190 2418 1230 argentum

1332 1229 1559 1274 margaritam
1584 1230 1599 1250 ²
1623 1239 1694 1265 non
1717 1230 1877 1275 recipere
1900 1239 1966 1265 suo
1989 1229 2168 1275 periculo:
2194 1230 2318 1266 deinde
2338 1241 2419 1266 cum

1332 1275 1440 1310 sciret
1461 1275 1528 1310 has
1551 1285 1608 1310 res
1631 1275 1766 1317 inferri,
1790 1284 1918 1327 passus
1943 1278 2007 1310 est.
2042 1274 2193 1320 proinde
2216 1284 2297 1310 eum
2320 1275 2417 1311 futu-

1332 1331 1410 1355 rum
1432 1320 1499 1355 tibi
1522 1319 1715 1372 obligatum
1740 1320 1831 1363 dnn,
1856 1330 1899 1356 ac
1923 1320 1954 1355 si
1963 1320 1995 1341 ²³
2016 1320 2238 1365 propositum
2261 1320 2339 1364 fuit,
2363 1331 2418 1357 re-

1333 1369 1350 1400 7
1399 1365 1546 1401 missum
1577 1365 1726 1401 v1detur.
1776 1365 1924 1401 Servum
1956 1375 2073 1400 meum
2107 1365 2298 1402 mulionem
2332 1377 2417 1402 con-

1333 1410 1483 1446 duxisti:
1508 1410 1727 1456 neglegentia
1751 1411 1825 1446 eius
1848 1411 1966 1446 mulus
1990 1414 2075 1446 tuus
2097 1411 2199 1456 perit.
2235 1411 2266 1447 si
2284 1411 2361 1457 ipse
2380 1422 2419 1447 se

1331 1456 1504 1499 locasset,
1542 1466 1586 1491 ex
1616 1456 1756 1502 peculio
1788 1455 1976 1491 dumtaxat
2007 1459 2043 1491 et
2072 1455 2110 1490 in
2141 1466 2215 1491 rem
2237 1466 2378 1492 versum
2388 1458 2418 1478 2⁴

1333 1501 1499 1536 damnum
1535 1501 1600 1536 tibi
1631 1505 1898 1547 praestaturum
1929 1501 2010 1537 dico
2020 1501 2071 1536 ²⁵:
2105 1501 2161 1536 sin
2192 1504 2311 1537 autem
2343 1502 2420 1548 ipse

1333 1557 1413 1582 eum
1435 1547 1621 1590 locassem,
1646 1558 1718 1582 non
1742 1546 1837 1582 ultra
1856 1556 1913 1582 me
1931 1546 1996 1582 tibi
2040 1550 2288 1590 raestaturum,
2312 1558 2419 1593 quam

1333 1592 1453 1628 dolum
1477 1592 1608 1628 malum
1632 1596 1668 1628 et
1691 1592 1833 1637 culpam
1856 1602 1971 1628 meam
1995 1602 2017 1627 a
2044 1602 2139 1627 esse:
2172 1592 2267 1637 quod
2291 1592 2322 1627 si
2345 1593 2420 1628 sine

1333 1638 1537 1673 definitione
1568 1638 1783 1683 personae²⁰
1806 1637 1997 1673 mulionem
2027 1646 2050 1672 a
2082 1647 2137 1673 me
2160 1637 2363 1673 conduxisti
2385 1642 2421 1673 et

1333 1693 1397 1729 ego
1423 1693 1503 1719 eum
1526 1683 1592 1718 tibi
1616 1682 1810 1726 dedissem,
1845 1682 1946 1718 cuius
1978 1682 2197 1728 neglegentia
2226 1683 2418 1719 iumentum

1332 1728 1498 1774 perierit,
1529 1728 1625 1763 illam
1680 1738 1799 1773 uoque
1823 1728 1966 1773 culpam
1988 1737 2045 1762 me
2067 1728 2133 1763 tibi
2180 1732 2419 1764 raestaturum

1333 1774 1401 1817 aio,
1426 1773 1524 1818 quod
1547 1784 1628 1809 eum
1652 1783 1671 1808 e
1685 1773 1845 1819 egissem,
1869 1773 1930 1818 qui
1953 1772 2125 1809 eiusmodi
2173 1784 2278 1809 amno
2302 1778 2338 1809 te
2357 1774 2418 1809 ad-

1334 1821 1354 1854 8
1401 1819 1535 1854 ficeret.
1582 1818 1795 1854 Vehiculum
1815 1818 2028 1861 conduxisti,
2048 1822 2089 1854 ut
2105 1828 2195 1854 onus
2216 1823 2316 1854 tuum
2335 1830 2419 1865 por·

1333 1867 1427 1900 taret
1450 1867 1487 1899 et
1509 1874 1631 1899 secum
1640 1864 1670 1886 ²⁷
1693 1864 1761 1899 iter
1784 1863 1939 1899 faceret:
1970 1863 2008 1899 id
2032 1874 2112 1899 cum
2134 1868 2280 1909 pontem
2304 1868 2419 1900 trans-

1332 1909 1420 1951 iret,
1451 1909 1655 1954 redemptor
1687 1909 1763 1945 eius
1794 1909 1913 1955 pontis
1944 1910 2142 1955 portorium
2166 1910 2211 1945 ab
2237 1920 2278 1945 eo
2304 1910 2419 1955 exige-

1333 1955 1414 1990 bat:
1447 1955 1705 2000 quaerebatur,
1737 1965 1785 1990 an
1809 1955 1914 1990 etiam
1937 1965 2001 2000 pro
2026 1954 2106 2000 ipsa
2129 1955 2206 1990 sola
2228 1954 2315 1991 reda
2337 1966 2419 2001 por-

1334 2000 1463 2035 torium
1488 1999 1638 2036 daturus
1661 2000 1781 2036 fuerit.
1817 2003 1926 2045 puto,
1959 2000 1989 2035 si
1999 2000 2030 2020 ²⁸
2053 1999 2161 2035 mulio
2185 2011 2256 2036 non
2279 2001 2419 2046 ignora-

1333 2045 1383 2081 vit
1407 2055 1450 2081 ea
1473 2056 1512 2081 se
1535 2046 1779 2088 transiturum,
1805 2055 1886 2081 cum
1906 2044 2106 2080 vehiculum
2123 2045 2270 2089 locaret,
2294 2046 2419 2082 mulio-

1335 2093 1354 2126 9
1402 2101 1482 2126 nem
1506 2095 1690 2136 praestare
1714 2090 1853 2126 debere.
1900 2090 2032 2126 Rerum
2066 2091 2283 2135 custodiam,
2315 2101 2420 2137 quam

1334 2136 1538 2171 horrearius
1553 2136 1830 2172 conductoribus
1842 2139 2027 2181 praestare
2049 2135 2205 2179 deberet,
2225 2136 2420 2172 locatorem

1334 2185 1491 2217 totorum
1520 2181 1729 2217 horreorum
1759 2181 1943 2217 horreario
1974 2185 2159 2226 praestare
2190 2192 2263 2217 non
2293 2181 2421 2218 debere

1334 2230 1434 2273 puto,
1460 2227 1527 2262 nisi
1551 2227 1581 2262 si
1604 2227 1642 2262 in
1665 2226 1817 2262 locando
1843 2226 1945 2262 aliter
1967 2227 2182 2262 convenerit.

1381 2270 1430 2309 61
1459 2271 1662 2308 δσΑΕνοιΑ
1695 2273 1786 2308 libro
1809 2272 1960 2318 septimo
1984 2272 2206 2318 diqestorum
2253 2271 2419 2316 colonus,

1335 2328 1416 2353 cum
1439 2317 1516 2363 lege
1539 2317 1726 2353 locationis
1750 2328 1821 2353 non
1846 2320 1940 2352 esset
1963 2318 2274 2362 comprehensum,
2307 2322 2347 2353 ut
2370 2318 2419 2353 vi-

1335 2373 1420 2398 neas
1444 2367 1611 2408 poneret,
1645 2363 1754 2398 nihilo
1788 2362 1903 2398 minus
1934 2362 1971 2397 in
2000 2362 2110 2398 fundo
2121 2363 2153 2384 ²⁹
2175 2363 2296 2398 vineas
2319 2364 2419 2398 insti-

1335 2407 1404 2443 tuit
1412 2409 1444 2429 ³⁰
1468 2411 1503 2443 et
1526 2412 1669 2453 propter
1693 2418 1816 2443 earum
1834 2407 1991 2443 fructum
2010 2407 2109 2443 denis
2130 2409 2282 2454 amplius
2303 2409 2420 2444 aureis

1335 2453 1464 2489 annuis
1488 2463 1571 2498 ager
1595 2453 1706 2489 locari
1730 2456 1907 2499 coeperat.
1944 2453 2143 2498 quaesitum
2168 2458 2233 2496 est,
2258 2453 2288 2488 si
2308 2453 2419 2489 domi-

1335 2508 1402 2533 nus
1426 2498 1534 2533 istum
1559 2499 1723 2534 colonum
1747 2497 1888 2533 fundi³¹
1913 2498 2064 2534 eiectum
2086 2498 2297 2544 pensionum
2321 2499 2419 2534 debi-

1335 2546 1453 2578 tarum
1477 2544 1618 2579 nomine
1642 2543 1848 2586 conveniat,
1882 2553 1928 2578 an
1960 2547 2123 2589 sumptus
2147 2544 2281 2579 utiliter
2303 2543 2420 2580 factos

1334 2588 1371 2623 in
1402 2589 1510 2624 vineis
1542 2589 1767 2624 instituendis
1799 2599 1838 2624 re
1864 2592 1967 2624 utare
1998 2589 2113 2634 possit
2147 2589 2315 2634 opposita
2349 2589 2420 2625 doli

1335 2634 1417 2671 mali
1449 2634 1665 2680 exceptione.
1701 2645 1832 2679 respon
1859 2634 1886 2668 't
1916 2634 1968 2669 vel
2001 2643 2176 2679 expensas
2209 2638 2419 2670 consecutu-

1338 2682 1351 2713 1
1402 2690 1481 2714 rum
1504 2680 1558 2714 vel
1582 2679 1669 2714 nihil
1692 2679 1843 2724 amplius
1866 2683 2140 2724 praestaturum.
2177 2679 2314 2715 Navem
2333 2690 2418 2715 con-

1335 2724 1448 2767 duxit,
1472 2728 1513 2759 ut
1537 2724 1581 2760 de
1603 2725 1786 2770 provincia
1806 2724 1998 2771 Cyrenensi
2015 2725 2216 2770 Aquileiam
2239 2725 2421 2770 navigaret

1335 2769 1403 2805 olei
1438 2770 1596 2806 metretis
1630 2770 1746 2806 tribus
1781 2770 1922 2805 milibus
1954 2769 2130 2815 impositis
2172 2773 2209 2805 et
2252 2769 2420 2806 frumenti

1335 2814 1461 2851 modiis
1485 2818 1567 2851 octo
1600 2815 1741 2851 milibus
1773 2819 1872 2851 certa
1903 2815 2083 2850 mercede:
2118 2814 2182 2850 sed
2213 2816 2346 2858 evenit,
2379 2820 2419 2850 ut

1335 2864 1483 2896 onerata
1507 2860 1605 2896 navis
1627 2861 1665 2896 in
1687 2861 1768 2907 ipsa
1789 2860 1973 2906 provincia
1991 2870 2117 2895 novem
2134 2860 2314 2896 mensibus
2335 2861 2417 2896 reti-

1334 2909 1479 2941 neretur
1499 2910 1534 2940 et
1551 2916 1641 2942 onus
1659 2906 1864 2951 impositum
1885 2905 2071 2941 commisso
2083 2905 2276 2941 tolleretur.
2310 2915 2416 2951 quae-

1335 2951 1441 2986 situm
1474 2954 1546 2994 est,
1579 2961 1625 2986 an
1656 2956 1820 2987 vecturas
1852 2960 1942 2996 quas
1967 2950 2132 2986 convenit
2154 2960 2177 2986 a
2201 2950 2419 2986 conductore

1334 2995 1530 3031 secundum
1542 2996 1755 3032 locationem
1768 2996 1907 3041 exigere
1916 2996 1946 3017 ³²
1967 2996 2066 3031 navis
2078 2996 2203 3042 possit.
2237 2996 2419 3041 respondit

1334 3040 1531 3077 secundum
1555 3051 1598 3077 ea
1643 3051 1711 3077 uae
1734 3045 2018 3087 proponerentur
2040 3051 2158 3086 posse.

1381 3083 1435 3124 62
1459 3085 1630 3122 Laeros
1652 3098 1693 3123 ro
1699 3087 1822 3134 primo
1827 3086 2066 3132 pithanomm
2113 3085 2152 3121 Si
2170 3086 2294 3129 rivum,
2315 3096 2418 3131 quem

1333 3130 1536 3167 faciendum
1556 3132 1780 3167 conduxeras
1800 3136 1836 3167 et
1853 3131 2003 3174 feceras,
2024 3135 2214 3177 antequam
2233 3141 2314 3166 eum
2335 3142 2416 3176 pro-

1333 3176 1450 3220 bares,
1470 3176 1570 3212 labes
1588 3188 1729 3213 corrum
1756 3177 1794 3220 it,
1815 3181 1917 3212 tuum
1962 3177 2132 3212 ericulum
2152 3180 2217 3212 est.
2243 3175 2299 3212 ΡΑ
2307 3186 2418 3213 ηυδε

1333 3222 1439 3258 immo
1462 3221 1492 3257 si
1515 3222 1583 3258 soli
1605 3222 1689 3258 vitio
1713 3223 1724 3257 i
1774 3222 1914 3265 accidit,
1951 3222 2106 3258 ocatoris
2125 3222 2192 3257 erit
2209 3222 2415 3267 periculum,

1335 3266 1365 3302 si
1389 3266 1506 3312 operis
1529 3267 1614 3303 vitio
1639 3267 1780 3311 accidit,
1804 3271 1906 3303 tuum
1929 3268 1996 3303 erit
2019 3267 2279 3302 detrimentum.

1333 3425 1487 3459 sacereF
1555 3429 1615 3469 (16)
1641 3429 1746 3461 teins.
1824 3430 1882 3468 (17)
1907 3428 2134 3470 compeririF
2203 3430 2263 3468 (18)
2288 3438 2340 3460 me
2354 3429 2413 3461 ins.

1332 3472 1391 3513 (19)
1415 3471 1636 3514 inspiciente]
1658 3473 1895 3515 inspicientem
1916 3472 1962 3512 F,
1991 3473 2027 3505 in
2055 3473 2159 3516 spicis
2182 3476 2332 3505 cessante
2352 3485 2415 3507 scr.

1330 3518 1394 3557 (20)
1418 3517 1581 3550 sustilisti
1594 3518 1629 3550 F
1748 3519 1806 3560 (21)
1832 3520 1864 3550 te
1879 3519 1938 3551 ins.
1952 3518 1987 3550 F'
2107 3519 2170 3560 (22)
2196 3518 2373 3561 margitam
2387 3518 2419 3551 F

1991 126 2155 159 nocA'n
2185 127 2409 159 commori

181 3555 216 3588 Β
228 3555 288 3589 ins.
314 3600 322 3608 .
404 3556 448 3598 (3)
472 3558 506 3588 et
518 3557 570 3597 ea]
583 3565 622 3588 ea
634 3557 668 3588 et
678 3568 739 3589 scr.
825 3604 830 3610 ό
852 3559 894 3599 (4)
920 3559 1078 3601 amplius]
1091 3561 1187 3593 iuxta
1197 3573 1260 3594 scr.
1329 3562 1392 3603 (23)
1401 3563 1614 3604 propositum
1624 3573 1690 3596 non
1699 3562 1882 3603 habuisset,
1891 3563 2049 3605 quoniam
2059 3563 2147 3606 quod
2157 3565 2215 3597 ins.
2250 3565 2310 3604 (24)
2321 3573 2414 3595 verso
2495 3537 2528 3613 Ξ

179 3602 224 3641 (5)
248 3603 378 3642 pariete
389 3612 453 3634 scr.
523 3601 568 3642 (6)
594 3611 707 3633 umore
719 3601 755 3634 F
820 3604 862 3654 (J)
887 3613 1012 3656 merces
1027 3605 1062 3637 F
1122 3606 1166 3647 (8)
1191 3616 1259 3638 non
1328 3616 1380 3639 me
1392 3619 1453 3640 scr.
1552 3609 1614 3648 (25)
1639 3608 1728 3641 dicio
1742 3608 1776 3641 F
1841 3653 1849 3661 .
1861 3610 1936 3662 (26).
1950 3619 2074 3651 psonae
2085 3609 2120 3642 F
2201 3608 2264 3650 (27)
2289 3609 2413 3649 secum]
2495 3623 2528 3675 ᾗ,

180 3657 241 3678 ecc.
258 3645 303 3686 B,
317 3656 360 3677 on
374 3645 409 3678 F
519 3647 564 3687 (9)
588 3655 697 3678 ear-em
709 3656 818 3678 rerum
832 3658 867 3679 in
881 3648 1087 3682 effectionem
1101 3661 1134 3682 se
1148 3660 1220 3682 eam
1232 3651 1266 3684 F
1328 3661 1473 3684 seorsum
1486 3664 1552 3686 scr.
1634 3654 1698 3695 (28)
1723 3655 1908 3696 portonum
1923 3666 1983 3687 me.
1997 3653 2049 3687 F’
2129 3654 2193 3695 (28)
2217 3653 2356 3686 fundum
2369 3652 2412 3688 F*
2495 3654 2528 3718 γὲ

2508 3721 2528 3740 3.

181 3691 240 3731 (ιο)
266 3693 357 3722 metu
370 3690 405 3723 F
546 3691 602 3733 (11)
628 3691 845 3733 posteriorem
859 3692 894 3725 F

181 3735 238 3776 (18)
263 3734 298 3767 in
312 3734 472 3768 kalendas
484 3734 590 3769 Iulias
602 3748 665 3770 scr.
2092 3699 2154 3741 (³²)
2180 3700 2340 3740 mamam.
2354 3710 2403 3733 'm
2496 3707 2505 3726 Γ

1045 3696 1103 3735 (12)
1129 3695 1265 3728 furtaF
1328 3697 1391 3737 (3ο)
1416 3696 1620 3731 institutiF
1717 3702 1775 3742 (31)
1799 3697 1975 3733 ἰιιῃᾱοεον.
2495 3730 2507 3739 ,,

1083 3741 1141 3781 (15)
1166 3739 1256 3773 aedi·
2485 3736 2528 3918 ἔ

770 3737 827 3778 (14)
853 3747 929 3770 suae
942 3738 976 3771 F
