2528 3918
150 134 208 165 m·
234 133 592 165 FIDEICOMMISSIS

147 243 285 279 incerta
315 242 373 278 die
402 242 559 288 legatum
590 247 663 286 est,
705 244 751 279 ad
786 244 936 282 heredes
972 247 1134 292 legatarii
1169 259 1241 283 non

147 287 311 334 pertinet,
335 287 366 322 si
389 288 467 323 vivo
491 288 621 325 herede
646 289 852 326 decesserit.

195 330 245 370 13
269 332 499 369 POMPONIUS
519 334 611 370 libro
634 335 784 380 septimo
809 346 861 371 ex
876 335 1023 372 Plautio
1093 337 1130 372 ui
1149 337 1241 372 duos

146 389 227 416 reos
250 378 408 415 eiusdem
430 379 606 424 pecuniae
628 380 739 415 habet
763 380 898 415 Titium
923 385 1031 426 atque
1089 383 1239 425 aevium‚

145 426 196 460 ita
225 424 372 469 legavit:
406 425 514 470 ‘quod
544 425 630 459 mihi
654 425 771 460 Titius
803 426 930 467 debet,
962 427 1103 462 Maevio
1135 428 1239 463 heres

146 474 257 505 ‘meus
289 469 386 505 dato.
434 469 530 514 quod
562 470 723 505 Maevius
757 470 882 508 debet.
916 471 995 507 Seio
1029 472 1137 508 dato'.
1183 473 1239 507 his

144 514 260 550 verbis
284 518 410 550 onerat
433 515 618 550 heredem:
644 526 727 550 nam
751 526 832 550 cum
854 517 1014 552 actiones
1032 527 1117 552 suas
1134 518 1239 552 heres

143 560 284 595 Maevio
308 561 529 604 praestiterit
552 561 720 596 adversus
746 560 888 603 Titium,
915 562 1054 597 videtur
1076 563 1238 597 Maevius

142 604 241 640 facto
274 604 350 640 eius
381 605 551 640 liberatus
586 616 663 641 esse
688 610 723 641 et
745 606 881 641 idcirco
908 607 988 642 Seio
1012 608 1116 643 heres
1139 611 1238 643 tene-

147 654 161 684 1
210 649 316 685 bitur.
360 649 398 685 Si
420 651 451 685 is
477 651 536 695 qui
559 662 670 685 unum
693 661 792 686 reum
815 652 974 686 habebat
998 654 1095 697 quod
1117 652 1147 687 is
1172 653 1239 687 sibi

142 695 289 730 deberet
313 695 453 730 duobus
476 696 513 730 in
538 696 690 731 solidum
720 697 913 741 separatim
945 698 1118 741 legasset,
1152 708 1237 732 one-

141 743 244 775 ratur
276 741 378 775 heres
411 741 551 776 duobus
580 742 789 777 satisfacere
813 742 875 776 uni
900 743 1042 778 actione
1067 743 1237 784 cedendo,

143 785 246 820 alteri
268 785 458 831 pecuniam
482 786 662 821 solvendo.

190 829 241 867 14
274 830 435 866 PAULUS
462 831 554 867 libro
586 835 717 877 quarto
750 832 800 867 ad
841 832 1020 868 Vitellium
1076 833 1113 868 Si
1144 833 1237 868 idem

141 885 262 911 servus
287 880 323 911 et
345 876 482 920 legatus
507 880 543 911 et
565 876 656 913 liber
679 887 758 912 esse
780 877 901 913 iussus
925 879 983 920 sit,
1007 878 1111 914 favor
1130 879 1236 914 liber-

140 921 225 956 tatis
249 922 448 965 praevalet:
482 921 538 956 sin
569 926 690 957 autem
715 926 751 957 et
773 922 812 957 in
834 924 1035 968 posteriore
1059 924 1238 968 scriptura

138 967 277 1011 legatus
309 970 364 1001 est
400 970 435 1002 et
471 967 613 1002 evidens
649 967 828 1012 ademptio
863 969 1040 1004 libertatis
1077 969 1234 1004 ostendi-

139 1016 210 1053 tur,
234 1012 390 1057 legatum
412 1017 561 1057 propter
584 1012 744 1048 defuncti
765 1014 984 1048 voluntatem
1004 1015 1235 1059 praevalebit.

142 1060 158 1092 1
209 1057 316 1092 Servo
339 1057 456 1092 alieno
477 1057 630 1093 herede¹
650 1058 814 1093 instituto
835 1063 918 1103 post
936 1064 1086 1094 mortem
1104 1059 1236 1094 domini

138 1102 215 1138 eius
241 1102 299 1137 cui
323 1102 502 1147 adquisita
525 1103 704 1138 hereditas
729 1104 789 1138 et²
821 1104 1022 1139 libertatem
1054 1104 1235 1139 fideicom-

137 1148 339 1182 missariam
363 1148 439 1182 dari
463 1158 571 1192 posse
595 1152 748 1184 constat.

189 1191 239 1229 15
269 1193 414 1229 casos
442 1193 534 1228 libro
566 1198 672 1229 sexto
704 1194 925 1240 diqestorum
974 1195 1011 1229 Si
1043 1195 1120 1240 quis
1146 1194 1234 1230 duo-

139 1238 207 1273 bus
240 1238 432 1273 heredibus
464 1238 637 1273 institutis
669 1239 721 1274 ita
751 1240 938 1283 legaverit:
973 1240 1148 1275 ‘Stichum
1172 1244 1236 1275 aut

141 1283 276 1318 ‘decem
316 1283 465 1318 heredes
502 1283 636 1326 danto',
677 1295 749 1319 non
783 1289 903 1329 potest
938 1285 1029 1320 alter
1063 1285 1234 1320 heredum

138 1329 314 1374 quinque,
347 1328 438 1363 alter
467 1333 605 1373 partem
629 1329 741 1364 Stichi
765 1329 870 1372 dare,
903 1330 967 1365 sed
998 1341 1147 1366 necesse
1179 1335 1234 1366 est

139 1377 260 1408 utrum
285 1383 331 1408 ue
355 1377 418 1408 aut
442 1373 602 1409 Stichum
625 1378 742 1409 totum
765 1379 829 1409 aut
853 1376 974 1410 decem
998 1376 1145 1411 solvere.

189 1416 239 1455 16
288 1428 370 1453 DEM
397 1419 489 1454 libro
513 1424 620 1454 sexto
645 1420 782 1455 decimo
807 1420 1030 1466 diqestomm
1077 1420 1115 1456 Si
1139 1420 1233 1456 Titio

138 1468 202 1498 aut
226 1463 319 1505 Seio,
345 1464 415 1498 utri
438 1464 541 1499 heres
564 1464 680 1506 vellet,
704 1464 860 1509 legatum
884 1466 1047 1501 relictum
1073 1470 1137 1508 est,
1171 1467 1233 1501 he-

137 1518 194 1543 res
219 1509 322 1544 alteri
347 1508 465 1544 dando
491 1510 536 1544 ab
560 1513 712 1555 utroque
737 1510 929 1546 liberatur:
961 1511 991 1545 si
1015 1512 1135 1546 neutri
1159 1511 1233 1553 dat,

136 1558 287 1599 uterque
310 1554 458 1598 perinde
481 1558 603 1599 petere
626 1559 745 1599 potest
768 1559 877 1600 atque
900 1556 933 1591 si
956 1557 1025 1601 ipsi
1049 1557 1117 1592 soli
1136 1556 1232 1601 lega-

136 1603 212 1634 tum
235 1599 346 1634 foret:
380 1610 463 1634 nam
487 1603 528 1634 ut
551 1601 757 1645 stipulando
783 1601 854 1636 duo
878 1602 931 1636 rei
955 1602 1126 1637 constitui
1149 1612 1232 1647 pos-

136 1648 234 1686 sunt,
258 1644 310 1679 ita
334 1648 370 1679 et
391 1648 605 1680 testamento
630 1649 751 1690 potest
773 1646 811 1681 id
834 1646 923 1682 fieri.

186 1688 236 1726 17
261 1689 503 1726 Mfflomws
532 1691 622 1725 libro
654 1691 790 1726 decimo
821 1692 1043 1738 dz’qestorum
1091 1691 1129 1727 Si
1153 1692 1233 1737 quis

137 1734 232 1770 Titio
265 1735 389 1770 decem
420 1735 590 1779 legaverit
622 1739 657 1770 et
688 1737 884 1780 rogaverit,
920 1741 961 1772 ut
993 1747 1036 1772 ea
1067 1738 1235 1772 restituat

135 1779 297 1822 Maevio,
331 1781 564 1826 Maeviusque
587 1780 697 1816 fuerit
721 1786 903 1824 mortuus,
937 1782 1023 1816 Titii
1048 1783 1233 1818 commodo

137 1825 242 1867 cedit,
268 1836 340 1860 non
356 1825 511 1868 heredis,
534 1826 603 1861 nisi
620 1826 808 1861 dumtaxat
824 1831 864 1862 ut
880 1828 1083 1862 ministrum
1100 1828 1234 1862 Titium

136 1870 251 1915 elegit.
297 1871 391 1906 idem
416 1875 471 1906 est
495 1874 531 1906 et
553 1871 584 1906 si
606 1882 721 1916 ponas
753 1883 857 1907 usum
884 1872 1042 1908 fructum
1066 1873 1231 1916 legatum.

140 1919 153 1950 1
205 1915 243 1951 Si
274 1915 377 1951 heres
409 1916 599 1951 damnatus
632 1921 726 1952 esset
762 1917 884 1953 decem
919 1918 983 1952 uni
1018 1928 1062 1953 ex
1095 1918 1233 1953 libertis

136 1960 223 1996 dare
258 1965 294 1996 et
324 1971 397 1996 non
429 1962 658 1997 constituerit
689 1962 747 1997 cui
778 1962 899 2004 daret,
931 1964 1036 1998 heres
1068 1964 1232 1998 omnibus

131 2006 259 2041 »eadem
284 2006 406 2041 decem
428 2010 615 2051 praestare
640 2007 821 2051 cogendus
846 2012 911 2043 est.

184 2048 235 2088 18
263 2051 409 2086 CELSUS
435 2053 528 2087 libro
551 2054 703 2098 septimo
728 2053 865 2089 decimo
890 2053 1113 2100 diqestorum
1159 2054 1232 2089 He-

134 2096 257 2131 redem
280 2107 398 2132 meum
420 2097 472 2131 ita
494 2097 562 2133 tibi
583 2098 742 2142 obligare
758 2108 919 2179 possum,
945 2102 986 2133 ut
1002 2099 1043 2141 si,
1069 2099 1231 2144 quando-

134 2151 206 2186 que
231 2151 294 2187 ego
319 2142 469 2184 moriar,
501 2146 586 2177 tuus
611 2153 733 2178 servus
784 2144 902 2179 tichus
927 2154 1000 2178 non
1024 2145 1110 2186 erit,
1147 2145 1233 2181 dare

136 2197 217 2222 eum
239 2187 306 2222 tibi
330 2187 479 2222 damnas
503 2188 560 2222 sit.

185 2229 237 2269 19
261 2232 370 2267 IDEM
396 2233 488 2268 libro
520 2237 646 2268 octavo
679 2233 816 2269 decimo
849 2233 1072 2281 diqestorum
1120 2235 1158 2270 Si
1188 2235 1231 2277 is,

136 2278 196 2313 cui
218 2277 358 2322 legatus
382 2278 429 2312 sit
452 2277 596 2313 Stichus
621 2282 686 2313 aut
708 2278 937 2324 Pamphilus,
966 2290 1047 2315 cum
1071 2279 1232 2315 Stichum

136 2322 204 2358 sibi
228 2323 383 2367 legatum
406 2327 563 2367 putaret,
588 2323 832 2366 vindicaverit,
861 2325 1013 2370 amphus
1038 2326 1232 2361 mutandae

135 2367 383 2403 vindicationis
414 2368 470 2402 ius
502 2379 575 2403 non
607 2369 734 2403 habet:
767 2373 950 2414 tamquam
982 2371 1013 2405 si
1041 2371 1231 2406 damnatus

134 2413 238 2448 heres
263 2413 475 2448 alterutrum
499 2413 584 2448 dare
608 2414 770 2449 Stichum
794 2415 948 2457 dederit,
984 2426 1065 2451 cum
1093 2417 1233 2460 ignoret

135 2457 205 2493 sibi
235 2458 449 2503 permissum
479 2458 535 2494 vel
557 2459 783 2504 Pamphilum
814 2459 919 2503 dare,
952 2461 1041 2495 nihil
1069 2465 1232 2507 repetere

162 2503 261 2538 ossit.

135 2513 160 2548 P
182 2545 236 2585 20
261 2547 370 2583 IDEM
396 2548 489 2584 libro
518 2560 615 2584 nono
638 2549 775 2585 decimo
799 2549 1020 2596 dz'qestorum
1066 2550 1118 2586 Et
1140 2551 1230 2587 Pro-

137 2594 217 2629 culo
241 2593 409 2638 placebat
433 2596 468 2628 et
492 2604 514 2628 a
535 2597 640 2646 patre
661 2594 711 2629 sic
732 2597 868 2640 accepi,
894 2596 990 2640 quod
1010 2606 1112 2632 servo
1133 2607 1230 2632 com-

134 2638 235 2673 muni
255 2638 412 2683 legatum
432 2639 490 2681 sit,
514 2649 545 2674 si
564 2639 655 2674 alter
671 2639 895 2675 dominorum
914 2641 1103 2683 omitteret,
1128 2642 1232 2677 alteri

136 2694 209 2718 11011
241 2683 467 2719 adcrescere:
507 2694 581 2719 non
615 2684 708 2719 enim
739 2686 976 2727 coniunctim,
1014 2686 1078 2721 sed
1109 2691 1231 2731 partes

135 2728 293 2773 legatas:
330 2739 414 2764 nam
454 2730 559 2765 ambo
596 2730 627 2764 si
661 2730 900 2772 vindicarent,
942 2741 1019 2766 eam
1059 2740 1232 2777 quemque

137 2773 245 2818 legati
268 2778 408 2819 partem
430 2774 648 2816 habiturum,
673 2785 780 2820 quam
803 2776 842 2811 in
864 2786 965 2811 servo
990 2776 1148 2812 haberet.

184 2817 234 2855 21
248 2819 264 2840 ³
294 2819 403 2854 IDEM
429 2820 520 2855 libro
552 2820 717 2855 vicesimo
749 2821 790 2855 di
814 2824 970 2856 estorum
1025 2821 1114 2856 Cum
1153 2822 1231 2867 qui-

137 2863 246 2899 dam⁴
274 2865 380 2899 uxori
411 2875 498 2900 suae
529 2865 648 2900 dotem
675 2865 776 2900 reddi
803 2866 906 2908 'sset,
938 2866 1176 2912 quadraginta
1200 2868 1233 2903 ei

137 2909 255 2954 legare
277 2909 449 2945 voluisset
473 2913 508 2944 et
530 2920 746 2955 quamquam
770 2911 878 2947 sciret
902 2912 1021 2947 dotem
1044 2913 1231 2955 redditam,

138 2954 207 2989 hoc
231 2958 351 2989 tamen
374 2958 564 3000 praetextu
587 2966 675 2990 usus
700 2961 811 2997 esset,
837 2957 939 3002 quasi
963 2957 1056 2992 dotis
1079 2957 1231 2993 redden-

139 2998 206 3034 dae
237 3000 379 3034 nomine
412 3010 490 3034 eam
521 3010 695 3035 summam
725 3002 877 3046 legaret,
916 3003 1077 3038 existimo
1111 3003 1232 3038 deberi

140 3043 396 3089 quadraginta:
438 3046 567 3080 etenim
609 3046 781 3081 reddendi
823 3048 972 3082 verbum
1015 3058 1232 3092 quamquam

140 3088 433 3132 significationem
462 3091 572 3125 habet
602 3094 698 3126 retro
732 3091 860 3135 dandi,
892 3093 1021 3138 recipit
1051 3097 1173 3128 tamen
1197 3098 1232 3129 et

141 3142 205 3177 per
229 3143 267 3168 se
291 3134 400 3169 dandi
423 3135 728 3180 significationem.

177 3174 241 3229 ⁸2¹2
265 3177 373 3213 IDEM
392 3179 481 3216 libro
505 3181 671 3216 vicesimo
687 3182 812 3227 primo
837 3182 1058 3229 diqestorum
1095 3183 1231 3219 Lucius

143 3221 258 3256 Titius
295 3223 331 3258 in
369 3228 583 3261 testamento
623 3236 688 3261 suo
728 3226 856 3263 Publio
892 3228 1031 3263 Maevio
1071 3229 1232 3264 militiam

142 3276 244 3301 suam
267 3268 408 3320 reliquit
430 3270 503 3305 sive
525 3272 715 3315 pecuniam
739 3272 825 3314 eius,
855 3283 1099 3318 quaecumque
1122 3274 1233 3318 redigi

143 3322 188 3346 ex
210 3312 411 3349 vendltlone
434 3315 507 3350 eius
531 3317 699 3360 potuerit,
725 3327 806 3352 cum
830 3318 903 3352 suis
928 3319 1141 3354 commodis:
1169 3320 1232 3354 sed

144 3359 451 3408 cumsupervixit
481 3364 693 3396 testamento
725 3362 860 3398 Lucius
893 3363 1030 3406 Titius,
1070 3364 1231 3399 militiam

142 3400 299 3453 vendidit
329 3406 364 3436 et
392 3404 545 3447 pretium
577 3406 692 3451 exegit
723 3409 782 3442 et⁵
818 3407 915 3443 dedit
950 3409 998 3450 ei,
1041 3410 1099 3444 cui
1133 3410 1231 3444 illam

143 3446 305 3480 mihtiam
336 3447 391 3481 vel
446 3450 573 3484 retium
597 3451 672 3486 eius
697 3455 910 3487 testamento
937 3453 1014 3488 dari
1036 3454 1229 3489 voluerit⁶z

143 3494 399 3542 postmortem
454 3494 525 3528 ucii
548 3495 633 3530 Titii
663 3496 792 3532 iterum
816 3498 965 3532 Publius
989 3499 1152 3534 Maevius
1175 3499 1231 3534 vel

143 3536 305 3570 m1ht1am
336 3536 391 3570 vel
421 3539 573 3581 pretium
605 3540 679 3575 eius
712 3543 759 3577 ab
790 3542 981 3578 heredibus
1013 3544 1118 3579 Lucii
1145 3544 1231 3578 Titii

144 3581 318 3624 exigebat.
358 3580 517 3617 Cusus.-
542 3584 702 3621 existimo
719 3588 874 3631 pretium
888 3588 1034 3623 militiae
1052 3589 1232 3634 praestari

145 3695 186 3733 (1)
212 3694 326 3726 heredi
338 3707 398 3727 scr.

515 3697 557 3735 (2)
582 3699 627 3737 et]
641 3701 693 3730 est
703 3712 764 3733 scr.
882 3704 923 3742 (3)
948 3702 1051 3734 ==D.
1065 3704 1119 3741 50,
1133 3710 1177 3741 16,
1196 3710 1232 3735 94

139 3739 189 3775 (4)
217 3740 273 3779 qui
295 3741 447 3782 Isrueyer

608 3743 649 3780 (5)
674 3744 739 3776 hoc
760 3747 820 3777 ins.
842 3746 895 3778 F²
1056 3751 1098 3784 (6)
1125 3747 1233 3779 voluit

1235 123 1317 173 431

2256 125 2407 166 XXXI

1311 258 1383 282 non
1409 250 1585 291 oportere,
1610 246 1679 281 nisi
1702 246 1895 291 legatarius
1920 248 2116 284 ostenderit
2140 250 2345 283 testatorem
2372 252 2406 283 et

1310 295 1394 337 post
1417 293 1552 327 factam
1576 291 1790 327 solutionem
1814 293 1942 327 iterum
1967 305 2046 328 eum
2073 294 2228 338 pretium
2259 293 2406 328 militiae

1312 337 1476 382 accipere
1498 337 1665 372 voluisse.
1713 337 1809 381 quod
1840 338 1869 371 si
1901 349 1974 373 non
1996 342 2112 373 totum
2135 339 2289 384 pretium
2314 339 2405 373 mili-

1310 382 1393 424 tiae,
1420 382 1482 417 sed
1505 386 1644 427 partem
1667 380 1767 416 vivus
1790 386 1943 417 testator
1958 383 2129 427 legatario
2147 384 2255 425 dedit,
2279 384 2405 429 reliqui

1311 437 1499 472 superesse
1524 428 1758 469 exactionem,
1783 427 1851 462 nisi
1874 428 1976 462 heres
1998 434 2033 462 et
2053 430 2099 463 ab
2121 430 2188 464 hoc
2209 429 2405 465 decessisse

1310 476 1521 507 testatorem
1545 472 1752 507 ostenderit.
1797 483 1888 507 onus
1913 473 2006 507 enim
2031 474 2208 518 probandi
2231 478 2405 510 mutatam

1310 526 1388 551 esse
1411 517 1574 552 defuncti
1595 517 1817 552 voluntatem
1841 518 1888 552 ad
1913 528 1992 552 eum
2016 519 2189 562 pertinet,
2219 520 2280 564 qui
2303 520 2404 555 fidei-

1309 562 1536 597 commissum
1564 566 1719 597 recusat.

1355 604 1408 643 23
1445 606 1688 642 MARCELLUS
1727 607 1819 643 libro
1860 608 1965 642 tertio
2006 608 2142 643 decimo
2183 609 2405 655 dz'qestorum

1309 651 1434 686 ‘Lucio
1455 652 1549 687 Titio
1570 652 1721 687 fundum
1738 652 1907 688 Seianum
1926 653 1982 687 vel
2003 663 2106 688 usum
2125 654 2282 689 fructum
2303 654 2406 690 fundi

1310 697 1441 731 ‘Seiani
1464 697 1568 741 lego’.
1609 701 1730 742 potest
1753 698 1946 742 legatarius
1969 699 2025 733 vel
2048 698 2199 733 fundum
2223 700 2406 736 vindicare

1307 742 1363 777 vel
1386 741 1563 783 fructum,
1597 742 1692 787 quod
1723 742 1845 778 facere
1876 754 1949 778 non
1979 747 2100 788 potest
2129 745 2160 778 is
2185 745 2243 779 cui
2265 749 2405 780 tantum

1306 786 1441 821 fundus
1465 787 1605 831 legatus
1631 792 1696 822 est.

1354 829 1408 868 24
1434 831 1630 867 ULPJANUS
1643 833 1734 868 libro
1750 833 1908 868 secundo
1921 833 2279 878 fideicommissorum
2316 835 2405 870 Cum

1307 877 2406 970 ἣῗέἒἙυέᾒῑεῇἓῗίέοωὲἳῖῗέἓξνέῗρξῖώῖῗὲξέρῇῗὲορᾶῗέἒὲἱ

1688 949 1697 965 ⁹
1997 950 2006 965 9

1623 969 1636 989 7
1739 969 1745 975 .
1801 969 1808 975 .
2292 971 2299 977 .
2335 971 2342 977 .
2395 984 2403 992 ·

1306 968 1644 1058 Ριὲῗέηξῖῗὲἕὲἒε
1668 968 2160 1059 ξᾏιὲῖἳὲἓῗᾘεὲἔὲἒξξὲξε
2185 974 2406 1060 33813ἶί

1307 1068 1381 1093 non
1404 1057 1628 1093 offenderint.
1676 1058 1771 1093 idem
1795 1059 1855 1102 ait,
1881 1059 1912 1094 si
1935 1060 2111 1094 neminem
2136 1059 2255 1104 eligat,
2284 1071 2405 1095 omnes

1306 1102 1353 1137 ad
1377 1103 1585 1148 petitionem
1609 1103 1875 1139 fideicommissi
1898 1105 2039 1139 admitti
2062 1104 2172 1139 videri
2203 1106 2308 1150 quasi
2334 1106 2406 1140 iam

1304 1149 1488 1193 praesenti
1523 1149 1580 1184 die
1616 1149 1759 1191 datum,
1801 1160 1883 1184 cum
1923 1151 1974 1184 sic
2011 1150 2224 1195 relinquitur
2263 1151 2406 1195 ‘quibus

1307 1194 1427 1228 ‘voles'
1451 1204 1518 1228 nec
1542 1194 1606 1228 ulli
1630 1194 1769 1229 offerat.
1816 1195 1925 1239 plane
1945 1195 1976 1230 si
1997 1196 2107 1230 ceteri
2129 1195 2290 1230 defuncti
2310 1200 2404 1237 sunt,

1305 1239 1490 1283 superstiti
1525 1239 1686 1274 dandum
1719 1240 1776 1275 vel
1807 1240 1930 1274 heredi
1963 1241 2058 1282 eius,
2098 1240 2130 1275 si
2163 1242 2263 1285 prius
2299 1251 2404 1286 quam

1304 1287 1444 1329 peteret
1476 1284 1641 1320 decessit.
1697 1284 1872 1320 Scaevola
1903 1289 2023 1321 autem
2056 1288 2178 1321 notat:
2221 1287 2251 1321 si
2283 1297 2405 1322 omnes

1304 1333 1428 1374 petere
1450 1333 1660 1374 potuerunt,
1686 1340 1768 1365 cum
1792 1331 1883 1365 nulli
1908 1331 2068 1372 offertur,
2101 1342 2166 1366 cur
2190 1342 2262 1366 non
2286 1335 2322 1366 et
2345 1332 2407 1376 qui

1308 1374 1541 1409 decesserunt
1565 1375 1612 1410 ad
1636 1376 1803 1410 heredem
1827 1377 2115 1418 transmiserunt,
2139 1377 2263 1421 utique
2283 1377 2314 1412 si
2333 1387 2405 1412 uno

1305 1423 1449 1464 petente
1484 1421 1556 1455 iam
1593 1420 1721 1465 eligere
1754 1432 1827 1456 non
1861 1425 2000 1466 potest,
2038 1422 2097 1457 cui
2133 1422 2218 1456 det?
2264 1421 2407 1457 videtur

1307 1466 1399 1500 enim
1423 1465 1639 1507 Marcellus,
1676 1477 1758 1501 cum
1781 1466 2095 1502 fideicommissum
2118 1467 2171 1501 ita
2194 1467 2407 1512 relinquitur

1305 1513 1362 1545 ‘ex
1391 1510 1531 1546 libertis
1565 1511 1624 1546 cui
1655 1512 1834 1554 volueris',
1866 1512 2054 1554 arbitrari,
2087 1512 2156 1547 nisi
2186 1512 2316 1547 offerat
2347 1513 2406 1548 cui

1305 1556 1407 1590 heres
1426 1556 1537 1590 velit⁸
1558 1560 1594 1591 et
1613 1557 1735 1591 statim
1755 1557 1886 1592 offerat
1906 1557 1983 1592 sine
2003 1557 2122 1602 aliquo
2142 1558 2280 1592 scilicet
2295 1558 2405 1592 inter-

1305 1600 1419 1642 vallo,
1460 1602 1582 1636 statim
1619 1605 1822 1646 competere
1857 1602 2022 1637 omnibus
2054 1603 2282 1647 petitionem:
2324 1613 2406 1638 cum

1303 1646 1411 1690 igitur
1443 1647 1609 1682 omnibus
1643 1651 1842 1692 competat,
1883 1648 2008 1682 merito
2044 1652 2192 1683 notatus
2225 1651 2297 1690 est,
2340 1659 2406 1684 cur

1305 1692 1490 1735 superstiti
1521 1692 1589 1726 soli
1619 1695 1724 1737 putet
1754 1692 1933 1734 dandum,
1975 1693 2045 1728 nisi
2083 1693 2178 1728 forte
2213 1697 2405 1738 antequam

1303 1737 1437 1770 iustum
1468 1741 1611 1781 tempus
1643 1740 1866 1781 praetereat,
1908 1748 1979 1783 quo
2019 1739 2138 1783 potuit
2177 1738 2307 1784 eligere
2347 1740 2406 1774 cui

1304 1782 1423 1826 potius
1450 1782 1587 1824 offerat,
1614 1783 1724 1817 ceteri
1748 1783 1977 1818 decesserint.

1351 1824 1403 1863 25
1444 1826 1685 1862 MARCELLUS
1716 1828 1808 1863 libro
1846 1829 1972 1873 quinto
2009 1828 2145 1864 decimo
2182 1829 2401 1875 diyestorum

1304 1871 1342 1907 Si
1376 1876 1498 1906 tamen
1535 1872 1750 1917 quibusdam
1786 1873 1996 1908 absentibus
2028 1878 2236 1919 praesentes
2267 1878 2398 1921 petent,

1305 1927 1386 1952 cum
1410 1918 1593 1962 praesenti
1617 1918 1673 1953 die
1693 1919 1858 1954 relictum
1877 1919 1924 1953 sit
1943 1918 2267 1961 fideicommissum,
2293 1930 2404 1955 causa

1304 1962 1447 2007 cognita
1479 1963 1711 1998 statuendum
1735 1967 1791 1999 est
1815 1964 2164 2009 explorandumque,
2198 1975 2246 1999 an
2279 1969 2314 1999 et
2344 1965 2405 2000 alii

1303 2007 1375 2042 sint
1424 2008 1555 2043 etituri.

1351 2018 1421 2090 261)
1431 2053 1540 2088 IDEM
1558 2053 1651 2089 libro
1675 2057 1781 2089 sexto
1806 2054 1943 2089 decimo
1968 2053 2190 2100 diqestorum
2227 2054 2275 2097 Is,
2302 2056 2404 2091 cuius

1302 2097 1340 2132 in
1372 2108 1473 2133 servo
1502 2099 1705 2143 proprietas
1731 2102 1828 2141 erat,
1858 2099 2059 2134 fructuario
2084 2100 2215 2135 herede
2237 2101 2403 2136 instituto

1303 2143 1412 2178 alicui
1445 2154 1526 2178 eum
1557 2154 1698 2179 servum
1730 2144 1870 2188 legavit.
1927 2155 2001 2180 non
2036 2148 2157 2189 potest
2190 2146 2293 2181 heres
2330 2146 2404 2181 doli

1302 2189 1388 2223 mali
1419 2189 1632 2234 exceptione
1662 2189 1735 2231 uti,
1768 2190 1799 2224 si
1829 2190 2024 2234 legatarius
2057 2190 2240 2225 vindicare
2263 2201 2403 2226 servum

1301 2234 1407 2269 vellet
1431 2245 1504 2269 non
1527 2234 1652 2270 relicto
1678 2235 1801 2270 heredi
1824 2245 1893 2270 usu
1917 2235 2049 2270 fructu.

1348 2277 1401 2315 27
1431 2279 1576 2315 Casas
1603 2280 1695 2315 libro
1728 2282 1914 2326 trz‘qesimo
1939 2284 2071 2326 quarto
2096 2281 2318 2327 diqestorum
2365 2281 2404 2317 Si

1301 2324 1391 2359 illud
1422 2328 1486 2359 aut
1516 2325 1606 2360 illud
1636 2325 1794 2370 legatum
1827 2326 1891 2367 sit,
1924 2336 2036 2360 unum
2067 2325 2225 2371 legatum
2259 2330 2323 2361 est.
2372 2327 2403 2362 si

1302 2371 1369 2405 sub
1403 2371 1592 2405 contrariis
1625 2370 1897 2406 condicionibus
1929 2371 2027 2405 aliud
2051 2375 2159 2416 atque
2183 2371 2281 2406 aliud
2304 2372 2401 2416 lega-

1301 2419 1378 2450 tum
1403 2420 1476 2457 est,
1508 2427 1621 2451 unum
1644 2416 1802 2460 legatum
1827 2427 1905 2451 esse
1929 2416 2156 2451 arbitramur.
2205 2427 2322 2461 neque
2345 2427 2401 2452 re-

1300 2460 1371 2495 fert
1396 2463 1432 2495 et
1454 2460 1626 2496 heredum
1651 2466 1686 2496 et
1709 2471 1833 2496 eorum
1853 2461 1983 2506 quibus
1999 2461 2156 2506 legatum
2172 2465 2227 2496 est
2244 2462 2402 2497 diversas

1301 2516 1474 2550 personas
1508 2516 1604 2548 esse,
1637 2506 1747 2541 veluti
1779 2507 1809 2541 si
1841 2507 1893 2541 ita
1922 2506 2078 2551 legatum
2111 2510 2183 2542 est:
2215 2507 2258 2541 ‘si
2281 2507 2402 2542 Nerva

1302 2551 1442 2586 ‘consul
1471 2550 1590 2586 factus
1623 2551 1709 2593 erit,
1747 2551 1863 2586 Titius
1894 2552 1998 2586 heres
2029 2551 2129 2587 Attio
2160 2552 2330 2595 fundum,
2371 2554 2402 2588 si

1303 2599 1387 2632 ‘non
1420 2596 1487 2631 erit
1509 2596 1628 2632 Nerva
1661 2597 1788 2631 consul
1818 2596 1958 2638 factm,
1991 2596 2093 2632 Seius
2124 2597 2227 2633 heres
2258 2597 2399 2633 Maevio

1302 2644 1459 2676 ‘centum
1484 2641 1594 2678 dato'.

1348 2684 1402 2724 28
1439 2686 1682 2722 MARCELLUS
1718 2687 1810 2723 libro
1846 2686 2012 2722 vicesimo
2047 2696 2142 2721 nono
2177 2686 2400 2734 diqestorum

1303 2732 1391 2767 Cum
1422 2736 1597 2777 patronus
1634 2743 1677 2767 ex
1710 2732 1830 2767 debita
1860 2734 1965 2777 parte
1999 2731 2185 2767 institutus
2217 2733 2399 2769 fideicom-

1301 2778 1450 2812 missum
1484 2778 1649 2812 relictum
1685 2778 1731 2812 ab
1768 2788 1809 2812 eo
1845 2779 2030 2822 praestare
2064 2787 2136 2811 non
2172 2778 2329 2823 cogitur:
2369 2779 2400 2814 si

1302 2823 1463 2858 omiserit
1500 2823 1780 2863 institutionem,
1820 2823 1883 2867 qui
1923 2832 2003 2857 eam
2040 2825 2179 2867 partem
2217 2823 2400 2860 vindicant

1301 2872 1422 2902 utrum
1454 2868 1579 2902 eodem
1611 2868 1716 2902 modo
1748 2867 1903 2903 retinere
1934 2877 1982 2902 an
2012 2877 2096 2902 vero
2126 2872 2312 2912 praestare
2337 2870 2397 2904 de-

1301 2913 1413 2947 beant
1445 2913 1784 2948 fideicommissum?
1831 2916 1867 2948 et
1902 2912 2013 2956 magis
2051 2915 2106 2947 est
2140 2913 2262 2949 deberi
2296 2914 2397 2950 fidei-

1302 2957 1548 2998 commissum,
1582 2958 1749 3002 quoniam
1781 2958 1878 3002 quod
1908 2958 2004 2992 illius
2035 2967 2212 3002 personae
2235 2964 2397 3005 praesta-

1301 3008 1410 3045 retur,
1435 3003 1505 3037 hoc
1528 3013 1755 3047 nequaquam
1780 3003 1827 3038 ad
1850 3003 1960 3038 alium
1984 3003 2162 3048 pertinere
2185 3004 2342 3040 deberet.

1348 3045 1401 3085 29
1427 3049 1572 3083 Cusas
1588 3047 1680 3083 libro
1702 3049 1886 3094 triqesz'mo
1906 3055 2012 3084 sexto
2033 3049 2253 3093 diqestorum
2288 3050 2396 3084 Pater

1301 3103 1400 3128 meus
1431 3092 1630 3135 referebat,
1664 3103 1745 3128 cum
1778 3097 1873 3129 esset
1902 3094 1940 3128 in
1971 3094 2117 3129 consilio
2146 3094 2287 3129 Duceni
2310 3094 2396 3129 Veri

1302 3138 1472 3180 consulis,
1496 3139 1587 3173 itum
1611 3139 1647 3172 in
1671 3139 1883 3174 sententiam
1907 3149 2021 3181 suam,
2045 3143 2097 3181 ut,
2124 3150 2204 3174 cum
2222 3139 2395 3174 Otacilius

1303 3183 1452 3218 Catulus
1476 3183 1551 3218 filia
1575 3193 1619 3218 ex
1643 3193 1724 3219 asse
1747 3184 1878 3220 herede
1901 3184 2067 3219 instituta
2090 3184 2217 3219 liberto
2240 3184 2395 3219 ducenta

1301 3229 1454 3273 legasset
1477 3229 1698 3273 petissetque
1721 3229 1767 3264 ab
1793 3239 1855 3271 eo,
1887 3233 1929 3264 ut
1962 3239 2004 3264 ea
2037 3229 2258 3264 concubinae
2281 3229 2394 3273 ipsius

1302 3274 1422 3315 daret,
1456 3278 1492 3308 et
1522 3273 1672 3309 libertus
1703 3275 1781 3309 vivo
1806 3278 1980 3309 testatore
2005 3274 2216 3309 decessisset
2240 3277 2275 3307 et
2299 3274 2394 3318 quod

1302 3319 1333 3354 ei
1364 3319 1529 3353 relictum
1561 3322 1640 3353 erat
1669 3319 1766 3364 apud
1794 3319 1904 3354 filiam
1927 3319 2173 3359 remansisset,
2207 3322 2395 3362 cogeretur

1306 3368 1318 3398 1
1369 3363 1443 3397 filia
1465 3363 1503 3398 id
1518 3363 1830 3399 fideicommissum
1850 3365 2073 3400 concubinae
2093 3363 2253 3398 reddere.
2290 3363 2394 3407 Quod

1301 3408 1452 3443 alicuius
1484 3408 1623 3444 heredis
1651 3410 1859 3444 nominatim
1883 3410 1966 3444 fidei
1991 3409 2241 3449 committitur,
2274 3413 2394 3452 potest

1299 3453 1411 3488 videri
1444 3453 1497 3488 ita
1532 3453 1673 3489 demum
1708 3455 1785 3489 dari
1818 3455 1991 3494 voluisse,
2031 3454 2061 3487 si
2100 3454 2158 3487 ille
2199 3453 2393 3488 exstitisset

1301 3501 1320 3532 2
1368 3499 1482 3533 heres.
1518 3498 1557 3534 Si
1579 3499 1653 3534 filio
1678 3499 1800 3534 heredi
1824 3510 1908 3544 pars
1933 3499 2018 3538 eius,
2044 3508 2066 3531 a
2090 3508 2159 3541 quo
2184 3497 2392 3532 nominatim

1299 3543 1455 3587 legatum
1480 3547 1545 3585 est,
1572 3544 1761 3586 adcrescit,
1786 3555 1858 3579 non
1881 3543 2080 3588 praestabit
2103 3543 2268 3587 legatum,
2294 3543 2390 3588 quod

1299 3589 1376 3623 iure
1400 3588 1546 3634 antiquo
1573 3590 1682 3634 capit.

1300 3714 1361 3734 scr.
1502 3704 1545 3744 (7)
1570 3703 1723 3735 heredem
1745 3714 1841 3745 posse
1862 3704 1938 3734 ΡΜ
2084 3703 2128 3740 (8)
2154 3703 2209 3735 cui
2230 3703 2310 3735 velit
2331 3704 2389 3735 he-

1302 3757 1353 3778 res
1366 3760 1427 3780 SCY·
