<?xml version="1.0" encoding="UTF-8"?>
<!DOCTYPE html PUBLIC "-//W3C//DTD XHTML 1.0 Transitional//EN"
    "http://www.w3.org/TR/xhtml1/DTD/xhtml1-transitional.dtd">
<html xmlns="http://www.w3.org/1999/xhtml" xml:lang="en" lang="en">
 <head>
  <title>
</title>
<meta http-equiv="Content-Type" content="text/html;charset=utf-8" />
  <meta name='ocr-system' content='tesseract 3.04.00' />
  <meta name='ocr-capabilities' content='ocr_page ocr_carea ocr_par ocr_line ocrx_word'/>
</head>
<body>
  <div class='ocr_page' id='page_1' title='image "./corpusjuriscivil01krueuoft_0831.png"; bbox 0 0 2528 3918; ppageno 0'>
   <div class='ocr_carea' id='block_1_1' title="bbox 142 167 977 207">
    <p class='ocr_par' dir='ltr' id='par_1_1' title="bbox 142 167 977 207">
     <span class='ocr_line' id='line_1_1' title="bbox 142 167 977 207; baseline -0.002 -6"><span class='ocrx_word' id='word_1_1' title='bbox 142 167 326 207; x_wconf 75' lang='lat' dir='ltr'><strong>QUARUM</strong></span> <span class='ocrx_word' id='word_1_2' title='bbox 354 168 507 199; x_wconf 73' lang='lat' dir='ltr'><strong>RERUM</strong></span> <span class='ocrx_word' id='word_1_3' title='bbox 534 167 669 200; x_wconf 87' lang='lat' dir='ltr'>ACTIO</span> <span class='ocrx_word' id='word_1_4' title='bbox 700 167 796 199; x_wconf 68' lang='lat' dir='ltr'><strong>Non</strong></span> <span class='ocrx_word' id='word_1_5' title='bbox 825 167 977 199; x_wconf 69' lang='lat' dir='ltr'>DATUR</span> 
     </span>
    </p>
   </div>
   <div class='ocr_carea' id='block_1_2' title="bbox 135 277 1227 2143">
    <p class='ocr_par' dir='ltr' id='par_1_2' title="bbox 135 277 1227 2143">
     <span class='ocr_line' id='line_1_2' title="bbox 140 277 1225 326; baseline -0.001 -11"><span class='ocrx_word' id='word_1_6' title='bbox 140 281 217 326; x_wconf 88' lang='lat' dir='ltr'><strong>ipse</strong></span> <span class='ocrx_word' id='word_1_7' title='bbox 247 279 360 315; x_wconf 89' lang='lat' dir='ltr'><strong>aleret</strong></span> <span class='ocrx_word' id='word_1_8' title='bbox 386 279 496 315; x_wconf 86' lang='lat' dir='ltr'><strong>filiam</strong></span> <span class='ocrx_word' id='word_1_9' title='bbox 526 289 629 315; x_wconf 89' lang='lat' dir='ltr'><strong>suam</strong></span> <span class='ocrx_word' id='word_1_10' title='bbox 659 279 806 324; x_wconf 87' lang='lat' dir='ltr'><strong>eiusque</strong></span> <span class='ocrx_word' id='word_1_11' title='bbox 828 288 970 314; x_wconf 86' lang='lat' dir='ltr'><strong>omnes:</strong></span> <span class='ocrx_word' id='word_1_12' title='bbox 1001 277 1097 314; x_wconf 91' lang='lat' dir='ltr'><strong>idem</strong></span> <span class='ocrx_word' id='word_1_13' title='bbox 1117 278 1225 314; x_wconf 89' lang='lat' dir='ltr'><strong>homo</strong></span> 
     </span>
     <span class='ocr_line' id='line_1_3' title="bbox 141 324 1226 378; baseline -0.001 -18"><span class='ocrx_word' id='word_1_14' title='bbox 141 325 344 361; x_wconf 88' lang='lat' dir='ltr'><strong>rusticanus</strong></span> <span class='ocrx_word' id='word_1_15' title='bbox 363 335 493 378; x_wconf 82' lang='lat' dir='ltr'><strong>genero</strong></span> <span class='ocrx_word' id='word_1_16' title='bbox 514 324 660 370; x_wconf 81' lang='lat' dir='ltr'><strong>scripsit</strong></span> <span class='ocrx_word' id='word_1_17' title='bbox 677 324 779 370; x_wconf 83' lang='lat' dir='ltr'><strong>quasi</strong></span> <span class='ocrx_word' id='word_1_18' title='bbox 798 334 927 360; x_wconf 86' lang='lat' dir='ltr'><strong>usuras</strong></span> <span class='ocrx_word' id='word_1_19' title='bbox 947 324 1160 369; x_wconf 86' lang='lat' dir='ltr'><strong>praeteritas</strong></span> <span class='ocrx_word' id='word_1_20' title='bbox 1182 334 1226 359; x_wconf 91' lang='lat' dir='ltr'><strong>ex</strong></span> 
     </span>
     <span class='ocr_line' id='line_1_4' title="bbox 141 368 1225 416; baseline -0.001 -11"><span class='ocrx_word' id='word_1_21' title='bbox 141 371 235 406; x_wconf 90' lang='lat' dir='ltr'><strong>dotis</strong></span> <span class='ocrx_word' id='word_1_22' title='bbox 265 370 519 416; x_wconf 73' lang='lat' dir='ltr'><strong>promissione:</strong></span> <span class='ocrx_word' id='word_1_23' title='bbox 559 369 760 415; x_wconf 85' lang='lat' dir='ltr'><strong>quaesitum</strong></span> <span class='ocrx_word' id='word_1_24' title='bbox 789 372 862 413; x_wconf 89' lang='lat' dir='ltr'><strong>est,</strong></span> <span class='ocrx_word' id='word_1_25' title='bbox 895 380 976 404; x_wconf 92' lang='lat' dir='ltr'><strong>cum</strong></span> <span class='ocrx_word' id='word_1_26' title='bbox 1007 370 1084 415; x_wconf 89' lang='lat' dir='ltr'><strong>ipse</strong></span> <span class='ocrx_word' id='word_1_27' title='bbox 1114 368 1225 404; x_wconf 85' lang='lat' dir='ltr'><strong>filiam</strong></span> 
     </span>
     <span class='ocr_line' id='line_1_5' title="bbox 140 414 1224 460; baseline -0.002 -9"><span class='ocrx_word' id='word_1_28' title='bbox 140 426 242 451; x_wconf 89' lang='lat' dir='ltr'><strong>suam</strong></span> <span class='ocrx_word' id='word_1_29' title='bbox 265 415 467 452; x_wconf 88' lang='lat' dir='ltr'><strong>exhibuerit</strong></span> <span class='ocrx_word' id='word_1_30' title='bbox 488 418 524 452; x_wconf 90' lang='lat' dir='ltr'><strong>et</strong></span> <span class='ocrx_word' id='word_1_31' title='bbox 546 415 694 450; x_wconf 89' lang='lat' dir='ltr'><strong>maritus</strong></span> <span class='ocrx_word' id='word_1_32' title='bbox 714 415 849 450; x_wconf 87' lang='lat' dir='ltr'><strong>nullam</strong></span> <span class='ocrx_word' id='word_1_33' title='bbox 869 414 1067 460; x_wconf 84' lang='lat' dir='ltr'><strong>impensam</strong></span> <span class='ocrx_word' id='word_1_34' title='bbox 1089 414 1224 459; x_wconf 83' lang='lat' dir='ltr'><strong>fecerit,</strong></span> 
     </span>
     <span class='ocr_line' id='line_1_6' title="bbox 140 460 1225 506; baseline -0.003 -9"><span class='ocrx_word' id='word_1_35' title='bbox 140 472 186 497; x_wconf 89' lang='lat' dir='ltr'><strong>an</strong></span> <span class='ocrx_word' id='word_1_36' title='bbox 220 471 266 498; x_wconf 85' lang='lat' dir='ltr'><strong>ex</strong></span> <span class='ocrx_word' id='word_1_37' title='bbox 300 461 464 506; x_wconf 87' lang='lat' dir='ltr'><strong>chirogra</strong></span> <span class='ocrx_word' id='word_1_38' title='bbox 488 461 535 496; x_wconf 91' lang='grc'><strong>110</strong></span> <span class='ocrx_word' id='word_1_39' title='bbox 570 470 615 496; x_wconf 91' lang='lat' dir='ltr'><strong>ex</strong></span> <span class='ocrx_word' id='word_1_40' title='bbox 649 460 824 505; x_wconf 85' lang='lat' dir='ltr'><strong>stipulatu</strong></span> <span class='ocrx_word' id='word_1_41' title='bbox 854 460 974 505; x_wconf 86' lang='lat' dir='ltr'><strong>agenti</strong></span> <span class='ocrx_word' id='word_1_42' title='bbox 1001 470 1132 505; x_wconf 88' lang='lat' dir='ltr'><strong>genero</strong></span> <span class='ocrx_word' id='word_1_43' title='bbox 1164 470 1225 495; x_wconf 85' lang='lat' dir='ltr'><strong>ex-</strong></span> 
     </span>
     <span class='ocr_line' id='line_1_7' title="bbox 140 505 1224 558; baseline -0.002 -16"><span class='ocrx_word' id='word_1_44' title='bbox 140 507 257 552; x_wconf 80' lang='lat' dir='ltr'><strong>ceptio</strong></span> <span class='ocrx_word' id='word_1_45' title='bbox 283 506 426 542; x_wconf 89' lang='lat' dir='ltr'><strong>obstare</strong></span> <span class='ocrx_word' id='word_1_46' title='bbox 473 506 589 542; x_wconf 83' lang='lat' dir='ltr'><strong>ebeat.</strong></span> <span class='ocrx_word' id='word_1_47' title='bbox 635 505 830 551; x_wconf 86' lang='lat' dir='ltr'><strong>respondit,</strong></span> <span class='ocrx_word' id='word_1_48' title='bbox 855 506 902 548; x_wconf 91' lang='lat' dir='ltr'><strong>si,</strong></span> <span class='ocrx_word' id='word_1_49' title='bbox 927 509 969 540; x_wconf 88' lang='lat' dir='ltr'><strong>ut</strong></span> <span class='ocrx_word' id='word_1_50' title='bbox 989 508 1224 558; x_wconf 76' lang='lat' dir='ltr'><strong>proponatur,</strong></span> 
     </span>
     <span class='ocr_line' id='line_1_8' title="bbox 139 551 1224 597; baseline -0.002 -9"><span class='ocrx_word' id='word_1_51' title='bbox 139 556 252 597; x_wconf 84' lang='lat' dir='ltr'><strong>pater,</strong></span> <span class='ocrx_word' id='word_1_52' title='bbox 273 562 354 588; x_wconf 88' lang='lat' dir='ltr'><strong>cum</strong></span> <span class='ocrx_word' id='word_1_53' title='bbox 373 551 566 595; x_wconf 81' lang='lat' dir='ltr'><strong>exhiberet,</strong></span> <span class='ocrx_word' id='word_1_54' title='bbox 585 561 650 597; x_wconf 90' lang='lat' dir='ltr'><strong>per</strong></span> <span class='ocrx_word' id='word_1_55' title='bbox 662 561 819 587; x_wconf 90' lang='lat' dir='ltr'><strong>errorem</strong></span> <span class='ocrx_word' id='word_1_56' title='bbox 835 551 1086 596; x_wconf 88' lang='lat' dir='ltr'><strong>promississet,</strong></span> <span class='ocrx_word' id='word_1_57' title='bbox 1106 551 1224 587; x_wconf 92' lang='lat' dir='ltr'><strong>locum</strong></span> 
     </span>
     <span class='ocr_line' id='line_1_9' title="bbox 145 595 1226 643; baseline -0.001 -11"><span class='ocrx_word' id='word_1_58' title='bbox 145 601 156 632; x_wconf 86' lang='lat'>1</span> <span class='ocrx_word' id='word_1_59' title='bbox 208 597 286 634; x_wconf 81' lang='lat' dir='ltr'><strong>fore</strong></span> <span class='ocrx_word' id='word_1_60' title='bbox 308 596 381 633; x_wconf 90' lang='lat' dir='ltr'><strong>doli</strong></span> <span class='ocrx_word' id='word_1_61' title='bbox 402 597 487 632; x_wconf 90' lang='lat' dir='ltr'><strong>mali</strong></span> <span class='ocrx_word' id='word_1_62' title='bbox 505 596 715 643; x_wconf 83' lang='lat' dir='ltr'><strong>exceptioni.</strong></span> <span class='ocrx_word' id='word_1_63' title='bbox 752 597 850 632; x_wconf 89' lang='lat' dir='ltr'><strong>Avus</strong></span> <span class='ocrx_word' id='word_1_64' title='bbox 874 596 1066 641; x_wconf 84' lang='lat' dir='ltr'><strong>nepotibus</strong></span> <span class='ocrx_word' id='word_1_65' title='bbox 1090 605 1135 632; x_wconf 92' lang='lat' dir='ltr'><strong>ex</strong></span> <span class='ocrx_word' id='word_1_66' title='bbox 1150 595 1226 631; x_wconf 87' lang='lat' dir='ltr'><strong>filia</strong></span> 
     </span>
     <span class='ocr_line' id='line_1_10' title="bbox 139 641 1223 723; baseline -0.001 -45"><span class='ocrx_word' id='word_1_67' title='bbox 139 642 269 723; x_wconf 52' lang='lat' dir='ltr'><strong>{elegavit</strong></span> <span class='ocrx_word' id='word_1_68' title='bbox 282 688 291 696; x_wconf 50' lang='lat'><strong>·</strong></span> <span class='ocrx_word' id='word_1_69' title='bbox 305 641 453 687; x_wconf 90' lang='lat' dir='ltr'><strong>singulis</strong></span> <span class='ocrx_word' id='word_1_70' title='bbox 495 646 647 678; x_wconf 89' lang='lat' dir='ltr'><strong>centena</strong></span> <span class='ocrx_word' id='word_1_71' title='bbox 694 646 729 677; x_wconf 90' lang='lat' dir='ltr'><strong>et</strong></span> <span class='ocrx_word' id='word_1_72' title='bbox 767 641 900 694; x_wconf 81' lang='lat' dir='ltr'><strong>adiecit</strong></span> <span class='ocrx_word' id='word_1_73' title='bbox 918 642 1079 722; x_wconf 64' lang='lat' dir='ltr'><strong>lhaec¹r</strong></span> <span class='ocrx_word' id='word_1_74' title='bbox 1095 641 1223 677; x_wconf 87' lang='lat' dir='ltr'><strong>verba:</strong></span> 
     </span>
     <span class='ocr_line' id='line_1_11' title="bbox 141 687 1226 779; baseline -0.002 -10"><span class='ocrx_word' id='word_1_75' title='bbox 141 691 483 770; x_wconf 61' lang='lat' dir='ltr'><strong>·ni.3¹1⁰⁸{²1}{⁶‘rss¹31¹1¹20</strong></span> <span class='ocrx_word' id='word_1_76' title='bbox 491 687 1226 779; x_wconf 50' lang='grc' dir='ltr'><strong>ΡὲἒῗξέᾚεῖἓέῙἓέιῗζὲἒέιὲἓέἓιῗῑωέιῗὶ</strong></span> 
     </span>
     <span class='ocr_line' id='line_1_12' title="bbox 139 777 1225 824; baseline -0.003 -9"><span class='ocrx_word' id='word_1_77' title='bbox 139 779 317 815; x_wconf 80' lang='lat' dir='ltr'><strong>‘dederam</strong></span> <span class='ocrx_word' id='word_1_78' title='bbox 340 781 466 814; x_wconf 86' lang='lat' dir='ltr'><strong>mutua</strong></span> <span class='ocrx_word' id='word_1_79' title='bbox 506 777 695 822; x_wconf 89' lang='lat' dir='ltr'><strong>uindecim,</strong></span> <span class='ocrx_word' id='word_1_80' title='bbox 720 788 811 824; x_wconf 90' lang='lat' dir='ltr'><strong>quae</strong></span> <span class='ocrx_word' id='word_1_81' title='bbox 835 778 882 814; x_wconf 88' lang='lat' dir='ltr'><strong>ab</strong></span> <span class='ocrx_word' id='word_1_82' title='bbox 903 789 945 814; x_wconf 91' lang='lat' dir='ltr'><strong>eo</strong></span> <span class='ocrx_word' id='word_1_83' title='bbox 969 778 1129 823; x_wconf 88' lang='lat' dir='ltr'><strong>recipere</strong></span> <span class='ocrx_word' id='word_1_84' title='bbox 1153 787 1225 813; x_wconf 93' lang='lat' dir='ltr'><strong>non</strong></span> 
     </span>
     <span class='ocr_line' id='line_1_13' title="bbox 139 789 1224 870; baseline -0.001 -10"><span class='ocrx_word' id='word_1_85' title='bbox 139 824 268 870; x_wconf 62' lang='grc' dir='ltr'><strong>ι11011111</strong></span> <span class='ocrx_word' id='word_1_86' title='bbox 293 789 636 870; x_wconf 53' lang='grc' dir='ltr'>1108110111οι1108108,</span> <span class='ocrx_word' id='word_1_87' title='bbox 660 824 744 869; x_wconf 70' lang='grc'><strong>01112</strong></span> <span class='ocrx_word' id='word_1_88' title='bbox 765 824 852 859; x_wconf 85' lang='grc'>1111111</span> <span class='ocrx_word' id='word_1_89' title='bbox 875 823 951 859; x_wconf 85' lang='lat' dir='ltr'><strong>fere</strong></span> <span class='ocrx_word' id='word_1_90' title='bbox 975 834 1114 859; x_wconf 91' lang='lat' dir='ltr'><strong>omnem</strong></span> <span class='ocrx_word' id='word_1_91' title='bbox 1138 823 1224 860; x_wconf 89' lang='lat' dir='ltr'><strong>sub-</strong></span> 
     </span>
     <span class='ocr_line' id='line_1_14' title="bbox 140 868 1226 915; baseline -0.002 -10"><span class='ocrx_word' id='word_1_92' title='bbox 140 869 320 906; x_wconf 87' lang='lat' dir='ltr'><strong>‘stantiam</strong></span> <span class='ocrx_word' id='word_1_93' title='bbox 354 869 603 906; x_wconf 87' lang='lat' dir='ltr'><strong>abstulerunt’.</strong></span> <span class='ocrx_word' id='word_1_94' title='bbox 660 869 859 915; x_wconf 86' lang='lat' dir='ltr'><strong>quaesitum</strong></span> <span class='ocrx_word' id='word_1_95' title='bbox 894 872 967 912; x_wconf 88' lang='lat' dir='ltr'><strong>est,</strong></span> <span class='ocrx_word' id='word_1_96' title='bbox 1003 879 1068 911; x_wconf 89' lang='lat' dir='ltr'><strong>an,</strong></span> <span class='ocrx_word' id='word_1_97' title='bbox 1104 868 1136 904; x_wconf 88' lang='lat' dir='ltr'><strong>si</strong></span> <span class='ocrx_word' id='word_1_98' title='bbox 1169 868 1226 903; x_wconf 90' lang='lat' dir='ltr'><strong>avi</strong></span> 
     </span>
     <span class='ocr_line' id='line_1_15' title="bbox 138 914 1227 967; baseline -0.001 -17"><span class='ocrx_word' id='word_1_99' title='bbox 138 916 242 951; x_wconf 89' lang='lat' dir='ltr'><strong>heres</strong></span> <span class='ocrx_word' id='word_1_100' title='bbox 273 915 320 951; x_wconf 87' lang='lat' dir='ltr'><strong>ab</strong></span> <span class='ocrx_word' id='word_1_101' title='bbox 351 914 407 950; x_wconf 91' lang='lat' dir='ltr'><strong>his</strong></span> <span class='ocrx_word' id='word_1_102' title='bbox 437 915 628 960; x_wconf 82' lang='lat' dir='ltr'><strong>nepotibus</strong></span> <span class='ocrx_word' id='word_1_103' title='bbox 665 915 778 960; x_wconf 82' lang='lat' dir='ltr'><strong>patris</strong></span> <span class='ocrx_word' id='word_1_104' title='bbox 817 914 872 950; x_wconf 91' lang='lat' dir='ltr'><strong>sui</strong></span> <span class='ocrx_word' id='word_1_105' title='bbox 902 914 1093 950; x_wconf 83' lang='lat' dir='ltr'><strong>heredibus</strong></span> <span class='ocrx_word' id='word_1_106' title='bbox 1124 916 1227 967; x_wconf 85' lang='lat' dir='ltr'><strong>petat</strong></span> 
     </span>
     <span class='ocr_line' id='line_1_16' title="bbox 139 959 1225 1006; baseline -0.002 -10"><span class='ocrx_word' id='word_1_107' title='bbox 139 960 355 1006; x_wconf 89' lang='lat' dir='ltr'><strong>quindecim,</strong></span> <span class='ocrx_word' id='word_1_108' title='bbox 388 965 515 996; x_wconf 84' lang='lat' dir='ltr'><strong>contra</strong></span> <span class='ocrx_word' id='word_1_109' title='bbox 536 961 755 996; x_wconf 86' lang='lat' dir='ltr'><strong>voluntatem</strong></span> <span class='ocrx_word' id='word_1_110' title='bbox 778 959 939 995; x_wconf 85' lang='lat' dir='ltr'><strong>defuncti</strong></span> <span class='ocrx_word' id='word_1_111' title='bbox 962 959 1081 995; x_wconf 82' lang='lat' dir='ltr'><strong>facere</strong></span> <span class='ocrx_word' id='word_1_112' title='bbox 1105 959 1225 995; x_wconf 89' lang='lat' dir='ltr'><strong>videa-</strong></span> 
     </span>
     <span class='ocr_line' id='line_1_17' title="bbox 138 1004 1226 1051; baseline -0.002 -10"><span class='ocrx_word' id='word_1_113' title='bbox 138 1011 198 1042; x_wconf 89' lang='lat' dir='ltr'><strong>tur</strong></span> <span class='ocrx_word' id='word_1_114' title='bbox 221 1009 257 1042; x_wconf 90' lang='lat' dir='ltr'><strong>et</strong></span> <span class='ocrx_word' id='word_1_115' title='bbox 279 1005 352 1042; x_wconf 91' lang='lat' dir='ltr'><strong>doli</strong></span> <span class='ocrx_word' id='word_1_116' title='bbox 374 1005 461 1041; x_wconf 91' lang='lat' dir='ltr'><strong>mali</strong></span> <span class='ocrx_word' id='word_1_117' title='bbox 484 1006 694 1051; x_wconf 85' lang='lat' dir='ltr'><strong>exceptione</strong></span> <span class='ocrx_word' id='word_1_118' title='bbox 718 1009 994 1041; x_wconf 85' lang='lat' dir='ltr'><strong>summoveatur.</strong></span> <span class='ocrx_word' id='word_1_119' title='bbox 1042 1004 1226 1050; x_wconf 87' lang='lat' dir='ltr'><strong>respondit</strong></span> 
     </span>
     <span class='ocr_line' id='line_1_18' title="bbox 139 1050 1224 1097; baseline -0.002 -10"><span class='ocrx_word' id='word_1_120' title='bbox 139 1054 159 1087; x_wconf 87' lang='lat'><strong>2</strong></span> <span class='ocrx_word' id='word_1_121' title='bbox 214 1051 458 1097; x_wconf 86' lang='lat' dir='ltr'><strong>exceptionem</strong></span> <span class='ocrx_word' id='word_1_122' title='bbox 497 1051 732 1087; x_wconf 82' lang='lat' dir='ltr'><strong>obstaturam.</strong></span> <span class='ocrx_word' id='word_1_123' title='bbox 795 1051 853 1086; x_wconf 87' lang='lat' dir='ltr'><strong>Ex</strong></span> <span class='ocrx_word' id='word_1_124' title='bbox 891 1050 1091 1096; x_wconf 77' lang='lat' dir='ltr'><strong>quadrante</strong></span> <span class='ocrx_word' id='word_1_125' title='bbox 1121 1050 1224 1086; x_wconf 90' lang='lat' dir='ltr'><strong>heres</strong></span> 
     </span>
     <span class='ocr_line' id='line_1_19' title="bbox 138 1096 1224 1143; baseline -0.002 -10"><span class='ocrx_word' id='word_1_126' title='bbox 138 1097 294 1143; x_wconf 88' lang='lat' dir='ltr'><strong>scriptus</strong></span> <span class='ocrx_word' id='word_1_127' title='bbox 322 1107 346 1132; x_wconf 92' lang='lat' dir='ltr'><strong>a</strong></span> <span class='ocrx_word' id='word_1_128' title='bbox 374 1097 550 1133; x_wconf 90' lang='lat' dir='ltr'><strong>coherede</strong></span> <span class='ocrx_word' id='word_1_129' title='bbox 571 1107 618 1133; x_wconf 90' lang='lat' dir='ltr'><strong>ex</strong></span> <span class='ocrx_word' id='word_1_130' title='bbox 640 1096 815 1132; x_wconf 85' lang='lat' dir='ltr'><strong>dodrante</strong></span> <span class='ocrx_word' id='word_1_131' title='bbox 837 1096 1002 1132; x_wconf 88' lang='lat' dir='ltr'><strong>instituto</strong></span> <span class='ocrx_word' id='word_1_132' title='bbox 1033 1096 1117 1132; x_wconf 86' lang='lat' dir='ltr'><strong>emit</strong></span> <span class='ocrx_word' id='word_1_133' title='bbox 1140 1106 1224 1141; x_wconf 93' lang='lat' dir='ltr'><strong>por-</strong></span> 
     </span>
     <span class='ocr_line' id='line_1_20' title="bbox 137 1142 1224 1187; baseline -0.002 -9"><span class='ocrx_word' id='word_1_134' title='bbox 137 1143 271 1179; x_wconf 87' lang='lat' dir='ltr'><strong>tionem</strong></span> <span class='ocrx_word' id='word_1_135' title='bbox 301 1146 400 1178; x_wconf 90' lang='lat' dir='ltr'><strong>certa</strong></span> <span class='ocrx_word' id='word_1_136' title='bbox 431 1142 648 1187; x_wconf 86' lang='lat' dir='ltr'><strong>quantitate,</strong></span> <span class='ocrx_word' id='word_1_137' title='bbox 688 1152 733 1178; x_wconf 90' lang='lat' dir='ltr'><strong>ex</strong></span> <span class='ocrx_word' id='word_1_138' title='bbox 764 1152 836 1187; x_wconf 80' lang='lat' dir='ltr'><strong>qua</strong></span> <span class='ocrx_word' id='word_1_139' title='bbox 865 1142 1021 1187; x_wconf 86' lang='lat' dir='ltr'><strong>aliquam</strong></span> <span class='ocrx_word' id='word_1_140' title='bbox 1051 1151 1224 1177; x_wconf 89' lang='lat' dir='ltr'><strong>summam</strong></span> 
     </span>
     <span class='ocr_line' id='line_1_21' title="bbox 138 1186 1223 1233; baseline -0.001 -10"><span class='ocrx_word' id='word_1_141' title='bbox 138 1188 176 1223; x_wconf 93' lang='lat' dir='ltr'><strong>in</strong></span> <span class='ocrx_word' id='word_1_142' title='bbox 198 1187 401 1224; x_wconf 86' lang='lat' dir='ltr'><strong>nominibus</strong></span> <span class='ocrx_word' id='word_1_143' title='bbox 418 1197 464 1224; x_wconf 90' lang='lat' dir='ltr'><strong>ex</strong></span> <span class='ocrx_word' id='word_1_144' title='bbox 485 1187 696 1224; x_wconf 85' lang='lat' dir='ltr'><strong>kalendario</strong></span> <span class='ocrx_word' id='word_1_145' title='bbox 717 1187 770 1222; x_wconf 91' lang='lat' dir='ltr'><strong>uti</strong></span> <span class='ocrx_word' id='word_1_146' title='bbox 794 1187 907 1231; x_wconf 90' lang='lat' dir='ltr'><strong>daret,</strong></span> <span class='ocrx_word' id='word_1_147' title='bbox 933 1186 1120 1233; x_wconf 87' lang='lat' dir='ltr'><strong>stipulanti</strong></span> <span class='ocrx_word' id='word_1_148' title='bbox 1140 1197 1223 1232; x_wconf 89' lang='lat' dir='ltr'><strong>spo-</strong></span> 
     </span>
     <span class='ocr_line' id='line_1_22' title="bbox 137 1232 1223 1279; baseline -0.003 -9"><span class='ocrx_word' id='word_1_149' title='bbox 137 1233 280 1279; x_wconf 78' lang='lat' dir='ltr'><strong>pondit:</strong></span> <span class='ocrx_word' id='word_1_150' title='bbox 312 1232 482 1269; x_wconf 87' lang='lat' dir='ltr'><strong>defuncto</strong></span> <span class='ocrx_word' id='word_1_151' title='bbox 506 1233 688 1269; x_wconf 89' lang='lat' dir='ltr'><strong>venditore</strong></span> <span class='ocrx_word' id='word_1_152' title='bbox 720 1232 928 1269; x_wconf 88' lang='lat' dir='ltr'><strong>hereditatis</strong></span> <span class='ocrx_word' id='word_1_153' title='bbox 958 1232 1090 1269; x_wconf 83' lang='lat' dir='ltr'><strong>falsum</strong></span> <span class='ocrx_word' id='word_1_154' title='bbox 1113 1236 1223 1268; x_wconf 92' lang='lat' dir='ltr'><strong>testa-</strong></span> 
     </span>
     <span class='ocr_line' id='line_1_23' title="bbox 138 1278 1224 1323; baseline -0.001 -9"><span class='ocrx_word' id='word_1_155' title='bbox 138 1282 294 1315; x_wconf 88' lang='lat' dir='ltr'><strong>mentum</strong></span> <span class='ocrx_word' id='word_1_156' title='bbox 318 1278 494 1323; x_wconf 88' lang='lat' dir='ltr'><strong>Septicius</strong></span> <span class='ocrx_word' id='word_1_157' title='bbox 519 1288 693 1315; x_wconf 88' lang='lat' dir='ltr'><strong>accusare</strong></span> <span class='ocrx_word' id='word_1_158' title='bbox 718 1278 836 1323; x_wconf 89' lang='lat' dir='ltr'><strong>coepit</strong></span> <span class='ocrx_word' id='word_1_159' title='bbox 859 1282 896 1314; x_wconf 92' lang='lat' dir='ltr'><strong>et</strong></span> <span class='ocrx_word' id='word_1_160' title='bbox 918 1278 1152 1314; x_wconf 83' lang='lat' dir='ltr'><strong>hereditatem</strong></span> <span class='ocrx_word' id='word_1_161' title='bbox 1177 1278 1224 1314; x_wconf 87' lang='lat' dir='ltr'><strong>ab</strong></span> 
     </span>
     <span class='ocr_line' id='line_1_24' title="bbox 138 1323 1221 1376; baseline -0.001 -16"><span class='ocrx_word' id='word_1_162' title='bbox 138 1328 296 1370; x_wconf 89' lang='lat' dir='ltr'><strong>emptore</strong></span> <span class='ocrx_word' id='word_1_163' title='bbox 319 1323 409 1370; x_wconf 91' lang='lat' dir='ltr'><strong>petit</strong></span> <span class='ocrx_word' id='word_1_164' title='bbox 432 1327 469 1359; x_wconf 90' lang='lat' dir='ltr'><strong>et</strong></span> <span class='ocrx_word' id='word_1_165' title='bbox 490 1334 536 1360; x_wconf 91' lang='lat' dir='ltr'><strong>ne</strong></span> <span class='ocrx_word' id='word_1_166' title='bbox 560 1323 646 1376; x_wconf 84' lang='lat' dir='ltr'><strong>quid</strong></span> <span class='ocrx_word' id='word_1_167' title='bbox 667 1334 713 1360; x_wconf 91' lang='lat' dir='ltr'><strong>ex</strong></span> <span class='ocrx_word' id='word_1_168' title='bbox 729 1334 773 1359; x_wconf 92' lang='lat' dir='ltr'><strong>ea</strong></span> <span class='ocrx_word' id='word_1_169' title='bbox 790 1324 976 1367; x_wconf 89' lang='lat' dir='ltr'><strong>minueret,</strong></span> <span class='ocrx_word' id='word_1_170' title='bbox 999 1323 1047 1359; x_wconf 92' lang='lat' dir='ltr'><strong>im</strong></span> <span class='ocrx_word' id='word_1_171' title='bbox 1075 1323 1221 1359; x_wconf 79' lang='lat' dir='ltr'><strong>stravit:</strong></span> 
     </span>
     <span class='ocr_line' id='line_1_25' title="bbox 137 1368 1224 1415; baseline -0.001 -10"><span class='ocrx_word' id='word_1_172' title='bbox 137 1369 337 1415; x_wconf 87' lang='lat' dir='ltr'><strong>quaesitum</strong></span> <span class='ocrx_word' id='word_1_173' title='bbox 361 1372 426 1412; x_wconf 90' lang='lat' dir='ltr'><strong>est,</strong></span> <span class='ocrx_word' id='word_1_174' title='bbox 451 1369 652 1415; x_wconf 78' lang='lat' dir='ltr'><strong>cognitione</strong></span> <span class='ocrx_word' id='word_1_175' title='bbox 675 1369 758 1405; x_wconf 86' lang='lat' dir='ltr'><strong>falsi</strong></span> <span class='ocrx_word' id='word_1_176' title='bbox 781 1369 957 1415; x_wconf 89' lang='lat' dir='ltr'><strong>pendente</strong></span> <span class='ocrx_word' id='word_1_177' title='bbox 981 1379 1029 1405; x_wconf 87' lang='lat' dir='ltr'><strong>an</strong></span> <span class='ocrx_word' id='word_1_178' title='bbox 1078 1368 1224 1405; x_wconf 88' lang='lat' dir='ltr'><strong>eredes³</strong></span> 
     </span>
     <span class='ocr_line' id='line_1_26' title="bbox 137 1415 1222 1460; baseline -0.001 -9"><span class='ocrx_word' id='word_1_179' title='bbox 137 1426 181 1451; x_wconf 93' lang='lat' dir='ltr'><strong>ex</strong></span> <span class='ocrx_word' id='word_1_180' title='bbox 211 1415 385 1460; x_wconf 86' lang='lat' dir='ltr'><strong>stipulatu</strong></span> <span class='ocrx_word' id='word_1_181' title='bbox 413 1418 575 1460; x_wconf 91' lang='lat' dir='ltr'><strong>petentes</strong></span> <span class='ocrx_word' id='word_1_182' title='bbox 608 1415 682 1451; x_wconf 92' lang='lat' dir='ltr'><strong>doli</strong></span> <span class='ocrx_word' id='word_1_183' title='bbox 705 1415 913 1460; x_wconf 85' lang='lat' dir='ltr'><strong>exceptione</strong></span> <span class='ocrx_word' id='word_1_184' title='bbox 944 1417 1222 1451; x_wconf 88' lang='lat' dir='ltr'><strong>summoventur.</strong></span> 
     </span>
     <span class='ocr_line' id='line_1_27' title="bbox 137 1459 1223 1506; baseline -0.001 -10"><span class='ocrx_word' id='word_1_185' title='bbox 137 1460 321 1506; x_wconf 86' lang='lat' dir='ltr'><strong>respondit</strong></span> <span class='ocrx_word' id='word_1_186' title='bbox 343 1459 491 1496; x_wconf 90' lang='lat' dir='ltr'><strong>heredes</strong></span> <span class='ocrx_word' id='word_1_187' title='bbox 515 1459 727 1503; x_wconf 90' lang='lat' dir='ltr'><strong>venditoris,</strong></span> <span class='ocrx_word' id='word_1_188' title='bbox 752 1460 782 1496; x_wconf 91' lang='lat' dir='ltr'><strong>si</strong></span> <span class='ocrx_word' id='word_1_189' title='bbox 805 1464 889 1496; x_wconf 87' lang='lat' dir='ltr'><strong>ante</strong></span> <span class='ocrx_word' id='word_1_190' title='bbox 913 1464 1078 1496; x_wconf 90' lang='lat' dir='ltr'><strong>eventum</strong></span> <span class='ocrx_word' id='word_1_191' title='bbox 1102 1460 1223 1506; x_wconf 90' lang='lat' dir='ltr'><strong>cogni-</strong></span> 
     </span>
     <span class='ocr_line' id='line_1_28' title="bbox 136 1505 1224 1586; baseline -0.001 -44"><span class='ocrx_word' id='word_1_192' title='bbox 136 1506 243 1542; x_wconf 88' lang='lat' dir='ltr'><strong>tionis</strong></span> <span class='ocrx_word' id='word_1_193' title='bbox 278 1509 431 1552; x_wconf 87' lang='lat' dir='ltr'><strong>pergant</strong></span> <span class='ocrx_word' id='word_1_194' title='bbox 460 1510 600 1558; x_wconf 81' lang='lat' dir='ltr'><strong>petere‚</strong></span> <span class='ocrx_word' id='word_1_195' title='bbox 639 1505 851 1586; x_wconf 49' lang='lat' dir='ltr'><strong>except-ione</strong></span> <span class='ocrx_word' id='word_1_196' title='bbox 888 1505 961 1542; x_wconf 91' lang='lat' dir='ltr'><strong>doli</strong></span> <span class='ocrx_word' id='word_1_197' title='bbox 1000 1506 1086 1541; x_wconf 90' lang='lat' dir='ltr'><strong>mali</strong></span> <span class='ocrx_word' id='word_1_198' title='bbox 1116 1515 1224 1551; x_wconf 91' lang='lat' dir='ltr'><strong>posse</strong></span> 
     </span>
     <span class='ocr_line' id='line_1_29' title="bbox 137 1551 1224 1596; baseline -0.001 -9"><span class='ocrx_word' id='word_1_199' title='bbox 137 1555 156 1587; x_wconf 88' lang='lat'><strong>3</strong></span> <span class='ocrx_word' id='word_1_200' title='bbox 204 1551 427 1588; x_wconf 82' lang='lat' dir='ltr'><strong>summoveri.</strong></span> <span class='ocrx_word' id='word_1_201' title='bbox 487 1551 621 1587; x_wconf 86' lang='lat' dir='ltr'><strong>Marito</strong></span> <span class='ocrx_word' id='word_1_202' title='bbox 661 1555 697 1586; x_wconf 87' lang='lat' dir='ltr'><strong>et</strong></span> <span class='ocrx_word' id='word_1_203' title='bbox 770 1552 802 1586; x_wconf 90' lang='lat'><strong>&#39;0</strong></span> <span class='ocrx_word' id='word_1_204' title='bbox 841 1551 1020 1587; x_wconf 90' lang='lat' dir='ltr'><strong>communi</strong></span> <span class='ocrx_word' id='word_1_205' title='bbox 1049 1561 1093 1587; x_wconf 88' lang='lat' dir='ltr'><strong>ex</strong></span> <span class='ocrx_word' id='word_1_206' title='bbox 1122 1554 1224 1596; x_wconf 89' lang='lat' dir='ltr'><strong>parte</strong></span> 
     </span>
     <span class='ocr_line' id='line_1_30' title="bbox 138 1596 1224 1649; baseline 0 -17"><span class='ocrx_word' id='word_1_207' title='bbox 138 1596 282 1633; x_wconf 90' lang='lat' dir='ltr'><strong>dimidia</strong></span> <span class='ocrx_word' id='word_1_208' title='bbox 322 1596 465 1649; x_wconf 88' lang='lat' dir='ltr'><strong>scriptis</strong></span> <span class='ocrx_word' id='word_1_209' title='bbox 504 1596 695 1632; x_wconf 85' lang='lat' dir='ltr'><strong>heredibus</strong></span> <span class='ocrx_word' id='word_1_210' title='bbox 733 1596 843 1632; x_wconf 84' lang='lat' dir='ltr'><strong>filiam</strong></span> <span class='ocrx_word' id='word_1_211' title='bbox 883 1607 985 1633; x_wconf 90' lang='lat' dir='ltr'><strong>suam</strong></span> <span class='ocrx_word' id='word_1_212' title='bbox 1022 1607 1068 1633; x_wconf 89' lang='lat' dir='ltr'><strong>ex</strong></span> <span class='ocrx_word' id='word_1_213' title='bbox 1103 1596 1224 1642; x_wconf 90' lang='lat' dir='ltr'><strong>priore</strong></span> 
     </span>
     <span class='ocr_line' id='line_1_31' title="bbox 135 1641 1224 1678; baseline -0.001 0"><span class='ocrx_word' id='word_1_214' title='bbox 135 1642 360 1678; x_wconf 89' lang='lat' dir='ltr'><strong>matrimonio</strong></span> <span class='ocrx_word' id='word_1_215' title='bbox 389 1646 442 1677; x_wconf 89' lang='lat' dir='ltr'><strong>ita</strong></span> <span class='ocrx_word' id='word_1_216' title='bbox 471 1641 636 1677; x_wconf 89' lang='lat' dir='ltr'><strong>heredem</strong></span> <span class='ocrx_word' id='word_1_217' title='bbox 659 1641 833 1678; x_wconf 87' lang='lat' dir='ltr'><strong>instituit:</strong></span> <span class='ocrx_word' id='word_1_218' title='bbox 870 1642 1023 1678; x_wconf 88' lang='lat' dir='ltr'><strong>‘Maevia</strong></span> <span class='ocrx_word' id='word_1_219' title='bbox 1046 1641 1121 1678; x_wconf 89' lang='lat' dir='ltr'><strong>filia</strong></span> <span class='ocrx_word' id='word_1_220' title='bbox 1144 1652 1224 1677; x_wconf 86' lang='lat' dir='ltr'><strong>mea</strong></span> 
     </span>
     <span class='ocr_line' id='line_1_32' title="bbox 137 1687 1223 1730; baseline -0.001 -6"><span class='ocrx_word' id='word_1_221' title='bbox 137 1690 193 1724; x_wconf 84' lang='lat' dir='ltr'><strong>‘ex</strong></span> <span class='ocrx_word' id='word_1_222' title='bbox 223 1698 288 1724; x_wconf 87' lang='lat' dir='ltr'><strong>sex</strong></span> <span class='ocrx_word' id='word_1_223' title='bbox 310 1687 425 1723; x_wconf 91' lang='lat' dir='ltr'><strong>unciis</strong></span> <span class='ocrx_word' id='word_1_224' title='bbox 448 1687 553 1723; x_wconf 91' lang='lat' dir='ltr'><strong>heres</strong></span> <span class='ocrx_word' id='word_1_225' title='bbox 583 1687 669 1722; x_wconf 90' lang='lat' dir='ltr'><strong>mihi</strong></span> <span class='ocrx_word' id='word_1_226' title='bbox 693 1690 788 1730; x_wconf 91' lang='lat' dir='ltr'><strong>esto,</strong></span> <span class='ocrx_word' id='word_1_227' title='bbox 821 1688 853 1724; x_wconf 89' lang='lat' dir='ltr'><strong>si</strong></span> <span class='ocrx_word' id='word_1_228' title='bbox 877 1698 959 1723; x_wconf 91' lang='lat' dir='ltr'><strong>cum</strong></span> <span class='ocrx_word' id='word_1_229' title='bbox 988 1687 1223 1724; x_wconf 86' lang='lat' dir='ltr'><strong>coheredibus</strong></span> 
     </span>
     <span class='ocr_line' id='line_1_33' title="bbox 139 1732 1223 1779; baseline -0.001 -10"><span class='ocrx_word' id='word_1_230' title='bbox 139 1734 220 1769; x_wconf 88' lang='lat' dir='ltr'><strong>‘tuis</strong></span> <span class='ocrx_word' id='word_1_231' title='bbox 254 1744 377 1779; x_wconf 88' lang='lat' dir='ltr'><strong>parem</strong></span> <span class='ocrx_word' id='word_1_232' title='bbox 408 1732 585 1768; x_wconf 88' lang='lat' dir='ltr'><strong>rationem</strong></span> <span class='ocrx_word' id='word_1_233' title='bbox 615 1732 744 1768; x_wconf 86' lang='lat' dir='ltr'><strong>feceris</strong></span> <span class='ocrx_word' id='word_1_234' title='bbox 778 1743 845 1778; x_wconf 90' lang='lat' dir='ltr'><strong>pro</strong></span> <span class='ocrx_word' id='word_1_235' title='bbox 877 1743 956 1769; x_wconf 87' lang='lat' dir='ltr'><strong>mea</strong></span> <span class='ocrx_word' id='word_1_236' title='bbox 992 1733 1157 1778; x_wconf 90' lang='lat' dir='ltr'><strong>portione</strong></span> <span class='ocrx_word' id='word_1_237' title='bbox 1186 1733 1223 1768; x_wconf 92' lang='lat' dir='ltr'><strong>in</strong></span> 
     </span>
     <span class='ocr_line' id='line_1_34' title="bbox 136 1778 1225 1824; baseline -0.001 -9"><span class='ocrx_word' id='word_1_238' title='bbox 136 1779 242 1815; x_wconf 84' lang='lat' dir='ltr'><strong>‘diem</strong></span> <span class='ocrx_word' id='word_1_239' title='bbox 266 1779 390 1815; x_wconf 91' lang='lat' dir='ltr'><strong>mortis</strong></span> <span class='ocrx_word' id='word_1_240' title='bbox 419 1788 520 1814; x_wconf 86' lang='lat' dir='ltr'><strong>meae</strong></span> <span class='ocrx_word' id='word_1_241' title='bbox 542 1778 620 1814; x_wconf 90' lang='lat' dir='ltr'><strong>eius</strong></span> <span class='ocrx_word' id='word_1_242' title='bbox 644 1782 766 1821; x_wconf 86' lang='lat' dir='ltr'><strong>actus,</strong></span> <span class='ocrx_word' id='word_1_243' title='bbox 798 1778 858 1824; x_wconf 90' lang='lat' dir='ltr'><strong>qui</strong></span> <span class='ocrx_word' id='word_1_244' title='bbox 886 1778 1018 1824; x_wconf 89' lang='lat' dir='ltr'><strong>pendet</strong></span> <span class='ocrx_word' id='word_1_245' title='bbox 1043 1789 1087 1814; x_wconf 93' lang='lat' dir='ltr'><strong>ex</strong></span> <span class='ocrx_word' id='word_1_246' title='bbox 1109 1779 1225 1814; x_wconf 89' lang='lat' dir='ltr'><strong>tutela</strong></span> 
     </span>
     <span class='ocr_line' id='line_1_35' title="bbox 137 1823 1223 1870; baseline -0.001 -10"><span class='ocrx_word' id='word_1_247' title='bbox 137 1827 222 1867; x_wconf 85' lang='lat' dir='ltr'><strong>‘tua,</strong></span> <span class='ocrx_word' id='word_1_248' title='bbox 247 1834 353 1870; x_wconf 88' lang='lat' dir='ltr'><strong>quam</strong></span> <span class='ocrx_word' id='word_1_249' title='bbox 373 1823 490 1860; x_wconf 90' lang='lat' dir='ltr'><strong>Titius</strong></span> <span class='ocrx_word' id='word_1_250' title='bbox 513 1827 619 1869; x_wconf 88' lang='lat' dir='ltr'><strong>pater</strong></span> <span class='ocrx_word' id='word_1_251' title='bbox 640 1834 751 1866; x_wconf 89' lang='lat' dir='ltr'><strong>meus,</strong></span> <span class='ocrx_word' id='word_1_252' title='bbox 776 1834 863 1860; x_wconf 87' lang='lat' dir='ltr'><strong>avus</strong></span> <span class='ocrx_word' id='word_1_253' title='bbox 886 1828 971 1859; x_wconf 92' lang='lat' dir='ltr'><strong>tuus</strong></span> <span class='ocrx_word' id='word_1_254' title='bbox 997 1823 1223 1860; x_wconf 87' lang='lat' dir='ltr'><strong>administra-</strong></span> 
     </span>
     <span class='ocr_line' id='line_1_36' title="bbox 137 1869 1223 1923; baseline -0.002 -17"><span class='ocrx_word' id='word_1_255' title='bbox 137 1870 221 1907; x_wconf 86' lang='lat' dir='ltr'><strong>‘vit&#39;.</strong></span> <span class='ocrx_word' id='word_1_256' title='bbox 269 1869 468 1923; x_wconf 87' lang='lat' dir='ltr'><strong>quaesitum</strong></span> <span class='ocrx_word' id='word_1_257' title='bbox 492 1873 563 1913; x_wconf 91' lang='lat' dir='ltr'><strong>est,</strong></span> <span class='ocrx_word' id='word_1_258' title='bbox 596 1879 662 1912; x_wconf 85' lang='lat' dir='ltr'><strong>an,</strong></span> <span class='ocrx_word' id='word_1_259' title='bbox 692 1869 777 1914; x_wconf 89' lang='lat' dir='ltr'><strong>quia</strong></span> <span class='ocrx_word' id='word_1_260' title='bbox 799 1870 866 1906; x_wconf 90' lang='lat' dir='ltr'><strong>sub</strong></span> <span class='ocrx_word' id='word_1_261' title='bbox 891 1869 1099 1906; x_wconf 89' lang='lat' dir='ltr'><strong>condicione</strong></span> <span class='ocrx_word' id='word_1_262' title='bbox 1122 1869 1223 1905; x_wconf 85' lang='lat' dir='ltr'><strong>insti-</strong></span> 
     </span>
     <span class='ocr_line' id='line_1_37' title="bbox 135 1914 1223 1959; baseline -0.001 -8"><span class='ocrx_word' id='word_1_263' title='bbox 135 1919 215 1951; x_wconf 85' lang='lat' dir='ltr'><strong>tuta</strong></span> <span class='ocrx_word' id='word_1_264' title='bbox 237 1914 313 1951; x_wconf 89' lang='lat' dir='ltr'><strong>fiha</strong></span> <span class='ocrx_word' id='word_1_265' title='bbox 336 1918 450 1957; x_wconf 89' lang='lat' dir='ltr'><strong>esset,</strong></span> <span class='ocrx_word' id='word_1_266' title='bbox 474 1914 505 1950; x_wconf 89' lang='lat' dir='ltr'><strong>si</strong></span> <span class='ocrx_word' id='word_1_267' title='bbox 527 1914 708 1950; x_wconf 88' lang='lat' dir='ltr'><strong>omitteret</strong></span> <span class='ocrx_word' id='word_1_268' title='bbox 730 1914 979 1959; x_wconf 86' lang='lat' dir='ltr'><strong>hereditatem,</strong></span> <span class='ocrx_word' id='word_1_269' title='bbox 1011 1915 1065 1950; x_wconf 91' lang='lat' dir='ltr'><strong>uti</strong></span> <span class='ocrx_word' id='word_1_270' title='bbox 1089 1915 1223 1951; x_wconf 85' lang='lat' dir='ltr'><strong>salvam</strong></span> 
     </span>
     <span class='ocr_line' id='line_1_38' title="bbox 135 1959 1225 2005; baseline 0 -9"><span class='ocrx_word' id='word_1_271' title='bbox 135 1961 270 1998; x_wconf 85' lang='lat' dir='ltr'><strong>tutelae</strong></span> <span class='ocrx_word' id='word_1_272' title='bbox 299 1960 478 1996; x_wconf 86' lang='lat' dir='ltr'><strong>actionem</strong></span> <span class='ocrx_word' id='word_1_273' title='bbox 508 1960 674 2004; x_wconf 90' lang='lat' dir='ltr'><strong>haberet,</strong></span> <span class='ocrx_word' id='word_1_274' title='bbox 706 1959 824 2005; x_wconf 90' lang='lat' dir='ltr'><strong>legata</strong></span> <span class='ocrx_word' id='word_1_275' title='bbox 855 1960 924 1996; x_wconf 89' lang='lat' dir='ltr'><strong>sibi</strong></span> <span class='ocrx_word' id='word_1_276' title='bbox 947 1971 970 1996; x_wconf 88' lang='lat' dir='ltr'><strong>a</strong></span> <span class='ocrx_word' id='word_1_277' title='bbox 993 1964 1108 1996; x_wconf 89' lang='lat' dir='ltr'><strong>matre</strong></span> <span class='ocrx_word' id='word_1_278' title='bbox 1140 1960 1225 1996; x_wconf 88' lang='lat' dir='ltr'><strong>data</strong></span> 
     </span>
     <span class='ocr_line' id='line_1_39' title="bbox 137 2005 1224 2052; baseline -0.001 -10"><span class='ocrx_word' id='word_1_279' title='bbox 137 2006 306 2052; x_wconf 86' lang='lat' dir='ltr'><strong>consequi</strong></span> <span class='ocrx_word' id='word_1_280' title='bbox 337 2006 461 2052; x_wconf 84' lang='lat' dir='ltr'><strong>possit.</strong></span> <span class='ocrx_word' id='word_1_281' title='bbox 508 2005 695 2051; x_wconf 88' lang='lat' dir='ltr'><strong>respondit</strong></span> <span class='ocrx_word' id='word_1_282' title='bbox 724 2005 921 2042; x_wconf 91' lang='lat' dir='ltr'><strong>secundum</strong></span> <span class='ocrx_word' id='word_1_283' title='bbox 953 2016 996 2041; x_wconf 88' lang='lat' dir='ltr'><strong>ea</strong></span> <span class='ocrx_word' id='word_1_284' title='bbox 1026 2016 1118 2051; x_wconf 90' lang='lat' dir='ltr'><strong>quae</strong></span> <span class='ocrx_word' id='word_1_285' title='bbox 1166 2016 1224 2041; x_wconf 90' lang='lat' dir='ltr'><strong>ro-</strong></span> 
     </span>
     <span class='ocr_line' id='line_1_40' title="bbox 136 2050 1223 2097; baseline 0 -10"><span class='ocrx_word' id='word_1_286' title='bbox 136 2055 355 2097; x_wconf 88' lang='lat' dir='ltr'><strong>ponerentur</strong></span> <span class='ocrx_word' id='word_1_287' title='bbox 377 2061 473 2095; x_wconf 88' lang='lat' dir='ltr'><strong>eam,</strong></span> <span class='ocrx_word' id='word_1_288' title='bbox 504 2050 549 2087; x_wconf 92' lang='lat' dir='ltr'><strong>de</strong></span> <span class='ocrx_word' id='word_1_289' title='bbox 573 2061 644 2097; x_wconf 90' lang='lat' dir='ltr'><strong>qua</strong></span> <span class='ocrx_word' id='word_1_290' title='bbox 667 2055 916 2096; x_wconf 87' lang='lat' dir='ltr'><strong>quaereretur,</strong></span> <span class='ocrx_word' id='word_1_291' title='bbox 950 2054 1076 2087; x_wconf 86' lang='lat' dir='ltr'><strong>contra</strong></span> <span class='ocrx_word' id='word_1_292' title='bbox 1098 2062 1142 2087; x_wconf 94' lang='lat' dir='ltr'><strong>vo</strong></span> <span class='ocrx_word' id='word_1_293' title='bbox 1158 2062 1223 2086; x_wconf 91' lang='lat' dir='ltr'><strong>un-</strong></span> 
     </span>
     <span class='ocr_line' id='line_1_41' title="bbox 135 2095 1178 2143; baseline 0 -10"><span class='ocrx_word' id='word_1_294' title='bbox 135 2101 247 2133; x_wconf 87' lang='lat' dir='ltr'><strong>tatem</strong></span> <span class='ocrx_word' id='word_1_295' title='bbox 269 2101 391 2143; x_wconf 89' lang='lat' dir='ltr'><strong>petere</strong></span> <span class='ocrx_word' id='word_1_296' title='bbox 414 2100 451 2131; x_wconf 88' lang='lat' dir='ltr'><strong>et</strong></span> <span class='ocrx_word' id='word_1_297' title='bbox 472 2095 552 2132; x_wconf 90' lang='lat' dir='ltr'><strong>ideo</strong></span> <span class='ocrx_word' id='word_1_298' title='bbox 576 2096 822 2142; x_wconf 83' lang='lat' dir='ltr'><strong>exceptionem</strong></span> <span class='ocrx_word' id='word_1_299' title='bbox 845 2096 919 2133; x_wconf 89' lang='lat' dir='ltr'><strong>doli</strong></span> <span class='ocrx_word' id='word_1_300' title='bbox 942 2097 1178 2133; x_wconf 86' lang='lat' dir='ltr'><strong>obstaturam.</strong></span> 
     </span>
    </p>
   </div>
   <div class='ocr_carea' id='block_1_3' title="bbox 262 2235 1104 2339">
    <p class='ocr_par' dir='ltr' id='par_1_3' title="bbox 262 2235 1104 2339">
     <span class='ocr_line' id='line_1_42' title="bbox 648 2235 719 2274; baseline 0.014 -1"><span class='ocrx_word' id='word_1_301' title='bbox 648 2235 719 2274; x_wconf 77' lang='lat' dir='ltr'><strong>V⁴.</strong></span> 
     </span>
     <span class='ocr_line' id='line_1_43' title="bbox 262 2300 1104 2339; baseline 0.001 -5"><span class='ocrx_word' id='word_1_302' title='bbox 262 2300 454 2339; x_wconf 79' lang='lat' dir='ltr'><strong>QUARUM</strong></span> <span class='ocrx_word' id='word_1_303' title='bbox 477 2300 638 2333; x_wconf 75' lang='lat' dir='ltr'><strong>RERUM</strong></span> <span class='ocrx_word' id='word_1_304' title='bbox 661 2300 796 2334; x_wconf 86' lang='lat' dir='ltr'>ACTIO</span> <span class='ocrx_word' id='word_1_305' title='bbox 821 2302 916 2335; x_wconf 90' lang='lat' dir='ltr'><strong>NON</strong></span> <span class='ocrx_word' id='word_1_306' title='bbox 940 2302 1104 2335; x_wconf 78' lang='lat' dir='ltr'><strong>DATUR.</strong></span> 
     </span>
    </p>
   </div>
   <div class='ocr_carea' id='block_1_4' title="bbox 135 2366 1225 3544">
    <p class='ocr_par' dir='ltr' id='par_1_4' title="bbox 136 2366 1225 2540">
     <span class='ocr_line' id='line_1_44' title="bbox 187 2366 1224 2422; baseline -0.001 -18"><span class='ocrx_word' id='word_1_307' title='bbox 187 2366 203 2404; x_wconf 93' lang='lat'>1</span> <span class='ocrx_word' id='word_1_308' title='bbox 240 2366 435 2403; x_wconf 71' lang='lat' dir='ltr'><strong>ULPJAst</strong></span> <span class='ocrx_word' id='word_1_309' title='bbox 454 2366 546 2404; x_wconf 81' lang='lat' dir='ltr'><strong>libro</strong></span> <span class='ocrx_word' id='word_1_310' title='bbox 564 2368 857 2422; x_wconf 72' lang='lat' dir='ltr'><strong>scptuaqensae‘mo</strong></span> <span class='ocrx_word' id='word_1_311' title='bbox 875 2371 981 2405; x_wconf 79' lang='lat' dir='ltr'><strong>sexto</strong></span> <span class='ocrx_word' id='word_1_312' title='bbox 1001 2368 1052 2404; x_wconf 86' lang='lat' dir='ltr'><strong>ad</strong></span> <span class='ocrx_word' id='word_1_313' title='bbox 1070 2368 1224 2405; x_wconf 79' lang='lat' dir='ltr'><strong>edictum</strong></span> 
     </span>
     <span class='ocr_line' id='line_1_45' title="bbox 137 2412 1224 2459; baseline 0.001 -11"><span class='ocrx_word' id='word_1_314' title='bbox 137 2412 387 2449; x_wconf 89' lang='lat' dir='ltr'><strong>Iusiurandum</strong></span> <span class='ocrx_word' id='word_1_315' title='bbox 418 2412 529 2448; x_wconf 89' lang='lat' dir='ltr'><strong>vicem</strong></span> <span class='ocrx_word' id='word_1_316' title='bbox 557 2414 638 2448; x_wconf 55' lang='grc' dir='ltr'><strong>101εςλ</strong></span> <span class='ocrx_word' id='word_1_317' title='bbox 671 2412 850 2449; x_wconf 89' lang='lat' dir='ltr'><strong>iudicatae</strong></span> <span class='ocrx_word' id='word_1_318' title='bbox 880 2414 1020 2459; x_wconf 87' lang='lat' dir='ltr'><strong>optinet</strong></span> <span class='ocrx_word' id='word_1_319' title='bbox 1053 2425 1126 2450; x_wconf 89' lang='lat' dir='ltr'><strong>non</strong></span> <span class='ocrx_word' id='word_1_320' title='bbox 1157 2414 1224 2449; x_wconf 92' lang='lat' dir='ltr'><strong>im-</strong></span> 
     </span>
     <span class='ocr_line' id='line_1_46' title="bbox 136 2457 1225 2504; baseline 0.002 -11"><span class='ocrx_word' id='word_1_321' title='bbox 136 2458 272 2502; x_wconf 88' lang='lat' dir='ltr'><strong>merito,</strong></span> <span class='ocrx_word' id='word_1_322' title='bbox 304 2468 384 2493; x_wconf 87' lang='lat' dir='ltr'><strong>cum</strong></span> <span class='ocrx_word' id='word_1_323' title='bbox 406 2458 486 2504; x_wconf 91' lang='lat' dir='ltr'><strong>ipse</strong></span> <span class='ocrx_word' id='word_1_324' title='bbox 509 2457 587 2503; x_wconf 89' lang='lat' dir='ltr'><strong>quis</strong></span> <span class='ocrx_word' id='word_1_325' title='bbox 611 2458 763 2494; x_wconf 91' lang='lat' dir='ltr'><strong>iudicem</strong></span> <span class='ocrx_word' id='word_1_326' title='bbox 786 2458 1028 2495; x_wconf 88' lang='lat' dir='ltr'><strong>adversarium</strong></span> <span class='ocrx_word' id='word_1_327' title='bbox 1052 2470 1157 2495; x_wconf 91' lang='lat' dir='ltr'><strong>suum</strong></span> <span class='ocrx_word' id='word_1_328' title='bbox 1181 2459 1225 2495; x_wconf 88' lang='lat' dir='ltr'><strong>de</strong></span> 
     </span>
     <span class='ocr_line' id='line_1_47' title="bbox 140 2503 1224 2540; baseline 0.002 -2"><span class='ocrx_word' id='word_1_329' title='bbox 140 2507 154 2538; x_wconf 87' lang='lat'>1</span> <span class='ocrx_word' id='word_1_330' title='bbox 205 2513 316 2540; x_wconf 88' lang='lat' dir='ltr'><strong>causa</strong></span> <span class='ocrx_word' id='word_1_331' title='bbox 347 2513 414 2539; x_wconf 87' lang='lat' dir='ltr'><strong>sua</strong></span> <span class='ocrx_word' id='word_1_332' title='bbox 444 2503 571 2539; x_wconf 83' lang='lat' dir='ltr'><strong>fecerit</strong></span> <span class='ocrx_word' id='word_1_333' title='bbox 600 2503 790 2540; x_wconf 85' lang='lat' dir='ltr'><strong>deferendo</strong></span> <span class='ocrx_word' id='word_1_334' title='bbox 816 2503 850 2540; x_wconf 90' lang='lat' dir='ltr'><strong>ei</strong></span> <span class='ocrx_word' id='word_1_335' title='bbox 877 2504 1137 2540; x_wconf 86' lang='lat' dir='ltr'><strong>iusiurandum.</strong></span> <span class='ocrx_word' id='word_1_336' title='bbox 1187 2505 1224 2540; x_wconf 90' lang='lat' dir='ltr'><strong>Si</strong></span> 
     </span>
    </p>

    <p class='ocr_par' dir='ltr' id='par_1_5' title="bbox 135 2548 1225 3544">
     <span class='ocr_line' id='line_1_48' title="bbox 162 2548 1223 2595; baseline 0.002 -11"><span class='ocrx_word' id='word_1_337' title='bbox 162 2549 295 2595; x_wconf 90' lang='lat' dir='ltr'><strong>upillus</strong></span> <span class='ocrx_word' id='word_1_338' title='bbox 327 2548 404 2585; x_wconf 89' lang='lat' dir='ltr'><strong>sine</strong></span> <span class='ocrx_word' id='word_1_339' title='bbox 433 2548 565 2584; x_wconf 88' lang='lat' dir='ltr'><strong>tutoris</strong></span> <span class='ocrx_word' id='word_1_340' title='bbox 596 2548 813 2585; x_wconf 90' lang='lat' dir='ltr'><strong>auctoritate</strong></span> <span class='ocrx_word' id='word_1_341' title='bbox 844 2549 1013 2586; x_wconf 90' lang='lat' dir='ltr'><strong>detulerit</strong></span> <span class='ocrx_word' id='word_1_342' title='bbox 1042 2549 1223 2586; x_wconf 87' lang='lat' dir='ltr'><strong>iusiuran-</strong></span> 
     </span>
     <span class='ocr_line' id='line_1_49' title="bbox 160 2593 1225 2639; baseline 0.002 -10"><span class='ocrx_word' id='word_1_343' title='bbox 160 2605 238 2639; x_wconf 89' lang='lat' dir='ltr'><strong>um,</strong></span> <span class='ocrx_word' id='word_1_344' title='bbox 274 2593 432 2630; x_wconf 89' lang='lat' dir='ltr'><strong>dicemus</strong></span> <span class='ocrx_word' id='word_1_345' title='bbox 455 2604 528 2629; x_wconf 89' lang='lat' dir='ltr'><strong>non</strong></span> <span class='ocrx_word' id='word_1_346' title='bbox 558 2594 704 2630; x_wconf 90' lang='lat' dir='ltr'><strong>obstare</strong></span> <span class='ocrx_word' id='word_1_347' title='bbox 733 2595 978 2639; x_wconf 87' lang='lat' dir='ltr'><strong>exceptionem</strong></span> <span class='ocrx_word' id='word_1_348' title='bbox 999 2595 1122 2637; x_wconf 86' lang='lat' dir='ltr'><strong>istam,</strong></span> <span class='ocrx_word' id='word_1_349' title='bbox 1155 2595 1225 2631; x_wconf 89' lang='lat' dir='ltr'><strong>nisi</strong></span> 
     </span>
     <span class='ocr_line' id='line_1_50' title="bbox 137 2639 1224 2677; baseline 0.003 -3"><span class='ocrx_word' id='word_1_350' title='bbox 137 2642 156 2674; x_wconf 86' lang='lat'><strong>2</strong></span> <span class='ocrx_word' id='word_1_351' title='bbox 203 2643 322 2675; x_wconf 90' lang='lat' dir='ltr'><strong>tutore</strong></span> <span class='ocrx_word' id='word_1_352' title='bbox 353 2643 503 2675; x_wconf 85' lang='lat' dir='ltr'><strong>auctore</strong></span> <span class='ocrx_word' id='word_1_353' title='bbox 536 2639 574 2675; x_wconf 92' lang='lat' dir='ltr'><strong>in</strong></span> <span class='ocrx_word' id='word_1_354' title='bbox 605 2639 737 2676; x_wconf 92' lang='lat' dir='ltr'><strong>iudicio</strong></span> <span class='ocrx_word' id='word_1_355' title='bbox 768 2639 898 2676; x_wconf 90' lang='lat' dir='ltr'><strong>delatio</strong></span> <span class='ocrx_word' id='word_1_356' title='bbox 927 2639 1026 2676; x_wconf 87' lang='lat' dir='ltr'><strong>facta</strong></span> <span class='ocrx_word' id='word_1_357' title='bbox 1057 2641 1103 2677; x_wconf 90' lang='lat' dir='ltr'><strong>sit</strong></span> <span class='ocrx_word' id='word_1_358' title='bbox 1113 2641 1139 2677; x_wconf 81' lang='lat'><strong>⁶.</strong></span> <span class='ocrx_word' id='word_1_359' title='bbox 1187 2640 1224 2676; x_wconf 86' lang='lat' dir='ltr'><strong>Si</strong></span> 
     </span>
     <span class='ocr_line' id='line_1_51' title="bbox 135 2684 1225 2730; baseline 0.002 -10"><span class='ocrx_word' id='word_1_360' title='bbox 135 2685 268 2730; x_wconf 89' lang='lat' dir='ltr'><strong>petitor</strong></span> <span class='ocrx_word' id='word_1_361' title='bbox 289 2684 391 2720; x_wconf 87' lang='lat' dir='ltr'><strong>fundi</strong></span> <span class='ocrx_word' id='word_1_362' title='bbox 413 2684 662 2720; x_wconf 90' lang='lat' dir='ltr'><strong>iusiurandum</strong></span> <span class='ocrx_word' id='word_1_363' title='bbox 684 2684 853 2720; x_wconf 90' lang='lat' dir='ltr'><strong>detulerit</strong></span> <span class='ocrx_word' id='word_1_364' title='bbox 876 2685 1092 2730; x_wconf 87' lang='lat' dir='ltr'><strong>adversario,</strong></span> <span class='ocrx_word' id='word_1_365' title='bbox 1117 2690 1168 2729; x_wconf 91' lang='lat' dir='ltr'><strong>ut,</strong></span> <span class='ocrx_word' id='word_1_366' title='bbox 1194 2686 1225 2722; x_wconf 92' lang='lat' dir='ltr'><strong>si</strong></span> 
     </span>
     <span class='ocr_line' id='line_1_52' title="bbox 136 2729 1222 2775; baseline 0.002 -10"><span class='ocrx_word' id='word_1_367' title='bbox 136 2733 264 2765; x_wconf 88' lang='lat' dir='ltr'><strong>auctor</strong></span> <span class='ocrx_word' id='word_1_368' title='bbox 287 2729 363 2764; x_wconf 88' lang='lat' dir='ltr'><strong>eius</strong></span> <span class='ocrx_word' id='word_1_369' title='bbox 387 2730 543 2765; x_wconf 84' lang='lat' dir='ltr'><strong>iurasset</strong></span> <span class='ocrx_word' id='word_1_370' title='bbox 566 2741 671 2766; x_wconf 91' lang='lat' dir='ltr'><strong>suum</strong></span> <span class='ocrx_word' id='word_1_371' title='bbox 693 2729 844 2765; x_wconf 83' lang='lat' dir='ltr'><strong>fundum</strong></span> <span class='ocrx_word' id='word_1_372' title='bbox 869 2741 908 2766; x_wconf 89' lang='lat' dir='ltr'><strong>se</strong></span> <span class='ocrx_word' id='word_1_373' title='bbox 931 2730 1140 2775; x_wconf 86' lang='lat' dir='ltr'><strong>tradidisse,</strong></span> <span class='ocrx_word' id='word_1_374' title='bbox 1176 2732 1222 2767; x_wconf 89' lang='lat' dir='ltr'><strong>ab</strong></span> 
     </span>
     <span class='ocr_line' id='line_1_53' title="bbox 136 2774 1223 2822; baseline 0.002 -11"><span class='ocrx_word' id='word_1_375' title='bbox 136 2785 179 2811; x_wconf 86' lang='lat' dir='ltr'><strong>ea</strong></span> <span class='ocrx_word' id='word_1_376' title='bbox 203 2775 446 2811; x_wconf 88' lang='lat' dir='ltr'><strong>controversia</strong></span> <span class='ocrx_word' id='word_1_377' title='bbox 470 2774 712 2811; x_wconf 90' lang='lat' dir='ltr'><strong>discessurum</strong></span> <span class='ocrx_word' id='word_1_378' title='bbox 735 2785 791 2819; x_wconf 90' lang='lat' dir='ltr'><strong>se,</strong></span> <span class='ocrx_word' id='word_1_379' title='bbox 828 2777 992 2821; x_wconf 85' lang='lat' dir='ltr'><strong>exceptio</strong></span> <span class='ocrx_word' id='word_1_380' title='bbox 1021 2777 1223 2822; x_wconf 87' lang='lat' dir='ltr'><strong>possessori</strong></span> 
     </span>
     <span class='ocr_line' id='line_1_54' title="bbox 137 2819 1224 2867; baseline 0.004 -13"><span class='ocrx_word' id='word_1_381' title='bbox 137 2824 156 2855; x_wconf 90' lang='lat'><strong>3</strong></span> <span class='ocrx_word' id='word_1_382' title='bbox 202 2819 306 2855; x_wconf 89' lang='lat' dir='ltr'><strong>fundi</strong></span> <span class='ocrx_word' id='word_1_383' title='bbox 330 2819 481 2855; x_wconf 87' lang='lat' dir='ltr'><strong>dabitur.</strong></span> <span class='ocrx_word' id='word_1_384' title='bbox 524 2819 562 2855; x_wconf 89' lang='lat' dir='ltr'><strong>Si</strong></span> <span class='ocrx_word' id='word_1_385' title='bbox 584 2819 773 2856; x_wconf 84' lang='lat' dir='ltr'><strong>fideiussor</strong></span> <span class='ocrx_word' id='word_1_386' title='bbox 795 2820 936 2866; x_wconf 88' lang='lat' dir='ltr'><strong>iuravit,</strong></span> <span class='ocrx_word' id='word_1_387' title='bbox 962 2821 994 2857; x_wconf 88' lang='lat' dir='ltr'><strong>si</strong></span> <span class='ocrx_word' id='word_1_388' title='bbox 1016 2821 1158 2867; x_wconf 91' lang='lat' dir='ltr'><strong>quidem</strong></span> <span class='ocrx_word' id='word_1_389' title='bbox 1180 2821 1224 2858; x_wconf 90' lang='lat' dir='ltr'><strong>de</strong></span> 
     </span>
     <span class='ocr_line' id='line_1_55' title="bbox 137 2865 1222 2918; baseline 0.002 -17"><span class='ocrx_word' id='word_1_390' title='bbox 137 2876 203 2901; x_wconf 89' lang='lat' dir='ltr'><strong>sua</strong></span> <span class='ocrx_word' id='word_1_391' title='bbox 225 2875 381 2910; x_wconf 90' lang='lat' dir='ltr'><strong>persona</strong></span> <span class='ocrx_word' id='word_1_392' title='bbox 403 2868 542 2900; x_wconf 87' lang='lat' dir='ltr'><strong>tantum</strong></span> <span class='ocrx_word' id='word_1_393' title='bbox 564 2865 712 2910; x_wconf 88' lang='lat' dir='ltr'><strong>iuravit,</strong></span> <span class='ocrx_word' id='word_1_394' title='bbox 745 2866 848 2918; x_wconf 84' lang='lat' dir='ltr'><strong>quasi</strong></span> <span class='ocrx_word' id='word_1_395' title='bbox 871 2877 911 2902; x_wconf 88' lang='lat' dir='ltr'><strong>se</strong></span> <span class='ocrx_word' id='word_1_396' title='bbox 934 2878 1008 2902; x_wconf 92' lang='lat' dir='ltr'><strong>non</strong></span> <span class='ocrx_word' id='word_1_397' title='bbox 1031 2877 1110 2903; x_wconf 89' lang='lat' dir='ltr'><strong>esse</strong></span> <span class='ocrx_word' id='word_1_398' title='bbox 1133 2867 1222 2903; x_wconf 92' lang='lat' dir='ltr'><strong>obli-</strong></span> 
     </span>
     <span class='ocr_line' id='line_1_56' title="bbox 135 2909 1223 2956; baseline 0.003 -11"><span class='ocrx_word' id='word_1_399' title='bbox 135 2914 274 2956; x_wconf 84' lang='lat' dir='ltr'><strong>gatum,</strong></span> <span class='ocrx_word' id='word_1_400' title='bbox 310 2909 399 2946; x_wconf 88' lang='lat' dir='ltr'><strong>nihil</strong></span> <span class='ocrx_word' id='word_1_401' title='bbox 429 2920 490 2946; x_wconf 91' lang='lat' dir='ltr'><strong>reo</strong></span> <span class='ocrx_word' id='word_1_402' title='bbox 522 2911 698 2955; x_wconf 86' lang='lat' dir='ltr'><strong>proderit:</strong></span> <span class='ocrx_word' id='word_1_403' title='bbox 735 2921 766 2947; x_wconf 86' lang='lat' dir='ltr'><strong>si</strong></span> <span class='ocrx_word' id='word_1_404' title='bbox 797 2922 880 2947; x_wconf 92' lang='lat' dir='ltr'><strong>vero</strong></span> <span class='ocrx_word' id='word_1_405' title='bbox 911 2912 948 2947; x_wconf 89' lang='lat' dir='ltr'><strong>in</strong></span> <span class='ocrx_word' id='word_1_406' title='bbox 977 2922 1053 2948; x_wconf 88' lang='lat' dir='ltr'><strong>rem</strong></span> <span class='ocrx_word' id='word_1_407' title='bbox 1081 2912 1223 2956; x_wconf 90' lang='lat' dir='ltr'><strong>iuravit,</strong></span> 
     </span>
     <span class='ocr_line' id='line_1_57' title="bbox 136 2955 1224 3002; baseline 0.003 -12"><span class='ocrx_word' id='word_1_408' title='bbox 136 2959 157 2991; x_wconf 87' lang='grc'>4</span> <span class='ocrx_word' id='word_1_409' title='bbox 203 2955 349 2991; x_wconf 87' lang='lat' dir='ltr'><strong>dabitur</strong></span> <span class='ocrx_word' id='word_1_410' title='bbox 364 2955 526 3000; x_wconf 89' lang='lat' dir='ltr'><strong>exceptio</strong></span> <span class='ocrx_word' id='word_1_411' title='bbox 543 2966 605 2991; x_wconf 88' lang='lat' dir='ltr'><strong>reo</strong></span> <span class='ocrx_word' id='word_1_412' title='bbox 624 2966 765 3002; x_wconf 88' lang='lat' dir='ltr'><strong>quoque</strong></span> <span class='ocrx_word' id='word_1_413' title='bbox 774 2958 800 2992; x_wconf 89' lang='lat'><strong>⁷.</strong></span> <span class='ocrx_word' id='word_1_414' title='bbox 832 2957 872 2992; x_wconf 89' lang='lat' dir='ltr'><strong>Si</strong></span> <span class='ocrx_word' id='word_1_415' title='bbox 888 2958 1125 2993; x_wconf 85' lang='lat' dir='ltr'><strong>manumisero</strong></span> <span class='ocrx_word' id='word_1_416' title='bbox 1142 2967 1224 2993; x_wconf 91' lang='lat' dir='ltr'><strong>eum</strong></span> 
     </span>
     <span class='ocr_line' id='line_1_58' title="bbox 136 3000 1224 3048; baseline 0.002 -11"><span class='ocrx_word' id='word_1_417' title='bbox 136 3011 285 3045; x_wconf 89' lang='lat' dir='ltr'><strong>servum,</strong></span> <span class='ocrx_word' id='word_1_418' title='bbox 309 3001 371 3046; x_wconf 91' lang='lat' dir='ltr'><strong>qui</strong></span> <span class='ocrx_word' id='word_1_419' title='bbox 394 3000 536 3046; x_wconf 85' lang='lat' dir='ltr'><strong>negotia</strong></span> <span class='ocrx_word' id='word_1_420' title='bbox 553 3010 634 3037; x_wconf 88' lang='lat' dir='ltr'><strong>mea</strong></span> <span class='ocrx_word' id='word_1_421' title='bbox 655 3005 814 3047; x_wconf 82' lang='lat' dir='ltr'><strong>gesserat</strong></span> <span class='ocrx_word' id='word_1_422' title='bbox 831 3002 869 3038; x_wconf 89' lang='lat' dir='ltr'><strong>in</strong></span> <span class='ocrx_word' id='word_1_423' title='bbox 888 3003 1069 3048; x_wconf 91' lang='lat' dir='ltr'><strong>servitute,</strong></span> <span class='ocrx_word' id='word_1_424' title='bbox 1095 3002 1224 3039; x_wconf 89' lang='lat' dir='ltr'><strong>deinde</strong></span> 
     </span>
     <span class='ocr_line' id='line_1_59' title="bbox 137 3045 1222 3101; baseline 0.002 -20"><span class='ocrx_word' id='word_1_425' title='bbox 137 3046 328 3099; x_wconf 79' lang='lat' dir='ltr'><strong>stipulatus</strong></span> <span class='ocrx_word' id='word_1_426' title='bbox 361 3046 407 3082; x_wconf 90' lang='lat' dir='ltr'><strong>ab</strong></span> <span class='ocrx_word' id='word_1_427' title='bbox 432 3056 474 3082; x_wconf 91' lang='lat' dir='ltr'><strong>eo</strong></span> <span class='ocrx_word' id='word_1_428' title='bbox 506 3045 629 3089; x_wconf 86' lang='lat' dir='ltr'><strong>fuero,</strong></span> <span class='ocrx_word' id='word_1_429' title='bbox 665 3047 761 3100; x_wconf 88' lang='lat' dir='ltr'><strong>quod</strong></span> <span class='ocrx_word' id='word_1_430' title='bbox 790 3048 934 3101; x_wconf 79' lang='lat' dir='ltr'><strong>negotia</strong></span> <span class='ocrx_word' id='word_1_431' title='bbox 956 3058 1036 3084; x_wconf 87' lang='lat' dir='ltr'><strong>mea</strong></span> <span class='ocrx_word' id='word_1_432' title='bbox 1058 3047 1222 3094; x_wconf 85' lang='lat' dir='ltr'><strong>gesserit,</strong></span> 
     </span>
     <span class='ocr_line' id='line_1_60' title="bbox 137 3091 1223 3137; baseline 0.001 -10"><span class='ocrx_word' id='word_1_433' title='bbox 137 3091 308 3137; x_wconf 88' lang='lat' dir='ltr'><strong>quidquid</strong></span> <span class='ocrx_word' id='word_1_434' title='bbox 343 3092 388 3127; x_wconf 94' lang='lat' dir='ltr'><strong>ob</strong></span> <span class='ocrx_word' id='word_1_435' title='bbox 419 3101 497 3126; x_wconf 89' lang='lat' dir='ltr'><strong>eam</strong></span> <span class='ocrx_word' id='word_1_436' title='bbox 527 3101 620 3135; x_wconf 91' lang='lat' dir='ltr'><strong>rem,</strong></span> <span class='ocrx_word' id='word_1_437' title='bbox 653 3102 685 3127; x_wconf 92' lang='lat' dir='ltr'><strong>si</strong></span> <span class='ocrx_word' id='word_1_438' title='bbox 714 3095 801 3129; x_wconf 89' lang='lat' dir='ltr'><strong>tunc</strong></span> <span class='ocrx_word' id='word_1_439' title='bbox 832 3093 924 3129; x_wconf 89' lang='lat' dir='ltr'><strong>liber</strong></span> <span class='ocrx_word' id='word_1_440' title='bbox 953 3093 1102 3136; x_wconf 86' lang='lat' dir='ltr'><strong>fuisset,</strong></span> <span class='ocrx_word' id='word_1_441' title='bbox 1142 3104 1223 3128; x_wconf 90' lang='lat' dir='ltr'><strong>eum</strong></span> 
     </span>
     <span class='ocr_line' id='line_1_61' title="bbox 137 3135 1222 3184; baseline 0.003 -13"><span class='ocrx_word' id='word_1_442' title='bbox 137 3137 222 3172; x_wconf 87' lang='lat' dir='ltr'><strong>mihi</strong></span> <span class='ocrx_word' id='word_1_443' title='bbox 256 3135 342 3172; x_wconf 91' lang='lat' dir='ltr'><strong>dare</strong></span> <span class='ocrx_word' id='word_1_444' title='bbox 377 3140 578 3182; x_wconf 87' lang='lat' dir='ltr'><strong>oporteret,</strong></span> <span class='ocrx_word' id='word_1_445' title='bbox 614 3136 652 3172; x_wconf 89' lang='lat' dir='ltr'><strong>id</strong></span> <span class='ocrx_word' id='word_1_446' title='bbox 684 3136 780 3182; x_wconf 90' lang='lat' dir='ltr'><strong>dari,</strong></span> <span class='ocrx_word' id='word_1_447' title='bbox 815 3138 941 3174; x_wconf 90' lang='lat' dir='ltr'><strong>deinde</strong></span> <span class='ocrx_word' id='word_1_448' title='bbox 971 3149 1017 3174; x_wconf 89' lang='lat' dir='ltr'><strong>ex</strong></span> <span class='ocrx_word' id='word_1_449' title='bbox 1047 3138 1222 3184; x_wconf 89' lang='lat' dir='ltr'><strong>stipulatu</strong></span> 
     </span>
     <span class='ocr_line' id='line_1_62' title="bbox 135 3181 1222 3229; baseline 0.001 -12"><span class='ocrx_word' id='word_1_450' title='bbox 135 3192 256 3227; x_wconf 87' lang='lat' dir='ltr'><strong>agam,</strong></span> <span class='ocrx_word' id='word_1_451' title='bbox 289 3192 361 3217; x_wconf 92' lang='lat' dir='ltr'><strong>non</strong></span> <span class='ocrx_word' id='word_1_452' title='bbox 392 3181 602 3218; x_wconf 84' lang='lat' dir='ltr'><strong>summoveri</strong></span> <span class='ocrx_word' id='word_1_453' title='bbox 630 3191 687 3217; x_wconf 90' lang='lat' dir='ltr'><strong>me</strong></span> <span class='ocrx_word' id='word_1_454' title='bbox 719 3183 946 3229; x_wconf 75' lang='lat' dir='ltr'><strong>exceptione:</strong></span> <span class='ocrx_word' id='word_1_455' title='bbox 984 3194 1101 3229; x_wconf 89' lang='lat' dir='ltr'><strong>neque</strong></span> <span class='ocrx_word' id='word_1_456' title='bbox 1129 3184 1222 3219; x_wconf 92' lang='lat' dir='ltr'><strong>enim</strong></span> 
     </span>
     <span class='ocr_line' id='line_1_63' title="bbox 137 3227 1222 3273; baseline 0.001 -10"><span class='ocrx_word' id='word_1_457' title='bbox 137 3231 323 3263; x_wconf 88' lang='lat' dir='ltr'><strong>oneratum</strong></span> <span class='ocrx_word' id='word_1_458' title='bbox 354 3237 393 3263; x_wconf 91' lang='lat' dir='ltr'><strong>se</strong></span> <span class='ocrx_word' id='word_1_459' title='bbox 425 3227 494 3262; x_wconf 92' lang='lat' dir='ltr'><strong>hoc</strong></span> <span class='ocrx_word' id='word_1_460' title='bbox 524 3227 667 3262; x_wconf 91' lang='lat' dir='ltr'><strong>nomine</strong></span> <span class='ocrx_word' id='word_1_461' title='bbox 702 3231 821 3272; x_wconf 89' lang='lat' dir='ltr'><strong>potest</strong></span> <span class='ocrx_word' id='word_1_462' title='bbox 851 3229 954 3273; x_wconf 90' lang='lat' dir='ltr'><strong>queri</strong></span> <span class='ocrx_word' id='word_1_463' title='bbox 984 3229 1155 3272; x_wconf 91' lang='lat' dir='ltr'><strong>libertus,</strong></span> <span class='ocrx_word' id='word_1_464' title='bbox 1192 3229 1222 3264; x_wconf 91' lang='lat' dir='ltr'><strong>si</strong></span> 
     </span>
     <span class='ocr_line' id='line_1_64' title="bbox 137 3272 1222 3319; baseline 0.003 -13"><span class='ocrx_word' id='word_1_465' title='bbox 137 3275 155 3306; x_wconf 88' lang='lat'>5</span> <span class='ocrx_word' id='word_1_466' title='bbox 203 3272 344 3307; x_wconf 88' lang='lat' dir='ltr'><strong>lucrum</strong></span> <span class='ocrx_word' id='word_1_467' title='bbox 361 3273 555 3317; x_wconf 89' lang='lat' dir='ltr'><strong>abruptum</strong></span> <span class='ocrx_word' id='word_1_468' title='bbox 567 3282 610 3308; x_wconf 89' lang='lat' dir='ltr'><strong>ex</strong></span> <span class='ocrx_word' id='word_1_469' title='bbox 630 3282 670 3307; x_wconf 90' lang='lat' dir='ltr'><strong>re</strong></span> <span class='ocrx_word' id='word_1_470' title='bbox 688 3273 832 3317; x_wconf 88' lang='lat' dir='ltr'><strong>patroni</strong></span> <span class='ocrx_word' id='word_1_471' title='bbox 852 3284 923 3310; x_wconf 91' lang='lat' dir='ltr'><strong>non</strong></span> <span class='ocrx_word' id='word_1_472' title='bbox 939 3273 1052 3310; x_wconf 84' lang='lat' dir='ltr'><strong>faciat</strong></span> <span class='ocrx_word' id='word_1_473' title='bbox 1060 3276 1085 3311; x_wconf 87' lang='lat'><strong>⁷.</strong></span> <span class='ocrx_word' id='word_1_474' title='bbox 1122 3273 1222 3319; x_wconf 78' lang='lat' dir='ltr'><strong>Quae</strong></span> 
     </span>
     <span class='ocr_line' id='line_1_65' title="bbox 137 3317 1221 3363; baseline 0.003 -11"><span class='ocrx_word' id='word_1_475' title='bbox 137 3317 340 3353; x_wconf 82' lang='lat' dir='ltr'><strong>onerandae</strong></span> <span class='ocrx_word' id='word_1_476' title='bbox 361 3317 538 3353; x_wconf 86' lang='lat' dir='ltr'><strong>libertatis</strong></span> <span class='ocrx_word' id='word_1_477' title='bbox 562 3327 672 3354; x_wconf 87' lang='lat' dir='ltr'><strong>causa</strong></span> <span class='ocrx_word' id='word_1_478' title='bbox 695 3317 888 3363; x_wconf 87' lang='lat' dir='ltr'><strong>stipulatus</strong></span> <span class='ocrx_word' id='word_1_479' title='bbox 911 3330 1009 3363; x_wconf 89' lang='lat' dir='ltr'><strong>sum,</strong></span> <span class='ocrx_word' id='word_1_480' title='bbox 1040 3329 1063 3355; x_wconf 89' lang='lat' dir='ltr'><strong>a</strong></span> <span class='ocrx_word' id='word_1_481' title='bbox 1092 3319 1221 3355; x_wconf 91' lang='lat' dir='ltr'><strong>liberto</strong></span> 
     </span>
     <span class='ocr_line' id='line_1_66' title="bbox 138 3362 1221 3406; baseline 0.002 -9"><span class='ocrx_word' id='word_1_482' title='bbox 138 3362 277 3406; x_wconf 82' lang='lat' dir='ltr'><strong>exigere</strong></span> <span class='ocrx_word' id='word_1_483' title='bbox 316 3373 389 3398; x_wconf 92' lang='lat' dir='ltr'><strong>non</strong></span> <span class='ocrx_word' id='word_1_484' title='bbox 456 3373 585 3398; x_wconf 88' lang='lat' dir='ltr'><strong>ossum.</strong></span> <span class='ocrx_word' id='word_1_485' title='bbox 645 3362 847 3399; x_wconf 87' lang='lat' dir='ltr'><strong>onerandae</strong></span> <span class='ocrx_word' id='word_1_486' title='bbox 889 3366 1010 3400; x_wconf 84' lang='lat' dir='ltr'><strong>autem</strong></span> <span class='ocrx_word' id='word_1_487' title='bbox 1043 3365 1221 3401; x_wconf 88' lang='lat' dir='ltr'><strong>libertatis</strong></span> 
     </span>
     <span class='ocr_line' id='line_1_67' title="bbox 137 3406 1221 3489; baseline 0.005 -47"><span class='ocrx_word' id='word_1_488' title='bbox 137 3417 248 3442; x_wconf 87' lang='lat' dir='ltr'><strong>causa</strong></span> <span class='ocrx_word' id='word_1_489' title='bbox 269 3406 369 3442; x_wconf 86' lang='lat' dir='ltr'><strong>facta</strong></span> <span class='ocrx_word' id='word_1_490' title='bbox 387 3407 431 3443; x_wconf 90' lang='lat' dir='ltr'><strong>be</strong></span> <span class='ocrx_word' id='word_1_491' title='bbox 461 3407 469 3416; x_wconf 80' lang='lat'>⁸</span> <span class='ocrx_word' id='word_1_492' title='bbox 491 3408 578 3444; x_wconf 92' lang='lat' dir='ltr'><strong>sime</strong></span> <span class='ocrx_word' id='word_1_493' title='bbox 598 3407 650 3443; x_wconf 85' lang='grc'><strong>110</strong></span> <span class='ocrx_word' id='word_1_494' title='bbox 669 3407 898 3452; x_wconf 87' lang='lat' dir='ltr'><strong>definiuntur,</strong></span> <span class='ocrx_word' id='word_1_495' title='bbox 920 3420 1014 3489; x_wconf 58' lang='grc'>3000</span> <span class='ocrx_word' id='word_1_496' title='bbox 1032 3410 1086 3446; x_wconf 88' lang='lat' dir='ltr'><strong>ita</strong></span> <span class='ocrx_word' id='word_1_497' title='bbox 1108 3410 1221 3455; x_wconf 90' lang='lat' dir='ltr'><strong>impo-</strong></span> 
     </span>
     <span class='ocr_line' id='line_1_68' title="bbox 136 3452 1222 3501; baseline 0.003 -14"><span class='ocrx_word' id='word_1_498' title='bbox 136 3456 282 3494; x_wconf 87' lang='lat' dir='ltr'><strong>nuntur,</strong></span> <span class='ocrx_word' id='word_1_499' title='bbox 306 3456 357 3495; x_wconf 90' lang='lat' dir='ltr'><strong>ut,</strong></span> <span class='ocrx_word' id='word_1_500' title='bbox 381 3452 414 3488; x_wconf 90' lang='lat' dir='ltr'><strong>si</strong></span> <span class='ocrx_word' id='word_1_501' title='bbox 436 3456 627 3498; x_wconf 89' lang='lat' dir='ltr'><strong>patronum</strong></span> <span class='ocrx_word' id='word_1_502' title='bbox 649 3452 799 3489; x_wconf 89' lang='lat' dir='ltr'><strong>libertus</strong></span> <span class='ocrx_word' id='word_1_503' title='bbox 824 3452 919 3489; x_wconf 85' lang='lat' dir='ltr'><strong>offen</strong></span> <span class='ocrx_word' id='word_1_504' title='bbox 943 3454 1028 3497; x_wconf 90' lang='lat' dir='ltr'><strong>erit,</strong></span> <span class='ocrx_word' id='word_1_505' title='bbox 1052 3458 1222 3501; x_wconf 88' lang='lat' dir='ltr'><strong>petantur</strong></span> 
     </span>
     <span class='ocr_line' id='line_1_69' title="bbox 136 3497 1219 3544; baseline 0.004 -13"><span class='ocrx_word' id='word_1_506' title='bbox 136 3497 181 3532; x_wconf 87' lang='lat' dir='ltr'><strong>ab</strong></span> <span class='ocrx_word' id='word_1_507' title='bbox 213 3507 255 3532; x_wconf 94' lang='lat' dir='ltr'><strong>eo</strong></span> <span class='ocrx_word' id='word_1_508' title='bbox 285 3507 492 3542; x_wconf 90' lang='lat' dir='ltr'><strong>semperque</strong></span> <span class='ocrx_word' id='word_1_509' title='bbox 524 3497 571 3534; x_wconf 91' lang='lat' dir='ltr'><strong>sit</strong></span> <span class='ocrx_word' id='word_1_510' title='bbox 600 3501 698 3533; x_wconf 90' lang='lat' dir='ltr'><strong>metu</strong></span> <span class='ocrx_word' id='word_1_511' title='bbox 732 3498 929 3535; x_wconf 81' lang='lat' dir='ltr'><strong>exactionis</strong></span> <span class='ocrx_word' id='word_1_512' title='bbox 962 3504 995 3535; x_wconf 90' lang='lat' dir='ltr'><strong>ei</strong></span> <span class='ocrx_word' id='word_1_513' title='bbox 1025 3499 1219 3544; x_wconf 86' lang='lat' dir='ltr'><strong>subiectus,</strong></span> 
     </span>
    </p>
   </div>
   <div class='ocr_carea' id='block_1_5' title="bbox 136 3610 1222 3835">
    <p class='ocr_par' dir='ltr' id='par_1_6' title="bbox 136 3610 1220 3687">
     <span class='ocr_line' id='line_1_70' title="bbox 136 3610 1220 3687; baseline 0.002 -43"><span class='ocrx_word' id='word_1_514' title='bbox 136 3611 176 3687; x_wconf 58' lang='lat' dir='ltr'><strong>hl)</strong></span> <span class='ocrx_word' id='word_1_515' title='bbox 200 3610 263 3644; x_wconf 85' lang='lat' dir='ltr'><strong>hae</strong></span> <span class='ocrx_word' id='word_1_516' title='bbox 274 3610 309 3643; x_wconf 84' lang='lat' dir='ltr'><em>F</em></span> <span class='ocrx_word' id='word_1_517' title='bbox 370 3611 413 3651; x_wconf 82' lang='grc'><strong>(2)</strong></span> <span class='ocrx_word' id='word_1_518' title='bbox 438 3610 499 3653; x_wconf 81' lang='lat' dir='ltr'><strong>qui</strong></span> <span class='ocrx_word' id='word_1_519' title='bbox 511 3611 585 3654; x_wconf 70' lang='lat' dir='ltr'><strong>del„</strong></span> <span class='ocrx_word' id='word_1_520' title='bbox 597 3612 663 3645; x_wconf 74' lang='lat' dir='ltr'><strong>nisi</strong></span> <span class='ocrx_word' id='word_1_521' title='bbox 672 3612 834 3655; x_wconf 81' lang='lat' dir='ltr'><strong>quaedam</strong></span> <span class='ocrx_word' id='word_1_522' title='bbox 847 3612 1034 3646; x_wconf 70' lang='lat' dir='ltr'><strong>exciderunt</strong></span> <span class='ocrx_word' id='word_1_523' title='bbox 1096 3613 1142 3656; x_wconf 80' lang='grc'><strong>(3)</strong></span> <span class='ocrx_word' id='word_1_524' title='bbox 1166 3623 1220 3646; x_wconf 90' lang='lat' dir='ltr'><strong>co·</strong></span> 
     </span>
    </p>

    <p class='ocr_par' dir='ltr' id='par_1_7' title="bbox 136 3654 1222 3835">
     <span class='ocr_line' id='line_1_71' title="bbox 161 3654 846 3743; baseline 0.001 -10"><span class='ocrx_word' id='word_1_525' title='bbox 161 3654 372 3739; x_wconf 47' lang='lat' dir='ltr'><strong>‘fffflgffi-</strong></span> <span class='ocrx_word' id='word_1_526' title='bbox 386 3700 470 3734; x_wconf 61' lang='lat' dir='ltr'><strong>Bas.</strong></span> <span class='ocrx_word' id='word_1_527' title='bbox 485 3701 540 3742; x_wconf 82' lang='lat'><strong>51,</strong></span> <span class='ocrx_word' id='word_1_528' title='bbox 553 3707 570 3734; x_wconf 71' lang='lat' dir='ltr'><strong>e</strong></span> <span class='ocrx_word' id='word_1_529' title='bbox 686 3702 731 3743; x_wconf 71' lang='lat'><strong>(⁵)</strong></span> <span class='ocrx_word' id='word_1_530' title='bbox 755 3710 792 3734; x_wconf 77' lang='lat' dir='ltr'><strong>re</strong></span> <span class='ocrx_word' id='word_1_531' title='bbox 811 3700 846 3734; x_wconf 77' lang='lat' dir='ltr'><em>F</em></span> 
     </span>
     <span class='ocr_line' id='line_1_72' title="bbox 136 3743 1222 3790; baseline 0.005 -13"><span class='ocrx_word' id='word_1_532' title='bbox 136 3746 270 3778; x_wconf 83' lang='lat' dir='ltr'><strong>auctore</strong></span> <span class='ocrx_word' id='word_1_533' title='bbox 283 3745 320 3777; x_wconf 87' lang='lat' dir='ltr'><strong>in</strong></span> <span class='ocrx_word' id='word_1_534' title='bbox 332 3744 460 3778; x_wconf 80' lang='lat' dir='ltr'><strong>iudicio</strong></span> <span class='ocrx_word' id='word_1_535' title='bbox 471 3743 593 3778; x_wconf 85' lang='lat' dir='ltr'><strong>delatio</strong></span> <span class='ocrx_word' id='word_1_536' title='bbox 605 3745 693 3779; x_wconf 85' lang='lat' dir='ltr'><strong>facta</strong></span> <span class='ocrx_word' id='word_1_537' title='bbox 704 3746 749 3779; x_wconf 85' lang='lat' dir='ltr'><strong>sit</strong></span> <span class='ocrx_word' id='word_1_538' title='bbox 768 3746 830 3779; x_wconf 72' lang='lat' dir='ltr'><strong>del.</strong></span> <span class='ocrx_word' id='word_1_539' title='bbox 844 3746 885 3780; x_wconf 88' lang='lat' dir='ltr'><strong>P.</strong></span> <span class='ocrx_word' id='word_1_540' title='bbox 899 3746 1006 3780; x_wconf 76' lang='lat' dir='ltr'><strong>Faber</strong></span> <span class='ocrx_word' id='word_1_541' title='bbox 1121 3750 1164 3790; x_wconf 84' lang='lat'><strong>(7)</strong></span> <span class='ocrx_word' id='word_1_542' title='bbox 1188 3759 1222 3781; x_wconf 78' lang='lat' dir='ltr'><strong>se</strong></span> 
     </span>
     <span class='ocr_line' id='line_1_73' title="bbox 137 3789 1220 3835; baseline 0.004 -13"><span class='ocrx_word' id='word_1_543' title='bbox 137 3789 279 3823; x_wconf 74' lang='lat' dir='ltr'><strong>vinciret</strong></span> <span class='ocrx_word' id='word_1_544' title='bbox 290 3802 351 3823; x_wconf 78' lang='lat' dir='ltr'><strong>scr.</strong></span> <span class='ocrx_word' id='word_1_545' title='bbox 361 3802 374 3822; x_wconf 88' lang='lat'><strong>.·</strong></span> <span class='ocrx_word' id='word_1_546' title='bbox 393 3791 505 3834; x_wconf 80' lang='lat' dir='ltr'><strong>capita</strong></span> <span class='ocrx_word' id='word_1_547' title='bbox 518 3797 620 3824; x_wconf 81' lang='lat' dir='ltr'><strong>autem</strong></span> <span class='ocrx_word' id='word_1_548' title='bbox 632 3792 681 3825; x_wconf 77' lang='lat' dir='ltr'><strong>sic</strong></span> <span class='ocrx_word' id='word_1_549' title='bbox 694 3792 811 3825; x_wconf 81' lang='lat' dir='ltr'><strong>ordina</strong></span> <span class='ocrx_word' id='word_1_550' title='bbox 820 3804 831 3825; x_wconf 91' lang='lat'><strong>.·</strong></span> <span class='ocrx_word' id='word_1_551' title='bbox 850 3799 877 3825; x_wconf 73' lang='lat'><strong>5.</strong></span> <span class='ocrx_word' id='word_1_552' title='bbox 888 3798 916 3825; x_wconf 74' lang='lat'><strong>8.</strong></span> <span class='ocrx_word' id='word_1_553' title='bbox 927 3799 954 3825; x_wconf 84' lang='lat'><strong>4.</strong></span> <span class='ocrx_word' id='word_1_554' title='bbox 966 3799 980 3826; x_wconf 75' lang='grc' dir='ltr'><em>ἰ</em></span> <span class='ocrx_word' id='word_1_555' title='bbox 1038 3794 1083 3835; x_wconf 86' lang='grc'>(8)</span> <span class='ocrx_word' id='word_1_556' title='bbox 1104 3804 1220 3826; x_wconf 71' lang='lat' dir='ltr'><strong>maw-</strong></span> 
     </span>
    </p>
   </div>
   <div class='ocr_carea' id='block_1_6' title="bbox 1210 148 1294 201">
    <p class='ocr_par' dir='ltr' id='par_1_8' title="bbox 1210 148 1294 201">
     <span class='ocr_line' id='line_1_74' title="bbox 1210 148 1294 201; baseline -0.048 0"><span class='ocrx_word' id='word_1_557' title='bbox 1210 148 1294 201; x_wconf 77' lang='lat'><strong>715</strong></span> 
     </span>
    </p>
   </div>
   <div class='ocr_carea' id='block_1_7' title="bbox 956 3699 1835 3745">
    <p class='ocr_par' dir='ltr' id='par_1_9' title="bbox 956 3699 1835 3745">
     <span class='ocr_line' id='line_1_75' title="bbox 956 3699 1835 3745; baseline -0.006 -9"><span class='ocrx_word' id='word_1_558' title='bbox 956 3702 1000 3745; x_wconf 74' lang='grc'><strong>(6)</strong></span> <span class='ocrx_word' id='word_1_559' title='bbox 1025 3702 1091 3736; x_wconf 74' lang='lat' dir='ltr'><strong>nisi</strong></span> <span class='ocrx_word' id='word_1_560' title='bbox 1110 3705 1222 3736; x_wconf 85' lang='lat' dir='ltr'><strong>tutore</strong></span> <span class='ocrx_word' id='word_1_561' title='bbox 1291 3701 1489 3735; x_wconf 83' lang='lat' dir='ltr'><strong>existimasse</strong></span> <span class='ocrx_word' id='word_1_562' title='bbox 1500 3702 1639 3736; x_wconf 86' lang='lat' dir='ltr'><strong>Urseius</strong></span> <span class='ocrx_word' id='word_1_563' title='bbox 1652 3699 1835 3733; x_wconf 65' lang='lat' dir='ltr'><strong>Boot-kalen</strong></span> 
     </span>
    </p>
   </div>
   <div class='ocr_carea' id='block_1_8' title="bbox 1939 160 2380 205">
    <p class='ocr_par' dir='ltr' id='par_1_10' title="bbox 1939 160 2380 205">
     <span class='ocr_line' id='line_1_76' title="bbox 1939 160 2380 205; baseline 0.009 -4"><span class='ocrx_word' id='word_1_564' title='bbox 1939 160 2194 203; x_wconf 89' lang='lat' dir='ltr'>XXXXIIII</span> <span class='ocrx_word' id='word_1_565' title='bbox 2225 164 2262 204; x_wconf 88' lang='grc'><strong>4.</strong></span> <span class='ocrx_word' id='word_1_566' title='bbox 2291 166 2329 205; x_wconf 84' lang='grc'><strong>5.</strong></span> <span class='ocrx_word' id='word_1_567' title='bbox 2355 166 2380 205; x_wconf 87' lang='grc'>6</span> 
     </span>
    </p>
   </div>
   <div class='ocr_carea' id='block_1_9' title="bbox 1291 280 2387 2913">
    <p class='ocr_par' dir='ltr' id='par_1_11' title="bbox 1292 280 2386 2187">
     <span class='ocr_line' id='line_1_77' title="bbox 1293 280 2380 330; baseline 0.008 -17"><span class='ocrx_word' id='word_1_568' title='bbox 1293 281 1442 323; x_wconf 88' lang='lat' dir='ltr'><strong>propter</strong></span> <span class='ocrx_word' id='word_1_569' title='bbox 1466 287 1570 323; x_wconf 91' lang='lat' dir='ltr'><strong>quem</strong></span> <span class='ocrx_word' id='word_1_570' title='bbox 1593 280 1726 313; x_wconf 80' lang='lat' dir='ltr'><strong>metum</strong></span> <span class='ocrx_word' id='word_1_571' title='bbox 1746 280 1894 322; x_wconf 89' lang='lat' dir='ltr'><strong>quodvis</strong></span> <span class='ocrx_word' id='word_1_572' title='bbox 1912 283 2088 319; x_wconf 86' lang='lat' dir='ltr'><strong>sustineat</strong></span> <span class='ocrx_word' id='word_1_573' title='bbox 2105 290 2256 330; x_wconf 86' lang='lat' dir='ltr'><strong>patrono</strong></span> <span class='ocrx_word' id='word_1_574' title='bbox 2275 296 2380 330; x_wconf 84' lang='lat' dir='ltr'><strong>prae-</strong></span> 
     </span>
     <span class='ocr_line' id='line_1_78' title="bbox 1295 321 2380 376; baseline 0.009 -19"><span class='ocrx_word' id='word_1_575' title='bbox 1295 328 1314 358; x_wconf 81' lang='lat'><strong>6</strong></span> <span class='ocrx_word' id='word_1_576' title='bbox 1345 323 1528 376; x_wconf 41' lang='lat' dir='ltr'><strong>pipi-ente.</strong></span> <span class='ocrx_word' id='word_1_577' title='bbox 1576 321 1619 358; x_wconf 93' lang='lat' dir='ltr'><strong>In</strong></span> <span class='ocrx_word' id='word_1_578' title='bbox 1650 333 1787 359; x_wconf 87' lang='lat' dir='ltr'><strong>summa</strong></span> <span class='ocrx_word' id='word_1_579' title='bbox 1818 326 1850 361; x_wconf 88' lang='lat' dir='ltr'><strong>si</strong></span> <span class='ocrx_word' id='word_1_580' title='bbox 1878 327 1917 362; x_wconf 86' lang='lat' dir='ltr'><strong>in</strong></span> <span class='ocrx_word' id='word_1_581' title='bbox 1949 328 2145 365; x_wconf 88' lang='lat' dir='ltr'><strong>continenti</strong></span> <span class='ocrx_word' id='word_1_582' title='bbox 2176 330 2380 376; x_wconf 89' lang='lat' dir='ltr'><strong>impositum</strong></span> 
     </span>
     <span class='ocr_line' id='line_1_79' title="bbox 1294 368 2380 420; baseline 0.005 -17"><span class='ocrx_word' id='word_1_583' title='bbox 1294 368 1379 420; x_wconf 82' lang='lat' dir='ltr'><strong>quid</strong></span> <span class='ocrx_word' id='word_1_584' title='bbox 1410 370 1458 405; x_wconf 88' lang='lat' dir='ltr'><strong>sit</strong></span> <span class='ocrx_word' id='word_1_585' title='bbox 1487 368 1632 412; x_wconf 83' lang='lat' dir='ltr'><strong>hberto‚</strong></span> <span class='ocrx_word' id='word_1_586' title='bbox 1670 368 1765 413; x_wconf 91' lang='lat' dir='ltr'><strong>quod</strong></span> <span class='ocrx_word' id='word_1_587' title='bbox 1798 371 2114 417; x_wconf 62' lang='grc' dir='ltr'><strong>ἐπαιωρούμενωι8</strong></span> <span class='ocrx_word' id='word_1_588' title='bbox 2149 380 2272 412; x_wconf 81' lang='lat' dir='ltr'><strong>oneret</strong></span> <span class='ocrx_word' id='word_1_589' title='bbox 2303 376 2380 412; x_wconf 69' lang='lat' dir='ltr'><strong>eiu.</strong></span> 
     </span>
     <span class='ocr_line' id='line_1_80' title="bbox 1293 412 2379 462; baseline 0.008 -14"><span class='ocrx_word' id='word_1_590' title='bbox 1293 413 1513 456; x_wconf 89' lang='lat' dir='ltr'><strong>hbertatem,</strong></span> <span class='ocrx_word' id='word_1_591' title='bbox 1547 412 1738 448; x_wconf 85' lang='lat' dir='ltr'><strong>dicendum</strong></span> <span class='ocrx_word' id='word_1_592' title='bbox 1768 418 1823 450; x_wconf 87' lang='lat' dir='ltr'><strong>est</strong></span> <span class='ocrx_word' id='word_1_593' title='bbox 1854 418 2055 462; x_wconf 87' lang='lat' dir='ltr'><strong>exceptioni</strong></span> <span class='ocrx_word' id='word_1_594' title='bbox 2090 420 2209 456; x_wconf 87' lang='lat' dir='ltr'><strong>locum</strong></span> <span class='ocrx_word' id='word_1_595' title='bbox 2246 420 2379 457; x_wconf 86' lang='lat' dir='ltr'><strong>facere.</strong></span> 
     </span>
     <span class='ocr_line' id='line_1_81' title="bbox 1293 458 2380 510; baseline 0.009 -17"><span class='ocrx_word' id='word_1_596' title='bbox 1293 459 1356 494; x_wconf 87' lang='lat' dir='ltr'><strong>sed</strong></span> <span class='ocrx_word' id='word_1_597' title='bbox 1380 459 1412 494; x_wconf 90' lang='lat' dir='ltr'><strong>si</strong></span> <span class='ocrx_word' id='word_1_598' title='bbox 1434 463 1517 504; x_wconf 91' lang='lat' dir='ltr'><strong>post</strong></span> <span class='ocrx_word' id='word_1_599' title='bbox 1540 458 1785 502; x_wconf 84' lang='lat' dir='ltr'><strong>intervallum,</strong></span> <span class='ocrx_word' id='word_1_600' title='bbox 1815 460 1926 497; x_wconf 87' lang='lat' dir='ltr'><strong>habet</strong></span> <span class='ocrx_word' id='word_1_601' title='bbox 1948 463 2087 507; x_wconf 88' lang='lat' dir='ltr'><strong>quidem</strong></span> <span class='ocrx_word' id='word_1_602' title='bbox 2112 464 2380 510; x_wconf 88' lang='lat' dir='ltr'><strong>dubitationem,</strong></span> 
     </span>
     <span class='ocr_line' id='line_1_82' title="bbox 1294 505 2381 552; baseline 0.009 -14"><span class='ocrx_word' id='word_1_603' title='bbox 1294 505 1378 550; x_wconf 86' lang='lat' dir='ltr'><strong>quia</strong></span> <span class='ocrx_word' id='word_1_604' title='bbox 1408 514 1511 540; x_wconf 89' lang='lat' dir='ltr'><strong>nemo</strong></span> <span class='ocrx_word' id='word_1_605' title='bbox 1543 514 1624 539; x_wconf 91' lang='lat' dir='ltr'><strong>eum</strong></span> <span class='ocrx_word' id='word_1_606' title='bbox 1655 505 1807 549; x_wconf 89' lang='lat' dir='ltr'><strong>cogebat</strong></span> <span class='ocrx_word' id='word_1_607' title='bbox 1836 506 1906 541; x_wconf 87' lang='lat' dir='ltr'><strong>hoc</strong></span> <span class='ocrx_word' id='word_1_608' title='bbox 1937 509 2161 552; x_wconf 84' lang='lat' dir='ltr'><strong>promittere:</strong></span> <span class='ocrx_word' id='word_1_609' title='bbox 2197 511 2260 547; x_wconf 88' lang='lat' dir='ltr'><strong>sed</strong></span> <span class='ocrx_word' id='word_1_610' title='bbox 2287 511 2381 547; x_wconf 92' lang='lat' dir='ltr'><strong>idem</strong></span> 
     </span>
     <span class='ocr_line' id='line_1_83' title="bbox 1295 549 2381 601; baseline 0.008 -17"><span class='ocrx_word' id='word_1_611' title='bbox 1295 550 1362 585; x_wconf 88' lang='lat' dir='ltr'><strong>erit</strong></span> <span class='ocrx_word' id='word_1_612' title='bbox 1421 549 1624 585; x_wconf 87' lang='lat' dir='ltr'><strong>robandum</strong></span> <span class='ocrx_word' id='word_1_613' title='bbox 1657 553 1693 585; x_wconf 89' lang='lat' dir='ltr'><strong>et</strong></span> <span class='ocrx_word' id='word_1_614' title='bbox 1725 549 1802 594; x_wconf 89' lang='lat' dir='ltr'><strong>hic,</strong></span> <span class='ocrx_word' id='word_1_615' title='bbox 1846 554 1965 588; x_wconf 90' lang='lat' dir='ltr'><strong>tamen</strong></span> <span class='ocrx_word' id='word_1_616' title='bbox 2008 564 2119 590; x_wconf 86' lang='lat' dir='ltr'><strong>causa</strong></span> <span class='ocrx_word' id='word_1_617' title='bbox 2155 556 2313 601; x_wconf 86' lang='lat' dir='ltr'><strong>cognita,</strong></span> <span class='ocrx_word' id='word_1_618' title='bbox 2349 557 2381 593; x_wconf 91' lang='lat' dir='ltr'><strong>si</strong></span> 
     </span>
     <span class='ocr_line' id='line_1_84' title="bbox 1294 594 2379 647; baseline 0.007 -17"><span class='ocrx_word' id='word_1_619' title='bbox 1294 595 1381 640; x_wconf 89' lang='lat' dir='ltr'><strong>liqui</strong></span> <span class='ocrx_word' id='word_1_620' title='bbox 1407 605 1428 631; x_wconf 94' lang='grc'>0</span> <span class='ocrx_word' id='word_1_621' title='bbox 1451 598 1628 640; x_wconf 87' lang='lat' dir='ltr'><strong>appareat</strong></span> <span class='ocrx_word' id='word_1_622' title='bbox 1656 594 1825 631; x_wconf 88' lang='lat' dir='ltr'><strong>libertum</strong></span> <span class='ocrx_word' id='word_1_623' title='bbox 1852 600 1948 632; x_wconf 88' lang='lat' dir='ltr'><strong>metu</strong></span> <span class='ocrx_word' id='word_1_624' title='bbox 1973 599 2047 634; x_wconf 90' lang='lat' dir='ltr'><strong>solo</strong></span> <span class='ocrx_word' id='word_1_625' title='bbox 2072 600 2125 635; x_wconf 90' lang='lat' dir='ltr'><strong>vel</strong></span> <span class='ocrx_word' id='word_1_626' title='bbox 2149 602 2283 637; x_wconf 80' lang='lat' dir='ltr'><strong>nimia⁹</strong></span> <span class='ocrx_word' id='word_1_627' title='bbox 2315 613 2379 647; x_wconf 90' lang='lat' dir='ltr'><strong>pa-</strong></span> 
     </span>
     <span class='ocr_line' id='line_1_85' title="bbox 1294 639 2382 692; baseline 0.007 -17"><span class='ocrx_word' id='word_1_628' title='bbox 1294 644 1399 676; x_wconf 87' lang='lat' dir='ltr'><strong>trono</strong></span> <span class='ocrx_word' id='word_1_629' title='bbox 1437 639 1639 676; x_wconf 85' lang='lat' dir='ltr'><strong>reverentia</strong></span> <span class='ocrx_word' id='word_1_630' title='bbox 1676 640 1729 676; x_wconf 92' lang='lat' dir='ltr'><strong>ita</strong></span> <span class='ocrx_word' id='word_1_631' title='bbox 1766 651 1806 676; x_wconf 88' lang='grc'><strong>80</strong></span> <span class='ocrx_word' id='word_1_632' title='bbox 1836 642 2049 686; x_wconf 89' lang='lat' dir='ltr'><strong>subiecisse,</strong></span> <span class='ocrx_word' id='word_1_633' title='bbox 2085 649 2125 679; x_wconf 88' lang='lat' dir='ltr'><strong>ut</strong></span> <span class='ocrx_word' id='word_1_634' title='bbox 2154 646 2210 682; x_wconf 87' lang='lat' dir='ltr'><strong>vel</strong></span> <span class='ocrx_word' id='word_1_635' title='bbox 2240 647 2382 692; x_wconf 88' lang='lat' dir='ltr'><strong>poenali</strong></span> 
     </span>
     <span class='ocr_line' id='line_1_86' title="bbox 1295 685 2379 732; baseline 0.007 -12"><span class='ocrx_word' id='word_1_636' title='bbox 1295 689 1313 719; x_wconf 85' lang='lat'><strong>7</strong></span> <span class='ocrx_word' id='word_1_637' title='bbox 1362 685 1515 731; x_wconf 85' lang='lat' dir='ltr'><strong>quadam</strong></span> <span class='ocrx_word' id='word_1_638' title='bbox 1547 685 1780 732; x_wconf 88' lang='lat' dir='ltr'><strong>stipulatione</strong></span> <span class='ocrx_word' id='word_1_639' title='bbox 1811 696 1851 722; x_wconf 92' lang='lat' dir='ltr'><strong>se</strong></span> <span class='ocrx_word' id='word_1_640' title='bbox 1881 688 2096 726; x_wconf 87' lang='lat' dir='ltr'><strong>subiceret⁷.</strong></span> <span class='ocrx_word' id='word_1_641' title='bbox 2144 690 2182 726; x_wconf 84' lang='lat' dir='ltr'><strong>Si</strong></span> <span class='ocrx_word' id='word_1_642' title='bbox 2203 691 2379 728; x_wconf 87' lang='lat' dir='ltr'><strong>libertatis</strong></span> 
     </span>
     <span class='ocr_line' id='line_1_87' title="bbox 1295 731 2381 779; baseline 0.006 -13"><span class='ocrx_word' id='word_1_643' title='bbox 1295 741 1407 767; x_wconf 88' lang='lat' dir='ltr'><strong>causa</strong></span> <span class='ocrx_word' id='word_1_644' title='bbox 1441 731 1652 767; x_wconf 87' lang='lat' dir='ltr'><strong>societatem</strong></span> <span class='ocrx_word' id='word_1_645' title='bbox 1686 731 1837 767; x_wconf 90' lang='lat' dir='ltr'><strong>libertus</strong></span> <span class='ocrx_word' id='word_1_646' title='bbox 1880 743 1962 768; x_wconf 93' lang='lat' dir='ltr'><strong>cum</strong></span> <span class='ocrx_word' id='word_1_647' title='bbox 2002 736 2151 779; x_wconf 89' lang='lat' dir='ltr'><strong>patrono</strong></span> <span class='ocrx_word' id='word_1_648' title='bbox 2186 737 2312 773; x_wconf 88' lang='lat' dir='ltr'><strong>coierit</strong></span> <span class='ocrx_word' id='word_1_649' title='bbox 2345 742 2381 773; x_wconf 90' lang='lat' dir='ltr'><strong>et</strong></span> 
     </span>
     <span class='ocr_line' id='line_1_88' title="bbox 1293 777 2380 824; baseline 0.006 -13"><span class='ocrx_word' id='word_1_650' title='bbox 1293 780 1470 822; x_wconf 89' lang='lat' dir='ltr'><strong>patronus</strong></span> <span class='ocrx_word' id='word_1_651' title='bbox 1503 787 1584 812; x_wconf 91' lang='lat' dir='ltr'><strong>cum</strong></span> <span class='ocrx_word' id='word_1_652' title='bbox 1615 777 1744 813; x_wconf 90' lang='lat' dir='ltr'><strong>liberto</strong></span> <span class='ocrx_word' id='word_1_653' title='bbox 1774 788 1840 822; x_wconf 91' lang='lat' dir='ltr'><strong>pro</strong></span> <span class='ocrx_word' id='word_1_654' title='bbox 1870 778 1970 814; x_wconf 92' lang='lat' dir='ltr'><strong>socio</strong></span> <span class='ocrx_word' id='word_1_655' title='bbox 1994 784 2094 824; x_wconf 87' lang='lat' dir='ltr'><strong>agat,</strong></span> <span class='ocrx_word' id='word_1_656' title='bbox 2131 791 2177 816; x_wconf 89' lang='lat' dir='ltr'><strong>an</strong></span> <span class='ocrx_word' id='word_1_657' title='bbox 2205 782 2294 817; x_wconf 87' lang='lat' dir='ltr'><strong>haec</strong></span> <span class='ocrx_word' id='word_1_658' title='bbox 2320 793 2380 817; x_wconf 89' lang='lat' dir='ltr'><strong>ex-</strong></span> 
     </span>
     <span class='ocr_line' id='line_1_89' title="bbox 1295 821 2381 868; baseline 0.006 -11"><span class='ocrx_word' id='word_1_659' title='bbox 1295 822 1412 868; x_wconf 91' lang='lat' dir='ltr'><strong>ceptio</strong></span> <span class='ocrx_word' id='word_1_660' title='bbox 1433 821 1480 858; x_wconf 91' lang='lat' dir='ltr'><strong>sit</strong></span> <span class='ocrx_word' id='word_1_661' title='bbox 1502 822 1730 858; x_wconf 82' lang='lat' dir='ltr'><strong>necessaria?</strong></span> <span class='ocrx_word' id='word_1_662' title='bbox 1755 826 1790 858; x_wconf 90' lang='lat' dir='ltr'><strong>et</strong></span> <span class='ocrx_word' id='word_1_663' title='bbox 1812 826 1901 868; x_wconf 90' lang='lat' dir='ltr'><strong>puto</strong></span> <span class='ocrx_word' id='word_1_664' title='bbox 1924 823 2003 868; x_wconf 89' lang='lat' dir='ltr'><strong>ipso</strong></span> <span class='ocrx_word' id='word_1_665' title='bbox 2026 824 2103 860; x_wconf 85' lang='lat' dir='ltr'><strong>iure</strong></span> <span class='ocrx_word' id='word_1_666' title='bbox 2123 828 2279 862; x_wconf 90' lang='lat' dir='ltr'><strong>tutum¹⁰</strong></span> <span class='ocrx_word' id='word_1_667' title='bbox 2304 838 2381 863; x_wconf 89' lang='lat' dir='ltr'><strong>esse</strong></span> 
     </span>
     <span class='ocr_line' id='line_1_90' title="bbox 1296 867 2380 918; baseline 0.006 -16"><span class='ocrx_word' id='word_1_668' title='bbox 1296 870 1314 902; x_wconf 89' lang='grc'>8</span> <span class='ocrx_word' id='word_1_669' title='bbox 1361 867 1528 903; x_wconf 81' lang='lat' dir='ltr'><strong>libertum</strong></span> <span class='ocrx_word' id='word_1_670' title='bbox 1551 867 1723 903; x_wconf 89' lang='lat' dir='ltr'><strong>adversus</strong></span> <span class='ocrx_word' id='word_1_671' title='bbox 1747 868 1970 904; x_wconf 88' lang='lat' dir='ltr'><strong>exactionem</strong></span> <span class='ocrx_word' id='word_1_672' title='bbox 1994 871 2146 914; x_wconf 90' lang='lat' dir='ltr'><strong>patroni.</strong></span> <span class='ocrx_word' id='word_1_673' title='bbox 2188 872 2380 918; x_wconf 87' lang='lat' dir='ltr'><strong>Exceptio-</strong></span> 
     </span>
     <span class='ocr_line' id='line_1_91' title="bbox 1294 912 2381 957; baseline 0.005 -9"><span class='ocrx_word' id='word_1_674' title='bbox 1294 923 1375 948; x_wconf 90' lang='lat' dir='ltr'><strong>nem</strong></span> <span class='ocrx_word' id='word_1_675' title='bbox 1411 912 1615 949; x_wconf 87' lang='lat' dir='ltr'><strong>onerandae</strong></span> <span class='ocrx_word' id='word_1_676' title='bbox 1649 913 1827 949; x_wconf 87' lang='lat' dir='ltr'><strong>libertatis</strong></span> <span class='ocrx_word' id='word_1_677' title='bbox 1863 924 1991 957; x_wconf 89' lang='lat' dir='ltr'><strong>causa,</strong></span> <span class='ocrx_word' id='word_1_678' title='bbox 2035 916 2131 951; x_wconf 90' lang='lat' dir='ltr'><strong>sicut</strong></span> <span class='ocrx_word' id='word_1_679' title='bbox 2171 920 2206 952; x_wconf 89' lang='lat' dir='ltr'><strong>et</strong></span> <span class='ocrx_word' id='word_1_680' title='bbox 2245 922 2381 954; x_wconf 81' lang='lat' dir='ltr'><strong>ceteras</strong></span> 
     </span>
     <span class='ocr_line' id='line_1_92' title="bbox 1292 958 2381 1007; baseline 0.005 -14"><span class='ocrx_word' id='word_1_681' title='bbox 1292 958 1497 995; x_wconf 88' lang='lat' dir='ltr'><strong>fideiussori</strong></span> <span class='ocrx_word' id='word_1_682' title='bbox 1520 969 1593 994; x_wconf 92' lang='lat' dir='ltr'><strong>non</strong></span> <span class='ocrx_word' id='word_1_683' title='bbox 1617 968 1696 995; x_wconf 90' lang='lat' dir='ltr'><strong>esse</strong></span> <span class='ocrx_word' id='word_1_684' title='bbox 1721 958 1947 1004; x_wconf 87' lang='lat' dir='ltr'><strong>denegandas</strong></span> <span class='ocrx_word' id='word_1_685' title='bbox 1961 962 1988 982; x_wconf 83' lang='lat'><strong>¹¹</strong></span> <span class='ocrx_word' id='word_1_686' title='bbox 2020 961 2203 997; x_wconf 90' lang='lat' dir='ltr'><strong>sciendum</strong></span> <span class='ocrx_word' id='word_1_687' title='bbox 2227 966 2291 1007; x_wconf 92' lang='lat' dir='ltr'><strong>est,</strong></span> <span class='ocrx_word' id='word_1_688' title='bbox 2315 973 2381 998; x_wconf 92' lang='lat' dir='ltr'><strong>nec</strong></span> 
     </span>
     <span class='ocr_line' id='line_1_93' title="bbox 1294 1003 2382 1057; baseline 0.004 -18"><span class='ocrx_word' id='word_1_689' title='bbox 1294 1004 1327 1040; x_wconf 90' lang='lat' dir='ltr'><strong>ei</strong></span> <span class='ocrx_word' id='word_1_690' title='bbox 1350 1004 1511 1057; x_wconf 67' lang='lat' dir='ltr'><strong>quidem,</strong></span> <span class='ocrx_word' id='word_1_691' title='bbox 1553 1003 1615 1049; x_wconf 87' lang='lat' dir='ltr'><strong>qui</strong></span> <span class='ocrx_word' id='word_1_692' title='bbox 1645 1008 1774 1057; x_wconf 84' lang='lat' dir='ltr'><strong>rogatu</strong></span> <span class='ocrx_word' id='word_1_693' title='bbox 1804 1005 1924 1041; x_wconf 87' lang='lat' dir='ltr'><strong>liberti</strong></span> <span class='ocrx_word' id='word_1_694' title='bbox 1954 1015 2037 1041; x_wconf 92' lang='lat' dir='ltr'><strong>reus</strong></span> <span class='ocrx_word' id='word_1_695' title='bbox 2066 1006 2184 1042; x_wconf 86' lang='lat' dir='ltr'><strong>factus</strong></span> <span class='ocrx_word' id='word_1_696' title='bbox 2216 1012 2286 1043; x_wconf 91' lang='lat' dir='ltr'><strong>est:</strong></span> <span class='ocrx_word' id='word_1_697' title='bbox 2319 1008 2382 1043; x_wconf 91' lang='lat' dir='ltr'><strong>sed</strong></span> 
     </span>
     <span class='ocr_line' id='line_1_94' title="bbox 1294 1049 2382 1095; baseline 0.004 -11"><span class='ocrx_word' id='word_1_698' title='bbox 1294 1052 1330 1085; x_wconf 90' lang='lat' dir='ltr'><strong>et</strong></span> <span class='ocrx_word' id='word_1_699' title='bbox 1343 1051 1371 1071; x_wconf 79' lang='lat'><strong>¹²</strong></span> <span class='ocrx_word' id='word_1_700' title='bbox 1393 1050 1463 1095; x_wconf 79' lang='lat' dir='ltr'><strong>ipsi</strong></span> <span class='ocrx_word' id='word_1_701' title='bbox 1485 1049 1636 1092; x_wconf 87' lang='lat' dir='ltr'><strong>hberto,</strong></span> <span class='ocrx_word' id='word_1_702' title='bbox 1669 1060 1743 1086; x_wconf 77' lang='lat' dir='ltr'><strong>Sive</strong></span> <span class='ocrx_word' id='word_1_703' title='bbox 1766 1054 1982 1095; x_wconf 89' lang='lat' dir='ltr'><strong>procurator</strong></span> <span class='ocrx_word' id='word_1_704' title='bbox 2005 1051 2053 1086; x_wconf 90' lang='lat' dir='ltr'><strong>ad</strong></span> <span class='ocrx_word' id='word_1_705' title='bbox 2076 1051 2336 1088; x_wconf 89' lang='lat' dir='ltr'><strong>defendendum</strong></span> <span class='ocrx_word' id='word_1_706' title='bbox 2361 1064 2382 1088; x_wconf 90' lang='grc'><strong>0</strong></span> 
     </span>
     <span class='ocr_line' id='line_1_95' title="bbox 1293 1094 2382 1134; baseline 0.004 -4"><span class='ocrx_word' id='word_1_707' title='bbox 1293 1105 1356 1132; x_wconf 88' lang='lat' dir='ltr'><strong>reo</strong></span> <span class='ocrx_word' id='word_1_708' title='bbox 1379 1095 1485 1131; x_wconf 91' lang='lat' dir='ltr'><strong>datus</strong></span> <span class='ocrx_word' id='word_1_709' title='bbox 1509 1094 1620 1131; x_wconf 85' lang='lat' dir='ltr'><strong>fuerit</strong></span> <span class='ocrx_word' id='word_1_710' title='bbox 1650 1095 1724 1131; x_wconf 90' lang='lat' dir='ltr'><strong>sive</strong></span> <span class='ocrx_word' id='word_1_711' title='bbox 1754 1095 1860 1132; x_wconf 90' lang='lat' dir='ltr'><strong>heres</strong></span> <span class='ocrx_word' id='word_1_712' title='bbox 1891 1096 1923 1131; x_wconf 91' lang='lat' dir='ltr'><strong>ei</strong></span> <span class='ocrx_word' id='word_1_713' title='bbox 1948 1096 2136 1132; x_wconf 87' lang='lat' dir='ltr'><strong>exstiterit.</strong></span> <span class='ocrx_word' id='word_1_714' title='bbox 2185 1108 2265 1133; x_wconf 92' lang='lat' dir='ltr'><strong>cum</strong></span> <span class='ocrx_word' id='word_1_715' title='bbox 2290 1098 2382 1134; x_wconf 89' lang='lat' dir='ltr'><strong>enim</strong></span> 
     </span>
     <span class='ocr_line' id='line_1_96' title="bbox 1292 1140 2383 1187; baseline 0.004 -12"><span class='ocrx_word' id='word_1_716' title='bbox 1292 1140 1519 1186; x_wconf 89' lang='lat' dir='ltr'><strong>propositum</strong></span> <span class='ocrx_word' id='word_1_717' title='bbox 1547 1140 1596 1176; x_wconf 88' lang='lat' dir='ltr'><strong>sit</strong></span> <span class='ocrx_word' id='word_1_718' title='bbox 1625 1140 1786 1187; x_wconf 88' lang='lat' dir='ltr'><strong>praetori</strong></span> <span class='ocrx_word' id='word_1_719' title='bbox 1816 1141 1854 1176; x_wconf 92' lang='lat' dir='ltr'><strong>in</strong></span> <span class='ocrx_word' id='word_1_720' title='bbox 1884 1141 2087 1178; x_wconf 86' lang='lat' dir='ltr'><strong>huiusmodi</strong></span> <span class='ocrx_word' id='word_1_721' title='bbox 2110 1142 2383 1187; x_wconf 87' lang='lat' dir='ltr'><strong>obligationibus</strong></span> 
     </span>
     <span class='ocr_line' id='line_1_97' title="bbox 1293 1188 2382 1233; baseline 0.002 -12"><span class='ocrx_word' id='word_1_722' title='bbox 1293 1197 1354 1222; x_wconf 87' lang='lat' dir='ltr'><strong>reo</strong></span> <span class='ocrx_word' id='word_1_723' title='bbox 1385 1195 1617 1228; x_wconf 87' lang='lat' dir='ltr'><strong>succurrere,</strong></span> <span class='ocrx_word' id='word_1_724' title='bbox 1653 1196 1725 1221; x_wconf 92' lang='lat' dir='ltr'><strong>non</strong></span> <span class='ocrx_word' id='word_1_725' title='bbox 1758 1190 1983 1222; x_wconf 90' lang='lat' dir='ltr'><strong>servaturum</strong></span> <span class='ocrx_word' id='word_1_726' title='bbox 2012 1188 2238 1233; x_wconf 85' lang='lat' dir='ltr'><strong>propositum</strong></span> <span class='ocrx_word' id='word_1_727' title='bbox 2269 1199 2382 1230; x_wconf 90' lang='lat' dir='ltr'><strong>suum,</strong></span> 
     </span>
     <span class='ocr_line' id='line_1_98' title="bbox 1293 1231 2383 1278; baseline 0.001 -12"><span class='ocrx_word' id='word_1_728' title='bbox 1293 1231 1362 1266; x_wconf 89' lang='lat' dir='ltr'><strong>nisi</strong></span> <span class='ocrx_word' id='word_1_729' title='bbox 1386 1231 1631 1267; x_wconf 89' lang='lat' dir='ltr'><strong>fideiussorem</strong></span> <span class='ocrx_word' id='word_1_730' title='bbox 1665 1242 1805 1276; x_wconf 90' lang='lat' dir='ltr'><strong>quoque</strong></span> <span class='ocrx_word' id='word_1_731' title='bbox 1837 1236 1872 1267; x_wconf 91' lang='lat' dir='ltr'><strong>et</strong></span> <span class='ocrx_word' id='word_1_732' title='bbox 1896 1243 1993 1276; x_wconf 90' lang='lat' dir='ltr'><strong>eum,</strong></span> <span class='ocrx_word' id='word_1_733' title='bbox 2026 1233 2087 1278; x_wconf 92' lang='lat' dir='ltr'><strong>qui</strong></span> <span class='ocrx_word' id='word_1_734' title='bbox 2116 1238 2243 1278; x_wconf 88' lang='lat' dir='ltr'><strong>rogatu</strong></span> <span class='ocrx_word' id='word_1_735' title='bbox 2266 1234 2383 1269; x_wconf 89' lang='lat' dir='ltr'><strong>liberti</strong></span> 
     </span>
     <span class='ocr_line' id='line_1_99' title="bbox 1293 1276 2382 1322; baseline 0.002 -10"><span class='ocrx_word' id='word_1_736' title='bbox 1293 1287 1375 1313; x_wconf 92' lang='lat' dir='ltr'><strong>reus</strong></span> <span class='ocrx_word' id='word_1_737' title='bbox 1411 1276 1531 1313; x_wconf 86' lang='lat' dir='ltr'><strong>factus</strong></span> <span class='ocrx_word' id='word_1_738' title='bbox 1570 1276 1699 1320; x_wconf 82' lang='lat' dir='ltr'><strong>fuerit,</strong></span> <span class='ocrx_word' id='word_1_739' title='bbox 1736 1276 1909 1313; x_wconf 87' lang='lat' dir='ltr'><strong>adversus</strong></span> <span class='ocrx_word' id='word_1_740' title='bbox 1945 1282 2137 1322; x_wconf 88' lang='lat' dir='ltr'><strong>patronum</strong></span> <span class='ocrx_word' id='word_1_741' title='bbox 2169 1278 2382 1314; x_wconf 86' lang='lat' dir='ltr'><strong>defenderit:</strong></span> 
     </span>
     <span class='ocr_line' id='line_1_100' title="bbox 1293 1322 2383 1377; baseline 0.003 -20"><span class='ocrx_word' id='word_1_742' title='bbox 1293 1322 1423 1358; x_wconf 90' lang='lat' dir='ltr'><strong>etenim</strong></span> <span class='ocrx_word' id='word_1_743' title='bbox 1446 1322 1548 1368; x_wconf 86' lang='lat' dir='ltr'><strong>parvi</strong></span> <span class='ocrx_word' id='word_1_744' title='bbox 1570 1322 1697 1367; x_wconf 84' lang='lat' dir='ltr'><strong>refert,</strong></span> <span class='ocrx_word' id='word_1_745' title='bbox 1729 1323 1894 1368; x_wconf 88' lang='lat' dir='ltr'><strong>protinus</strong></span> <span class='ocrx_word' id='word_1_746' title='bbox 1918 1323 2069 1359; x_wconf 90' lang='lat' dir='ltr'><strong>libertus</strong></span> <span class='ocrx_word' id='word_1_747' title='bbox 2093 1327 2245 1377; x_wconf 87' lang='lat' dir='ltr'><strong>patrono</strong></span> <span class='ocrx_word' id='word_1_748' title='bbox 2279 1335 2383 1369; x_wconf 87' lang='lat' dir='ltr'><strong>coga-</strong></span> 
     </span>
     <span class='ocr_line' id='line_1_101' title="bbox 1293 1367 2383 1414; baseline 0.001 -11"><span class='ocrx_word' id='word_1_749' title='bbox 1293 1372 1352 1403; x_wconf 89' lang='lat' dir='ltr'><strong>tur</strong></span> <span class='ocrx_word' id='word_1_750' title='bbox 1375 1367 1461 1403; x_wconf 90' lang='lat' dir='ltr'><strong>dare</strong></span> <span class='ocrx_word' id='word_1_751' title='bbox 1484 1378 1532 1403; x_wconf 90' lang='lat' dir='ltr'><strong>an</strong></span> <span class='ocrx_word' id='word_1_752' title='bbox 1580 1378 1620 1404; x_wconf 91' lang='lat' dir='ltr'><strong>er</strong></span> <span class='ocrx_word' id='word_1_753' title='bbox 1642 1367 1894 1413; x_wconf 88' lang='lat' dir='ltr'><strong>interpositam</strong></span> <span class='ocrx_word' id='word_1_754' title='bbox 1911 1368 2130 1406; x_wconf 87' lang='lat' dir='ltr'><strong>fideiussoris</strong></span> <span class='ocrx_word' id='word_1_755' title='bbox 2154 1370 2211 1405; x_wconf 90' lang='lat' dir='ltr'><strong>vel</strong></span> <span class='ocrx_word' id='word_1_756' title='bbox 2233 1370 2285 1405; x_wconf 90' lang='lat' dir='ltr'><strong>rei</strong></span> <span class='ocrx_word' id='word_1_757' title='bbox 2302 1380 2383 1414; x_wconf 90' lang='lat' dir='ltr'><strong>per-</strong></span> 
     </span>
     <span class='ocr_line' id='line_1_102' title="bbox 1294 1412 2384 1460; baseline 0.001 -12"><span class='ocrx_word' id='word_1_758' title='bbox 1294 1417 1313 1448; x_wconf 86' lang='lat'>9</span> <span class='ocrx_word' id='word_1_759' title='bbox 1361 1423 1497 1449; x_wconf 91' lang='lat' dir='ltr'><strong>sonam.</strong></span> <span class='ocrx_word' id='word_1_760' title='bbox 1571 1412 1627 1449; x_wconf 87' lang='lat' dir='ltr'><strong>ive</strong></span> <span class='ocrx_word' id='word_1_761' title='bbox 1658 1417 1778 1449; x_wconf 89' lang='lat' dir='ltr'><strong>autem</strong></span> <span class='ocrx_word' id='word_1_762' title='bbox 1808 1413 1879 1459; x_wconf 90' lang='lat' dir='ltr'><strong>ipsi</strong></span> <span class='ocrx_word' id='word_1_763' title='bbox 1909 1418 2063 1459; x_wconf 89' lang='lat' dir='ltr'><strong>patrono</strong></span> <span class='ocrx_word' id='word_1_764' title='bbox 2095 1415 2142 1450; x_wconf 91' lang='lat' dir='ltr'><strong>sit</strong></span> <span class='ocrx_word' id='word_1_765' title='bbox 2172 1415 2384 1460; x_wconf 88' lang='lat' dir='ltr'><strong>promissum</strong></span> 
     </span>
     <span class='ocr_line' id='line_1_103' title="bbox 1293 1458 2386 1511; baseline 0.001 -17"><span class='ocrx_word' id='word_1_766' title='bbox 1293 1459 1366 1495; x_wconf 89' lang='lat' dir='ltr'><strong>sive</strong></span> <span class='ocrx_word' id='word_1_767' title='bbox 1390 1458 1453 1494; x_wconf 89' lang='lat' dir='ltr'><strong>alii</strong></span> <span class='ocrx_word' id='word_1_768' title='bbox 1471 1458 1655 1495; x_wconf 88' lang='lat' dir='ltr'><strong>voluntate</strong></span> <span class='ocrx_word' id='word_1_769' title='bbox 1677 1459 1832 1511; x_wconf 87' lang='lat' dir='ltr'><strong>patroni,</strong></span> <span class='ocrx_word' id='word_1_770' title='bbox 1857 1459 2060 1496; x_wconf 89' lang='lat' dir='ltr'><strong>onerandae</strong></span> <span class='ocrx_word' id='word_1_771' title='bbox 2078 1460 2254 1496; x_wconf 86' lang='lat' dir='ltr'><strong>libertatis</strong></span> <span class='ocrx_word' id='word_1_772' title='bbox 2276 1464 2386 1495; x_wconf 83' lang='lat' dir='ltr'><strong>causa</strong></span> 
     </span>
     <span class='ocr_line' id='line_1_104' title="bbox 1294 1503 2382 1550; baseline 0.002 -11"><span class='ocrx_word' id='word_1_773' title='bbox 1294 1504 1433 1540; x_wconf 88' lang='lat' dir='ltr'><strong>videtur</strong></span> <span class='ocrx_word' id='word_1_774' title='bbox 1456 1503 1592 1539; x_wconf 88' lang='lat' dir='ltr'><strong>factum</strong></span> <span class='ocrx_word' id='word_1_775' title='bbox 1616 1508 1653 1540; x_wconf 92' lang='lat' dir='ltr'><strong>et</strong></span> <span class='ocrx_word' id='word_1_776' title='bbox 1675 1504 1753 1540; x_wconf 88' lang='lat' dir='ltr'><strong>ideo</strong></span> <span class='ocrx_word' id='word_1_777' title='bbox 1777 1505 1868 1540; x_wconf 86' lang='lat' dir='ltr'><strong>haec</strong></span> <span class='ocrx_word' id='word_1_778' title='bbox 1892 1505 2055 1550; x_wconf 87' lang='lat' dir='ltr'><strong>exceptio</strong></span> <span class='ocrx_word' id='word_1_779' title='bbox 2084 1505 2202 1541; x_wconf 88' lang='lat' dir='ltr'><strong>locum</strong></span> <span class='ocrx_word' id='word_1_780' title='bbox 2225 1505 2382 1541; x_wconf 89' lang='lat' dir='ltr'><strong>habebit.</strong></span> 
     </span>
     <span class='ocr_line' id='line_1_105' title="bbox 1299 1549 2384 1596; baseline 0.001 -11"><span class='ocrx_word' id='word_1_781' title='bbox 1299 1554 1337 1585; x_wconf 88' lang='lat'><strong>10</strong></span> <span class='ocrx_word' id='word_1_782' title='bbox 1384 1549 1489 1595; x_wconf 77' lang='lat' dir='ltr'><strong>Quod</strong></span> <span class='ocrx_word' id='word_1_783' title='bbox 1508 1549 1541 1585; x_wconf 91' lang='lat' dir='ltr'><strong>si</strong></span> <span class='ocrx_word' id='word_1_784' title='bbox 1589 1553 1738 1585; x_wconf 90' lang='lat' dir='ltr'><strong>atronus</strong></span> <span class='ocrx_word' id='word_1_785' title='bbox 1761 1550 1930 1585; x_wconf 91' lang='lat' dir='ltr'><strong>libertum</strong></span> <span class='ocrx_word' id='word_1_786' title='bbox 1948 1560 2052 1587; x_wconf 91' lang='lat' dir='ltr'><strong>suum</strong></span> <span class='ocrx_word' id='word_1_787' title='bbox 2077 1550 2290 1596; x_wconf 86' lang='lat' dir='ltr'><strong>delegaverit</strong></span> <span class='ocrx_word' id='word_1_788' title='bbox 2308 1561 2384 1586; x_wconf 87' lang='lat' dir='ltr'><strong>cre-</strong></span> 
     </span>
     <span class='ocr_line' id='line_1_106' title="bbox 1294 1595 2383 1641; baseline 0 -10"><span class='ocrx_word' id='word_1_789' title='bbox 1294 1595 1416 1637; x_wconf 90' lang='lat' dir='ltr'><strong>ditori,</strong></span> <span class='ocrx_word' id='word_1_790' title='bbox 1449 1605 1497 1630; x_wconf 90' lang='lat' dir='ltr'><strong>an</strong></span> <span class='ocrx_word' id='word_1_791' title='bbox 1527 1605 1549 1630; x_wconf 90' lang='lat' dir='ltr'><strong>a</strong></span> <span class='ocrx_word' id='word_1_792' title='bbox 1574 1605 1699 1631; x_wconf 89' lang='lat' dir='ltr'><strong>versus</strong></span> <span class='ocrx_word' id='word_1_793' title='bbox 1732 1595 1961 1640; x_wconf 90' lang='lat' dir='ltr'><strong>creditorem,</strong></span> <span class='ocrx_word' id='word_1_794' title='bbox 1997 1596 2056 1632; x_wconf 89' lang='lat' dir='ltr'><strong>cui</strong></span> <span class='ocrx_word' id='word_1_795' title='bbox 2086 1596 2269 1641; x_wconf 86' lang='lat' dir='ltr'><strong>delegatus</strong></span> <span class='ocrx_word' id='word_1_796' title='bbox 2300 1606 2383 1641; x_wconf 90' lang='lat' dir='ltr'><strong>pro-</strong></span> 
     </span>
     <span class='ocr_line' id='line_1_107' title="bbox 1293 1640 2382 1687; baseline 0.001 -11"><span class='ocrx_word' id='word_1_797' title='bbox 1293 1640 1391 1676; x_wconf 89' lang='lat' dir='ltr'><strong>misit</strong></span> <span class='ocrx_word' id='word_1_798' title='bbox 1412 1641 1590 1676; x_wconf 87' lang='lat' dir='ltr'><strong>libertatis</strong></span> <span class='ocrx_word' id='word_1_799' title='bbox 1615 1650 1726 1676; x_wconf 89' lang='lat' dir='ltr'><strong>causa</strong></span> <span class='ocrx_word' id='word_1_800' title='bbox 1750 1641 1970 1686; x_wconf 86' lang='lat' dir='ltr'><strong>onerandae,</strong></span> <span class='ocrx_word' id='word_1_801' title='bbox 2004 1642 2214 1687; x_wconf 86' lang='lat' dir='ltr'><strong>exceptione</strong></span> <span class='ocrx_word' id='word_1_802' title='bbox 2237 1642 2308 1677; x_wconf 87' lang='lat' dir='ltr'><strong>ista</strong></span> <span class='ocrx_word' id='word_1_803' title='bbox 2332 1641 2382 1676; x_wconf 86' lang='lat' dir='ltr'><strong>uti</strong></span> 
     </span>
     <span class='ocr_line' id='line_1_108' title="bbox 1293 1685 2383 1731; baseline -0.001 -9"><span class='ocrx_word' id='word_1_804' title='bbox 1293 1687 1427 1731; x_wconf 90' lang='lat' dir='ltr'><strong>possit,</strong></span> <span class='ocrx_word' id='word_1_805' title='bbox 1459 1685 1653 1722; x_wconf 86' lang='lat' dir='ltr'><strong>videamus.</strong></span> <span class='ocrx_word' id='word_1_806' title='bbox 1701 1690 1737 1721; x_wconf 89' lang='lat' dir='ltr'><strong>et</strong></span> <span class='ocrx_word' id='word_1_807' title='bbox 1761 1685 1907 1722; x_wconf 86' lang='lat' dir='ltr'><strong>Cassius</strong></span> <span class='ocrx_word' id='word_1_808' title='bbox 1933 1686 2156 1723; x_wconf 87' lang='lat' dir='ltr'><strong>existimasse</strong></span> <span class='ocrx_word' id='word_1_809' title='bbox 2179 1686 2345 1723; x_wconf 85' lang='lat' dir='ltr'><strong>Urseium</strong></span> <span class='ocrx_word' id='word_1_810' title='bbox 2358 1688 2383 1708; x_wconf 77' lang='lat'><strong>¹²</strong></span> 
     </span>
     <span class='ocr_line' id='line_1_109' title="bbox 1293 1731 2382 1777; baseline 0 -10"><span class='ocrx_word' id='word_1_811' title='bbox 1293 1732 1404 1768; x_wconf 86' lang='lat' dir='ltr'><strong>refert</strong></span> <span class='ocrx_word' id='word_1_812' title='bbox 1428 1731 1641 1768; x_wconf 90' lang='lat' dir='ltr'><strong>creditorem</strong></span> <span class='ocrx_word' id='word_1_813' title='bbox 1665 1731 1807 1777; x_wconf 84' lang='lat' dir='ltr'><strong>quidem</strong></span> <span class='ocrx_word' id='word_1_814' title='bbox 1829 1731 1973 1768; x_wconf 90' lang='lat' dir='ltr'><strong>minime</strong></span> <span class='ocrx_word' id='word_1_815' title='bbox 2002 1742 2081 1769; x_wconf 87' lang='lat' dir='ltr'><strong>esse</strong></span> <span class='ocrx_word' id='word_1_816' title='bbox 2104 1732 2382 1769; x_wconf 89' lang='lat' dir='ltr'><strong>submovendum</strong></span> 
     </span>
     <span class='ocr_line' id='line_1_110' title="bbox 1294 1776 2383 1823; baseline -0.001 -10"><span class='ocrx_word' id='word_1_817' title='bbox 1294 1777 1516 1823; x_wconf 90' lang='lat' dir='ltr'><strong>exceptione,</strong></span> <span class='ocrx_word' id='word_1_818' title='bbox 1541 1776 1625 1823; x_wconf 85' lang='lat' dir='ltr'><strong>quia</strong></span> <span class='ocrx_word' id='word_1_819' title='bbox 1649 1787 1754 1813; x_wconf 87' lang='lat' dir='ltr'><strong>suum</strong></span> <span class='ocrx_word' id='word_1_820' title='bbox 1777 1778 1930 1823; x_wconf 86' lang='lat' dir='ltr'><strong>recepit:</strong></span> <span class='ocrx_word' id='word_1_821' title='bbox 1955 1781 2197 1814; x_wconf 90' lang='lat' dir='ltr'><strong>verumtamen</strong></span> <span class='ocrx_word' id='word_1_822' title='bbox 2220 1778 2383 1814; x_wconf 87' lang='lat' dir='ltr'><strong>libertum</strong></span> 
     </span>
     <span class='ocr_line' id='line_1_111' title="bbox 1293 1822 2384 1876; baseline 0 -17"><span class='ocrx_word' id='word_1_823' title='bbox 1293 1826 1445 1869; x_wconf 89' lang='lat' dir='ltr'><strong>patrono</strong></span> <span class='ocrx_word' id='word_1_824' title='bbox 1467 1833 1578 1876; x_wconf 89' lang='lat' dir='ltr'><strong>posse</strong></span> <span class='ocrx_word' id='word_1_825' title='bbox 1601 1822 1802 1868; x_wconf 88' lang='lat' dir='ltr'><strong>condicere,</strong></span> <span class='ocrx_word' id='word_1_826' title='bbox 1827 1823 1857 1859; x_wconf 92' lang='lat' dir='ltr'><strong>si</strong></span> <span class='ocrx_word' id='word_1_827' title='bbox 1881 1834 1954 1859; x_wconf 89' lang='lat' dir='ltr'><strong>non</strong></span> <span class='ocrx_word' id='word_1_828' title='bbox 1975 1823 2223 1868; x_wconf 87' lang='lat' dir='ltr'><strong>transigendae</strong></span> <span class='ocrx_word' id='word_1_829' title='bbox 2243 1827 2384 1859; x_wconf 89' lang='lat' dir='ltr'><strong>contro-</strong></span> 
     </span>
     <span class='ocr_line' id='line_1_112' title="bbox 1299 1868 2366 1913; baseline 0 -10"><span class='ocrx_word' id='word_1_830' title='bbox 1299 1872 1334 1903; x_wconf 86' lang='lat'><strong>11</strong></span> <span class='ocrx_word' id='word_1_831' title='bbox 1385 1878 1522 1904; x_wconf 83' lang='lat' dir='ltr'><strong>versiae</strong></span> <span class='ocrx_word' id='word_1_832' title='bbox 1544 1868 1661 1913; x_wconf 84' lang='lat' dir='ltr'><strong>gratia</strong></span> <span class='ocrx_word' id='word_1_833' title='bbox 1693 1868 1730 1903; x_wconf 91' lang='lat' dir='ltr'><strong>id</strong></span> <span class='ocrx_word' id='word_1_834' title='bbox 1753 1868 1851 1904; x_wconf 85' lang='lat' dir='ltr'><strong>fecit.</strong></span> <span class='ocrx_word' id='word_1_835' title='bbox 1898 1868 1989 1904; x_wconf 89' lang='lat' dir='ltr'><strong>Item</strong></span> <span class='ocrx_word' id='word_1_836' title='bbox 2012 1869 2044 1905; x_wconf 92' lang='lat' dir='ltr'><strong>si</strong></span> <span class='ocrx_word' id='word_1_837' title='bbox 2074 1869 2223 1904; x_wconf 89' lang='lat' dir='ltr'><strong>libertus</strong></span> <span class='ocrx_word' id='word_1_838' title='bbox 2248 1868 2366 1904; x_wconf 84' lang='lat' dir='ltr'><strong>debito</strong></span> 
     </span>
     <span class='ocr_line' id='line_1_113' title="bbox 1293 1913 2383 1959; baseline -0.002 -9"><span class='ocrx_word' id='word_1_839' title='bbox 1293 1925 1368 1950; x_wconf 89' lang='lat' dir='ltr'><strong>rem</strong></span> <span class='ocrx_word' id='word_1_840' title='bbox 1389 1925 1492 1950; x_wconf 93' lang='lat' dir='ltr'><strong>suum</strong></span> <span class='ocrx_word' id='word_1_841' title='bbox 1510 1918 1663 1959; x_wconf 88' lang='lat' dir='ltr'><strong>patrono</strong></span> <span class='ocrx_word' id='word_1_842' title='bbox 1686 1913 1911 1959; x_wconf 87' lang='lat' dir='ltr'><strong>delegaverit,</strong></span> <span class='ocrx_word' id='word_1_843' title='bbox 1937 1914 2036 1950; x_wconf 88' lang='lat' dir='ltr'><strong>nulla</strong></span> <span class='ocrx_word' id='word_1_844' title='bbox 2060 1915 2269 1959; x_wconf 88' lang='lat' dir='ltr'><strong>exceptione</strong></span> <span class='ocrx_word' id='word_1_845' title='bbox 2289 1925 2383 1949; x_wconf 90' lang='lat' dir='ltr'><strong>sum-</strong></span> 
     </span>
     <span class='ocr_line' id='line_1_114' title="bbox 1292 1959 2383 2005; baseline 0 -10"><span class='ocrx_word' id='word_1_846' title='bbox 1292 1959 1488 1995; x_wconf 86' lang='lat' dir='ltr'><strong>movendus</strong></span> <span class='ocrx_word' id='word_1_847' title='bbox 1512 1963 1568 1995; x_wconf 87' lang='lat' dir='ltr'><strong>est</strong></span> <span class='ocrx_word' id='word_1_848' title='bbox 1591 1963 1785 2005; x_wconf 83' lang='lat' dir='ltr'><strong>patronus,</strong></span> <span class='ocrx_word' id='word_1_849' title='bbox 1823 1959 1886 1995; x_wconf 90' lang='lat' dir='ltr'><strong>sed</strong></span> <span class='ocrx_word' id='word_1_850' title='bbox 1916 1959 2065 1995; x_wconf 88' lang='lat' dir='ltr'><strong>libertus</strong></span> <span class='ocrx_word' id='word_1_851' title='bbox 2090 1970 2112 1995; x_wconf 92' lang='lat' dir='ltr'><strong>a</strong></span> <span class='ocrx_word' id='word_1_852' title='bbox 2143 1964 2294 2005; x_wconf 86' lang='lat' dir='ltr'><strong>patrono</strong></span> <span class='ocrx_word' id='word_1_853' title='bbox 2318 1969 2383 2004; x_wconf 89' lang='lat' dir='ltr'><strong>per</strong></span> 
     </span>
     <span class='ocr_line' id='line_1_115' title="bbox 1297 2004 2385 2051; baseline 0 -11"><span class='ocrx_word' id='word_1_854' title='bbox 1297 2008 1336 2040; x_wconf 87' lang='lat'><strong>12</strong></span> <span class='ocrx_word' id='word_1_855' title='bbox 1385 2004 1646 2041; x_wconf 91' lang='lat' dir='ltr'><strong>condictionem</strong></span> <span class='ocrx_word' id='word_1_856' title='bbox 1676 2006 1746 2040; x_wconf 91' lang='lat' dir='ltr'><strong>hoc</strong></span> <span class='ocrx_word' id='word_1_857' title='bbox 1777 2008 1926 2051; x_wconf 89' lang='lat' dir='ltr'><strong>repetet.</strong></span> <span class='ocrx_word' id='word_1_858' title='bbox 1982 2005 2082 2041; x_wconf 89' lang='lat' dir='ltr'><strong>Haec</strong></span> <span class='ocrx_word' id='word_1_859' title='bbox 2114 2005 2275 2050; x_wconf 83' lang='lat' dir='ltr'><strong>exceptio</strong></span> <span class='ocrx_word' id='word_1_860' title='bbox 2314 2015 2385 2040; x_wconf 91' lang='lat' dir='ltr'><strong>non</strong></span> 
     </span>
     <span class='ocr_line' id='line_1_116' title="bbox 1293 2050 2385 2098; baseline -0.001 -12"><span class='ocrx_word' id='word_1_861' title='bbox 1293 2053 1434 2086; x_wconf 90' lang='lat' dir='ltr'><strong>tantum</strong></span> <span class='ocrx_word' id='word_1_862' title='bbox 1472 2050 1540 2095; x_wconf 89' lang='lat' dir='ltr'><strong>ipsi</strong></span> <span class='ocrx_word' id='word_1_863' title='bbox 1578 2050 1727 2094; x_wconf 89' lang='lat' dir='ltr'><strong>liberto,</strong></span> <span class='ocrx_word' id='word_1_864' title='bbox 1775 2061 1899 2086; x_wconf 89' lang='lat' dir='ltr'><strong>verum</strong></span> <span class='ocrx_word' id='word_1_865' title='bbox 1937 2051 2206 2086; x_wconf 84' lang='lat' dir='ltr'><strong>successoribus</strong></span> <span class='ocrx_word' id='word_1_866' title='bbox 2245 2060 2385 2098; x_wconf 83' lang='lat' dir='ltr'><strong>quoque</strong></span> 
     </span>
     <span class='ocr_line' id='line_1_117' title="bbox 1293 2095 2384 2141; baseline -0.003 -9"><span class='ocrx_word' id='word_1_867' title='bbox 1293 2095 1412 2132; x_wconf 90' lang='lat' dir='ltr'><strong>liberti</strong></span> <span class='ocrx_word' id='word_1_868' title='bbox 1449 2095 1571 2131; x_wconf 87' lang='lat' dir='ltr'><strong>danda</strong></span> <span class='ocrx_word' id='word_1_869' title='bbox 1610 2099 1682 2131; x_wconf 87' lang='lat' dir='ltr'><strong>est:</strong></span> <span class='ocrx_word' id='word_1_870' title='bbox 1723 2098 1759 2132; x_wconf 91' lang='lat' dir='ltr'><strong>et</strong></span> <span class='ocrx_word' id='word_1_871' title='bbox 1789 2105 1893 2132; x_wconf 88' lang='lat' dir='ltr'><strong>versa</strong></span> <span class='ocrx_word' id='word_1_872' title='bbox 1929 2096 2005 2132; x_wconf 89' lang='lat' dir='ltr'><strong>vice</strong></span> <span class='ocrx_word' id='word_1_873' title='bbox 2037 2095 2204 2132; x_wconf 89' lang='lat' dir='ltr'><strong>heredem</strong></span> <span class='ocrx_word' id='word_1_874' title='bbox 2242 2096 2384 2141; x_wconf 82' lang='lat' dir='ltr'><strong>patroni</strong></span> 
     </span>
     <span class='ocr_line' id='line_1_118' title="bbox 1295 2140 2384 2187; baseline -0.001 -11"><span class='ocrx_word' id='word_1_875' title='bbox 1295 2140 1608 2184; x_wconf 86' lang='lat' dir='ltr'><strong>summovendum,</strong></span> <span class='ocrx_word' id='word_1_876' title='bbox 1642 2141 1674 2177; x_wconf 93' lang='lat' dir='ltr'><strong>si</strong></span> <span class='ocrx_word' id='word_1_877' title='bbox 1703 2141 1795 2177; x_wconf 89' lang='lat' dir='ltr'><strong>haec</strong></span> <span class='ocrx_word' id='word_1_878' title='bbox 1818 2144 2075 2187; x_wconf 86' lang='lat' dir='ltr'><strong>persequatur,</strong></span> <span class='ocrx_word' id='word_1_879' title='bbox 2112 2141 2294 2177; x_wconf 88' lang='lat' dir='ltr'><strong>sciendum</strong></span> <span class='ocrx_word' id='word_1_880' title='bbox 2319 2144 2384 2176; x_wconf 90' lang='lat' dir='ltr'><strong>est.</strong></span> 
     </span>
    </p>

    <p class='ocr_par' dir='ltr' id='par_1_12' title="bbox 1291 2184 2387 2913">
     <span class='ocr_line' id='line_1_119' title="bbox 1341 2184 2384 2233; baseline -0.002 -10"><span class='ocrx_word' id='word_1_881' title='bbox 1341 2184 1367 2224; x_wconf 87' lang='lat'><strong>2</strong></span> <span class='ocrx_word' id='word_1_882' title='bbox 1392 2186 1552 2222; x_wconf 50' lang='lat' dir='ltr'><strong>Panos</strong></span> <span class='ocrx_word' id='word_1_883' title='bbox 1579 2186 1671 2222; x_wconf 77' lang='lat' dir='ltr'><strong>libro</strong></span> <span class='ocrx_word' id='word_1_884' title='bbox 1695 2187 1987 2233; x_wconf 73' lang='lat' dir='ltr'><strong>septuaqensimo</strong></span> <span class='ocrx_word' id='word_1_885' title='bbox 2011 2187 2135 2233; x_wconf 77' lang='lat' dir='ltr'><strong>primo</strong></span> <span class='ocrx_word' id='word_1_886' title='bbox 2161 2186 2210 2222; x_wconf 85' lang='lat' dir='ltr'><strong>ad</strong></span> <span class='ocrx_word' id='word_1_887' title='bbox 2233 2186 2384 2222; x_wconf 75' lang='lat' dir='ltr'><strong>edictum</strong></span> 
     </span>
     <span class='ocr_line' id='line_1_120' title="bbox 1295 2231 2384 2268; baseline -0.002 0"><span class='ocrx_word' id='word_1_888' title='bbox 1295 2232 1333 2268; x_wconf 88' lang='lat' dir='ltr'><strong>Si</strong></span> <span class='ocrx_word' id='word_1_889' title='bbox 1355 2231 1429 2268; x_wconf 89' lang='lat' dir='ltr'><strong>filio</strong></span> <span class='ocrx_word' id='word_1_890' title='bbox 1454 2231 1608 2267; x_wconf 83' lang='lat' dir='ltr'><strong>familias</strong></span> <span class='ocrx_word' id='word_1_891' title='bbox 1633 2231 1792 2267; x_wconf 86' lang='lat' dir='ltr'><strong>delatum</strong></span> <span class='ocrx_word' id='word_1_892' title='bbox 1815 2232 1864 2268; x_wconf 92' lang='lat' dir='ltr'><strong>sit</strong></span> <span class='ocrx_word' id='word_1_893' title='bbox 1887 2231 2134 2267; x_wconf 89' lang='lat' dir='ltr'><strong>iusiurandum</strong></span> <span class='ocrx_word' id='word_1_894' title='bbox 2158 2235 2194 2267; x_wconf 92' lang='lat' dir='ltr'><strong>et</strong></span> <span class='ocrx_word' id='word_1_895' title='bbox 2217 2231 2384 2267; x_wconf 87' lang='lat' dir='ltr'><strong>iuraverit</strong></span> 
     </span>
     <span class='ocr_line' id='line_1_121' title="bbox 1294 2277 2383 2323; baseline -0.003 -9"><span class='ocrx_word' id='word_1_896' title='bbox 1294 2281 1435 2323; x_wconf 88' lang='lat' dir='ltr'><strong>patrem</strong></span> <span class='ocrx_word' id='word_1_897' title='bbox 1458 2288 1563 2314; x_wconf 89' lang='lat' dir='ltr'><strong>suum</strong></span> <span class='ocrx_word' id='word_1_898' title='bbox 1583 2277 1670 2313; x_wconf 85' lang='lat' dir='ltr'><strong>dare</strong></span> <span class='ocrx_word' id='word_1_899' title='bbox 1693 2288 1767 2313; x_wconf 91' lang='lat' dir='ltr'><strong>non</strong></span> <span class='ocrx_word' id='word_1_900' title='bbox 1790 2281 1966 2323; x_wconf 90' lang='lat' dir='ltr'><strong>oportere,</strong></span> <span class='ocrx_word' id='word_1_901' title='bbox 1991 2277 2111 2313; x_wconf 86' lang='lat' dir='ltr'><strong>danda</strong></span> <span class='ocrx_word' id='word_1_902' title='bbox 2129 2280 2185 2313; x_wconf 90' lang='lat' dir='ltr'><strong>est</strong></span> <span class='ocrx_word' id='word_1_903' title='bbox 2207 2277 2303 2322; x_wconf 86' lang='lat' dir='ltr'><strong>patri</strong></span> <span class='ocrx_word' id='word_1_904' title='bbox 2323 2287 2383 2312; x_wconf 87' lang='lat' dir='ltr'><strong>ex-</strong></span> 
     </span>
     <span class='ocr_line' id='line_1_122' title="bbox 1297 2322 2387 2369; baseline -0.003 -10"><span class='ocrx_word' id='word_1_905' title='bbox 1297 2327 1313 2359; x_wconf 91' lang='lat'>1</span> <span class='ocrx_word' id='word_1_906' title='bbox 1363 2323 1493 2369; x_wconf 89' lang='lat' dir='ltr'><strong>ceptio.</strong></span> <span class='ocrx_word' id='word_1_907' title='bbox 1541 2322 1580 2359; x_wconf 88' lang='lat' dir='ltr'><strong>Si</strong></span> <span class='ocrx_word' id='word_1_908' title='bbox 1610 2323 1649 2358; x_wconf 92' lang='lat' dir='ltr'><strong>in</strong></span> <span class='ocrx_word' id='word_1_909' title='bbox 1682 2323 1763 2358; x_wconf 90' lang='lat' dir='ltr'><strong>alea</strong></span> <span class='ocrx_word' id='word_1_910' title='bbox 1793 2333 1869 2358; x_wconf 91' lang='lat' dir='ltr'><strong>rem</strong></span> <span class='ocrx_word' id='word_1_911' title='bbox 1900 2322 2068 2365; x_wconf 89' lang='lat' dir='ltr'><strong>vendam,</strong></span> <span class='ocrx_word' id='word_1_912' title='bbox 2104 2327 2144 2358; x_wconf 88' lang='grc'><strong>111</strong></span> <span class='ocrx_word' id='word_1_913' title='bbox 2174 2322 2314 2366; x_wconf 90' lang='lat' dir='ltr'><strong>ludam,</strong></span> <span class='ocrx_word' id='word_1_914' title='bbox 2351 2325 2387 2356; x_wconf 91' lang='lat' dir='ltr'><strong>et</strong></span> 
     </span>
     <span class='ocr_line' id='line_1_123' title="bbox 1294 2368 2384 2413; baseline -0.004 -8"><span class='ocrx_word' id='word_1_915' title='bbox 1294 2369 1410 2405; x_wconf 89' lang='lat' dir='ltr'><strong>evicta</strong></span> <span class='ocrx_word' id='word_1_916' title='bbox 1429 2379 1470 2404; x_wconf 91' lang='lat' dir='ltr'><strong>re</strong></span> <span class='ocrx_word' id='word_1_917' title='bbox 1489 2369 1698 2412; x_wconf 89' lang='lat' dir='ltr'><strong>conveniar,</strong></span> <span class='ocrx_word' id='word_1_918' title='bbox 1722 2368 1931 2413; x_wconf 89' lang='lat' dir='ltr'><strong>exceptione</strong></span> <span class='ocrx_word' id='word_1_919' title='bbox 1945 2368 2224 2404; x_wconf 87' lang='lat' dir='ltr'><strong>summovebitur</strong></span> <span class='ocrx_word' id='word_1_920' title='bbox 2236 2370 2384 2412; x_wconf 90' lang='lat' dir='ltr'><strong>emptor.</strong></span> 
     </span>
     <span class='ocr_line' id='line_1_124' title="bbox 1295 2412 2383 2459; baseline -0.004 -9"><span class='ocrx_word' id='word_1_921' title='bbox 1295 2417 1314 2449; x_wconf 84' lang='lat'><strong>2</strong></span> <span class='ocrx_word' id='word_1_922' title='bbox 1363 2413 1402 2450; x_wconf 91' lang='lat' dir='ltr'><strong>Si</strong></span> <span class='ocrx_word' id='word_1_923' title='bbox 1425 2425 1549 2450; x_wconf 90' lang='lat' dir='ltr'><strong>servus</strong></span> <span class='ocrx_word' id='word_1_924' title='bbox 1571 2415 1759 2459; x_wconf 88' lang='lat' dir='ltr'><strong>promittat</strong></span> <span class='ocrx_word' id='word_1_925' title='bbox 1782 2412 1924 2450; x_wconf 86' lang='lat' dir='ltr'><strong>domino</strong></span> <span class='ocrx_word' id='word_1_926' title='bbox 1948 2413 2157 2458; x_wconf 87' lang='lat' dir='ltr'><strong>pecuniam,</strong></span> <span class='ocrx_word' id='word_1_927' title='bbox 2189 2416 2231 2448; x_wconf 93' lang='lat' dir='ltr'><strong>ut</strong></span> <span class='ocrx_word' id='word_1_928' title='bbox 2259 2423 2383 2447; x_wconf 88' lang='lat' dir='ltr'><strong>manu-</strong></span> 
     </span>
     <span class='ocr_line' id='line_1_125' title="bbox 1293 2457 2383 2503; baseline -0.002 -9"><span class='ocrx_word' id='word_1_929' title='bbox 1293 2459 1475 2503; x_wconf 88' lang='lat' dir='ltr'><strong>mittatur,</strong></span> <span class='ocrx_word' id='word_1_930' title='bbox 1510 2470 1591 2494; x_wconf 92' lang='lat' dir='ltr'><strong>cum</strong></span> <span class='ocrx_word' id='word_1_931' title='bbox 1622 2460 1712 2495; x_wconf 90' lang='lat' dir='ltr'><strong>alias</strong></span> <span class='ocrx_word' id='word_1_932' title='bbox 1743 2471 1817 2496; x_wconf 91' lang='lat' dir='ltr'><strong>non</strong></span> <span class='ocrx_word' id='word_1_933' title='bbox 1848 2462 1944 2495; x_wconf 90' lang='lat' dir='ltr'><strong>esset</strong></span> <span class='ocrx_word' id='word_1_934' title='bbox 1966 2459 2249 2494; x_wconf 88' lang='lat' dir='ltr'><strong>manumissurus</strong></span> <span class='ocrx_word' id='word_1_935' title='bbox 2273 2457 2383 2493; x_wconf 90' lang='lat' dir='ltr'><strong>domi-</strong></span> 
     </span>
     <span class='ocr_line' id='line_1_126' title="bbox 1294 2502 2384 2551; baseline -0.002 -11"><span class='ocrx_word' id='word_1_936' title='bbox 1294 2516 1381 2547; x_wconf 89' lang='lat' dir='ltr'><strong>nus,</strong></span> <span class='ocrx_word' id='word_1_937' title='bbox 1414 2514 1564 2550; x_wconf 89' lang='lat' dir='ltr'><strong>eamque</strong></span> <span class='ocrx_word' id='word_1_938' title='bbox 1586 2504 1678 2540; x_wconf 89' lang='lat' dir='ltr'><strong>liber</strong></span> <span class='ocrx_word' id='word_1_939' title='bbox 1701 2504 1819 2541; x_wconf 83' lang='lat' dir='ltr'><strong>factus</strong></span> <span class='ocrx_word' id='word_1_940' title='bbox 1844 2504 2038 2551; x_wconf 87' lang='lat' dir='ltr'><strong>spondeat:</strong></span> <span class='ocrx_word' id='word_1_941' title='bbox 2072 2503 2202 2539; x_wconf 90' lang='lat' dir='ltr'><strong>dicitur</strong></span> <span class='ocrx_word' id='word_1_942' title='bbox 2224 2513 2298 2539; x_wconf 90' lang='lat' dir='ltr'><strong>non</strong></span> <span class='ocrx_word' id='word_1_943' title='bbox 2321 2502 2384 2538; x_wconf 92' lang='lat' dir='ltr'><strong>ob-</strong></span> 
     </span>
     <span class='ocr_line' id='line_1_127' title="bbox 1294 2548 2384 2603; baseline -0.005 -17"><span class='ocrx_word' id='word_1_944' title='bbox 1294 2554 1391 2587; x_wconf 88' lang='lat' dir='ltr'><strong>stare</strong></span> <span class='ocrx_word' id='word_1_945' title='bbox 1415 2550 1662 2596; x_wconf 89' lang='lat' dir='ltr'><strong>exceptionem</strong></span> <span class='ocrx_word' id='word_1_946' title='bbox 1683 2554 1850 2603; x_wconf 84' lang='lat' dir='ltr'><strong>patrono,</strong></span> <span class='ocrx_word' id='word_1_947' title='bbox 1875 2551 1906 2587; x_wconf 89' lang='lat' dir='ltr'><strong>si</strong></span> <span class='ocrx_word' id='word_1_948' title='bbox 1930 2561 2009 2587; x_wconf 90' lang='lat' dir='ltr'><strong>eam</strong></span> <span class='ocrx_word' id='word_1_949' title='bbox 2032 2555 2151 2597; x_wconf 89' lang='lat' dir='ltr'><strong>petat:</strong></span> <span class='ocrx_word' id='word_1_950' title='bbox 2188 2559 2261 2583; x_wconf 90' lang='lat' dir='ltr'><strong>non</strong></span> <span class='ocrx_word' id='word_1_951' title='bbox 2292 2548 2384 2582; x_wconf 89' lang='lat' dir='ltr'><strong>enim</strong></span> 
     </span>
     <span class='ocr_line' id='line_1_128' title="bbox 1293 2594 2384 2641; baseline -0.002 -9"><span class='ocrx_word' id='word_1_952' title='bbox 1293 2595 1497 2632; x_wconf 90' lang='lat' dir='ltr'><strong>onerandae</strong></span> <span class='ocrx_word' id='word_1_953' title='bbox 1534 2595 1711 2632; x_wconf 86' lang='lat' dir='ltr'><strong>libertatis</strong></span> <span class='ocrx_word' id='word_1_954' title='bbox 1751 2606 1863 2632; x_wconf 88' lang='lat' dir='ltr'><strong>causa</strong></span> <span class='ocrx_word' id='word_1_955' title='bbox 1897 2596 1988 2632; x_wconf 88' lang='lat' dir='ltr'><strong>haec</strong></span> <span class='ocrx_word' id='word_1_956' title='bbox 2026 2596 2179 2641; x_wconf 86' lang='lat' dir='ltr'><strong>pecunia</strong></span> <span class='ocrx_word' id='word_1_957' title='bbox 2206 2594 2384 2641; x_wconf 88' lang='lat' dir='ltr'><strong>promissa</strong></span> 
     </span>
     <span class='ocr_line' id='line_1_129' title="bbox 1293 2641 2384 2687; baseline -0.001 -10"><span class='ocrx_word' id='word_1_958' title='bbox 1293 2645 1358 2678; x_wconf 88' lang='lat' dir='ltr'><strong>est.</strong></span> <span class='ocrx_word' id='word_1_959' title='bbox 1395 2641 1553 2687; x_wconf 88' lang='lat' dir='ltr'><strong>alioquin</strong></span> <span class='ocrx_word' id='word_1_960' title='bbox 1571 2641 1734 2687; x_wconf 91' lang='lat' dir='ltr'><strong>iniquum</strong></span> <span class='ocrx_word' id='word_1_961' title='bbox 1751 2646 1806 2677; x_wconf 86' lang='lat' dir='ltr'><strong>est</strong></span> <span class='ocrx_word' id='word_1_962' title='bbox 1819 2642 1856 2684; x_wconf 71' lang='lat'><strong>²⁴,</strong></span> <span class='ocrx_word' id='word_1_963' title='bbox 1882 2641 2063 2677; x_wconf 88' lang='lat' dir='ltr'><strong>dominum</strong></span> <span class='ocrx_word' id='word_1_964' title='bbox 2085 2646 2120 2677; x_wconf 90' lang='lat' dir='ltr'><strong>et</strong></span> <span class='ocrx_word' id='word_1_965' title='bbox 2140 2652 2242 2677; x_wconf 91' lang='lat' dir='ltr'><strong>servo</strong></span> <span class='ocrx_word' id='word_1_966' title='bbox 2262 2651 2384 2677; x_wconf 89' lang='lat' dir='ltr'><strong>carere</strong></span> 
     </span>
     <span class='ocr_line' id='line_1_130' title="bbox 1293 2686 2384 2732; baseline -0.001 -10"><span class='ocrx_word' id='word_1_967' title='bbox 1293 2691 1330 2723; x_wconf 92' lang='lat' dir='ltr'><strong>et</strong></span> <span class='ocrx_word' id='word_1_968' title='bbox 1347 2687 1462 2732; x_wconf 88' lang='lat' dir='ltr'><strong>pretio</strong></span> <span class='ocrx_word' id='word_1_969' title='bbox 1481 2686 1570 2722; x_wconf 91' lang='lat' dir='ltr'><strong>eius.</strong></span> <span class='ocrx_word' id='word_1_970' title='bbox 1605 2686 1737 2723; x_wconf 90' lang='lat' dir='ltr'><strong>totiens</strong></span> <span class='ocrx_word' id='word_1_971' title='bbox 1758 2697 1840 2732; x_wconf 87' lang='lat' dir='ltr'><strong>ergo</strong></span> <span class='ocrx_word' id='word_1_972' title='bbox 1864 2686 2068 2722; x_wconf 88' lang='lat' dir='ltr'><strong>onerandae</strong></span> <span class='ocrx_word' id='word_1_973' title='bbox 2086 2686 2260 2722; x_wconf 88' lang='lat' dir='ltr'><strong>libertatis</strong></span> <span class='ocrx_word' id='word_1_974' title='bbox 2275 2696 2384 2721; x_wconf 88' lang='lat' dir='ltr'><strong>causa</strong></span> 
     </span>
     <span class='ocr_line' id='line_1_131' title="bbox 1291 2731 2381 2777; baseline -0.003 -9"><span class='ocrx_word' id='word_1_975' title='bbox 1291 2731 1446 2777; x_wconf 87' lang='lat' dir='ltr'><strong>pecunia</strong></span> <span class='ocrx_word' id='word_1_976' title='bbox 1468 2731 1609 2768; x_wconf 91' lang='lat' dir='ltr'><strong>videtur</strong></span> <span class='ocrx_word' id='word_1_977' title='bbox 1631 2732 1807 2777; x_wconf 87' lang='lat' dir='ltr'><strong>promitti,</strong></span> <span class='ocrx_word' id='word_1_978' title='bbox 1841 2732 2005 2777; x_wconf 89' lang='lat' dir='ltr'><strong>quotiens</strong></span> <span class='ocrx_word' id='word_1_979' title='bbox 2030 2743 2096 2768; x_wconf 89' lang='lat' dir='ltr'><strong>sua</strong></span> <span class='ocrx_word' id='word_1_980' title='bbox 2120 2736 2248 2777; x_wconf 87' lang='lat' dir='ltr'><strong>sponte</strong></span> <span class='ocrx_word' id='word_1_981' title='bbox 2271 2731 2381 2767; x_wconf 91' lang='lat' dir='ltr'><strong>domi-</strong></span> 
     </span>
     <span class='ocr_line' id='line_1_132' title="bbox 1292 2777 2381 2830; baseline -0.003 -17"><span class='ocrx_word' id='word_1_982' title='bbox 1292 2788 1361 2813; x_wconf 90' lang='lat' dir='ltr'><strong>nus</strong></span> <span class='ocrx_word' id='word_1_983' title='bbox 1386 2777 1592 2812; x_wconf 91' lang='lat' dir='ltr'><strong>manumisit</strong></span> <span class='ocrx_word' id='word_1_984' title='bbox 1615 2781 1652 2812; x_wconf 94' lang='lat' dir='ltr'><strong>et</strong></span> <span class='ocrx_word' id='word_1_985' title='bbox 1683 2781 1875 2830; x_wconf 83' lang='lat' dir='ltr'><strong>propterea</strong></span> <span class='ocrx_word' id='word_1_986' title='bbox 1897 2777 1981 2813; x_wconf 90' lang='lat' dir='ltr'><strong>velit</strong></span> <span class='ocrx_word' id='word_1_987' title='bbox 2004 2777 2171 2813; x_wconf 89' lang='lat' dir='ltr'><strong>libertum</strong></span> <span class='ocrx_word' id='word_1_988' title='bbox 2195 2777 2381 2822; x_wconf 88' lang='lat' dir='ltr'><strong>pecuniam</strong></span> 
     </span>
     <span class='ocr_line' id='line_1_133' title="bbox 1292 2822 2380 2875; baseline -0.002 -18"><span class='ocrx_word' id='word_1_989' title='bbox 1292 2823 1518 2868; x_wconf 88' lang='lat' dir='ltr'><strong>promittere,</strong></span> <span class='ocrx_word' id='word_1_990' title='bbox 1543 2825 1584 2858; x_wconf 91' lang='lat' dir='ltr'><strong>ut</strong></span> <span class='ocrx_word' id='word_1_991' title='bbox 1607 2833 1680 2858; x_wconf 90' lang='lat' dir='ltr'><strong>non</strong></span> <span class='ocrx_word' id='word_1_992' title='bbox 1705 2827 1824 2875; x_wconf 82' lang='lat' dir='ltr'><strong>exigat</strong></span> <span class='ocrx_word' id='word_1_993' title='bbox 1849 2833 1945 2865; x_wconf 89' lang='lat' dir='ltr'><strong>eam,</strong></span> <span class='ocrx_word' id='word_1_994' title='bbox 1979 2822 2042 2858; x_wconf 89' lang='lat' dir='ltr'><strong>sed</strong></span> <span class='ocrx_word' id='word_1_995' title='bbox 2065 2826 2106 2858; x_wconf 89' lang='lat' dir='ltr'><strong>ut</strong></span> <span class='ocrx_word' id='word_1_996' title='bbox 2129 2823 2277 2858; x_wconf 86' lang='lat' dir='ltr'><strong>libertus</strong></span> <span class='ocrx_word' id='word_1_997' title='bbox 2302 2832 2380 2857; x_wconf 87' lang='lat' dir='ltr'><strong>eum</strong></span> 
     </span>
     <span class='ocr_line' id='line_1_134' title="bbox 1292 2868 1790 2913; baseline -0.002 -10"><span class='ocrx_word' id='word_1_998' title='bbox 1292 2868 1416 2903; x_wconf 88' lang='lat' dir='ltr'><strong>timeat</strong></span> <span class='ocrx_word' id='word_1_999' title='bbox 1441 2871 1478 2903; x_wconf 91' lang='lat' dir='ltr'><strong>et</strong></span> <span class='ocrx_word' id='word_1_1000' title='bbox 1502 2868 1725 2913; x_wconf 88' lang='lat' dir='ltr'><strong>obtemperet</strong></span> <span class='ocrx_word' id='word_1_1001' title='bbox 1748 2878 1790 2903; x_wconf 87' lang='lat' dir='ltr'><strong>ei.</strong></span> 
     </span>
    </p>
   </div>
   <div class='ocr_carea' id='block_1_10' title="bbox 1667 3004 2008 3104">
    <p class='ocr_par' dir='ltr' id='par_1_13' title="bbox 1667 3004 2008 3104">
     <span class='ocr_line' id='line_1_135' title="bbox 1783 3004 1890 3045; baseline 0.009 -1"><span class='ocrx_word' id='word_1_1002' title='bbox 1783 3005 1840 3044; x_wconf 90' lang='lat' dir='ltr'><strong>VI</strong></span> <span class='ocrx_word' id='word_1_1003' title='bbox 1851 3004 1890 3045; x_wconf 77' lang='lat'><strong>¹⁸.</strong></span> 
     </span>
     <span class='ocr_line' id='line_1_136' title="bbox 1667 3071 2008 3104; baseline -0.003 0"><span class='ocrx_word' id='word_1_1004' title='bbox 1667 3071 1730 3104; x_wconf 85' lang='lat' dir='ltr'><strong>DE</strong></span> <span class='ocrx_word' id='word_1_1005' title='bbox 1754 3071 2008 3104; x_wconf 78' lang='lat' dir='ltr'><strong>L1T1e1OSIs.</strong></span> 
     </span>
    </p>
   </div>
   <div class='ocr_carea' id='block_1_11' title="bbox 1290 3133 2378 3545">
    <p class='ocr_par' dir='ltr' id='par_1_14' title="bbox 1290 3133 2378 3545">
     <span class='ocr_line' id='line_1_137' title="bbox 1341 3133 2378 3184; baseline -0.007 -10"><span class='ocrx_word' id='word_1_1006' title='bbox 1341 3137 1358 3174; x_wconf 92' lang='lat'>1</span> <span class='ocrx_word' id='word_1_1007' title='bbox 1396 3137 1590 3174; x_wconf 63' lang='lat' dir='ltr'><strong>Utmmvs</strong></span> <span class='ocrx_word' id='word_1_1008' title='bbox 1611 3137 1702 3173; x_wconf 84' lang='lat' dir='ltr'><strong>libro</strong></span> <span class='ocrx_word' id='word_1_1009' title='bbox 1721 3148 1760 3173; x_wconf 78' lang='lat' dir='ltr'><strong>se</strong></span> <span class='ocrx_word' id='word_1_1010' title='bbox 1789 3138 2012 3184; x_wconf 73' lang='lat' dir='ltr'><strong>tuaqensimo</strong></span> <span class='ocrx_word' id='word_1_1011' title='bbox 2032 3139 2137 3172; x_wconf 73' lang='lat' dir='ltr'><strong>sexto</strong></span> <span class='ocrx_word' id='word_1_1012' title='bbox 2160 3134 2209 3169; x_wconf 87' lang='lat' dir='ltr'><strong>ad</strong></span> <span class='ocrx_word' id='word_1_1013' title='bbox 2225 3133 2378 3169; x_wconf 81' lang='lat' dir='ltr'><strong>edictum</strong></span> 
     </span>
     <span class='ocr_line' id='line_1_138' title="bbox 1291 3178 2378 3231; baseline -0.006 -13"><span class='ocrx_word' id='word_1_1014' title='bbox 1291 3183 1364 3218; x_wconf 90' lang='lat' dir='ltr'><strong>Liti</strong></span> <span class='ocrx_word' id='word_1_1015' title='bbox 1392 3183 1503 3218; x_wconf 88' lang='lat' dir='ltr'><strong>&#39;osam</strong></span> <span class='ocrx_word' id='word_1_1016' title='bbox 1534 3192 1610 3218; x_wconf 89' lang='lat' dir='ltr'><strong>rem</strong></span> <span class='ocrx_word' id='word_1_1017' title='bbox 1640 3192 1714 3218; x_wconf 90' lang='lat' dir='ltr'><strong>non</strong></span> <span class='ocrx_word' id='word_1_1018' title='bbox 1761 3182 1834 3218; x_wconf 89' lang='lat' dir='ltr'><strong>acit</strong></span> <span class='ocrx_word' id='word_1_1019' title='bbox 1866 3181 2103 3222; x_wconf 86' lang='lat' dir='ltr'><strong>denuntiatio,</strong></span> <span class='ocrx_word' id='word_1_1020' title='bbox 2145 3188 2235 3231; x_wconf 76' lang='lat' dir='ltr'><strong>quae</strong></span> <span class='ocrx_word' id='word_1_1021' title='bbox 2266 3178 2378 3223; x_wconf 90' lang='lat' dir='ltr'><strong>impe—</strong></span> 
     </span>
     <span class='ocr_line' id='line_1_139' title="bbox 1295 3224 2377 3263; baseline -0.006 0"><span class='ocrx_word' id='word_1_1022' title='bbox 1295 3233 1307 3262; x_wconf 87' lang='lat'>1</span> <span class='ocrx_word' id='word_1_1023' title='bbox 1384 3227 1510 3263; x_wconf 88' lang='lat' dir='ltr'><strong>iendae</strong></span> <span class='ocrx_word' id='word_1_1024' title='bbox 1533 3226 1746 3263; x_wconf 88' lang='lat' dir='ltr'><strong>venditionis</strong></span> <span class='ocrx_word' id='word_1_1025' title='bbox 1771 3238 1882 3263; x_wconf 89' lang='lat' dir='ltr'><strong>causa</strong></span> <span class='ocrx_word' id='word_1_1026' title='bbox 1905 3226 1956 3262; x_wconf 89' lang='lat' dir='ltr'><strong>fit.</strong></span> <span class='ocrx_word' id='word_1_1027' title='bbox 1994 3226 2031 3261; x_wconf 89' lang='lat' dir='ltr'><strong>Si</strong></span> <span class='ocrx_word' id='word_1_1028' title='bbox 2054 3226 2148 3260; x_wconf 90' lang='lat' dir='ltr'><strong>inter</strong></span> <span class='ocrx_word' id='word_1_1029' title='bbox 2160 3224 2317 3258; x_wconf 90' lang='lat' dir='ltr'><strong>Primum</strong></span> <span class='ocrx_word' id='word_1_1030' title='bbox 2342 3226 2377 3258; x_wconf 91' lang='lat' dir='ltr'><strong>et</strong></span> 
     </span>
     <span class='ocr_line' id='line_1_140' title="bbox 1291 3269 2376 3315; baseline -0.006 -6"><span class='ocrx_word' id='word_1_1031' title='bbox 1291 3273 1495 3309; x_wconf 85' lang='lat' dir='ltr'><strong>Secundum</strong></span> <span class='ocrx_word' id='word_1_1032' title='bbox 1526 3273 1573 3309; x_wconf 90' lang='lat' dir='ltr'><strong>sit</strong></span> <span class='ocrx_word' id='word_1_1033' title='bbox 1601 3272 1645 3308; x_wconf 92' lang='lat' dir='ltr'><strong>lis</strong></span> <span class='ocrx_word' id='word_1_1034' title='bbox 1677 3277 1879 3309; x_wconf 89' lang='lat' dir='ltr'><strong>contestata</strong></span> <span class='ocrx_word' id='word_1_1035' title='bbox 1908 3276 1944 3307; x_wconf 92' lang='lat' dir='ltr'><strong>et</strong></span> <span class='ocrx_word' id='word_1_1036' title='bbox 1968 3281 2031 3315; x_wconf 86' lang='lat' dir='ltr'><strong>ego</strong></span> <span class='ocrx_word' id='word_1_1037' title='bbox 2056 3281 2078 3305; x_wconf 88' lang='lat' dir='ltr'><strong>a</strong></span> <span class='ocrx_word' id='word_1_1038' title='bbox 2102 3269 2222 3304; x_wconf 89' lang='lat' dir='ltr'><strong>Tertio</strong></span> <span class='ocrx_word' id='word_1_1039' title='bbox 2247 3278 2376 3310; x_wconf 90' lang='lat' dir='ltr'><strong>emero,</strong></span> 
     </span>
     <span class='ocr_line' id='line_1_141' title="bbox 1292 3313 2375 3366; baseline -0.006 -13"><span class='ocrx_word' id='word_1_1040' title='bbox 1292 3319 1353 3364; x_wconf 89' lang='lat' dir='ltr'><strong>qui</strong></span> <span class='ocrx_word' id='word_1_1041' title='bbox 1376 3318 1511 3354; x_wconf 89' lang='lat' dir='ltr'><strong>nullam</strong></span> <span class='ocrx_word' id='word_1_1042' title='bbox 1545 3318 1823 3354; x_wconf 88' lang='lat' dir='ltr'><strong>controversiam</strong></span> <span class='ocrx_word' id='word_1_1043' title='bbox 1847 3317 2068 3363; x_wconf 88' lang='lat' dir='ltr'><strong>patiebatur,</strong></span> <span class='ocrx_word' id='word_1_1044' title='bbox 2100 3313 2297 3366; x_wconf 72' lang='lat' dir='ltr'><strong>videamus,</strong></span> <span class='ocrx_word' id='word_1_1045' title='bbox 2316 3322 2375 3365; x_wconf 67' lang='grc' dir='ltr'><strong>ο011</strong></span> 
     </span>
     <span class='ocr_line' id='line_1_142' title="bbox 1290 3358 2375 3410; baseline -0.008 -11"><span class='ocrx_word' id='word_1_1046' title='bbox 1290 3363 1492 3408; x_wconf 87' lang='lat' dir='ltr'><strong>exceptioni</strong></span> <span class='ocrx_word' id='word_1_1047' title='bbox 1522 3363 1624 3399; x_wconf 91' lang='lat' dir='ltr'><strong>locus</strong></span> <span class='ocrx_word' id='word_1_1048' title='bbox 1655 3363 1712 3398; x_wconf 90' lang='lat' dir='ltr'><strong>sit.</strong></span> <span class='ocrx_word' id='word_1_1049' title='bbox 1760 3367 1797 3399; x_wconf 90' lang='lat' dir='ltr'><strong>et</strong></span> <span class='ocrx_word' id='word_1_1050' title='bbox 1825 3366 1946 3407; x_wconf 90' lang='lat' dir='ltr'><strong>putem</strong></span> <span class='ocrx_word' id='word_1_1051' title='bbox 1978 3358 2255 3395; x_wconf 88' lang='lat' dir='ltr'><strong>subvemendum</strong></span> <span class='ocrx_word' id='word_1_1052' title='bbox 2278 3358 2375 3410; x_wconf 81' lang='lat' dir='ltr'><strong>mihi,</strong></span> 
     </span>
     <span class='ocr_line' id='line_1_143' title="bbox 1291 3403 2377 3456; baseline -0.007 -12"><span class='ocrx_word' id='word_1_1053' title='bbox 1291 3410 1374 3454; x_wconf 89' lang='lat' dir='ltr'><strong>quia</strong></span> <span class='ocrx_word' id='word_1_1054' title='bbox 1405 3410 1455 3451; x_wconf 91' lang='lat' dir='ltr'><strong>is,</strong></span> <span class='ocrx_word' id='word_1_1055' title='bbox 1489 3409 1550 3454; x_wconf 90' lang='lat' dir='ltr'><strong>qui</strong></span> <span class='ocrx_word' id='word_1_1056' title='bbox 1581 3408 1668 3444; x_wconf 88' lang='lat' dir='ltr'><strong>mihi</strong></span> <span class='ocrx_word' id='word_1_1057' title='bbox 1699 3408 1876 3449; x_wconf 86' lang='lat' dir='ltr'><strong>vendidit,</strong></span> <span class='ocrx_word' id='word_1_1058' title='bbox 1909 3405 2045 3441; x_wconf 82' lang='lat' dir='ltr'><strong>nullam</strong></span> <span class='ocrx_word' id='word_1_1059' title='bbox 2071 3404 2169 3456; x_wconf 79' lang='lat' dir='ltr'><strong>litem</strong></span> <span class='ocrx_word' id='word_1_1060' title='bbox 2180 3403 2319 3455; x_wconf 33' lang='lat' dir='ltr'><strong>‘habu-it</strong></span> <span class='ocrx_word' id='word_1_1061' title='bbox 2342 3405 2377 3437; x_wconf 90' lang='lat' dir='ltr'><strong>et</strong></span> 
     </span>
     <span class='ocr_line' id='line_1_144' title="bbox 1291 3448 2377 3499; baseline -0.007 -10"><span class='ocrx_word' id='word_1_1062' title='bbox 1291 3453 1387 3499; x_wconf 91' lang='lat' dir='ltr'><strong>quod</strong></span> <span class='ocrx_word' id='word_1_1063' title='bbox 1410 3453 1487 3490; x_wconf 82' lang='lat' dir='ltr'><strong>fieri</strong></span> <span class='ocrx_word' id='word_1_1064' title='bbox 1510 3457 1647 3498; x_wconf 89' lang='lat' dir='ltr'><strong>potest,</strong></span> <span class='ocrx_word' id='word_1_1065' title='bbox 1681 3457 1722 3489; x_wconf 94' lang='lat' dir='ltr'><strong>ut</strong></span> <span class='ocrx_word' id='word_1_1066' title='bbox 1745 3453 1815 3488; x_wconf 89' lang='lat' dir='ltr'><strong>duo</strong></span> <span class='ocrx_word' id='word_1_1067' title='bbox 1845 3452 1882 3486; x_wconf 93' lang='lat' dir='ltr'><strong>in</strong></span> <span class='ocrx_word' id='word_1_1068' title='bbox 1905 3460 2027 3486; x_wconf 90' lang='lat' dir='ltr'><strong>necem</strong></span> <span class='ocrx_word' id='word_1_1069' title='bbox 2057 3458 2132 3484; x_wconf 90' lang='lat' dir='ltr'><strong>eius</strong></span> <span class='ocrx_word' id='word_1_1070' title='bbox 2163 3448 2261 3483; x_wconf 91' lang='lat' dir='ltr'><strong>litem</strong></span> <span class='ocrx_word' id='word_1_1071' title='bbox 2284 3450 2377 3498; x_wconf 80' lang='lat' dir='ltr'><strong>inter</strong></span> 
     </span>
     <span class='ocr_line' id='line_1_145' title="bbox 1291 3496 2376 3545; baseline -0.008 -10"><span class='ocrx_word' id='word_1_1072' title='bbox 1291 3509 1329 3535; x_wconf 88' lang='lat' dir='ltr'><strong>se</strong></span> <span class='ocrx_word' id='word_1_1073' title='bbox 1352 3499 1520 3544; x_wconf 86' lang='lat' dir='ltr'><strong>iungant,</strong></span> <span class='ocrx_word' id='word_1_1074' title='bbox 1553 3499 1614 3545; x_wconf 87' lang='lat' dir='ltr'><strong>qui</strong></span> <span class='ocrx_word' id='word_1_1075' title='bbox 1639 3510 1719 3535; x_wconf 91' lang='lat' dir='ltr'><strong>cum</strong></span> <span class='ocrx_word' id='word_1_1076' title='bbox 1750 3499 1828 3543; x_wconf 90' lang='lat' dir='ltr'><strong>ipso</strong></span> <span class='ocrx_word' id='word_1_1077' title='bbox 1858 3496 1995 3540; x_wconf 82' lang='lat' dir='ltr'><strong>litigare</strong></span> <span class='ocrx_word' id='word_1_1078' title='bbox 2025 3504 2098 3529; x_wconf 92' lang='lat' dir='ltr'><strong>non</strong></span> <span class='ocrx_word' id='word_1_1079' title='bbox 2120 3496 2297 3538; x_wconf 90' lang='lat' dir='ltr'><strong>poterant.</strong></span> <span class='ocrx_word' id='word_1_1080' title='bbox 2345 3502 2376 3528; x_wconf 90' lang='lat' dir='ltr'><strong>si</strong></span> 
     </span>
    </p>
   </div>
   <div class='ocr_carea' id='block_1_12' title="bbox 1290 3604 2381 3698">
    <p class='ocr_par' dir='ltr' id='par_1_15' title="bbox 1290 3604 2381 3698">
     <span class='ocr_line' id='line_1_146' title="bbox 1290 3604 2381 3698; baseline -0.006 -54"><span class='ocrx_word' id='word_1_1081' title='bbox 1290 3623 1467 3698; x_wconf 59' lang='grc' dir='ltr'><strong><em>ἴουμενον</em></strong></span> <span class='ocrx_word' id='word_1_1082' title='bbox 1478 3612 1527 3646; x_wconf 81' lang='lat' dir='ltr'><strong>F.-</strong></span> <span class='ocrx_word' id='word_1_1083' title='bbox 1547 3613 1584 3646; x_wconf 81' lang='lat' dir='ltr'><strong>id</strong></span> <span class='ocrx_word' id='word_1_1084' title='bbox 1595 3620 1642 3646; x_wconf 82' lang='lat' dir='ltr'><strong>est</strong></span> <span class='ocrx_word' id='word_1_1085' title='bbox 1653 3619 1847 3654; x_wconf 83' lang='lat' dir='ltr'><strong>suspensum</strong></span> <span class='ocrx_word' id='word_1_1086' title='bbox 1893 3608 1938 3648; x_wconf 87' lang='grc'><strong>(9)</strong></span> <span class='ocrx_word' id='word_1_1087' title='bbox 1959 3606 2064 3639; x_wconf 83' lang='grc'>11111110</span> <span class='ocrx_word' id='word_1_1088' title='bbox 2077 3605 2114 3639; x_wconf 86' lang='lat' dir='ltr'><strong>F&#39;</strong></span> <span class='ocrx_word' id='word_1_1089' title='bbox 2149 3606 2210 3646; x_wconf 84' lang='lat'><strong>(10)</strong></span> <span class='ocrx_word' id='word_1_1090' title='bbox 2227 3606 2335 3638; x_wconf 88' lang='lat' dir='ltr'><strong>totum</strong></span> <span class='ocrx_word' id='word_1_1091' title='bbox 2349 3604 2381 3638; x_wconf 86' lang='lat' dir='ltr'><em>F</em></span> 
     </span>
    </p>
   </div>
   <div class='ocr_carea' id='block_1_13' title="bbox 1307 3650 2374 3740">
    <p class='ocr_par' dir='ltr' id='par_1_16' title="bbox 1307 3650 2374 3740">
     <span class='ocr_line' id='line_1_147' title="bbox 1307 3650 2374 3699; baseline -0.007 -8"><span class='ocrx_word' id='word_1_1092' title='bbox 1307 3658 1349 3699; x_wconf 82' lang='lat'><strong>11)</strong></span> <span class='ocrx_word' id='word_1_1093' title='bbox 1373 3656 1600 3699; x_wconf 81' lang='lat' dir='ltr'><strong>denegandam</strong></span> <span class='ocrx_word' id='word_1_1094' title='bbox 1611 3657 1693 3689; x_wconf 85' lang='lat' dir='ltr'><strong>Hal.</strong></span> <span class='ocrx_word' id='word_1_1095' title='bbox 1765 3656 1825 3695; x_wconf 79' lang='lat'><strong>(12)</strong></span> <span class='ocrx_word' id='word_1_1096' title='bbox 1851 3652 1895 3695; x_wconf 88' lang='lat' dir='ltr'><strong>et]</strong></span> <span class='ocrx_word' id='word_1_1097' title='bbox 1908 3661 1968 3685; x_wconf 87' lang='lat' dir='ltr'><strong>neo</strong></span> <span class='ocrx_word' id='word_1_1098' title='bbox 1980 3651 2062 3685; x_wconf 78' lang='grc' dir='ltr'><strong>Ηαί.</strong></span> <span class='ocrx_word' id='word_1_1099' title='bbox 2141 3652 2199 3692; x_wconf 82' lang='lat'><strong>(18)</strong></span> <span class='ocrx_word' id='word_1_1100' title='bbox 2225 3650 2374 3684; x_wconf 86' lang='lat' dir='ltr'><strong>Cassium</strong></span> 
     </span>
     <span class='ocr_line' id='line_1_148' title="bbox 1927 3696 2138 3740; baseline -0.014 -9"><span class='ocrx_word' id='word_1_1101' title='bbox 1927 3696 1986 3740; x_wconf 78' lang='grc'>(14)</span> <span class='ocrx_word' id='word_1_1102' title='bbox 2009 3696 2138 3729; x_wconf 84' lang='lat' dir='ltr'><strong>essetF</strong></span> 
     </span>
    </p>
   </div>
   <div class='ocr_carea' id='block_1_14' title="bbox 1336 3740 2372 3788">
    <p class='ocr_par' dir='ltr' id='par_1_17' title="bbox 1336 3740 2372 3788">
     <span class='ocr_line' id='line_1_149' title="bbox 1336 3740 2372 3788; baseline -0.007 -8"><span class='ocrx_word' id='word_1_1103' title='bbox 1336 3747 1395 3788; x_wconf 83' lang='lat'><strong>(15)</strong></span> <span class='ocrx_word' id='word_1_1104' title='bbox 1420 3747 1486 3780; x_wconf 86' lang='lat' dir='ltr'><strong>Ed.</strong></span> <span class='ocrx_word' id='word_1_1105' title='bbox 1501 3755 1534 3786; x_wconf 75' lang='grc' dir='ltr'><strong>ις</strong></span> <span class='ocrx_word' id='word_1_1106' title='bbox 1556 3748 1641 3788; x_wconf 86' lang='lat' dir='ltr'><strong>Pap.</strong></span> <span class='ocrx_word' id='word_1_1107' title='bbox 1656 3752 1702 3779; x_wconf 81' lang='lat'><strong>23.</strong></span> <span class='ocrx_word' id='word_1_1108' title='bbox 1714 3762 1758 3768; x_wconf 93' lang='lat'><strong>-—</strong></span> <span class='ocrx_word' id='word_1_1109' title='bbox 1772 3743 1857 3776; x_wconf 75' lang='lat' dir='ltr'><strong>Bas.</strong></span> <span class='ocrx_word' id='word_1_1110' title='bbox 1872 3744 1926 3784; x_wconf 85' lang='lat'><strong>27,</strong></span> <span class='ocrx_word' id='word_1_1111' title='bbox 1938 3749 1963 3783; x_wconf 84' lang='grc'><strong>1,</strong></span> <span class='ocrx_word' id='word_1_1112' title='bbox 1977 3748 2056 3776; x_wconf 65' lang='lat' dir='ltr'><strong>ems.</strong></span> <span class='ocrx_word' id='word_1_1113' title='bbox 2073 3759 2114 3765; x_wconf 76' lang='lat'>-</span> <span class='ocrx_word' id='word_1_1114' title='bbox 2132 3740 2183 3784; x_wconf 70' lang='lat' dir='ltr'><strong>Cf</strong></span> <span class='ocrx_word' id='word_1_1115' title='bbox 2201 3741 2281 3774; x_wconf 83' lang='lat' dir='ltr'><strong>Cod.</strong></span> <span class='ocrx_word' id='word_1_1116' title='bbox 2294 3741 2326 3782; x_wconf 92' lang='lat'><strong>8,</strong></span> <span class='ocrx_word' id='word_1_1117' title='bbox 2338 3747 2372 3774; x_wconf 71' lang='lat'><strong>37</strong></span> 
     </span>
    </p>
   </div>
   <div class='ocr_carea' id='block_1_15' title="bbox 2187 3569 2324 3572">
    <p class='ocr_par' dir='ltr' id='par_1_18' title="bbox 2187 3569 2324 3572">
     <span class='ocr_line' id='line_1_150' title="bbox 2187 3569 2324 3572; baseline 0 0"><span class='ocrx_word' id='word_1_1118' title='bbox 2187 3569 2324 3572; x_wconf 95' lang='lat' dir='ltr'><strong> </strong></span> 
     </span>
    </p>
   </div>
   <div class='ocr_carea' id='block_1_16' title="bbox 2029 3840 2104 3872">
    <p class='ocr_par' dir='ltr' id='par_1_19' title="bbox 2029 3840 2104 3872">
     <span class='ocr_line' id='line_1_151' title="bbox 2029 3840 2104 3872; baseline 0 0"><span class='ocrx_word' id='word_1_1119' title='bbox 2029 3840 2104 3872; x_wconf 76' lang='lat'><strong>90*</strong></span> 
     </span>
    </p>
   </div>
  </div>
 </body>
</html>
