2528 3918
185 115 397 166 XXXVII
426 118 516 165 4.5

187 243 483 292 quemadmodum
531 245 650 278 raetor
667 242 929 288 emancipatum
946 244 1102 283 tueatur,
1125 240 1158 276 si
1174 239 1274 276 adita

187 302 260 326 non
283 289 391 324 fuerit
412 288 498 323 here
525 288 611 328 'tas.
643 287 696 322 ita
725 297 793 324 nec
821 286 915 323 filius
945 286 1006 331 qui
1033 286 1072 321 in
1093 290 1274 331 potestate

187 335 358 371 remansit
380 333 537 368 aditione
559 331 720 368 adhibita
740 332 779 368 in
800 335 917 377 totum
940 329 1171 375 expellendus
1193 330 1271 372 erit,

187 380 251 415 sed
272 379 319 414 ad
334 377 542 414 hereditatis
557 377 763 422 petitionem
778 376 1018 412 admittendus
1033 379 1088 411 est
1102 385 1147 410 ex
1163 385 1274 411 causa

186 423 378 459 inofficiosi
411 422 590 468 querellae
621 426 747 458 contra
776 422 1039 466 emancipatum
1066 419 1273 456 movendae.

190 473 204 504 1
255 468 448 504 Videamus
478 471 598 503 tamen
621 467 690 503 isto
716 477 819 508 casu,
874 476 920 501 uo
943 465 1086 510 utrique
1108 464 1155 499 ad
1177 465 1274 500 bona

186 513 300 559 patris
322 513 487 556 veniunt,
519 522 566 547 an
597 512 630 547 ei
661 511 824 547 conferre
880 511 986 546 ebeat
1008 510 1272 555 emancipatus:

187 569 269 594 nam
293 568 409 602 neque
432 567 478 593 ex
499 557 569 592 hac
591 562 695 603 parte
718 556 826 592 edicti
848 556 965 590 verbis
993 554 1031 590 id
1062 554 1182 591 facere
1213 565 1273 590 co-

186 604 298 648 gitur,
330 602 426 638 unde
453 606 580 638 contra
601 602 745 637 tabulas
769 601 909 645 accepit
932 600 1109 636 bonorum
1131 609 1274 650 posses-

188 649 334 689 sionem,
358 657 451 692 quae
472 647 567 683 inter
585 656 658 688 eos,
683 647 812 691 quibus
832 645 884 680 ita
901 645 1075 680 bonorum
1093 654 1273 689 possessio

188 693 348 734 dabitur,
380 692 499 728 caveri
528 691 573 728 de
603 691 793 727 collatione
823 690 869 725 ab
900 690 1124 734 emancipato
1155 688 1273 724 iubet:

187 739 255 774 iste
279 737 371 773 enim
395 737 458 783 qui
479 737 610 772 mansit
639 736 676 771 in
706 740 886 781 potestate
915 734 1010 780 quod
1039 733 1274 770 exheredatus

187 782 396 819 nominatim
419 782 499 825 fuit,
523 793 596 817 non
620 785 675 816 est
697 785 846 815 vocatus
870 780 917 815 ad
937 780 1113 815 bonorum
1130 788 1273 824 posses-

190 828 325 863 sionem
350 832 476 862 contra
497 827 658 862 tabulas:
691 835 807 870 neque
838 835 883 860 ex
913 825 998 859 illa¹
1029 827 1134 870 parte
1156 823 1275 865 edicti,

189 873 286 918 qua²
316 872 487 908 intestato
518 877 621 917 patre
651 876 792 905 mortuo
822 870 1068 922 emancipatus
1091 868 1139 905 ad
1160 868 1274 905 bono-

188 929 268 953 rum
290 917 551 964 possessionem
575 917 750 951 admissus
775 915 820 950 ad
845 915 1074 951 collationem
1094 913 1275 958 compelli-

188 968 267 1005 tur,
299 962 384 1008 quia
411 962 478 998 etsi
500 961 612 997 frater
633 961 679 996 ab
703 961 873 996 intestato
897 959 1001 996 heres
1025 960 1088 1002 sit,
1121 958 1275 994 emanci-

187 1012 296 1053 patus
319 1012 440 1043 tamen
462 1018 534 1043 non
553 1006 635 1041 inde
655 1016 741 1041 acce
766 1005 795 1040 it
810 1006 986 1042 bonorum
1027 1003 1275 1040 ossessionem.

190 1057 227 1088 et
253 1063 393 1094 vereor,
431 1062 478 1088 ne
512 1052 688 1087 hactenus
767 1051 799 1086 'o
837 1060 902 1086 suo
934 1061 1000 1095 pro
1019 1049 1112 1085 uerit
1140 1048 1277 1084 factum

188 1097 331 1134 heredis
362 1097 487 1142 scripti
517 1107 591 1132 non
621 1095 806 1137 adeuntis,
837 1100 879 1131 ut
903 1106 984 1131 eum
1007 1094 1054 1130 ad
1075 1094 1277 1139 portionem

189 1143 394 1179 admitteret
422 1143 597 1178 bonorum
628 1146 876 1186 paternorum,
908 1151 981 1175 non
1011 1140 1118 1175 etiam
1142 1149 1276 1181 eorum,

189 1198 283 1233 quae
313 1187 557 1232 emancipatus
588 1186 735 1232 propria
763 1186 908 1227 habuit,
947 1189 983 1220 et
1012 1185 1082 1220 hoc
1113 1184 1161 1220 sit
1190 1193 1276 1219 con-

189 1243 342 1278 sequens
364 1232 428 1275 illi,
476 1231 567 1274 uod,
600 1242 682 1266 cum
713 1241 757 1266 ex
788 1231 926 1266 minore
948 1235 1052 1275 parte
1075 1229 1232 1274 scriptus
1256 1239 1278 1263 a

188 1283 292 1323 patre
309 1278 413 1313 heres
429 1243 574 1312 rffiictus
590 1276 627 1311 in
642 1279 831 1321 potestate,
856 1275 1011 1311 admisso
1027 1267 1140 1310 fratre
1156 1284 1276 1310 eman-

190 1323 309 1368 cipato
334 1322 381 1357 ad
400 1326 527 1358 contra
545 1321 689 1356 tabulas
709 1322 886 1357 bonorum
903 1320 1178 1366 possessionem,
1201 1319 1278 1355 eius

189 1367 364 1403 beneficio
400 1367 483 1412 plus
525 1371 783 1411 consequatur,
823 1365 983 1411 quamvis
1021 1364 1128 1401 edicti
1162 1364 1279 1400 verbis

191 1413 334 1448 collatio
363 1412 575 1454 inducatur,
606 1422 650 1447 ex
681 1415 799 1446 mente
829 1411 1007 1457 praetoris
1037 1409 1279 1454 denegandam

191 1468 270 1493 eam
293 1457 540 1502 respondetur.
587 1457 698 1492 multo
729 1456 841 1501 magis
873 1461 992 1491 autem
1014 1456 1099 1491 huic
1124 1454 1281 1490 conferri

190 1506 435 1583 3ἣὲξέἷὲῗὲ
457 1501 1051 1592 ἓὲἒῖεξέῗοὲέέἲῖῖὲῗὲθῐὲἒέἑΐὲ
1073 1504 1280 1581 ἶέῗέἔὲἑθ

190 1597 249 1628 tus
282 1592 471 1628 occasione
502 1592 654 1628 omissae
685 1591 893 1627 hereditatis
930 1602 954 1627 a
984 1591 1118 1636 scripto
1149 1589 1280 1626 herede

191 1637 293 1679 (nihil
322 1637 489 1672 habituro
519 1641 667 1683 propter
696 1637 851 1673 delatam
881 1636 1105 1681 emancipato
1131 1646 1153 1671 a
1175 1645 1279 1680 prae·

190 1687 269 1718 tore
300 1688 426 1718 contra
455 1683 598 1718 tabulas
630 1683 806 1718 bonorum
836 1682 1113 1727 possessionem)
1151 1691 1280 1716 nomen

192 1730 212 1763 2
259 1728 316 1763 sui
338 1727 479 1763 heredis
503 1727 656 1772 adeptus
681 1732 747 1763 est.
794 1727 933 1772 Legata
962 1731 1081 1762 tamen
1110 1735 1155 1762 ex
1177 1729 1281 1771 parte

192 1783 259 1808 sua
288 1772 358 1808 iste
388 1773 526 1808 emanci
552 1777 635 1808 atus
658 1772 780 1808 liberis
804 1777 840 1807 et
861 1772 1072 1817 parentibus
1095 1775 1280 1817 praestare

192 1823 340 1870 cogetur
362 1828 435 1853 non
458 1784 585 1861 soliga,
610 1818 673 1853 sed
697 1817 880 1853 deminuta
901 1817 939 1853 in
963 1816 1157 1858 dimidium,
1184 1815 1281 1862 quod

191 1863 405 1909 rehnquitur
426 1863 585 1898 manenti
607 1862 645 1898 in
667 1867 848 1915 potestate
857 1864 882 1898 ⁴.
930 1862 994 1898 sed
1020 1872 1087 1897 nec
1110 1861 1280 1897 adversus

192 1918 273 1944 eum
305 1908 576 1943 constituendae
604 1908 755 1943 actionis
779 1908 977 1952 legatorum
1000 1908 1090 1942 ratio
1115 1911 1187 1949 est,
1220 1906 1281 1951 qui

193 1956 213 1988 3
261 1963 358 1989 mero
382 1953 459 1988 iure
482 1953 650 1989 intestato
671 1953 776 1989 heres
794 1953 940 1988 exstitit.
979 1952 1049 1988 Sed
1064 1952 1125 1997 qui
1141 1951 1282 1996 accepit

193 2003 319 2034 contra
342 1998 485 2034 tabulas
516 1998 692 2034 bonorum
722 1998 1003 2043 possessionem,
1039 1997 1177 2032 etiamsi
1208 2007 1282 2032 non

192 2043 302 2079 fuerit
332 2043 430 2078 adita
460 2043 640 2079 hereditas
669 2054 692 2078 a
721 2044 873 2088 scripto,
931 2046 1068 2078 raestat
1095 2043 1214 2086 legata
1238 2051 1282 2077 ea

191 2093 295 2134 parte
311 2088 513 2123 testamenti
530 2088 625 2131 data,
644 2093 770 2124 contra
786 2099 892 2133 quam
935 2098 1084 2123 onerum
1101 2087 1279 2132 possessio

192 2138 344 2178 accepta
360 2138 426 2168 est.
451 2133 518 2168 erit
533 2143 617 2178 ergo
633 2133 758 2168 melior
772 2133 843 2168 hoc
855 2144 943 2169 casu
956 2132 1116 2169 condicio
1129 2132 1167 2167 in
1178 2131 1281 2167 fami-

191 2178 241 2213 lia
263 2178 380 2214 relicti
402 2177 476 2220 filii,
501 2188 607 2223 quam
631 2178 736 2220 foret,
764 2179 794 2213 si
818 2177 1055 2214 exheredatus
1078 2188 1152 2213 non
1175 2181 1279 2212 esset.

240 2220 289 2260 21
318 2222 573 2258 Movsssmws
601 2223 693 2259 libro
721 2227 828 2259 sexto
853 2223 1121 2269 pandectarum
1176 2222 1213 2257 Si
1238 2222 1280 2265 is,

218 2269 254 2303 ui
285 2267 398 2303 filium
427 2273 464 2302 et
492 2278 537 2303 ex
561 2278 602 2303 eo
626 2278 673 2303 ne
699 2271 792 2303 otem
814 2268 853 2303 in
874 2271 1090 2313 potestatem
1112 2267 1280 2310 habebat,

233 2313 304 2348 ’um
322 2313 356 2348 in
378 2312 607 2358 adoptionem
625 2279 723 2348 degit
738 2317 868 2358 nepote
883 2316 1023 2348 retento
1038 2313 1076 2347 in
1091 2316 1280 2357 potestate,

193 2363 319 2403 postea
349 2358 444 2393 filius
476 2358 722 2403 emancipatus
754 2368 787 2395 a.
807 2362 910 2403 patre
936 2357 1105 2402 adoptivo
1129 2357 1283 2393 decessit

193 2403 373 2438 extraneis
406 2402 597 2438 heredibus
628 2403 820 2438 institutisz
859 2403 954 2438 filius
985 2403 1111 2445 huius,
1150 2402 1211 2447 qui
1244 2403 1281 2437 in

193 2451 374 2493 potestate
397 2447 454 2483 avi
476 2448 658 2491 remansit,
683 2453 810 2484 contra
833 2448 975 2483 tabulas
999 2447 1112 2493 patris
1137 2448 1192 2483 sui
1215 2447 1280 2482 bo-

193 2504 321 2528 norum
353 2493 615 2538 possessionem
645 2497 767 2539 petere
797 2493 966 2538 poterit‚·
987 2492 1147 2538 quamvis
1178 2503 1281 2527 num-

194 2549 301 2583 quam
331 2538 368 2572 in
398 2542 577 2583 potestate
606 2538 712 2574 huius
739 2537 860 2574 fuerit.
907 2538 988 2573 ideo
1017 2548 1085 2574 nec
1115 2537 1281 2573 debuisse

193 2583 231 2618 in
253 2587 432 2628 potestate
456 2593 533 2619 esse
556 2583 698 2619 videtur
706 2585 731 2618 ⁶.
767 2593 861 2627 nam,
886 2583 918 2619 si
934 2583 1040 2619 aliter
1059 2583 1281 2625 observatur,

194 2638 261 2663 nec
285 2628 315 2663 si
340 2629 584 2673 emancipatus
609 2628 703 2663 filius
726 2628 846 2670 fuerit,
870 2639 982 2674 nepos
1007 2638 1052 2663 ex
1075 2638 1129 2670 eo,
1161 2628 1221 2673 qui
1243 2628 1283 2662 in

194 2676 374 2718 potestate
396 2673 452 2708 avi
475 2673 655 2716 remansit,
680 2674 855 2709 bonorum
873 2674 1135 2718 possessionem
1155 2677 1283 2709 contra

198 2722 212 2752 ι
262 2718 403 2753 tabulas
419 2722 541 2763 petere
557 2718 700 2763 poterit.
736 2718 904 2764 Idemque
918 2718 1007 2754 iuris
1025 2722 1090 2761 est,
1112 2718 1143 2753 si
1160 2728 1281 2753 eman·

195 2762 315 2807 cipato
346 2763 419 2798 filio
449 2773 562 2816 nepos
590 2773 636 2799 ex
666 2774 707 2800 eo
731 2763 767 2799 in
790 2767 971 2809 potestate
994 2763 1051 2798 avi
1073 2763 1283 2798 remanserit

195 2811 232 2843 et
262 2812 389 2852 postea
417 2812 513 2853 patri
545 2818 609 2844 suo
639 2809 676 2844 in
707 2808 935 2854 adoptionem
959 2808 1065 2844 datus
1089 2807 1214 2843 fuerit:
1245 2808 1282 2843 id

196 2855 251 2888 est
274 2857 402 2888 contra
424 2853 567 2889 tabulas
598 2853 656 2889 avi
677 2854 853 2889 bonorum
876 2853 1137 2898 possessionem
1161 2857 1282 2898 petere

194 2897 346 2943 poterit,
379 2897 463 2943 quia
485 2908 549 2942 per
572 2898 800 2943 adoptionem
824 2899 886 2934 in⁶
909 2899 1028 2934 aliena
1049 2898 1186 2933 familia
1209 2908 1281 2933 non

196 2945 217 2978 2
262 2941 381 2977 fuerit.
417 2941 487 2977 Sed
505 2943 535 2977 si
550 2944 795 2988 emancipatus
819 2944 912 2979 filius
936 2954 1036 2979 meus
1059 2943 1283 2989 adoptaverit

195 2991 404 3023 extraneum
427 2986 557 3028 filium,
588 2988 619 3022 is
651 2989 711 3033 qui
742 2989 935 3034 adoptatus
958 2994 1014 3024 est
1036 2988 1131 3023 filius
1156 2992 1283 3023 contra

195 3032 338 3067 tabulas
360 3042 459 3068 meas
483 3031 658 3067 bonorum
682 3034 943 3078 possessionem
965 3039 1087 3079 petere
1118 3044 1190 3068 non
1216 3044 1280 3078 po-

195 3077 289 3122 terit,
313 3076 398 3123 quia
420 3086 613 3122 numquam
636 3079 775 3123 nepotis
799 3079 879 3114 loco
902 3077 1000 3124 apud
1022 3088 1079 3114 me
1102 3078 1181 3114 fuit.

706 3215 777 3256 V'¹.

195 3280 259 3313 DE
289 3280 485 3314 LEGATIS
516 3280 828 3316 PssansTlfflms
863 3282 1042 3315 CONTRA
1075 3281 1281 3315 TABULAS

369 3324 589 3359 BONORUM
611 3326 909 3360 POSSESSIONE
931 3327 1109 3361 PETITA.

246 3390 264 3427 1
299 3389 494 3427 nmmos
520 3391 612 3428 libro
639 3392 918 3438 quadraqesimo
942 3393 992 3428 ad
1013 3393 1166 3429 edictum
1212 3393 1281 3428 Hic

196 3436 322 3471 titulus
352 3435 568 3481 aequitatem
597 3436 776 3482 quandam
804 3437 914 3473 habet
940 3438 1140 3474 naturalem
1168 3442 1205 3474 et
1234 3438 1281 3474 ad

197 3552 236 3589 (ι)
261 3547 323 3582 illo
335 3550 371 3583 F
430 3551 473 3590 (2)
498 3550 579 3592 qnia
589 3549 642 3583 Ε*
715 3551 758 3592 (3)
783 3550 864 3592 quia
874 3550 916 3592 ei]
930 3551 989 3592 qui
1002 3552 1081 3585 Hal.
1158 3554 1201 3594 (4)
1226 3565 1280 3586 ca-

193 3602 254 3638 put
264 3593 375 3636 legata
386 3597 496 3627 tamen
552 3595 589 3627 in
599 3597 762 3638 potestate
774 3595 931 3629 collocari
941 3597 1049 3630 debuit
1068 3602 1085 3636 ς
1100 3604 1117 3632 8
1127 3598 1193 3639 fin.
1205 3604 1280 3640 poet

197 3648 266 3716 222²
278 3641 400 3725 emet(a)
425 3685 461 3717 in
475 3697 531 3717 om.
548 3685 580 3717 F

243 3732 286 3771 (τ)
311 3729 591 3764 Sab.1...e.s...12.
607 3739 729 3770 ii...2o;
755 3730 841 3775 Pap.
855 3737 882 3765 τ.
896 3737 938 3765 1³.
953 3737 1072 3771 21...2⁴;
1098 3733 1164 3765 Ed.
1178 3740 1277 3766 25.—

1262 109 1347 162 548

460 3642 502 3679 (ω
527 3639 602 3672 ideo
613 3650 674 3673 neo
686 3639 838 3674 debuisse
848 3639 885 3673 in
894 3643 1056 3683 potestate
1069 3652 1136 3676 esse
1147 3642 1279 3676 videtur
1347 3641 1497 3675 iulianus
1510 3643 1545 3676 F

1477 0 1481 26 ’ἲ
1487 26 1547 51 ΡΝ

1537 78 1554 121 (“
1812 125 1875 160 ns
1903 122 2092 159 means
2118 121 2423 158 Pasasrmms

1340 238 1478 285 aliquid
1499 249 1643 283 novam,
1672 244 1730 283 ut,
1760 240 1821 286 qui
1842 239 1974 276 iudicia
1992 240 2109 294 patris
2130 239 2424 322 rescindunteper

1341 289 1471 320 contra
1491 284 1634 321 tabulas
1652 285 1827 321 bonorum
1844 295 2118 330 possessionem,
2142 296 2186 321 ex
2201 285 2330 321 iudicio
2379 295 2423 321 us

1340 328 1557 375 quibusdam
1577 330 1741 375 personis
1763 330 1882 375 legata
1905 334 1942 366 et
1963 330 2236 367 fideicommissa
2262 333 2424 375 praesta·

1339 378 1439 415 rent,
1470 373 1541 410 hoc
1571 378 1627 410 est
1656 374 1776 410 liberis
1798 380 1836 410 et
1855 376 2085 420 parentibus,
2115 375 2219 412 uxori
2249 375 2425 420 nuruique

1345 422 1358 454 1
1414 418 1531 455 ‘dotis
1553 419 1696 455 nomine
1718 419 1885 464 legatum.
1933 420 2179 456 Generaliter⁹
2200 424 2366 465 parentes
2389 423 2426 455 et

1341 463 1475 499 liberos
1498 468 1644 509 praetor
1666 465 1807 510 excepit
1827 475 1895 501 nec
1917 466 2050 510 gradus
2073 465 2267 501 liberorum
2296 474 2425 510 paren-

1340 509 1475 544 tiumve
1504 509 1739 544 enumeravit:
1776 509 1814 545 in
1842 510 2020 546 infinitum
2047 510 2155 555 igitur
2183 510 2234 546 eis
2263 512 2424 555 praesta-

1341 554 1452 589 bitur.
1498 553 1562 589 sed
1584 563 1651 589 nec
1673 564 1845 599 personas
1868 560 2080 600 prosecutus
2094 556 2121 577 ¹⁰
2144 559 2215 597 est,
2238 558 2359 590 utrum
2381 563 2424 590 ex

1341 598 1431 634 virili
1457 608 1546 634 sexu
1569 608 1616 633 an
1640 609 1685 634 ex
1706 598 1874 635 feminino
1898 600 2124 636 descendent.
2172 599 2334 645 quisquis
2361 598 2424 651 igi-

1341 647 1403 678 tur
1426 653 1472 678 ex
1493 643 1613 679 liberis
1635 644 1915 690 parentibusque
1937 645 2057 689 fuerit,
2081 645 2129 681 ad
2151 644 2261 690 legati
2283 643 2426 689 petino·

1343 698 1424 724 nem
1449 687 1674 730 admittetur,
1701 689 1765 725 sed
1787 689 1838 724 ita
1861 689 2018 732 demum,
2050 691 2080 727 si
2103 690 2183 726 iura
2206 687 2427 734 cognationis

1343 735 1364 768 2
1411 738 1498 769 sunt
1519 732 1612 768 inter
1633 743 1707 769 eos.
1740 733 1892 770 Liberos
1915 739 2035 771 autem
2058 736 2165 772 etiam
2185 744 2246 770 eos
2266 733 2344 769 adl
2388 743 2427 768 a·

1342 782 1462 813 torum
1512 778 1690 814 etitionem
1713 778 1942 821 admittimus,
1966 781 2027 825 qui
2047 780 2086 816 in
2109 779 2336 825 adoptionem
2401 778 2430 813 ti

1343 827 1429 859 sunt
1450 788 1509 859 veq
1531 823 1638 875 etiam
1651 824 1678 845 ¹¹
1703 823 1877 869 adoptivi,
1909 825 2099 862 dummodo
2122 828 2292 861 maneant
2312 822 2429 859 liberi.

1344 871 1368 949 ἰ
1411 867 1591 904 Postumis
1634 868 1756 904 liberis
1791 869 1910 914 legata
1945 870 2071 906 relicta
2106 871 2230 917 utique
2266 871 2427 914 praesta-

1370 918 1497 949 untur:

1391 955 1417 995 2
1448 957 1475 994 I
1477 967 1643 994 munus
1667 957 1759 994 libro
1787 959 1954 995 vicesimo
1986 960 2090 995 tertio
2121 959 2341 1006 diqestorum
2394 962 2431 994 et

1344 1003 1425 1039 ideo
1456 1003 1488 1038 si
1518 1008 1714 1049 praegnate
1744 1013 1857 1039 uxore
1878 1003 1973 1040 filius
1996 1005 2240 1050 emancipatus
2263 1003 2373 1040 fuerit
2393 1008 2431 1039 et

1347 1049 1520 1083 bonorum
1538 1049 1800 1094 possessionem
1818 1053 1945 1084 contra
1963 1049 2106 1086 tabulas
2126 1049 2313 1096 acceperit,
2333 1049 2429 1094 lega-

1346 1099 1422 1128 tum
1444 1094 1567 1139 nepoti
1589 1099 1775 1139 praestare
1798 1093 1954 1130 debebit.

1392 1136 1417 1177 3
1449 1138 1646 1175 viennas
1655 1139 1683 1160 ¹²
1706 1139 1799 1174 libro
1815 1139 2093 1185 quadraqesim0
2109 1139 2160 1175 ad
2172 1140 2326 1176 edictum
2360 1138 2431 1175 Sed

1347 1189 1383 1220 et
1411 1183 1443 1219 si
1472 1183 1597 1219 mortis
1629 1194 1741 1220 causa
1770 1183 1978 1220 donationes
2008 1188 2093 1221 sunt
2114 1184 2153 1220 in
2172 1194 2347 1231 personas
2369 1194 2431 1220 ex-

1348 1234 1471 1274 ceptae
1485 1230 1512 1251 ¹³
1535 1228 1707 1273 collatae,
1733 1228 1839 1265 credo
1862 1229 2018 1266 tuendae
2040 1234 2141 1266 sunt:
2173 1231 2205 1266 si
2227 1234 2347 1265 autem
2370 1239 2431 1265 ex·

1348 1274 1444 1320 cepti
1476 1284 1550 1309 non
1585 1279 1688 1317 sunt,
1724 1273 1938 1310 auferendas
1968 1275 2020 1311 eis
2048 1279 2136 1321 puto
2165 1275 2290 1311 mortis
2321 1284 2433 1310 causa

1353 1325 1362 1354 1
1415 1319 1639 1356 donationes.
1687 1319 1828 1356 Liberis
1859 1323 1978 1356 autem
2000 1323 2142 1356 tantum
2164 1324 2201 1356 et
2222 1319 2432 1365 parentibus

1347 1369 1492 1410 praetor
1514 1365 1709 1410 prospexit,
1733 1376 1807 1401 non
1831 1367 1937 1402 etiam
1960 1364 2067 1402 fratri
2090 1369 2127 1401 et
2149 1365 2266 1401 sorori
2288 1374 2432 1401 conser-

1348 1413 1368 1445 2
1415 1410 1512 1445 vavit
1541 1410 1709 1455 legatum.
1755 1410 1835 1446 Hoc
1859 1415 1978 1447 autem
2001 1410 2116 1448 solum
2141 1410 2307 1454 debetur,
2338 1408 2431 1455 quod

1347 1455 1435 1500 ipsis
1466 1455 1676 1501 parentibus
1706 1455 1870 1491 relictum
1900 1461 1955 1492 est
1985 1462 2022 1493 et
2049 1457 2187 1494 liberis:
2220 1459 2380 1493 ceterum
2402 1454 2434 1491 si

1349 1510 1451 1536 servo
1489 1510 1612 1536 eorum
1650 1500 1760 1536 fuerit
1796 1501 2018 1547 adscriptum
2053 1502 2110 1538 vel
2145 1503 2328 1538 subiectae
2362 1499 2434 1538 iuri

1349 1555 1471 1581 eorum
1494 1555 1690 1591 personae,
1719 1557 1791 1582 non
1815 1546 1980 1583 debetur:
2009 1558 2077 1583 nec
2100 1547 2194 1583 enim
2217 1548 2432 1593 quaerimus,

1349 1593 1369 1626 3
1418 1591 1477 1626 cui
1499 1590 1728 1636 adquiratur,
1759 1591 1823 1627 sed
1851 1592 1909 1627 cui
1935 1592 2052 1628 honor
2081 1592 2227 1629 habitus
2255 1593 2313 1628 sit.
2361 1591 2433 1628 Sed

1349 1640 1386 1671 et
1413 1636 1444 1671 si
1475 1636 1693 1671 coniunctim
1724 1637 1796 1672 ei²⁴
1831 1636 1940 1672 fuerit
1972 1637 2129 1682 legatum
2157 1638 2320 1674 relictum
2351 1647 2433 1673 cum

1348 1681 1617 1762 {QZ-¹223&
1636 1686 1843 1763 P‘fffss‘ff
1850 1683 2267 1774 ἧιῗᾎωιῗιζᾚεξῗέἑὲ
2285 1683 2326 1764 ξὲ
2347 1692 2433 1763 2233

1349 1771 1397 1807 sit
1427 1771 1616 1807 restituere
1647 1776 1771 1808 extero
1800 1772 1897 1817 quod
1927 1772 1995 1808 sibi
2023 1772 2187 1809 relictum
2209 1778 2280 1817 est,
2312 1738 2432 1809 ‹iicon-

1349 1816 1435 1851 dum
1464 1827 1536 1852 non
1561 1826 1640 1852 esse
1662 1816 1818 1862 legatum
1841 1817 2112 1862 praestandum,
2168 1818 2229 1854 uia
2242 1820 2269 1841 ¹⁸
2298 1818 2431 1854 emolu-

1350 1865 1369 1897 5
1417 1865 1575 1897 mentum
1604 1861 1650 1897 ad
1678 1872 1760 1898 eum
1789 1873 1863 1898 non
1890 1862 2048 1908 respicit.
2095 1863 2120 1899 S
2193 1864 2224 1899 si
2251 1873 2432 1909 proponas

1350 1910 1470 1943 extero
1493 1907 1651 1987 leffiamm
1680 1912 1914 1953 rogatumque
1945 1918 2026 1944 eum
2053 1912 2239 1954 praestare
2267 1908 2338 1944 hoc
2366 1908 2431 1943 ali-

1350 1953 1409 1988 cui
1439 1962 1484 1987 ex
1513 1952 1539 1987 li
1565 1952 1634 1987 eris
1691 1953 1962 1998 arentibusque,
1994 1958 2253 2000 consequenter
2276 1953 2433 1990 dicemus

1350 2001 1370 2032 6
1405 1998 1593 2050 ‚praestari
1623 1963 1764 2033 degere.
1818 1998 1898 2034 Hoc
1938 1999 2091 2044 amplius
2126 2003 2163 2034 et
2195 1999 2227 2034 si
2262 2003 2432 2035 etti-aneo

1349 2042 1515 2077 rehctum
1543 2046 1591 2077 sit
1620 2042 1688 2078 sub
1716 2042 1787 2079 hoc
1816 2043 1942 2085 modo,
1981 2044 2065 2079 ut¹⁸
2095 2043 2203 2079 alicui
2237 2053 2282 2079 ex
2311 2043 2433 2079 liberis

1348 2091 1519 2133 praestet,
1543 2087 1793 2132 aequissimum
1813 2089 1881 2124 erit
1899 2088 2019 2125 dicere
2037 2099 2110 2124 non
2128 2088 2258 2125 debere
2277 2088 2310 2124 ei
2327 2098 2431 2134 prae-

1351 2136 1369 2166 7
1416 2137 1531 2168 torem
1555 2132 1730 2178 denegare
1753 2134 1940 2169 actionem.
1986 2134 2045 2169 Ea
2072 2139 2192 2170 autem
2215 2134 2334 2179 legata
2356 2134 2434 2169 sola

1350 2182 1535 2223 praestant
1562 2178 1624 2223 qui
1653 2182 1779 2213 contra
1806 2179 1949 2214 tabulas
1972 2179 2149 2215 bonorum
2170 2179 2432 2225 possessionem

1350 2222 1543 2267 accipiunt,
1567 2233 1660 2268 quae
1682 2223 1817 2259 utiliter
1839 2224 1926 2259 data
1947 2228 2041 2266 sunt,
2065 2234 2187 2260 verum
2205 2224 2340 2260 idcirco
2360 2234 2433 2259 non

1350 2268 1542 2320 debentur,
1574 2268 1671 2313 quod
1698 2268 1792 2305 filius
1823 2274 1950 2305 contra
1979 2269 2123 2306 tabulas
2150 2270 2326 2306 bonorum
2349 2279 2431 2314 pos-

1350 2322 1545 2348 sessionem
1570 2313 1711 2358 accipit,

1395 2356 1423 2394 4
1446 2357 1639 2393 Ivmmws
1658 2358 1749 2394 libro
1772 2359 1938 2413 vicesimo
1962 2360 2068 2412 tertio
2091 2359 2309 2413 diqestmjum
2351 2370 2432 2395 cum

1349 2402 2348 2503 Ξέἕιξὲἳέωῗοίηἰὶθζὲῧὲἐΐ8ῗὲῐέᾎὲἕὲῗηῖᾘέἓὲ
2369 2405 2433 2485 ἒῖῗῑ

1349 2497 1545 2538 petiturum
1570 2497 1695 2528 contra
1714 2493 1858 2529 tabulas
1882 2494 2058 2530 bonorum
2080 2505 2340 2541 possessionem
2355 2496 2393 2530 ¹⁷.

1396 2537 1420 2574 5
1452 2537 1647 2574 ULPIANUS
1673 2539 1764 2574 libro
1820 2539 2071 2586 uadraqesimo
2099 2540 2149 2575 ad
2171 2540 2325 2575 edictum
2372 2539 2431 2575 Fi-

1348 2583 1436 2618 lium
1459 2583 1538 2628 quis
1561 2583 1778 2628 impuberem
1826 2584 1965 2619 eredem
1996 2585 2140 2631 scripsit
2166 2586 2269 2637 eique
2300 2585 2430 2621 substi-

1349 2629 1434 2671 tuit,
1472 2629 1734 2674 emancipatum
1768 2633 1886 2664 autem
1920 2629 2033 2665 filium
2065 2631 2266 2676 praeteriit:
2306 2630 2433 2666 deinde

1349 2677 1499 2718 uterque
1522 2673 1616 2708 filius
1639 2678 1856 2719 acceperunt
1878 2675 2053 2711 bonorum
2075 2676 2354 2720 possessionem:
2380 2674 2430 2711 le-

1350 2723 1434 2763 gata
1457 2722 1542 2754 sunt
1564 2719 1670 2754 etiam
1694 2729 1717 2754 a
1730 2720 1757 2741 ¹⁸
1779 2720 1973 2756 substituto
1996 2719 2191 2765 impuberis
2214 2720 2340 2756 relicta
2359 2731 2431 2756 non

1350 2768 1489 2798 tantum
1512 2763 1632 2800 liberis
1656 2767 1692 2799 et
1712 2764 1935 2809 parentibus,
1959 2775 2083 2801 verum
2104 2765 2211 2802 etiam
2234 2766 2430 2801 extraneis:

1351 2808 1552 2853 quaeritur,
1582 2818 1630 2844 an
1659 2813 1801 2845 mortuo
1831 2809 2015 2855 impubere
2045 2820 2088 2846 co
2134 2815 2194 2846 tur
2216 2810 2431 2846 substitutus

1350 2858 1611 2934 33118‘332‘5130·
1629 2854 1901 2935 ffifflff
1925 2855 2324 2936 fflffl‘ssffi
2336 2860 2431 2936 ⁸3¹3

1351 2944 1414 2978 a¹⁹
1447 2909 1640 2978 substitufo
1674 2910 1886 2988 impubeqis,
1903 2911 2088 2981 pomnibus
2127 2955 2208 2982 eum
2246 2950 2432 2991 praestare

1350 2992 1492 3033 oportet
1527 2988 1651 3024 habita
1686 2989 1825 3024 ratione
1863 2989 1950 3034 legis
1982 2989 2182 3033 Falcidiae,
2219 2990 2355 3026 scilicet
2389 2996 2431 3026 ut

1349 3033 1463 3085 partis
1486 3032 1667 3076 dimidiae,
1694 3078 1702 3087 ·
1725 3044 1792 3069 uae
1822 3034 1869 3069 ad
1900 3045 1980 3070 eum
2010 3045 2054 3070 ex
2084 3035 2185 3071 bonis
2214 3036 2326 3081 patris
2347 3046 2429 3081 per-

1350 3082 1456 3120 venit,
1480 3083 1661 3123 quartam,
1692 3089 1704 3113 1
1757 3083 1813 3114 est
1842 3080 1953 3116 totius
1981 3081 2072 3116 assis
2100 3081 2321 3116 sescunciam
2346 3081 2429 3116 reti-

1354 3127 1365 3158 1
1417 3127 1513 3158 neat.
1561 3122 1664 3168 Quod
1687 3124 1719 3159 si
1741 3124 1902 3169 impubes
1926 3134 1970 3160 ex
1992 3125 2098 3160 uncia
2121 3124 2307 3161 dumtaxat
2328 3126 2428 3161 insti-

1349 3172 1449 3204 tutus
1471 3168 1574 3203 heres
1605 3167 1731 3210 fuerit,
1762 3170 1875 3214 magis
1898 3174 1953 3205 est
1974 3170 2154 3206 semissem
2179 3180 2291 3223 usque
2312 3170 2431 3251 legata

1349 3216 1614 3258 praestaturum
1650 3214 1774 3249 habita
1808 3215 1947 3250 ratione
1983 3215 2070 3260 legis
2109 3215 2309 3252 Falcidiae:
2373 3222 2430 3251 cet

1350 3258 1443 3293 enim
1464 3267 1510 3294 ex
1531 3258 1639 3294 uncia
1661 3258 1772 3294 fuerit
1792 3259 1954 3304 impubes
1977 3259 2171 3303 institutus,
2196 3264 2315 3296 tamen
2357 3261 2429 3296 uod

1350 3305 1370 3338 2
1418 3303 1583 3346 accessit,
1607 3313 1653 3338 au
1679 3304 1752 3339 ebit
1773 3304 1891 3349 legata
1912 3314 1935 3339 a
1957 3305 2151 3341 substituto
2169 3305 2306 3341 relicta.
2332 3271 2428 3342 ‹bm-

1349 3348 1454 3383 nibus
1485 3352 1604 3383 autem
1633 3349 1658 3384 li
1685 3349 1754 3385 eris
1784 3350 1959 3395 praestari
1995 3349 2112 3394 legata
2143 3355 2290 3396 praetor
2319 3350 2429 3386 voluit

1349 3394 1507 3437 exceptis
1538 3393 1593 3428 his
1623 3394 1760 3436 liberis,
1798 3394 1926 3438 quibus
1964 3394 2139 3430 bonorum
2168 3396 2427 3441 possessionem

1348 3442 1495 3484 praetor
1518 3438 1612 3475 dedit
1637 3449 1682 3475 ex
1706 3438 1823 3475 causis
1846 3449 1957 3484 supra
1980 3440 2141 3486 scriptis:
2172 3451 2255 3476 nam
2278 3440 2309 3477 si
2331 3439 2428 3476 dedit

1888 3554 1933 3594 (8)
1958 3563 2089 3595 quoque
2102 3556 2162 3587 ine.
2247 3555 2293 3595 (ο)
2314 3556 2427 3588 autem

1551 3599 1614 3640 (ιο)
1637 3599 1828 3641 persecutus
1839 3597 1869 3630 S
1936 3602 1990 3638 (ιι)
2014 3598 2052 3630 in
2063 3600 2125 3632 ine.
2140 3599 2177 3632 F
2234 3600 2294 3640 (ιι)
2317 3599 2368 3633 eie
2378 3599 2427 3641 B,

1631 3644 1692 3684 (ιθ)
1715 3644 1795 3675 sunt
1806 3642 1843 3674 in
1854 3652 2010 3685 personas
2021 3645 2171 3686 exceptas
2182 3645 2287 3686 suppl.
2303 3656 2362 3677 rec.
2383 3643 2427 3686 B,

1347 3700 1406 3720 om.
1422 3688 1454 3720 F
1547 3690 1606 3727 (u)
1629 3690 1664 3720 et
1675 3687 1711 3721 Γ
2082 3690 2141 3727 (ιιι)
2165 3687 2259 3721 aliud
2270 3688 2352 3731 quid
2363 3689 2425 3724 ine.

1347 3735 1406 3773 (ιτ)
1430 3733 1614 3775 passionem
1625 3732 1660 3765 F
2056 3736 2117 3775 (ιν)
2140 3743 2183 3766 nn
2195 3733 2229 3767 F

1350 3552 1434 3586 Bae.
1450 3553 1504 3594 39,
1516 3560 1541 3594 ι,
1555 3560 1672 3587 20...ss.
1686 3554 1740 3594 44,
1753 3560 1799 3587 2³.

1349 3598 1410 3631 im.
1423 3597 1476 3631 Γ*

1800 3690 1859 3727 (ιε)
1883 3688 1943 3729 qui
1959 3688 1992 3720 Ρ

1746 3735 1805 3774 (ts)
1830 3742 1850 3765 a
1866 3745 1923 3766 om.
1940 3733 1974 3766 F

2515 3626 2528 3650 ,κ
