2528 3918
200 315 493 390 Digestorum
523 333 630 376 haec
660 332 790 376 editio
820 333 959 376 minor
995 338 1038 376 et
1076 346 1198 389 para-

115 392 212 435 bilis
248 394 543 445 repraesentat
578 389 666 432 fere
703 389 859 432 librum
889 390 1196 433 Florentinum.

113 462 212 491 nam
259 460 512 502 quamquam
559 459 655 489 eum
698 459 865 500 quoque
906 447 1067 501 passim
1110 460 1198 490 cor-

112 509 279 559 ruptum
311 517 405 548 esse
434 506 602 547 constat
640 516 735 545 cum
774 504 1097 558 compilatorum
1135 517 1197 546 er-

111 561 277 604 roribus
316 561 413 603 aliis
451 559 726 608 translaticiis
763 560 861 602 aliis
890 559 1079 614 ipsorum
1108 564 1196 602 tum

111 618 377 661 librariorum
407 616 589 670 incuria,
630 619 776 659 tamen
815 617 1001 660 maxime
1038 617 1083 659 in
1120 617 1197 659 tali

111 687 251 730 opere,
274 674 474 729 primario
499 674 616 716 fonte
638 673 739 715 iuris
754 673 936 715 Romani
959 678 1001 716 et
1025 678 1198 729 propter

111 744 250 774 rerum
289 731 484 774 notitiam
523 729 788 785 potissimum
827 730 1014 773 lectitato
1045 743 1196 774 caven-

111 787 210 831 dum
249 792 313 831 est
350 801 377 830 a
413 787 547 830 nimia
583 785 843 829 emendandi
873 786 1046 841 fiducia,
1087 800 1197 841 quae

109 844 291 888 traditae
335 844 532 887 lectionis
577 843 778 886 lectorem
820 857 908 885 non
950 843 1194 898 admoneat,

109 901 186 945 sed
228 901 274 944 id
315 906 416 956 agat
451 905 498 943 ut
536 914 630 943 eam
668 899 903 953 oblitteret,
952 904 1196 956 terrentque

107 958 290 1013 vestigia
328 971 493 1011 eorum,
541 957 613 1011 qui
655 955 785 999 hodie
826 956 871 998 in
914 956 994 1000 has
1031 957 1196 1012 potissi-

107 1029 222 1057 mum
264 1015 429 1059 litteras
471 1016 740 1069 grassantur,
787 1012 888 1055 dum
932 1013 1058 1056 modo
1102 1028 1196 1069 pro-

107 1072 289 1125 babilia,
341 1072 504 1115 incerta
547 1074 715 1123 tamen,
770 1069 895 1112 modo
940 1083 1049 1124 quae
1091 1071 1196 1126 ipsis

107 1128 210 1172 solis
248 1129 420 1184 placere
459 1127 626 1183 possint
664 1127 961 1170 commenticia
989 1140 1069 1170 nec
1098 1141 1196 1170 raro

107 1198 312 1240 perversa
346 1185 392 1228 in
430 1185 570 1240 ipsum
608 1184 833 1227 verborum
872 1183 1064 1227 ordinem
1094 1185 1196 1228 reci-

107 1243 229 1297 piunt
279 1246 321 1285 et
370 1242 431 1285 ita
479 1242 639 1284 tirones
690 1253 828 1294 neque
879 1241 1038 1284 tirones
1082 1242 1196 1284 solos

107 1311 414 1354 saepenumero
445 1298 612 1341 fallunt.
666 1310 794 1352 quam
830 1297 885 1339 ob
925 1310 1014 1340 rem
1051 1311 1079 1340 a
1112 1302 1195 1340 tra-

107 1356 197 1398 dita
241 1356 423 1399 lectione
459 1354 677 1398 rarissime
714 1354 891 1408 recessi,
942 1367 1021 1398 nec
1068 1354 1196 1398 facile

106 1416 220 1456 certe
248 1413 293 1455 in
322 1412 607 1467 gravioribus,
638 1411 722 1454 nisi
752 1411 825 1453 ubi
854 1415 1025 1466 praeter
1054 1412 1196 1454 lectio-

106 1470 172 1513 nis
202 1469 548 1524 probabilitatem
579 1468 739 1510 diserta
768 1468 1034 1521 testimonia,
1066 1468 1196 1512 Grae-

106 1540 249 1569 corum
287 1526 496 1580 maxime,
545 1524 889 1568 emendationem
927 1525 1195 1568 commenda-

106 1587 213 1627 rent.
271 1583 526 1637 ubicumque
563 1586 706 1624 autem
746 1581 877 1625 editio
920 1582 1027 1624 haec
1056 1595 1196 1637 neque

105 1640 285 1695 primam
322 1640 548 1683 lectionem
579 1638 871 1682 Florentinam
904 1638 1093 1692 sequitur
1122 1653 1195 1682 ne-

105 1710 187 1751 que
216 1697 466 1750 secundam,
507 1695 564 1738 ad
594 1695 916 1738 emendationes
946 1708 1094 1739 omnes
1124 1697 1195 1739 vel

105 1753 267 1796 minimi
289 1753 507 1806 momenti,
540 1752 729 1807 exceptis
760 1751 1100 1807 orthographicis
1131 1765 1195 1795 so-

106 1810 180 1864 lis,
219 1810 378 1853 tradita
414 1811 540 1853 lectio
578 1809 623 1851 in
663 1808 942 1852 adnotatione
978 1808 1196 1864 adscripta

107 1871 183 1910 est.
234 1867 436 1910 iudicium
465 1865 519 1909 de
542 1866 777 1908 Florentini
800 1866 899 1908 libri
920 1865 1195 1909 emendatore

107 1923 337 1978 petendum
367 1927 432 1966 est
462 1936 516 1965 ex
547 1922 734 1965 editione
762 1935 861 1965 mea
899 1922 1079 1975 maiore,
1121 1923 1193 1966 ubi

107 1980 397 2024 demonstravi
436 1979 687 2035 saepissime
728 1991 824 2022 eum
868 1983 942 2022 aut
983 1979 1077 2022 falli
1119 1984 1194 2022 aut

107 2037 276 2080 fallere:
313 2036 591 2079 nihilominus
621 2036 712 2079 eius
741 2036 833 2079 sive
863 2036 1193 2079 correctionibus

106 2094 197 2137 sive
231 2093 634 2149 interpolationibus
671 2092 716 2135 in
752 2093 867 2135 notis
905 2093 1036 2136 etiam
1068 2093 1193 2136 huius

106 2150 303 2193 editionis
332 2150 583 2205 plerumque
610 2150 749 2192 10011111
781 2148 894 2200 dedi,
927 2162 1022 2192 cum
1046 2163 1191 2192 earum

105 2207 333 2249 lectionum
357 2206 436 2249 etsi
460 2219 514 2249 ex
536 2210 658 2260 parte
680 2206 961 2260 pessimarum
992 2211 1137 2249 tamen
1166 2221 1193 2249 a

104 2263 194 2307 iure
216 2263 419 2306 consultis
449 2262 680 2317 diligenter
708 2262 816 2304 ratio
846 2262 995 2305 haberi
1023 2263 1190 2306 debeat.

104 2319 310 2375 adscripsi
348 2323 571 2374 praeterea
607 2320 653 2361 in
686 2318 964 2362 adnotatione
994 2319 1192 2362 emenda-

105 2377 241 2420 tiones
264 2377 355 2420 sive
376 2388 495 2418 meas
520 2376 612 2419 sive
634 2376 814 2418 aliorum
842 2376 947 2418 mihi
976 2377 1190 2430 1110113138,

104 2433 192 2477 fere
229 2438 275 2476 ut
311 2433 556 2488 propositae
593 2437 692 2475 sunt
724 2433 770 2474 in
798 2432 986 2476 editione
1015 2433 1190 2487 maiore,

104 2490 251 2545 paucis
282 2493 431 2545 postea
459 2490 529 2532 vel
561 2488 802 2544 suppressis
828 2489 899 2532 vel
921 2489 1100 2532 adiectis
1121 2491 1190 2533 vel

104 2547 288 2590 mutatis.
334 2561 435 2588 nam
465 2546 510 2587 in
540 2546 790 2600 corruptelis
819 2546 1091 2600 Digestorum
1121 2546 1191 2589 de·

105 2603 424 2658 prehendendis
454 2607 496 2644 01
525 2602 730 2645 tollendis
759 2616 916 2656 magna
938 2617 1038 2658 pars
1064 2602 1191 2646 etiam

106 2661 205 2703 iuris
234 2659 489 2715 prudentiae
518 2663 731 2712 versatur,
771 2672 1026 2713 quamquam
1064 2660 1191 2714 pluri-

104 2717 184 2760 mis
214 2717 340 2769 locis,
384 2730 478 2759 cum
518 2715 572 2758 de
610 2715 753 2758 verbis
790 2729 900 2770 quae
930 2716 1099 2759 fuerunt
1128 2730 1192 2759 re-

105 2773 357 2828 cuperandis
388 2772 703 2827 desperandum
734 2772 800 2825 sit,
833 2772 971 2815 omnis
994 2773 1191 2815 emenda-

105 2830 163 2872 tio
194 2843 244 2872 eo
275 2829 534 2881 continetur,
568 2834 615 2871 ut
644 2828 886 2871 coniectura
915 2842 1193 2883 assequamur

104 2886 358 2929 sententiam
411 2885 717 2940 perturbatam.
778 2899 954 2940 quorum
1006 2886 1193 2928 virorum

106 2943 324 2986 doctorum
363 2942 686 2986 emendationes
720 2942 1086 2996 comprobassem,
1127 2956 1193 2985 eo-

105 3013 195 3041 rum
237 2999 413 3042 nomina
454 3003 501 3041 ut
542 3012 621 3053 par
669 3003 762 3042 erat
812 2999 1051 3041 enuntiavi:
1106 3012 1194 3041 cor-

105 3056 315 3099 rectiones
354 3056 448 3098 sine
484 3055 657 3098 nomine
693 3056 888 3110 prolatae
930 3069 1053 3099 meae
1096 3059 1195 3098 sunt

106 3113 295 3167 exceptis
325 3111 593 3167 pervulgatis
624 3116 666 3154 et
694 3125 771 3167 per
799 3113 973 3155 saecula
1000 3113 1085 3154 iam
1114 3116 1196 3155 tra-

106 3168 225 3222 ditis,
277 3182 454 3223 quorum
513 3172 726 3212 auctorem
775 3181 915 3223 neque
955 3169 1082 3212 facile
1127 3182 1196 3211 ex-

105 3225 246 3279 quiras
274 3239 353 3269 nec
381 3226 588 3279 requiras.
641 3225 719 3268 sed
749 3238 843 3267 cum
867 3238 997 3280 saepe
1019 3229 1195 3275 constet,

112 3283 297 3325 maxime
348 3295 401 3325 ex
454 3294 665 3324 consensu
709 3281 967 3324 Graecorum
1014 3287 1056 3326 01
1097 3281 1195 3324 libri

114 3340 369 3394 morentini,
421 3339 621 3382 traditam
673 3337 897 3381 lectionem
941 3349 1194 3391 quamquam

116 3401 353 3449 corruptam
396 3401 537 3439 tamen
575 3396 636 3438 ita
672 3394 948 3448 perscriptam
987 3393 1117 3435 fuisse
1150 3392 1193 3433 in

1480 216 1484 219 ,
1519 214 1525 231 ἱ

1262 337 1352 390 ipso
1407 336 1458 378 Di
1491 342 1675 380 estorum
1719 339 2046 381 Iustinianorum
2100 340 2345 393 archetypo,

1262 391 1458 442 corrupte
1477 401 1529 432 ae
1576 388 1784 432 eiusmodi
1830 391 2090 446 antiquiores
2140 407 2168 436 a
2210 401 2348 449 poste-

1262 444 1419 487 riorum
1463 445 1732 488 librariorum
1775 448 1988 492 erroribus
2031 454 2078 493 ut
2115 450 2348 505 distingue-

1262 505 1426 555 rentur,
1475 502 1600 545 huius
1648 502 1848 546 editionis
1893 505 2079 550 rationes
2126 507 2216 562 pati
2261 521 2348 550 non

1262 557 1530 601 videbantur.
1590 560 1742 603 Graeci
1774 560 1870 602 libri
1901 573 2011 614 quae
2040 564 2261 607 conferunt
2291 564 2349 607 ad

1262 615 1531 669 Digestorum
1563 616 1928 671 emendationem,
1968 618 2068 662 item
2107 634 2245 675 pauca
2282 634 2347 674 ea,

1261 684 1369 725 quae
1408 685 1461 714 ex
1499 672 1675 715 secundi
1716 673 1876 717 ordinis
1916 674 2130 719 codicibus
2167 677 2348 721 adscisci

1260 729 1517 783 probarique
1555 734 1801 784 potuerunt,
1847 731 1892 772 in
1932 730 2014 774 hae
2036 733 2238 778 <editione
2275 739 2349 777 3111

1259 785 1303 826 111
1340 785 1491 828 ordine
1528 785 1753 829 verborum
1793 788 1992 842 leguntur
2030 794 2104 832 aut
2143 790 2188 832 in
2218 791 2349 833 adno-

1260 841 1420 884 tatione
1457 842 1569 885 inter
1605 844 1793 897 reliquas
1835 844 2162 889 emendationes
2199 848 2348 902 proba-

1260 898 1369 941 biles
1392 903 1686 953 proponuntur
1708 901 1961 944 auctoritate
1984 902 2223 958 adscripta:
2254 904 2350 958 ipsa

1261 955 1537 998 Basilicorum
1596 957 1857 1011 comparatio
1917 963 1960 1001 et
2012 960 2345 1004 Bononiensium

1259 1011 1488 1054 lectionum
1525 1013 1730 1068 allegatio
1769 1014 1945 1058 huiusce
1976 1016 2174 1060 editionis
2204 1017 2347 1059 modu-

1259 1069 1345 1110 lum
1387 1068 1596 1113 excedere
1633 1070 1753 1113 visae
1792 1076 1911 1125 sunt,
1954 1076 1998 1115 et
2036 1073 2144 1116 haec
2183 1087 2349 1129 quoque

1260 1139 1345 1168 non
1387 1130 1475 1168 tam
1518 1140 1604 1168 non
1647 1126 1867 1182 profutura
1911 1142 2005 1172 esse
2051 1143 2177 1184 quam
2221 1132 2346 1174 etiam

1260 1183 1453 1225 offutura.
1497 1197 1599 1225 nam
1629 1184 1792 1226 variam
1824 1185 2047 1229 lectionem
2074 1187 2216 1239 talem,
2249 1201 2347 1242 qua-

1259 1239 1311 1281 lis
1342 1243 1407 1282 est
1437 1239 1738 1283 Gebaueriana
1772 1246 1814 1284 et
1843 1242 1945 1285 inde
1974 1248 2143 1298 sumpta
2172 1244 2348 1299 Kriege-

1259 1297 1387 1348 113113,
1421 1301 1462 1339 01
1492 1297 1722 1352 philologis
1753 1302 1795 1340 et
1824 1299 1927 1341 iuris
1957 1299 2159 1343 studiosis
2189 1301 2348 1356 pariter

1258 1352 1451 1396 inutilem
1503 1367 1597 1397 esse
1648 1353 1778 1398 hodie
1824 1356 1934 1398 inter
1978 1370 2125 1400 omnes
2169 1363 2345 1401 constat.

1258 1410 1395 1452 neutri
1438 1410 1550 1452 enim
1593 1411 1818 1465 quicquam
1861 1412 2129 1467 profecerunt
2179 1427 2232 1457 ex
2275 1415 2346 1458 ad-

1257 1467 1426 1521 scriptis
1483 1467 1540 1509 ibi
1600 1468 1867 1510 librariorum
1927 1471 2087 1513 saeculi
2139 1471 2250 1513 XIII
2305 1477 2348 1515 et

1257 1523 1441 1566 maxime
1479 1523 1688 1567 editorum
1727 1538 1838 1568 saec.
1870 1526 1952 1568 XV
1983 1531 2027 1570 et
2055 1527 2160 1570 XVI
2194 1542 2221 1570 a
2251 1528 2345 1570 Flo-

1256 1579 1425 1622 rentina
1447 1580 1632 1624 lectione
1657 1581 2007 1637 dissensionibus,
2034 1597 2144 1638 quae
2168 1584 2347 1628 redeunt

1255 1636 1343 1679 fere
1385 1635 1443 1679 ad
1486 1637 1688 1680 minutias
1734 1643 1821 1680 13111
1864 1639 2015 1683 11131108
2057 1645 2099 1684 01
2141 1643 2346 1686 1110108138

1255 1706 1382 1747 quam
1428 1694 1550 1736 nulla
1593 1694 1764 1737 testium
1807 1697 2058 1740 auctoritate
2102 1698 2194 1741 sive
2235 1711 2342 1742 com-

1254 1750 1478 1793 mendatas
1508 1750 1600 1793 sive
1630 1756 1869 1795 excusatas.
1925 1754 2078 1807 quibus
2108 1755 2343 1810 marginem

1253 1808 1338 1849 iam
1379 1811 1657 1850 exoneratum
1698 1821 1792 1852 esse
1831 1814 1872 1852 et
1909 1810 1960 1853 iis
2002 1811 2141 1854 locum
2185 1812 2343 1865 datum,

1253 1877 1362 1918 quae
1391 1868 1484 1906 utut
1513 1868 1624 1918 sunt,
1656 1870 1771 1908 certe
1801 1879 1894 1908 cum
1926 1866 2061 1910 fructu
2082 1868 2227 1923 aliquo
2254 1883 2344 1923 per-

1252 1919 1508 1975 pendantur,
1540 1921 1630 1964 veri
1655 1921 1887 1977 prudentes
1913 1924 2066 1978 opinor
2087 1926 2343 1980 probabunt.

1336 1977 1382 2020 Si
1427 1991 1537 2032 quae
1579 1983 1752 2033 recepta
1793 1979 1838 2022 in
1876 1980 2056 2035 Digesta
2097 1982 2199 2025 item
2239 1983 2342 2025 alibi

1252 2034 1359 2085 (sive
1388 2033 1505 2089 apud
1535 2035 1639 2078 iuris
1668 2039 1861 2080 auctores
1900 2038 1972 2092 qui
2003 2042 2150 2082 extant
2180 2039 2271 2083 sive
2302 2041 2341 2082 in

1252 2091 1626 2145 compilationibus
1662 2092 1759 2135 aliis
1798 2093 1891 2136 sive
1928 2094 1972 2137 in
2010 2095 2115 2151 ipsis
2153 2096 2343 2151 Digestis

1250 2147 1336 2190 alio
1383 2148 1493 2198 loco)
1543 2149 1614 2191 vel
1659 2149 1839 2192 redeunt
1889 2151 1960 2194 vel
2006 2156 2120 2195 certe
2163 2154 2344 2196 citantur

1250 2202 1424 2247 nomine
1453 2204 1637 2247 auctoris
1667 2205 1855 2254 adiect0‚
1899 2206 1955 2249 ad
1987 2208 2194 2251 eiusmodi
2224 2211 2340 2253 locos

1252 2259 1448 2300 lectorem
1482 2259 1697 2304 remittere
1729 2261 1834 2305 utile
1864 2261 1999 2306 visum
2025 2267 2101 2307 est.
2150 2265 2246 2317 [quo
2276 2278 2334 2306 or

1251 2314 1350 2379 dine
1370 2328 1474 2369 quos
1496 2315 1627 2359 libros
1648 2318 1948 2373 compilatores
1968 2319 2249 2373 adhibuerint,
2275 2320 2335 2363 in-

1250 2370 1366 2414 dices
1397 2370 1478 2414 duo
1511 2372 1731 2417 declarant
1760 2388 1787 2417 a
1815 2376 2011 2418 Bluhmio
2042 2377 2262 2431 compositi
2291 2377 2335 2419 in

1249 2427 1551 2472 additamentis
1591 2430 1715 2474 huius
1754 2431 1952 2475 editionis
1991 2438 2163 2475 curante
2203 2433 2335 2476 Paulo

1250 2483 1441 2538 Krueger
1460 2487 1661 2540 repetiti.]
1690 2487 1829 2531 adieci
1845 2489 1944 2532 item
1966 2489 2023 2532 ad
2038 2489 2228 2543 singulos
2241 2490 2335 2532 titu-

1248 2540 1313 2583 los
1349 2541 1532 2595 partium
1563 2547 1772 2597 quattuor,
1814 2545 1857 2587 in
1887 2558 1992 2599 quas
2030 2545 2333 2600 pandectarum

1249 2598 1545 2652 compilatores
1579 2605 1746 2642 constat
1784 2601 2052 2655 prudentium
2090 2602 2221 2646 libros
2252 2602 2334 2646 dis·

1249 2653 1467 2707 tribuisse,
1517 2655 1778 2699 Sabinianae
1824 2658 2028 2701 Edictalis
2069 2658 2334 2714 Papinianae

1250 2710 1510 2765 Appendicis
1541 2711 1856 2767 indicationem,
1888 2719 1935 2757 111
1954 2727 2038 2769 qua
2057 2716 2222 2759 ratione
2249 2716 2333 2759 sin-

1248 2767 1337 2820 guli
1356 2767 1466 2809 tituli
1486 2769 1708 2823 compositi
1729 2775 1870 2814 essent
1888 2770 1990 2814 inde
2011 2774 2188 2826 pateret.
2227 2772 2329 2816 item

1249 2823 1305 2865 ad
1334 2823 1524 2877 singulos
1553 2825 1698 2869 titulos
1728 2826 1854 2869 citavi
1877 2828 2152 2871 Basilicorum
2179 2829 2249 2883 qui
2271 2843 2332 2872 re-

1249 2879 1461 2934 spondent
1489 2879 1633 2924 titulos
1663 2882 1891 2938 titulosque
1911 2883 2222 2928 Institutionum
2253 2885 2329 2928 Co-

1250 2935 1437 2990 dicisque
1452 2936 1768 2992 inscriptionem
1785 2944 1896 2983 certe
1911 2941 2091 2984 similem
2108 2941 2328 2986 habentes.

1250 2991 1433 3045 denique
1462 2992 1716 3036 Graecorum
1750 2996 1988 3040 versionem
2024 2997 2160 3041 adieci
2192 3011 2329 3052 neque

1250 3048 1474 3090 barbaram
1503 3051 1660 3093 saeculi
1690 3051 1797 3105 XII,
1836 3054 1953 3097 cuius
1982 3053 2197 3109 specimen
2227 3054 2328 3098 dedi

1249 3105 1293 3146 in
1324 3103 1510 3170 editione
1537 3107 1709 3161 maiore,
1740 3122 1878 3163 neque
1903 3111 2122 3165 vulgarem
2153 3124 2206 3154 ex
2235 3111 2329 3154 bar-

1250 3161 1354 3203 bara
1381 3161 1458 3203 illa
1487 3165 1529 3204 et
1565 3164 1841 3218 posteriorum
1873 3167 2203 3211 correctionibus
2231 3181 2327 3211 con-

1249 3217 1511 3272 taminatam,
1546 3219 1622 3263 sed
1651 3233 1762 3276 quae
1790 3221 1893 3265 mihi
1923 3224 2181 3278 probaretur.

1337 3331 1522 3373 Berolini
1563 3332 1604 3374 d.
1645 3335 1712 3376 20.
1750 3335 1842 3378 Iun.
1889 3350 1927 3379 a.
1971 3339 2099 3380 1868:
2148 3339 2247 3381 item
2288 3339 2328 3381 d.

1254 3389 1321 3430 24.
1343 3387 1464 3430 Mart.
1493 3401 1533 3431 a.
1568 3390 1696 3433 1872:
1725 3390 1828 3435 item
1859 3391 1899 3434 d.
1930 3395 1997 3435 27.
2018 3394 2118 3442 Apr.
2145 3407 2184 3437 a.
2210 3397 2326 3438 1877.
