2528 3918
203 145 432 190 XXXXVI
462 148 500 188 3.
526 152 550 186 4

202 270 236 306 ei
267 268 421 315 pretium
443 266 481 303 in
504 270 692 311 acceptum
715 265 851 301 referre
873 266 979 302 etiam
1002 266 1039 301 iii
1062 275 1141 301 eam

201 314 350 357 timitem,
374 321 467 358 quae
489 315 620 347 natura
641 314 782 346 tantuin
803 310 1011 354 debebatur,
1037 314 1074 346 et
1094 311 1176 347 ideo

203 360 312 395 ducto
335 368 377 394 eo
401 357 559 393 debitum
629 355 659 391 ti
678 365 798 402 posse.

252 400 332 442 102
352 401 555 453 Seuerou
579 366 671 438 {gro
689 401 815 447 quinto
833 411 1088 453 responsorum
1126 399 1288 436 Creditor

203 449 361 485 oblatam
383 457 406 483 a
428 446 591 482 debitore
620 445 808 492 pecuniam
831 450 873 481 ut
895 442 965 480 ania
987 445 1044 481 die
1074 455 1161 481 acce
1186 448 1288 481 turus

205 493 359 530 distulit:
383 502 467 528 mox
490 490 656 536 pecunia,
681 501 753 536 qua
774 490 836 526 illa
858 501 917 526 res
939 490 1086 535 publica
1107 495 1169 526 ute
1195 495 1287 532 atur,

205 539 307 584 quasi
331 547 458 573 aerosa
479 537 582 572 iussu
602 535 776 582 praesidis
799 536 943 572 sublata
966 540 1037 570 est:
1061 535 1148 571 item
1197 535 1287 581 upil-

205 583 290 620 laris
311 582 475 628 pecunia,
499 584 541 617 ut
561 580 678 627 possit
698 580 836 617 idoneis
866 580 1069 616 nominibus
1093 546 1193 616 cretss
1213 591 1288 632 ser-

204 633 298 671 vata,
328 627 381 663 ita
402 627 615 673 interempta
637 630 709 663 est:
741 626 941 671 quaesitum
965 629 1029 667 est,
1055 625 1157 661 cuins
1182 625 1289 661 detri-

205 678 363 709 mentum
397 675 503 708 esset.
559 681 618 708 res
644 671 729 707 ondi
765 670 961 707 secundum
976 680 1038 722 'ea
1075 681 1167 715 quae
1205 680 1288 716 pro-

643 716 743 752 'toris
778 726 845 751 nec
875 719 1004 751 tutoris
1044 715 1289 751 detrimentum

1196 276 1285 301 uan-

1223 310 1285 346 de·

205 721 424 765 ponerentur
459 727 527 752 nec
557 727 577 752 c

209 770 223 799 1
273 773 364 799 esse.
412 761 502 798 Cum
531 761 575 798 de
604 763 702 798 sorte
733 761 855 797 debita
877 764 1078 804 constaret,
1113 760 1158 796 de
1181 770 1291 796 usura

205 809 382 854 litigatum
405 810 510 850 esset,
533 806 723 843 novissime
746 817 791 841 ex
814 805 1056 851 appellatione
1079 806 1290 851 pronuntia-

205 859 282 889 tum
305 858 360 888 est
389 853 527 889 solutas
582 852 700 888 uideni
723 861 852 887 usuras
875 861 949 887 non
971 851 1101 903 repeti,
1132 852 1170 886 in
1192 851 1289 886 futu-

206 909 286 934 rum
313 908 397 934 vero
426 907 500 933 non
530 863 670 933 deberi:
704 906 856 941 quaero,
887 905 1040 941 pecunia
1063 896 1149 932 data
1171 900 1290 931 utrum

206 943 325 979 usuris
350 942 477 979 cedere
499 942 663 985 deberet,
697 941 793 985 quod
814 941 949 987 petitor
971 940 1207 985 defenderet2,
1244 952 1290 976 an

208 999 289 1024 vero
328 989 418 1024 sorti
453 987 654 1034 proficeret.
700 985 885 1031 respondi,
924 986 957 1022 si
1017 986 1055 1022 ui
1090 986 1219 1029 dabat,
1254 987 1291 1021 in

206 1039 339 1070 sortem
361 1043 401 1069 sc
424 1032 510 1068 dare
532 1032 693 1073 dixisset,
717 1031 836 1067 usuris
859 1041 933 1067 non
956 1030 1001 1067 de
1026 1042 1086 1067 ere
1105 1031 1289 1077 proficere.

207 1083 227 1114 2
273 1077 440 1114 Valerius
473 1078 577 1113 Lucii
611 1076 697 1111 Titii
739 1086 862 1112 servus
897 1077 1055 1122 scripsit:
1098 1077 1236 1122 ‘accepi
1270 1087 1292 1112 a

208 1123 334 1160 ‘Mario
354 1122 495 1158 Marino
514 1133 559 1158 ex
578 1131 718 1158 summa
733 1121 868 1158 maiore
887 1125 943 1158 tot
962 1122 1122 1158 aureos’:
1147 1132 1290 1168 quaero,

207 1179 255 1204 an
271 1169 362 1204 haec
382 1178 520 1204 summa
541 1167 579 1202 in
602 1166 803 1212 proximum
819 1176 953 1202 annum
976 1166 1010 1203 ei
1032 1171 1181 1213 accepto
1205 1166 1293 1203 ferri

207 1214 346 1258 debeat,
371 1223 453 1248 cum
476 1212 671 1257 superioris
695 1211 780 1247 anni
801 1211 849 1248 sit
871 1212 1078 1257 reliquator.
1124 1212 1293 1266 respondi

206 1259 317 1295 videri
351 1258 390 1293 in
426 1258 576 1303 primam
614 1267 791 1303 quamque
829 1267 1004 1292 summam
1046 1257 1292 1294 liberationem

208 1308 227 1340 3
256 1303 459 1357 proficere.
508 1302 625 1337 Titius
661 1307 824 1355 mutuam
860 1302 1050 1348 pecuniam
1083 1303 1224 1355 accepit
1256 1307 1293 1355 et

207 1347 1292 1445 ffi‘zffsssszessffi‚⁸333tznffier‘52ffi33t3335ffiffl2333

207 1444 243 1476 et
272 1439 507 1483 ignorantiam
536 1447 701 1474 semisses
732 1447 862 1473 usuras
897 1437 1018 1474 solvit:
1059 1448 1208 1483 quaero,
1246 1449 1293 1473 an

207 1483 387 1530 patefacto
411 1492 532 1518 errore
553 1482 607 1525 id,
639 1482 736 1528 quod
762 1483 914 1528 amplius
936 1493 1129 1519 usurarum
1152 1484 1293 1519 nomine

207 1530 365 1566 solutum
387 1532 481 1564 esset
505 1538 612 1573 quam
633 1528 672 1563 in
694 1528 905 1574 stipulatum
929 1528 1136 1572 deductum,
1161 1534 1294 1565 sortem

207 1575 392 1609 minueret.
424 1572 620 1619 respondit,
644 1573 675 1609 si
692 1583 814 1609 errore
836 1573 920 1627 plus
935 1574 974 1608 in
994 1574 1113 1610 usuris
1133 1574 1294 1610 solvisset

208 1630 314 1665 quam
348 1618 503 1661 deberet,
538 1617 742 1654 habendam
774 1620 950 1655 rationem
984 1619 1021 1654 in
1055 1623 1187 1655 sortem
1216 1620 1292 1655 eius

207 1664 302 1710 quod
325 1674 382 1698 am
408 1663 478 1699 lius
502 1663 659 1699 solutum
681 1668 747 1699 cst.

256 1707 334 1747 103
408 1718 604 1744 AECIANUS
631 1709 723 1744 libro
754 1708 912 1745 secundo
933 1709 1292 1754 fideicommissorum

208 1754 297 1790 Cum
335 1764 379 1789 ex
442 1753 582 1790 lui-ibus
623 1754 742 1790 causis
781 1754 922 1790 debitor
957 1755 1146 1800 pecuniam
1176 1754 1292 1797 solvit,

207 1800 366 1835 Iulianus
396 1809 417 1835 e
431 1809 451 1834 e
497 1798 656 1835 utissime
687 1803 793 1844 putat
823 1809 868 1834 ex
899 1809 942 1835 ea
966 1810 1076 1835 causa
1105 1810 1187 1836 eum
1220 1801 1291 1835 sol-

209 1845 298 1881 visse
320 1843 432 1880 videi-i
480 1844 595 1886 ebore,
619 1854 666 1880 ex
683 1854 755 1890 qua
773 1847 870 1887 tunc,
895 1855 977 1880 cuin
999 1845 1171 1888 solvebat,
1196 1856 1292 1881 coni-

207 1889 293 1936 pelli
341 1889 448 1925 oterit
470 1888 518 1925 ad
540 1889 765 1925 solutionem.

256 1933 307 1973 10
367 1933 476 1970 1021
510 1934 603 1970 libro
635 1938 761 1970 octavo
796 1934 1154 1980 fideicommissorum
1198 1937 1293 1972 Ante

206 1980 410 2016 restitutam
428 1979 663 2016 hereditatem
686 1979 883 2016 solutiones
907 1984 943 2015 et
967 1980 1199 2018 liberationes
1215 1981 1292 2017 fac-

206 2030 266 2062 tae
287 2025 336 2061 ab
359 2024 492 2061 herede
515 2028 617 2061 ratae
639 2025 879 2061 habebuntur.

256 2069 336 2109 105
363 2069 522 2106 Panos
555 2070 647 2106 libro
677 2070 860 2116 sinqulari
881 2070 931 2106 ad
952 2071 986 2106 le
1011 2081 1066 2106 em
1090 2071 1293 2107 Falcidiam

207 2115 312 2161 Quod
344 2113 494 2151 dicimus
523 2114 562 2150 in
585 2125 628 2151 eo
652 2115 802 2159 herede,
833 2115 919 2161 qui³
948 2115 975 2151 fi
999 2116 1153 2152 eiussori
1182 2120 1293 2152 testa-

207 2161 296 2197 toris
327 2160 381 2204 id,
435 2159 508 2196 uod
537 2164 623 2196 ante
646 2160 781 2196 aditam
802 2160 1035 2197 hereditatem
1059 2162 1106 2197 ab
1131 2171 1173 2198 eo
1197 2162 1292 2196 solu-

207 2211 284 2242 tum
307 2209 380 2250 est,
437 2205 543 2241 ebere
566 2205 689 2242 statim
714 2205 870 2248 solvere,
903 2217 985 2242 cuin
1014 2205 1133 2251 aliquo
1157 2207 1296 2243 scilicet

206 2254 485 2296 temperamento
508 2254 581 2287 tem
608 2251 681 2287 oris
703 2250 982 2296 intellegendum
1004 2255 1079 2288 est:
1111 2262 1178 2288 nec
1201 2253 1294 2287 enim

208 2307 291 2333 cum
313 2306 421 2332 sacco
444 2295 545 2332 adire
592 2296 684 2332 ebet.

257 2339 336 2380 106
372 2341 496 2377 θυαε
523 2340 615 2378 libro
645 2341 804 2377 secundo
827 2340 873 2377 dc
895 2341 1084 2378 verborum
1107 2341 1294 2389 obliqatio-

207 2387 314 2423 m‘bus
358 2385 469 2422 Aliud
491 2390 547 2422 est
568 2386 646 2422 iure
677 2386 917 2432 stipulationis
941 2386 1036 2423 Titio
1066 2387 1156 2424 solvi
1177 2398 1295 2441 posse²

208 2431 306 2468 aliud
335 2435 464 2484 postea
493 2431 671 2477 permissu
698 2441 776 2467 meo
800 2431 838 2471 id
869 2432 1084 2477 contingere.
1131 2442 1216 2468 nam
1238 2443 1297 2468 cui

207 2478 286 2513 iure
308 2476 551 2522 stipulationis
574 2481 673 2512 recte
697 2477 862 2519 solvitur,
897 2477 931 2513 ei
953 2478 1061 2513 etiam
1079 2477 1295 2531 prohibente

208 2533 265 2558 me
287 2526 386 2558 recte
409 2521 498 2558 solvi
546 2526 656 2558 otest:
682 2522 740 2557 cui
759 2532 841 2558 vero
862 2522 951 2558 alias
974 2533 1171 2568 permisero
1195 2523 1294 2567 solvi,

208 2567 243 2604 ei
265 2578 339 2604 non
361 2571 458 2603 recte
482 2577 522 2603 so
537 2567 648 2610 vitur,
679 2567 728 2608 si,
758 2567 813 2612 pri
881 2578 966 2603 uam
989 2568 1204 2611 solveretur,
1234 2568 1295 2604 de-

209 2612 445 2648 nuntiaverim
467 2612 687 2658 promissori,
711 2622 757 2648 ne
780 2612 813 2647 ei
836 2623 877 2648 so
892 2617 1045 2648 veretur.

257 2655 336 2695 107
361 2656 591 2693 Poupoivms
617 2657 709 2694 libro
739 2657 898 2693 secundo
922 2657 1114 2694 euchiridii
1157 2658 1294 2694 Verbo-

208 2713 288 2738 rum
312 2701 481 2747 obligatio
505 2706 568 2738 aut
590 2701 801 2738 naturaliter
830 2703 1019 2739 resolvitur
1042 2708 1106 2739 aut
1129 2703 1293 2739 civiliter:

209 2747 421 2783 naturaliter
449 2747 559 2783 veluti
589 2747 767 2784 solutione
798 2751 863 2782 aut
887 2758 968 2783 cum
1001 2758 1061 2784 res
1084 2749 1121 2783 in
1145 2748 1293 2794 stipula-

209 2793 342 2829 tionem
366 2791 520 2828 deducta
551 2793 627 2828 sine
650 2793 758 2845 culpa
789 2793 1015 2838 promissoris
1038 2794 1076 2829 in
1098 2794 1206 2830 rebus
1229 2794 1294 2830 hu-

208 2837 324 2873 manis
356 2847 435 2873 esse
465 2837 587 2873 desiit:
629 2837 779 2873 civihter
808 2838 918 2874 veluti
948 2839 1219 2892 acceptilatione
1241 2839 1296 2874 vel

209 2893 292 2964 ἔξω
313 2882 525 2964 ἰηᾱεαιιᾴἓω
554 2893 745 2928 personam
767 2883 824 2919 ius
858 2883 1063 2930 stipulantis
1085 2884 1295 2930 promitten-

280 2937 326 2964 ne
374 2937 473 2963 eveni
491 2954 500 2963 .

284 2969 338 3011 08
369 2971 528 3008 Pinus
559 2972 651 3009 libro
680 2973 837 3009 secundo
869 2973 1091 3010 manualium
1137 2974 1203 3018 Ei,
1235 2975 1297 3020 qui

210 3017 381 3054 mandatu
399 3027 478 3053 meo
498 3022 582 3063 post
598 3022 747 3053 mortem
767 3028 882 3054 ineam
900 3018 1092 3072 stipulatus
1112 3024 1178 3062 est,
1197 3024 1296 3056 recte

210 3063 370 3106 solvitur,
395 3061 480 3108 quia
497 3062 580 3098 talis
604 3067 658 3097 est
680 3062 739 3098 lex
755 3063 997 3109 obligatioms:
1021 3064 1172 3110 ideoque
1188 3065 1295 3101 etiam

211 3108 318 3144 invito
342 3118 399 3143 me
422 3111 519 3144 recte
541 3107 575 3143 ei
598 3107 757 3143 solvitur.
796 3109 828 3143 ei
851 3113 982 3154 autem,
1007 3110 1066 3146 cui
1084 3109 1174 3145 iussi
1196 3110 1294 3146 debi-

210 3158 323 3189 torem
355 3163 472 3188 meum
501 3157 586 3199 post
616 3156 764 3188 mortem
786 3163 901 3189 meam
925 3154 1078 3198 solvere,
1102 3166 1175 3191 non
1198 3159 1295 3192 recte

210 3198 368 3240 solvitur,
394 3197 479 3244 quia
501 3197 706 3234 mandatum
728 3202 842 3234 morte
866 3198 1080 3236 dissolvitur.

697 3291 775 3329 1111
784 3290 810 3329 ⁴.

504 3356 566 3389 DE
590 3355 998 3391 ACCEPTEATIONE.

260 3420 279 3458 1
308 3421 559 3458 Monssrmvs
580 3422 671 3460 libro
693 3421 851 3459 secundo
873 3424 1083 3469 reqularum
1125 3426 1291 3471 Accepti-

209 3466 296 3502 latio
319 3470 375 3502 est
401 3466 565 3503 liberatio
588 3477 654 3513 per
676 3470 836 3503 mutuam
858 3467 1190 3514 interrogationem,
1221 3482 1293 3517 qua

209 3511 396 3557 utriusque
420 3512 592 3558 contingit
615 3512 660 3548 ab
685 3512 809 3549 eodem
831 3522 927 3548 nexu
951 3514 1141 3552 absolutio.

209 3624 250 3666 (ι)
278 3636 343 3659 non
356 3628 416 3661 im.
492 3629 538 3668 (2)
562 3626 755 3662 defenderat
765 3640 829 3662 scr.

210 3679 284 3702 euin
298 3671 349 3704 vel
358 3672 480 3705 similia
492 3674 552 3706 im.

256 3720 298 3755 u)
324 3716 524 3754 Sab.2...19;
546 3717 610 3751 Ed.
624 3725 730 3757 i...2o;
759 3718 839 3762 Pap.
854 3726 897 3753 21.
911 3727 965 3758 ης
986 3721 1073 3763 App.
1088 3728 1192 3754 η-
1206 3722 1289 3755 Bae.

210 3759 264 3799 2⁶,
278 3767 304 3792 6.
319 3778 362 3783 -—
380 3761 428 3804 Cf
449 3762 526 3795 cod.
540 3764 571 3804 8,
586 3770 619 3796 44
684 3764 728 3805 (5)
753 3765 823 3797 tine
835 3765 897 3798 del.
912 3765 1071 3806 (similiter
1084 3766 1291 3809 Brissonius)

903 3630 946 3672 (³)
970 3633 1045 3672 1²0⁶*
1055 3634 1185 3673 tempus
1196 3631 1291 3674 adiit,

1276 138 1363 187 756

1486 58 1490 95 l

1491 95 1557 171 V

1959 155 2020 187 DE
2047 155 2429 189 Accnmnouss

1400 261 1426 300 2
1458 263 1653 301 Uberum
1678 264 1769 301 libro
1799 265 1989 302 vicensimo
2021 270 2151 312 quarto
2182 265 2232 301 ad
2259 265 2430 302 Sabinum

1353 308 1621 390 Papinum-{ier
1643 310 1949 356 acceptilationem
1966 310 2073 347 etiam
2096 310 2172 347 sine
2193 312 2322 348 tutoris
2347 322 2431 347 auc·

1354 357 1500 389 toritate
1521 354 1547 389 1ι
1572 355 1664 390 erari
1687 365 1794 401 posse
1815 356 1945 401 placet.

1402 396 1426 435 3
1452 398 1611 435 Pinus
1638 399 1729 435 libro
1760 406 1891 452 quarto
1922 402 1972 436 ad
1994 400 2167 437 Sabinum
2211 402 2282 437 Per
2303 412 2431 447 procu-

1356 448 1511 479 ratorem
1541 454 1608 480 nec
1631 444 1775 480 liberari
1796 455 1862 481 nec
1883 445 2038 482 liberare
2068 446 2255 492 quisquam
2277 447 2431 492 accepti—

1356 488 1489 524 latione
1510 489 1611 525 sine⁶
1632 488 1799 526 mandato
1822 494 1951 536 potest.

1403 532 1429 570 4
1453 533 1682 570 Poupomvs
1700 534 1791 571 libro
1815 546 1910 571 nono
1933 536 1982 571 ad
2005 534 2177 571 Sabinum
2200 536 2433 581 Acceptilatio

1357 578 1424 614 sub
1449 578 1658 615 condicione
1678 578 1757 615 fieri
1779 590 1852 616 non
1874 584 2003 626 potest.

1403 621 1428 660 5
1460 623 1653 660 viennas
1682 625 1773 660 libro
1805 626 2012 672 triqensimo
2036 629 2166 671 quarto
2190 625 2240 661 ad
2262 624 2434 661 Sabinum

1356 669 1400 703 In
1423 668 1516 704 diem
1538 669 1764 714 acceptilatio
1786 669 1886 706 facta
1908 671 2039 706 nullius
2062 674 2117 706 est
2139 671 2324 706 momenti:
2353 681 2434 705 nam

1358 714 1544 750 solutionis
1568 715 1730 760 exemplo
1754 715 1977 760 acceptilatio
2001 716 2092 752 solet
2114 716 2277 752 liberare.

1403 756 1429 796 6
1452 758 1559 794 IDEM
1578 759 1669 795 libro
1693 760 1995 806 quadragensimo
2018 761 2168 807 septimo
2192 761 2241 796 ad
2263 760 2436 797 Sabinum

1356 803 1525 840 Pluribus
1556 804 1847 849 stipulationibus
1876 804 1982 841 factis
2011 805 2043 842 si
2070 806 2265 851 promissor
2294 806 2346 841 ita
2376 816 2436 841 ac-

1358 853 1462 895 cepto
1486 854 1664 894 rogasset:
1697 852 1706 867 ‘
1732 850 1804 886 uod
1827 860 1891 895 ego
1915 851 1981 885 tibi
2005 851 2166 896 promisi,
2198 851 2355 887 habesne
2377 861 2436 886 ac-
2491 881 2495 884 Α

1358 895 1561 939 ‘ceptum?'‚
1593 895 1625 930 si
1654 860 1797 940 quibem
1827 900 1992 941 apparet,
2031 895 2115 941 quid
2145 901 2265 931 actum
2298 900 2369 938 est,
2402 896 2438 931 id

1358 939 1474 975 solum
1491 950 1557 985 per
1576 940 1882 985 acceptilationem
1902 940 2081 976 sublatum
2098 943 2168 977 est:
2193 942 2307 977 sinon
2327 951 2437 987 appa-

1359 989 1432 1027 ret,
1475 995 1596 1021 omnes
1638 985 1887 1030 stipulationes
1923 986 2062 1022 solutae
2104 988 2206 1022 sunt:
2249 986 2438 1021 dummodo

1358 1030 1447 1066 illud
1474 1030 1646 1083 sciamus,
1686 1031 1717 1066 si
1746 1041 1809 1076 ego
1845 1031 1941 1084 aliud
1971 1035 2119 1084 accepto
2148 1031 2233 1075 tuli,
2268 1030 2366 1066 aliud
2399 1035 2439 1066 tu

1359 1085 1399 1111 ‘⁰
1437 1075 2108 1174 ,issssffhiplssfesssssjifflsstffia
2129 1120 2301 1174 sam-‚mm
2347 1121 2439 1158 sm

1360 1170 1397 1201 et
1416 1176 1468 1202 sic
1486 1175 1573 1201 acce
1598 1166 1713 1201 tilatio
1733 1166 1810 1202 fieri
1826 1169 1961 1212 potest:
1987 1170 2149 1212 ‘accepta
2171 1166 2261 1202 facis
2285 1166 2439 1202 decem?

1360 1212 1418 1247 ille
1441 1221 1499 1247 res
1526 1221 1572 1247 on
1599 1211 1647 1246 ἐὖ
1670 1211 1799 1247 ‘facio’.

1407 1254 1455 1294 8⁷
1503 1266 1586 1291 DEM
1605 1256 1696 1292 libro
1721 1257 2023 1310 quadraqcnsimo
2048 1262 2171 1293 octavo
2196 1257 2246 1292 ad
2268 1256 2440 1293 Sabinum

1360 1302 1418 1337 An
1441 1301 1576 1338 inutilis
1600 1302 1826 1347 acceptilatio
1851 1302 1937 1337 utile
1959 1302 2092 1337 habeat
2114 1306 2278 1347 pactum,
2303 1302 2441 1347 quaeri-

1361 1352 1435 1382 tur:
1460 1351 1496 1382 et
1519 1346 1589 1382 nisi
1611 1347 1649 1382 in
1671 1347 1740 1382 hoc
1764 1357 1906 1400 quoque
1930 1350 2054 1382 contra
2077 1357 2222 1383 sensum
2245 1351 2309 1390 est,
2334 1347 2442 1383 habet

1361 1397 1515 1437 pactum.
1563 1392 1658 1427 dicet
1680 1391 1823 1437 aliquis:
1847 1397 1966 1438 potest
1988 1403 2070 1437 ergo
2095 1403 2167 1428 non
2191 1403 2269 1428 esse
2293 1403 2440 1428 consen-

1361 1438 1446 1473 sus?
1475 1447 1541 1472 cui·
1562 1447 1635 1472 non
1657 1438 1795 1482 possit?
1823 1437 1996 1483 fingamus
2020 1448 2111 1480 eum,
2136 1438 2197 1483 qui
2219 1443 2366 1483 accepto
2390 1437 2438 1473 fe-

1362 1484 1479 1524 rebat,
1510 1482 1678 1518 scientem
1707 1483 1988 1528 prudentemque
2010 1483 2143 1518 nullius
2173 1493 2252 1519 esse
2275 1483 2442 1518 momenti

1362 1527 1668 1573 acceptilationem
1691 1528 1743 1563 sic
1767 1532 1914 1573 accepto
1938 1528 2080 1563 tulisse:
2106 1529 2185 1572 quis
2209 1528 2349 1564 dubitat
2371 1538 2443 1564 non

1362 1576 1464 1609 esse⁸
1497 1577 1660 1618 pactum,
1695 1583 1775 1608 cuni
1809 1583 2019 1609 consensum
2048 1573 2253 1619 paciscendi
2276 1584 2348 1608 non
2379 1573 2442 1607 ha-

1367 1622 1379 1653 l
1428 1618 1570 1654 buerit?
1617 1618 1746 1654 Servus
1779 1619 1975 1654 communis
2005 1618 2098 1654 sicut
2127 1618 2190 1653 uni
2220 1629 2266 1654 ex
2295 1618 2441 1654 dominis

1362 1663 1527 1709 stipulari
1555 1665 1694 1709 potest,
1727 1664 1778 1699 ita
1810 1664 1916 1699 etiam
1947 1674 2033 1699 acce
2058 1667 2135 1699 tum
2164 1674 2291 1708 rogare
2314 1663 2376 1699 uni
2399 1674 2443 1699 ex

1362 1709 1513 1745 dominis
1549 1712 1668 1754 potest
1706 1719 1857 1754 euinque
1894 1709 1932 1744 in
1962 1674 2114 1745 solid'um
2143 1709 2290 1744 liberat:
2328 1713 2364 1744 et
2393 1709 2445 1743 ita

1362 1757 1382 1789 2
1430 1753 1631 1790 Octavenus
1662 1757 1777 1799 putat.
1824 1755 1985 1800 Accepto
2016 1754 2170 1790 liberare
2202 1764 2324 1790 servus
2349 1765 2442 1789 com-

1361 1799 1478 1835 munis
1509 1799 1661 1835 alterum
1693 1810 1736 1835 ex
1767 1799 1918 1835 dominis
1948 1799 2055 1835 etiam
2085 1800 2132 1835 ab
2164 1800 2277 1835 altero
2301 1799 2442 1834 domino

1361 1844 2135 1935 Pffizni‘sscssffi“sffibffiofflissffisso
2155 1844 2444 1926 ἓῐῖἒὲἓοξὲἱῖἒ

1361 1901 1503 1970 {omino
1527 1945 1593 1971 suo
1607 1936 1635 1956 ¹⁰
1659 1918 1852 1981 stipulatus
1875 1934 2000 1979 fuerit,
2031 1945 2138 1980 posse
2161 1935 2363 1970 Secundum
2386 1945 2443 1970 ac-

1362 1985 1465 2026 cepto
1488 1990 1616 2025 rogare
1640 1985 1676 2015 ct
1698 1991 1763 2026 per
1782 1980 2090 2033 acceptilationem
2107 1981 2264 2016 Primum
2283 1980 2443 2022 liberare,

1363 2036 1466 2071 quem
1488 2026 1566 2071 ipse
1590 2026 1825 2071 obligaverat:
1850 2036 1903 2062 sic
1925 2025 2021 2069 fieri,
2053 2030 2095 2061 ut
2116 2036 2182 2072 per
2204 2036 2315 2061 unum
2338 2031 2445 2070 atque

1362 2070 1512 2107 eundem
1536 2081 1675 2107 servum
1699 2075 1735 2107 et
1758 2071 1997 2108 constituatur
2028 2074 2065 2107 et
2094 2071 2242 2107 tollatur
2265 2071 2444 2116 obligatio.

1364 2119 1384 2151 3
1431 2118 1630 2161 Acceptum
1652 2116 1732 2152 fieri
1754 2127 1828 2152 non
1850 2121 1988 2162 potest,
2019 2117 2089 2152 nisi
2111 2116 2207 2162 quod
2229 2116 2346 2152 verbis
2372 2116 2444 2151 col-

1363 2161 1549 2206 ligatnm¹¹
1575 2166 1647 2197 est:
1681 2162 1906 2207 acceptilatio
1931 2163 2024 2197 enim
2046 2162 2235 2198 verborum
2259 2161 2444 2206 obligatio-

1363 2217 1445 2242 nem
1467 2206 1580 2249 tollit,
1613 2207 1696 2252 quia
1727 2211 1763 2243 et
1783 2208 1864 2252 ipsa
1893 2208 2009 2243 verbis
2033 2207 2092 2243 fit:
2125 2217 2240 2251 neque
2263 2206 2357 2242 enim
2380 2217 2444 2252 po-

1363 2255 1435 2287 test
1466 2252 1583 2287 verbis
1614 2252 1710 2296 tolli,
1745 2252 1840 2297 quod
1871 2263 1943 2288 non
1976 2253 2091 2288 verbis
2124 2256 2347 2288 contractum
2380 2257 2444 2287 est.

1364 2300 1385 2332 4
1431 2297 1545 2332 Filius
1577 2297 1729 2332 familias
1759 2297 1999 2343 promittendo
2031 2302 2170 2343 patrem
2202 2297 2350 2333 civiliter
2374 2307 2445 2332 non

1364 2342 1507 2386 obligat,
1532 2341 1596 2394 sed
1618 2352 1658 2378 se
1681 2342 1832 2387 obligat:
1857 2347 2004 2423 Ρτοιίξθι·
2027 2343 2122 2388 quod
2145 2346 2293 2388 accepto
2318 2352 2444 2388 rogare

1363 2386 1457 2422 filius
1480 2387 1633 2423 familias
1656 2391 1785 2432 potest,
1811 2392 1852 2422 ut
1875 2398 1913 2423 se
1952 2388 2079 2431 'beret,
2104 2388 2188 2433 quia
2210 2388 2287 2433 ipse
2311 2388 2444 2432 obliga-

1362 2435 1422 2468 tus
1447 2437 1519 2475 est,
1550 2436 1654 2478 pater
1684 2437 1804 2468 autem
1834 2437 2021 2478 acceptum
2051 2433 2211 2478 rogando
2242 2432 2330 2468 nihil
2363 2433 2445 2477 agit,

1364 2488 1445 2513 cum
1468 2487 1540 2513 non
1563 2477 1611 2512 sit
1632 2477 1710 2523 ipse
1733 2478 1927 2523 obligatus,
1961 2478 2024 2514 sed
2051 2478 2158 2514 filius.
2204 2478 2297 2514 idem
2321 2477 2390 2513 erit
2412 2483 2447 2512 et

1362 2522 1401 2557 in
1430 2533 1530 2558 servo
1563 2522 1770 2558 dicendum:
1811 2533 1893 2558 nam
1917 2526 1954 2558 et
1976 2533 2098 2560 servus
2130 2527 2278 2569 accepto
2302 2523 2446 2558 liberari

1363 2571 1495 2613 potest,
1519 2572 1557 2603 et
1577 2567 1754 2604 tolluntur
1776 2568 1884 2604 etiam
1906 2568 2121 2604 honorariae
2145 2568 2391 2614 obligationes,
2415 2568 2446 2603 si

1364 2623 1456 2657 quae
1478 2619 1564 2648 sunt
1594 2613 1765 2649 adversus
1788 2613 1979 2649 dominum.
2027 2614 2111 2659 quia
2123 2614 2152 2635 ¹²
2181 2614 2251 2649 hoc
2275 2614 2352 2649 iure
2375 2613 2444 2648 ufi-

1364 2658 1564 2739 3³31,in
1566 2658 1825 2748 mssssssgefflssssff
1840 2659 2347 2740 ῗέῗθὲῗὲωὲῗῗῃᾈὲἓέᾱὲο
2358 2662 2445 2738 ῗὲἓ

1365 2752 1406 2828 gt
1427 2748 1568 2828 Latml's
1596 2749 1714 2816 gerbis
1738 2715 1848 2785 solea
1885 2751 1973 2792 ἔχεις
2003 2731 2126 2794 λᾶβών
2157 2747 2311 2794 δηνάρια
2334 2731 2445 2789 16an

1403 2807 1433 2827 ω
1529 2807 1585 2827 ων
1626 2820 1635 2829 0

1380 2806 1436 2876 χ9
1468 2797 1628 2875 Pinus
1665 2839 1755 2875 libro
1791 2839 2000 2876 duodecimo
2040 2840 2090 2875 ad
2124 2839 2296 2876 Sabfnum
2355 2838 2445 2873 Pars

1365 2884 1604 2929 stipulationis
1635 2888 1784 2929 accepto
1807 2883 1885 2919 fieri
1916 2888 2036 2930 potest
2057 2895 2130 2921 non
2152 2889 2310 2927 tantum,
2341 2883 2372 2919 si
2395 2883 2446 2919 sic

1365 2929 1478 2965 dicat:
1503 2933 1560 2965 ‘ex
1582 2929 1733 2964 numinis
1751 2929 1886 2972 decem,
1910 2940 2000 2975 quos
2023 2930 2089 2965 tibi
2111 2929 2268 2976 promisi,
2292 2929 2446 2975 quinque

1365 2974 1533 3011 ‘habesne
1561 2974 1778 3019 acceptos?'‚
1818 2974 1882 3010 sed
1913 2979 1950 3010 et
1978 2975 2010 3012 si
2039 2975 2108 3011 sic:
2144 2973 2251 3021 ‘quod
2284 2984 2349 3019 ego
2381 2973 2445 3009 tibi

1364 3019 1534 3065 ‘promisi,
1557 3019 1594 3055 id
1616 3029 1682 3065 pro
1704 3024 1807 3064 parte
1830 3019 1975 3056 dimidia
1997 3021 2155 3057 habesne
2177 3023 2364 3065 acceptum
2372 3019 2400 3054 ’.θ’

1413 3063 1463 3103 10
1488 3064 1716 3100 Poupomos
1745 3064 1837 3100 libro
1859 3066 2050 3102 vicensimo
2072 3069 2177 3101 sexto
2200 3064 2250 3100 ad
2272 3063 2445 3100 Sabinum

1364 3109 1434 3146 Sed
1457 3114 1494 3146 et
1515 3109 1547 3146 si
1569 3120 1642 3145 non
1663 3114 1851 3145 numerata
1872 3111 2035 3155 pecunia,
2059 3110 2123 3146 sed
2146 3114 2282 3146 certum
2301 3119 2444 3154 corpus,

1363 3155 1471 3191 veluti
1493 3155 1600 3191 homo
1622 3155 1661 3190 in
1683 3155 1949 3200 stipulationem
1972 3155 2147 3192 deductus
2169 3160 2235 3197 est,
2259 3157 2380 3200 potest
2402 3164 2443 3189 ex

1388 3204 1467 3236 arte
1489 3199 1714 3245 acceptilatio
1730 3199 1833 3252 ‚fieriz
1865 3211 1936 3246 quo
1959 3201 2064 3237 modo
2089 3206 2124 3236 et
2154 3200 2217 3236 uni
2241 3210 2285 3235 ex
2307 3199 2442 3235 heredi-

1387 3248 1646 3344 uilfcf’zlbtzlg
1663 3244 1991 3344 ῗῗῧοριῖιξῗιῖἐοωιοζ
2014 3289 2064 3326 ad
2086 3289 2260 3344 §abigaum
2301 3289 2444 3343 Spe-cies

1362 3334 1573 3382 adquirendi
1596 3339 1651 3371 est
1673 3335 1828 3372 liberare
1850 3335 2030 3372 dominum
2049 3335 2283 3382 obligatione:
2308 3341 2344 3371 et
2365 3334 2445 3370 ideo

1361 3380 1579 3417 fi-uctuarius
1603 3391 1745 3426 quoque
1764 3391 1889 3418 servus
1911 3381 2062 3417 liberare
2081 3385 2269 3427 acceptum
2287 3379 2445 3433 rogando

1360 3424 1598 3462 fructuarium
1628 3429 1764 3472 potest,
1796 3426 1879 3472 quia
1908 3436 1954 3462 ex
1982 3436 2022 3462 re
2054 3426 2129 3462 eius
2159 3426 2299 3462 videtur
2322 3435 2354 3461 ei
2382 3424 2445 3460 ad-

1385 3470 1514 3507 uirere.
1549 3470 1614 3506 sed
1637 3476 1673 3506 et
1695 3472 1726 3508 si
1746 3482 1853 3507 usum
1874 3475 2015 3507 tantum
2038 3471 2230 3515 habemus,
2254 3470 2347 3506 idem
2369 3469 2443 3505 fiet.

1359 3482 1523 3562 {bamque
1541 3515 1700 3552 dicemus
1723 3520 1761 3552 et
1778 3516 1817 3552 in
1840 3526 1894 3561 eo,
1918 3517 1980 3562 qui
2003 3517 2098 3553 bona
2115 3515 2187 3553 fide
2206 3516 2310 3553 nobis
2327 3515 2445 3556 servit,

1362 3632 1407 3674 (ο)
1431 3630 1491 3665 ille
1502 3632 1674 3675 respondit
1686 3632 1748 3667 dal.
1806 3633 1851 3674 (i)
1871 3633 1946 3672 «1015
1962 3640 1979 3666 4
1993 3634 2035 3675 cs.
2045 3633 2126 3666 Ιηεε.
2137 3634 2169 3671 3,
2182 3639 2230 3674 29,
2244 3639 2256 3666 ι
2314 3632 2359 3673 (s)
2377 3641 2444 3664 non

1359 3676 1467 3710 ine-e
1486 3675 1539 3710 ΓΟ
1616 3680 1662 3719 (ο)
1687 3678 1807 3712 excidit
1824 3689 1972 3711 numm
2063 3678 2123 3718 (ιο)
2148 3676 2283 3710 domino
2300 3686 2360 3710 suo
2379 3676 2441 3709 del,

1360 3722 1416 3764 (11)
1440 3720 1626 3764 obligatum
1637 3735 1700 3756 scr.
1769 3723 1831 3765 (12)
1855 3722 1935 3764 quia
1946 3723 2007 3756 del.
2079 3723 2139 3764 (13)
2165 3724 2201 3756 id
2211 3729 2278 3757 at.-
2301 3721 2443 3755 habesne

1360 3769 1511 3810 aocepto·
1522 3766 1675 3801 donario·
1686 3768 1737 3800 tot
1744 3766 1763 3799 τ
1785 3765 1902 3800 liabeo.
