2528 3918
179 101 388 143 XXXVII
422 104 457 143 1.
481 102 520 143 2.
545 103 583 143 3.
608 103 635 142 4

179 235 244 270 pro
271 228 327 260 ter
361 223 490 269 capitis
524 221 810 258 deminutionem.
869 221 1028 267 quamvis
1063 220 1155 256 enim
1190 220 1267 256 iure

180 270 244 305 civi
262 269 270 278 '
287 268 454 304 deficiant
469 267 584 310 liberi,
608 267 669 312 qui
682 271 831 314 propter
847 267 974 312 capitis
991 265 1266 301 deminutionem

179 315 360 350 desierunt
375 313 432 349 sui
452 312 600 349 heredes
623 323 713 355 esse,
738 316 886 365 propter
909 311 1126 356 aequitatem
1147 314 1267 345 tamen

179 359 349 396 rescindit
366 368 488 394 eorum
503 358 631 403 capitis
656 358 931 393 deminutionem
956 359 1113 401 praetor.
1150 356 1266 400 legum

179 415 249 449 quo
276 414 321 439 ue
337 403 550 438 tuendarum
575 413 685 439 causa
708 402 770 438 dat
792 403 968 438 bonorum
991 401 1265 446 possessionem.

180 454 199 484 2
284 449 353 485 0110
367 449 525 494 scriptae
541 448 687 484 tabulae
703 459 775 483 non
789 447 1017 483 continentur
1031 446 1158 488 edicto,
1184 445 1269 497 quia

178 499 284 530 notas
308 494 446 530 litteras
469 504 542 529 non
565 503 645 529 esse
668 493 799 528 Pedius
826 492 918 527 libro
943 491 1110 527 vicesimo
1143 494 1267 536 quinto

179 540 225 575 ad
249 539 404 574 edictum
429 539 564 574 scribit.

225 582 248 621 7
282 584 477 620 ULPJANUS
497 583 588 620 libro
605 584 729 631 primo
754 582 804 618 ad
826 581 1001 618 Sabinum
1047 580 1176 616 Servus
1202 580 1267 616 bo-

179 640 307 665 norum
347 629 584 665 ossessionem
599 633 698 664 recte
716 628 900 663 admittere
916 630 1046 673 potest,
1071 626 1102 661 si
1125 630 1269 672 praetor

180 675 224 710 de
248 685 317 710 con
344 675 457 710 ‘cione
479 675 556 710 eius
582 678 700 710 certus
725 673 789 709 sit:
814 683 896 708 nam
921 675 957 707 et
979 671 1120 707 absenti
1145 675 1183 707 et
1195 681 1268 706 non

181 720 315 765 petenti
339 719 417 754 dari
439 720 615 755 bonorum
639 718 819 764 possessio
843 721 981 763 potest,
1006 717 1037 753 si
1059 717 1128 752 hoc
1151 716 1269 769 ipsum

180 769 325 810 praetor
347 775 421 800 non
443 765 594 810 ignoret.
641 774 724 809 ergo
751 767 786 799 et
808 763 940 799 femina
989 762 1095 798 oterit
1117 761 1179 797 alii
1201 761 1266 797 bo-

185 815 197 845 l
248 820 377 846 norum
404 810 667 855 possessionem
690 812 823 854 petere.
871 808 975 854 Impu
1002 818 1040 843 es
1063 817 1131 843 nec
1154 807 1268 843 bono-

181 866 260 890 rum
274 855 536 901 possessionem
554 855 740 890 admittere
755 864 822 890 nec
844 853 1015 889 iudicium
1038 852 1117 889 sine
1139 852 1269 888 tutoris

181 904 201 936 2
248 900 463 936 auctoritate
501 900 577 936 acci
605 910 663 935 ere
700 902 830 945 potest.
878 898 971 943 Quia
1002 901 1103 934 tutor
1132 897 1268 944 pupillo

180 949 217 982 et
250 949 355 992 pater
384 946 514 981 infanti
598 956 619 981 0
650 945 827 981 bonorum
855 943 1118 990 possessionem
1147 946 1270 989 petere

179 995 351 1072 pfssutnt,
386 991 479 1034 dies,
512 991 642 1036 quibus
671 994 771 1026 tutor
800 993 864 1025 aut
893 992 998 1035 pater
1027 988 1115 1032 scit,
1146 987 1271 1024 cedere

218 1047 283 1072 ace
302 1064 309 1071 .

180 1049 204 1082 p
229 1079 254 1120 8
279 1081 336 1118 ΡΑ
344 1091 439 1117 vaus
460 1081 550 1117 libro
574 1084 700 1117 octavo
724 1080 775 1116 ad
796 1079 982 1115 Plautium
1014 1079 1128 1115 Tutor
1151 1082 1271 1114 autem

180 1127 357 1163 bonorum
373 1126 635 1172 possessionem
650 1125 787 1172 pupillo
806 1127 1066 1170 competentem
1079 1123 1271 1169 repudiare

181 1183 253 1209 non
282 1176 420 1218 potest,
454 1171 537 1217 quia
565 1171 677 1207 tutori
707 1174 828 1216 petere
858 1170 1071 1216 permissum
1095 1172 1167 1212 est,
1199 1179 1273 1204 non

181 1218 288 1254 etiam
311 1217 511 1262 repudiare.

228 1260 253 1300 9
279 1262 508 1298 Poupomvs
528 1261 620 1298 libro
652 1261 758 1296 tertio
788 1259 838 1296 ad
860 1259 1035 1296 Sabinum
1082 1259 1120 1295 si
1150 1259 1272 1311 plures

180 1308 314 1354 gradus
338 1307 410 1343 sint
431 1306 668 1359 possessionis
690 1305 942 1348 admittendae,
968 1304 1140 1358 quamdiu
1156 1314 1273 1340 mcer-

182 1359 258 1388 tum
287 1353 335 1388 sit
367 1352 511 1398 petierit
540 1361 608 1387 nec
638 1361 684 1387 ne
707 1351 818 1397 prior,
849 1350 1041 1397 posteriori
1073 1349 1166 1386 diem
1201 1360 1273 1385 non

182 1398 376 1444 procedere
401 1400 555 1433 constat.

232 1442 282 1482 10
307 1442 468 1479 Pivws
478 1442 570 1479 libro
585 1441 744 1478 secundo
767 1441 818 1478 ad
840 1440 1016 1478 Sabinum
1038 1440 1082 1476 In
1098 1440 1275 1477 bonorum

208 1488 469 1525 ossessionibus
484 1487 572 1523 iuris
587 1487 792 1532 ignorantia
807 1498 880 1523 non
893 1486 1050 1532 prodest,
1073 1496 1143 1532 quo
1158 1485 1275 1521 minus

183 1501 258 1570 {ies
289 1533 410 1576 cedat,
444 1536 480 1569 et
508 1532 589 1569 ideo
621 1533 744 1568 heredi
775 1532 938 1569 instituto
962 1535 1001 1568 et
1023 1535 1107 1567 ante
1130 1535 1275 1577 apertas

182 1579 326 1615 tabulas
344 1578 419 1614 dies
438 1577 544 1614 cedit.
580 1578 668 1614 satis
689 1582 744 1614 est
767 1577 860 1613 enim
883 1577 977 1614 scire
998 1580 1179 1613 mortuum
1196 1586 1276 1612 esse

184 1635 293 1670 seque
314 1624 519 1669 proximum
543 1625 756 1668 cognatum¹
780 1622 892 1659 fuisse
916 1622 1127 1669 copiamque
1151 1631 1275 1658 eorum

184 1681 274 1716 quos
299 1669 502 1705 consuleret
523 1669 710 1705 habuisse:
743 1668 930 1704 scientiam
961 1668 1055 1704 enim
1086 1677 1160 1703 non
1181 1667 1276 1703 hanc

184 1715 317 1761 accipi,
349 1724 442 1760 quae
471 1714 560 1750 iuris
615 1713 826 1750 rudentibus
856 1714 922 1756 sit,
958 1713 1022 1750 sed
1045 1723 1144 1756 eam,
1169 1723 1276 1758 quani

184 1761 262 1842 quuis
292 1764 357 1796 aut
387 1770 452 1806 per
475 1769 515 1796 se
537 1760 585 1795 ha
612 1763 671 1796 eat
693 1763 757 1795 aut
781 1758 1001 1795 consulendo
1026 1758 1276 1805 prudentiores

184 1817 206 1842 a
252 1816 271 1842 e
295 1805 334 1841 ui
383 1809 487 1841 otest.

233 1817 295 1889 11q
312 1817 436 1887 Gapws
457 1850 548 1886 libro
572 1853 704 1896 quarto
729 1849 866 1886 decimo
890 1849 941 1885 ad
956 1849 1112 1885 edictum
1124 1849 1276 1896 provin-

184 1897 275 1933 ciale
307 1896 345 1932 Si
364 1896 501 1942 pupillo
525 1898 625 1930 tutor
647 1895 825 1931 bonorum
847 1894 1112 1941 possessionem
1134 1893 1278 1939 petierit

184 1947 221 1978 et
255 1942 335 1988 plus
371 1940 587 1977 incommodi
620 1950 727 1986 quam
762 1940 939 1976 commodi
971 1940 1063 1976 haec
1098 1940 1277 1976 bonorum

184 1987 364 2034 possessio
388 1987 531 2029 habeat,
555 1989 655 2021 tutor
677 1986 812 2021 tutelae
833 1985 965 2021 iudicio
990 1989 1143 2021 tenetur.

234 2030 286 2070 12
317 2031 512 2068 Uamivvs
538 2031 630 2067 libro
654 2031 934 2078 quadraqesimo
959 2034 1084 2067 octavo
1109 2030 1160 2066 ad
1181 2029 1276 2066 edic-

187 2082 262 2113 tum
290 2077 374 2113 Non
391 2080 447 2113 est
469 2076 730 2122 ambigendum,
756 2076 852 2122 quod
870 2076 1080 2122 plerumque
1096 2079 1134 2111 et
1151 2079 1278 2111 contra

185 2123 314 2159 fiscum
330 2126 366 2158 et
389 2126 516 2158 contra
538 2131 613 2157 rem
636 2121 841 2174 publicam²
864 2121 1005 2156 admitti
1028 2121 1184 2157 debeant
1199 2121 1276 2167 qui-

188 2168 281 2212 dam,
307 2171 349 2203 ut
370 2171 460 2213 puta
481 2170 615 2210 venter,
639 2170 725 2202 item
747 2166 917 2210 furiosus,
941 2166 1027 2201 item
1049 2167 1081 2202 is
1105 2167 1166 2219 qui
1192 2176 1278 2212 cap-

191 2219 202 2249 1
263 2213 351 2248 tivi³
389 2213 566 2249 bonorum
626 2212 861 2248 ossessionem
895 2212 996 2257 petit.
1053 2211 1279 2257 Ubicumque

187 2260 244 2295 lex
275 2258 331 2294 vel
363 2259 534 2294 senatus⁴
566 2223 623 2293 11οἳ
652 2257 859 2293 constitutio
893 2266 1023 2303 capere
1043 2256 1278 2293 hereditatem

187 2304 364 2350 prohibet,
390 2308 426 2339 et
449 2304 624 2339 bonorum
647 2303 828 2348 possessio
854 2305 985 2338 cessat.

236 2346 286 2387 13
312 2350 539 2384 AFRICANUS
567 2349 658 2384 libro
687 2349 814 2394 quinto
842 2348 1095 2401 quaestionum
1147 2346 1278 2383 Edicto

187 2395 363 2440 praetoris
395 2395 571 2430 bonorum
604 2393 785 2439 possessio
814 2393 870 2429 his
895 2392 1111 2438 denegatur,
1143 2393 1204 2438 qui
1226 2393 1280 2428 rei

189 2439 353 2486 capitalis
388 2439 548 2475 damnati
576 2442 663 2475 sunt
694 2449 812 2485 neque
842 2439 881 2474 iii
912 2439 986 2474 inte
1124 2437 1280 2473 restituti

190 2490 284 2521 sunt.
320 2485 372 2520 rei
396 2489 516 2520 autem
536 2483 700 2529 capitalis
717 2484 906 2519 damnatus
921 2484 995 2519 inte
1023 2483 1139 2529 egitur
1153 2483 1197 2526 is,
1222 2483 1281 2519 cui

188 2541 306 2576 poena
335 2541 432 2566 mors
465 2533 529 2566 aut
556 2539 671 2575 aquae
694 2533 732 2565 et
753 2530 843 2574 13010
867 2528 1069 2564 interdictio
1095 2528 1151 2564 sit.
1199 2539 1280 2564 cum

189 2581 309 2611 autem
331 2576 370 2611 in
392 2575 645 2628 relegationem
668 2575 747 2620 quis
772 2575 849 2618 erit,
873 2574 922 2610 ad
944 2575 1121 2610 bonorum
1136 2584 1279 2620 posses-

190 2623 324 2657 sionem
349 2621 559 2656 admittitur.

240 2665 290 2703 14
325 2666 571 2702 Pipnvmvvs
598 2665 690 2702 libro
723 2666 828 2700 tertio
860 2664 998 2701 decimo
1029 2666 1281 2711 quaestionum

191 2712 280 2747 Cum
314 2711 457 2756 quidam
488 2711 709 2757 propinquus
741 2709 873 2746 falsum
895 2713 1150 2746 testamentum
1173 2720 1281 2746 accu-

191 2762 288 2792 saret
318 2767 362 2792 ac
392 2761 476 2809 post
506 2757 651 2802 longum
682 2756 840 2801 spatium
873 2755 1044 2801 temporis
1079 2755 1281 2801 probasset,

191 2803 275 2837 licet
289 2801 364 2837 dies
380 2812 412 2837 ei
435 2801 610 2847 petendae
634 2801 885 2846 possessionis,
910 2811 1019 2847 quam
1040 2799 1135 2836 forte
1160 2804 1281 2837 certus

192 2847 430 2883 accusationis
459 2850 579 2892 petere
610 2846 750 2889 debuit,
775 2846 928 2882 cessisse
949 2845 1100 2889 videtur,
1124 2849 1283 2882 attamen

192 2892 276 2938 quia
308 2893 378 2927 hoc
411 2893 595 2937 proposito
620 2891 888 2928 accusationem
910 2891 1055 2927 instruit
1064 2892 1089 2934 ⁵,
1113 2895 1155 2927 ut
1177 2902 1283 2928 suum

192 2938 251 3017 ints1
264 2937 331 3017 {ibi
356 2941 481 2979 servet,
507 2936 718 2982 adgnovisse
741 2937 1005 2973 successionem
1028 2947 1101 2972 non
1116 2937 1282 2973 inmerito

192 2983 226 3018 vi
252 2992 271 3017 e
297 2982 379 3017 itur.

243 3026 293 3065 15
318 3026 374 3062 ΡΑ
382 3036 476 3063 vsvs
508 3027 597 3063 libro
627 3027 814 3063 undecimo
845 3037 1102 3074 responsorum
1148 3027 1283 3063 Paulus

194 3072 378 3126 respondit
391 3072 602 3154 &titionem
616 3072 746 3125 matris·
757 3072 871 3108 solam
886 3071 1284 3138 0011ιο11ἳώ00οΜ

195 3129 240 3153 110
267 3119 369 3154 011011
441 3127 568 3153 norum
591 3127 871 3162 possessionem,
899 3127 969 3153 nisi
990 3127 1022 3153 si
1067 3127 1100 3153 is
1123 3128 1184 3163 qui
1206 3127 1284 3154 eam

195 3164 239 3199 de
265 3164 293 3198 it
316 3162 497 3199 evidenter
518 3162 629 3198 voluit
652 3164 754 3198 eam'
777 3162 954 3216 impuberi
978 3162 1066 3198 dare
1075 3163 1100 3198 ⁸.

243 3206 294 3246 16
318 3208 425 3244 1021
435 3208 526 3244 libro
551 3208 655 3243 tertio
679 3212 937 3244 sentenuarum
971 3207 1142 3252 Quotiens
1157 3208 1202 3251 is,
1225 3208 1284 3244 cui

195 3255 372 3290 bonorum
402 3252 581 3299 possessio
613 3252 660 3288 ab
691 3253 805 3288 altero
834 3252 1020 3299 postulata
1050 3256 1124 3296 est,
1164 3253 1285 3290 furere

197 3299 365 3353 coeperit,
377 3298 491 3344 magis
507 3297 699 3351 probatum
711 3301 829 3333 ratum
847 3298 952 3334 0010ο
966 3297 1078 3334 videri
1094 3298 1282 3334 habuisse:

195 3348 268 3380 rati
291 3344 384 3379 enim
407 3343 544 3379 habitio
569 3342 616 3378 ad
640 3342 946 3379 confirmationem
965 3343 1094 3388 prioris
1114 3343 1286 3390 postulati

196 3389 361 3435 pertinet.

199 3596 240 3637 (ι)
263 3596 441 3637 cognatum
456 3594 516 3627 del.
584 3595 628 3636 (2)
652 3591 815 3636 populum
826 3592 1015 3625 Romanum
1026 3605 1089 3627 scr.
1155 3595 1186 3634 (a
1223 3603 1284 3626 no—

1250 95 1336 142 544

1488 0 1559 53 Lx

1494 110 1535 142 si
1548 86 1754 142 1110110011
1767 110 1887 143 mer.
1917 109 1980 141 na·
1991 110 2098 142 1301«.
2106 110 2304 144 rosssss.
2313 112 2414 144 run.

1831 222 1921 264 11¹⁰.

1441 288 1483 321 SI
1505 288 1716 323 TABULAE
1740 288 2034 324 TESTAMENTI
2055 288 2314 324 EXTABUNT.

1385 352 1403 390 1
1433 353 1591 407 Paucos
1609 356 1701 392 libro
1725 357 1830 392 tertio
1854 356 1904 392 ad
1925 355 2098 392 Sabinum
2145 356 2291 401 Heredi,
2317 357 2417 393 cuius

1335 409 1465 434 nomen
1496 400 1699 452 inconsulto
1729 401 1782 437 ita
1812 401 1966 437 deletum
1999 401 2062 444 sit,
2100 405 2141 437 ut
2173 402 2314 447 penitus
2350 402 2418 448 legi

1336 454 1409 496 non
1439 447 1573 489 possit,
1596 445 1683 498 ‘dari
1716 446 1891 483 bonorum
1921 447 2101 492 possessio
2125 447 2266 483 minime
2288 450 2418 493 potest,

1337 500 1421 534 quia
1449 499 1495 525 ex
1526 494 1733 526 comectura
1762 502 1835 527 non
1866 503 1931 538 pro
1958 492 2011 527 rie
2042 492 2114 528 scri
2138 496 2198 528 tus
2229 492 2419 535 videretur,

1337 535 1512 579 quamvis,
1544 535 1576 570 si
1603 539 1686 581 post
1713 537 1873 582 prolatas
1896 540 1935 572 ta
1961 536 2040 573 0100
2065 537 2087 572 d
2121 541 2216 573 etum
2241 538 2288 573 sit
2309 541 2419 573 testa-

1336 583 1511 632 mentum,
1543 580 1719 616 bonorum
1746 582 1925 627 possessio
1959 586 2149 636 competat.
2203 592 2286 617 nam
2320 586 2358 619 et
2391 584 2420 619 si

1337 628 1461 661 mortis
1490 629 1650 671 tempore
1677 626 1823 663 tabulae
1845 626 1996 671 fuerint,
2020 627 2106 664 licet
2128 631 2256 680 postea
2278 626 2420 664 interie-

1335 669 1419 713 rint,
1448 672 1666 716 competet¹¹
1689 671 1866 708 bonorum
1888 674 2080 718 possessio,
2104 682 2189 719 quia
2210 682 2332 709 verum
2354 672 2423 708 fuit

1335 715 1478 751 tabulas
1502 719 1653 752 exstare.

1824 854 1935 896 11122.

1338 919 1402 952 DE
1433 920 1654 954 BONORUM
1680 921 1978 955 POSSESSION'E
2008 921 2199 955 FURIOSO
2230 921 2424 955 INFANTI

1461 965 1586 1000 MUTO
1609 966 1753 1000 SURDO
1778 966 1926 1000 GAEco
1950 965 2311 1000 COMPETENTEss.

1389 1029 1407 1068 1
1438 1030 1683 1069 Pimmws
1716 1033 1809 1070 libro
1843 1033 1969 1079 quinto
2004 1032 2141 1068 decimo
2177 1034 2425 1078 quaestionum

1339 1076 1493 1113 Furioso
1515 1077 1633 1114 Titius
1658 1078 1874 1114 substitutus
1898 1081 1970 1114 est:
1995 1077 2171 1113 bonorum
2189 1078 2427 1123 possessionis

1340 1125 1500 1168 tempus,
1534 1123 1704 1176 quamdiu
1730 1123 1890 1159 furiosus
1918 1123 1957 1158 iii
1981 1122 2105 1159 eadem
2129 1123 2338 1159 condicione
2361 1127 2425 1165 est,

1340 1168 1638 1250 Regggiiilisstffliltg
1654 1179 1770 1215 neque
1785 1168 1979 1222 substituto
1995 1167 2100 1220 cedit.
2132 1178 2210 1211 000,
2234 1168 2265 1204 01
2282 1172 2428 1222 curator

1427 1258 1435 1266 .
1657 1224 1921 1267 possessionem
1944 1223 2106 1258 accipere
2128 1217 2264 1258 potest,
2293 1213 2426 1250 idcirco

1342 1262 1600 1341 mim?
1619 1270 1716 1341 333⁹
1726 1258 2427 1350 „gffffitwssifflb‘fflfai'ifflmssssi

1343 1349 1477 1385 sionem
1501 1350 1651 1403 accipit,
1684 1332 1754 1396 quo
1787 1354 1907 1386 tamen
1938 1353 2102 1385 cessante
2129 1348 2249 1384 infans
2271 1359 2345 1385 non
2368 1359 2428 1385 ex-

1343 1394 1509 1431 cluditur.
1539 1395 1625 1441 qmd
1641 1405 1736 1448 ergo,
1760 1395 1793 1432 si
1816 1398 1962 1431 curator
1985 1394 2149 1440 accipere
2172 1394 2287 1431 nolit?
2311 1404 2430 1430 nonne

1342 1440 1472 1476 iustius
1487 1443 1597 1486 atque
1619 1441 1742 1477 utilius
1767 1441 1834 1477 erit
1857 1440 1905 1476 ad
1928 1439 2078 1476 eundem
2100 1439 2246 1476 modum
2268 1440 2430 1486 proximo

1345 1485 1474 1531 cuique
1497 1486 1759 1531 possessionem
1783 1485 1871 1530 dari,
1894 1496 1940 1521 ne
1963 1486 2060 1522 bona
2081 1485 2248 1521 iaceant?
2272 1495 2342 1531 quo
2366 1485 2430 1520 ad·

1343 1530 1451 1567 misso
1483 1532 1700 1568 substitutus
1734 1531 1935 1567 cautionem
1962 1533 2151 1584 praestare
2186 1530 2325 1576 cogitur
2356 1541 2431 1566 om-

1344 1576 1450 1612 nibus
1465 1576 1533 1619 his,
1558 1577 1690 1623 quibus
1713 1577 1811 1613 bona
1832 1576 1973 1612 restitui
1996 1576 2136 1620 debent,
2161 1576 2191 1612 si
2214 1576 2308 1611 forte
2329 1576 2431 1611 10011-

1343 1624 1444 1658 10100
1473 1622 1512 1657 10
1535 1622 1660 1659 eodem
1683 1621 1804 1658 furore
1827 1621 2022 1658 decesserit
2047 1624 2111 1656 aut
2134 1631 2212 1657 0010
2239 1632 2280 1657 00
2303 1622 2432 1657 mentis

1343 1666 1492 1704 effectus
1523 1671 1608 1703 ante
1635 1671 1786 1703 mortem
1817 1666 1960 1711 obierit,
1985 1677 2092 1712 quam
2114 1667 2139 1702 h
2227 1666 2348 1702 'tatem
2371 1677 2432 1719 03-

1344 1716 1520 1749 00000101.
1552 1723 1636 1749 0010
1659 1716 1697 1749 01
1718 1712 1797 1749 fieri
1818 1715 1949 1758 potest,
1973 1716 2015 1747 ut
2037 1712 2115 1747 vivo
2138 1711 2276 1748 furioso
2300 1712 2432 1748 substi-

1343 1761 1445 1794 tutus
1468 1758 1619 1794 decedat
1641 1768 1708 1794 nec
1732 1761 1853 1794 tamen
1864 1758 1893 1780 ¹⁴
1915 1757 2073 1793 furiosus
2098 1757 2218 1793 obstet
2240 1757 2378 1799 ceteris,
2402 1757 2431 1793 si

1343 1803 1444 1849 prius
1468 1807 1505 1839 et
1522 1804 1600 1850 ipse
1617 1803 1822 1847 decesserit,
1847 1813 1955 1849 quam
1969 1802 2203 1838 hereditatem
2218 1802 2431 1848 adquireret.

1391 1846 1417 1886 2
1449 1848 1644 1885 ULPJANUS
1663 1848 1755 1886 libro
1776 1850 1959 1896 triqesimo
1979 1859 2076 1884 nono
2096 1848 2146 1883 ad
2163 1847 2316 1884 edictum
2351 1847 2432 1883 Mu·

1345 1897 1405 1931 tus
1436 1893 1568 1931 surdus
1599 1904 1729 1930 caecus
1759 1894 1936 1930 bonorum
1965 1893 2226 1939 possessionem
2249 1892 2434 1929 admittere

1345 1943 1509 1985 possunt,
1533 1939 1566 1976 si
1588 1939 1685 1986 quod
1707 1943 1835 1985 agatur
1857 1937 2074 1985 intellegant.

1830 2079 1909 2118 1111
1919 2077 1958 2117 ¹⁸.

1347 2145 1410 2179 DE
1434 2144 1655 2179 BONORUM
1677 2144 1975 2178 POSSESSIONE
2007 2143 2187 2178 CONTRA
2217 2144 2432 2178 TABULAS.

1396 2210 1415 2248 1
1450 2210 1646 2248 Uzpuiws
1665 2210 1757 2248 libro
1782 2211 1965 2258 triqesimo
1989 2221 2084 2246 nono
2113 2210 2164 2246 ad
2185 2210 2338 2247 edietum
2392 2211 2433 2246 In

1348 2259 1474 2292 contra
1496 2256 1639 2293 tabulas
1662 2257 1838 2293 bonorum
1861 2255 2088 2309 possessione
2109 2255 2243 2292 liberos
2272 2256 2435 2302 accipere

1347 2301 1517 2338 debemus
1541 2301 1616 2338 sive
1638 2302 1821 2338 naturales
1845 2311 1919 2337 sive
1941 2300 2145 2347 adoptivos,
2177 2301 2209 2337 si
2239 2311 2355 2347 neque
2380 2301 2434 2337 in-

1351 2350 1366 2382 1
1415 2347 1534 2384 stituti
1564 2358 1589 2382 n
1634 2357 1680 2383 00
1711 2346 1916 2382 exheredati
1945 2351 2040 2383 00111.
2096 2347 2283 2382 Vocantur
2316 2351 2435 2382 autem

1348 2391 1394 2428 ad
1424 2395 1552 2428 contra
1581 2396 1620 2428 ta
1645 2392 1724 2428 ulas
1757 2392 1933 2428 bonorum
1964 2391 2225 2437 possessionem
2258 2391 2362 2427 liberi
2393 2402 2434 2427 eo

1346 2436 2088 2519 {miui‘zqssiviflrffinni’essui'ussffiffiffi‘}
2105 2436 2435 2527 {witgar

1349 2531 1369 2564 3
1416 2538 1494 2564 mos
1517 2528 1661 2564 videtur
1683 2528 1872 2574 pertinere.
1911 2526 1982 2564 Sed
1996 2531 2033 2563 et
2047 2527 2079 2563 si
2093 2527 2139 2563 ab
2155 2527 2320 2563 hostibus
2336 2532 2435 2573 post-

1348 2573 1481 2609 liminio
1517 2573 1688 2609 redierint
1719 2572 1802 2617 filii,
1832 2572 2061 2626 ,Pomponius
2098 2576 2203 2618 putat
2232 2572 2279 2607 ad
2311 2577 2437 2609 contra

1349 2622 1370 2654 4
1417 2619 1561 2655 tabulas
1584 2619 1760 2655 bonorum
1809 2628 2042 2654 ossessionem
2065 2627 2128 2654 eos
2147 2617 2298 2653 admitti.
2334 2617 2373 2653 Si
2392 2628 2436 2653 ex

1348 2663 1465 2700 tribus
1487 2663 1570 2700 filiis
1594 2675 1688 2700 unus
1712 2664 1758 2699 ab
1781 2630 1947 2700 {ostibus
1971 2666 2098 2709 captus
2117 2662 2175 2705 sit,
2198 2662 2351 2715 duobus,
2376 2663 2436 2708 qui

1349 2713 1435 2746 sunt
1457 2710 1495 2745 in
1519 2709 1682 2753 civitate,
1713 2709 1828 2745 bessis
1852 2709 2027 2745 bonorum
2050 2718 2230 2754 possessio
2255 2708 2435 2753 competit.

1350 2758 1370 2790 5
1417 2754 1576 2792 Idemet
1597 2755 1636 2790 in
1652 2758 1838 2800 postumo:
1863 2765 1946 2790 0010
1965 2753 2134 2800 quamdiu
2175 2756 2337 2789 ostumus
2354 2763 2436 2799 spe-

1351 2802 1372 2836 6
1417 2804 1530 2843 ratur,
1554 2800 1592 2836 in
1615 2810 1659 2836 ea
1682 2810 1794 2836 causa
1818 2803 1883 2842 est,
1913 2803 1955 2835 ut
2003 2802 2115 2834 artem
2155 2798 2260 2833 aciat.
2307 2798 2358 2833 Et
2380 2799 2437 2834 sui

1349 2845 1437 2881 iuris
1459 2845 1578 2882 factos
1600 2845 1732 2881 liberos
1755 2844 1893 2880 inducit
1914 2845 1953 2880 in
2001 2854 2151 2880 oncrum
2199 2843 2436 2880 ossessionem

1375 2894 1497 2926 raetor
1510 2891 1598 2934 (sive
1611 2890 1718 2935 igitur
1734 2890 1950 2936 emancipati
1967 2893 2053 2926 sunt
2067 2889 2141 2925 sive
2201 2889 2208 2896 '
2276 2889 2437 2924 exierunt

1350 2902 1396 2971 ge
1417 2936 1532 2982 patris
1554 2939 1745 2981 potestate,
1768 2935 2006 2971 admittuntur
2027 2934 2075 2970 ad
2097 2935 2271 2970 bonorum
2293 2943 2435 2979 posses-

1351 2981 1518 3034 sionem)·:
1548 2980 1618 3034 ‚sed
1652 2980 1811 3034 adoptivi
1832 2980 1959 3062 .ξοῳο
1992 2989 2065 3016 000
2099 2982 2236 3024 potest:
2272 2982 2314 3014 ut
2344 2979 2436 3031 enim

1350 3025 1938 3124 ἱεὴὼθψαὲμέἑὲῗήῑηῖἱὴξιῗῖ
1958 3034 2145 3115 ,ἳέἷῖιὲἒω
2156 3023 2437 3122 ἒέῗῗ”·οἳἓὲ

1351 3120 1588 3162 emancipavit
1618 3120 1655 3151 et
1685 3116 1869 3162 adoptavit
1898 3126 1935 3151 m
1965 3115 2085 3151 locum
2115 3117 2274 3159 nepotis,
2311 3113 2437 3150 deinde

1352 3161 1646 3207 emancipavit¹⁶z
1679 3161 1865 3207 quaeritur
1894 3171 1941 3196 00
1971 3159 2093 3207 nepoti
2116 3159 2246 3195 obstet.
2294 3164 2330 3195 et
2352 3159 2437 3194 mihi

1351 3206 1464 3252 magis
1486 3206 1626 3242 videtur
1648 3207 1743 3242 hunc
1766 3210 1932 3252 nepotem
1954 3215 2027 3240 non
2050 3204 2210 3248 excludi,
2240 3204 2312 3241 sive
2335 3207 2438 3250 pater
2510 3185 2519 3225 s'

1353 3252 1428 3288 eius
1451 3251 1490 3287 in
1512 3251 1705 3298 adoptione
1727 3251 1918 3288 mansisset
1940 3250 2043 3296 quasi
2074 3259 2187 3295 nepos
2216 3250 2289 3286 sive
2317 3259 2435 3285 eman-

1353 3297 1493 3342 cipatus
1512 3300 1586 3333 est:
1610 3301 1699 3343 puto
1722 3297 1815 3333 enim
1838 3300 1876 3333 et
1898 3295 2121 3341 emancipato
2193 3298 2249 3330 tre
2272 3305 2316 3330 ne
2343 3298 2436 3330 otem

1353 3345 1373 3378 8
1421 3352 1561 3388 quoque
1585 3353 1666 3378 cum
1688 3345 1793 3388 patre
1814 3351 1882 3378 sno
1905 3351 1950 3376 ex
1973 3339 2089 3376 edicto
2113 3304 2263 3375 sAERnitti.
2307 3306 2437 3392 ssffiufn

1352 3386 1480 3423 habuit
1508 3390 1545 3422 et
1576 3397 1621 3423 ex
1651 3397 1692 3423 eo
1716 3390 1900 3434 nepotem:
1935 3385 2031 3421 filius
2054 3389 2300 3431 emancipatus
2323 3384 2376 3421 vel
2399 3395 2437 3419 10

1352 3435 1533 3478 potestate
1555 3442 1704 3469 manens
1727 3432 1937 3485 deportatus
1961 3434 2033 3467 est:
2066 3430 2265 3476 quaeritur,
2297 3439 2344 3465 an
2373 3438 2437 3465 ne-

1353 3478 1430 3524 poti
1459 3481 1600 3514 noceat.
1649 3481 1686 3514 et
1706 3487 1824 3514 verius
1847 3480 1903 3513 est
1923 3476 1963 3512 in
1985 3479 2139 3522 utroque
2162 3485 2249 3512 casu
2272 3477 2437 3522 nepotem

1398 3592 1458 3634 (12)
1486 3592 1615 3636 Pap.i;
1639 3591 1721 3626 Sab-
1736 3599 1821 3626 2.·-
1843 3591 1997 3634 Bomio,
2014 3597 2032 3625 2

1351 3637 1418 3670 tem
1430 3637 1465 3670 F
1470 3636 1492 3679 ¹,
1512 3636 1712 3680 competenti
1724 3636 1777 3669 Γ*
1870 3638 1929 3678 (u)
1952 3638 2064 3669 tamen
2077 3636 2136 3669 del.

1397 3682 1458 3723 (15)
1484 3682 1564 3716 Sub.
1578 3691 1602 3716 1.
1615 3689 1719 3721 ³...173
1746 3682 1828 3725 Pap.
1846 3688 2010 3719 2.18...20;
2036 3681 2217 3715 Ed.2i.—
2235 3681 2320 3715 Bas.
2336 3682 2390 3723 40,
2407 3687 2434 3715 ³.

1295 3752 1297 3755 -
1350 3743 1396 3750 —
1411 3726 1462 3772 cs.
1481 3728 1558 3761 Cod.
1572 3729 1605 3770 6,
1616 3734 1649 3761 12
1741 3728 1803 3770 (iu)
1829 3726 1949 3759 deinde
1960 3725 2181 3769 emancipavit
2192 3726 2254 3760 del.

198 3639 287 3672 mine
300 3641 361 3673 im.
375 3640 446 3673 edd.
507 3640 549 3678 (4)
573 3636 762 3672 consultum
776 3638 835 3671 im.
850 3638 923 3671 edd.
980 3640 1023 3677 (5)
1047 3637 1197 3671 institnit
1208 3638 1281 3672 edd.
2168 3593 2226 3632 (¹3)
2250 3592 2436 3634 competen-

199 3686 246 3726 (6)
269 3684 371 3718 sidet.
387 3684 436 3717 F²
527 3685 571 3725 (7)
596 3683 721 3717 ean
804 3683 849 3725 (8)
873 3681 945 3715 dari
959 3682 1008 3715 Ρ
1069 3686 1114 3722 (9)
1139 3693 1208 3716 non
1220 3683 1281 3717 ine.

241 3732 307 3772 (10)
331 3730 411 3764 sab.
426 3747 469 3752 —·
485 3729 569 3763 Bas.
583 3731 638 3772 40,
652 3737 676 3770 ¹,
688 3735 723 3763 26
817 3729 872 3770 (n)
897 3728 1055 3771 competit
1070 3727 1120 3761 F²
