2528 3918
147 116 383 160 XXXXIII
415 118 480 159 10.
508 118 574 159 11.
600 117 653 158 12

147 237 216 275 ὑπο
246 241 312 273 τοῦ
344 236 552 280 ἐντυχόντος
580 234 859 284 μαστιγοῦσθαι,
903 234 923 271 ὁ
956 235 996 270 δὲ
1025 232 1235 280 ἐλεύθερος1

149 283 394 319 ἐνδεικνύσθω
423 287 501 319 τοῖς
531 278 758 328 ἀστυνόμοις,
799 281 836 317 οἱ
871 280 912 316 δὲ
941 277 1140 325 ἀστυνόμοι
1171 280 1235 321 ζη-

147 328 357 374 μιούτωσαν
387 326 480 363 κατὰ
509 328 577 363 τὸν
605 326 723 373 νόμον
745 330 805 362 καὶ
827 326 871 362 τὸ
894 324 1038 374 γεγονὸς
1061 323 1235 359 καταλυό-

148 379 168 410 3
214 387 350 409 πίσσαν.
390 369 659 414 Ἐπιοκευάζειν
682 371 722 407 δι’
743 372 806 408 τὰς
830 370 932 407 ὁδούς
954 369 1041 407 τὰς’
1064 369 1238 415 δημοσίας

148 418 241 454 κατὰ
270 417 339 462 τὴν
370 419 521 453 ἐαυτοῦθ
552 419 671 453 οἰκίαν
693 420 848 454 ἕκαστον
870 420 931 451 καὶ
952 414 1016 452 τὰς
1038 413 1237 462 ὑδρορρόας

148 464 386 510 ἐκκαθαίρειν
412 463 476 499 τὰς
504 466 544 498 ἐκ
573 465 639 499 τοῦ
668 461 788 498 barat&
812 466 867 497 lov
899 464 960 496 καὶ
990 459 1239 500 ἐπισκευάζειν

149 507 281 550 οὕτως,
322 507 370 545 ὠς
410 507 455 542 ἂν
484 507 534 553 μὴ
565 507 682 552 κωλύη
715 477 859 554 ἅμαξαν
887 509 1038 542 ἐπιέναι.
1087 501 1167 540 ὅσοι
1198 502 1238 538 δὲ

148 553 429 599 μισθωσάμενοι
449 555 616 594 οἰκοῦσιν,
642 544 706 589 ὢν
724 552 774 599 μὴ
794 550 1034 598 έπισκευάοῃ*
1059 547 1079 586 ὁ
1103 548 1238 585 δεσπό-

150 613 226 643 της,
258 596 360 635 αὐτοὶ
389 598 686 635 ἐπισκευάσαντες
708 597 1054 644 ὑπολογιζέσθωσαν
1075 594 1118 630 τὸ
1144 591 1236 629 ἂνά-

149 650 170 680 4
217 644 321 690 λωμα
346 643 440 679 κατὰ
468 643 536 680 τὸν
561 644 712 690 μισθόν.
761 640 1093 687 Ἐπιμελείοθωσαν
1117 639 1157 675 δὲ
1179 642 1241 673 καὶ

150 687 248 726 ὅπως
284 688 358 737 πρὸ
393 691 470 724 τῶν
505 692 754 747 ἐργαστηρίων
788 686 903 734 μηδὲν
937 689 1177 733 προκείμενον
1205 681 1237 731 ᾖ,

149 734 244 778 πλὴν
261 734 327 770 ἐὰν
349 734 502 782 κναφεὺς
525 734 651 780 ιμάτια
674 733 770 781 φύγῃ
795 733 817 776 ἢ
839 736 978 767 τέκτων
999 730 1145 778 τροχοὺς
1169 729 1239 771 ἔξω

149 781 250 823 τιθῆ·
288 781 533 816 τιθέσθωσαν
573 779 612 815 δὲ
650 783 710 814 καὶ
742 771 858 819 οὗτοι,
894 774 988 813 ὥστε
1017 776 1067 822 μὴ
1091 775 1242 811 κωλύειν

149 830 170 861 5
217 816 364 871 Ἀμαξαν
385 823 559 870 βαδίζειν.
604 824 666 869 Μὴ
689 823 857 859 ἐάτωσαν
880 821 920 857 δὲ
941 821 1034 868 μηδὲ
1056 820 1242 867 μάχεσθαι

149 875 190 906 ἐν
209 875 290 907 ταῖς
313 869 412 907 ὁδοῖς
433 869 526 916 μηδὲ
550 870 691 917 κόπρον
709 867 897 915 ἐκβάλλειν
912 867 1005 914 μηδὲ
1022 866 1131 915 νεκρὰ
1150 865 1242 911 μηδὲ

151 915 312 964 δέρματα
335 918 478 964 ῥίπτειν
487 918 511 950 ⁶.

647 1051 742 1093 XF.

218 1122 281 1156 DE
312 1121 394 1155 VIA
424 1119 625 1154 PUBLIGA
658 1119 720 1153 ΕΤ
750 1119 946 1152 ITINERE
976 1118 1174 1152 PUBLICO

545 1164 844 1198 REFIGIENDO.

200 1231 219 1270 1
254 1232 450 1269 ULPIANUS
470 1232 563 1268 libro
585 1231 842 1278 seaeaqensimo
866 1233 992 1267 octavo
1017 1230 1067 1266 ad
1089 1230 1243 1266 edictum

149 1278 303 1314 Praetor
335 1277 403 1313 ait:
441 1277 532 1322 ‘Quo
567 1277 684 1313 minus
713 1276 768 1312 illi
798 1276 892 1311 viam
920 1276 1102 1321 publicam
1133 1277 1244 1312 iterve

151 1323 348 1371 ‘publicum
372 1323 512 1369 aperire
534 1322 682 1358 reficere
706 1322 824 1366 liceat,
849 1321 934 1357 dum
958 1331 1003 1357 ne
1026 1332 1070 1357 ea
1089 1322 1148 1358 via
1163 1321 1244 1356 idve

156 1375 169 1406 1
220 1369 300 1405 ‘iter
323 1368 480 1404 deterius
503 1367 586 1412 fiat,
618 1368 690 1404 vim
719 1367 798 1403 fieri
820 1367 926 1403 veto'.
974 1367 1081 1402 Viam
1103 1366 1245 1413 aperire

149 1419 206 1452 est
228 1415 275 1451 ad
298 1417 453 1451 veterem
477 1412 701 1449 altitudinem
723 1412 1022 1458 latitudinemque
1042 1413 1243 1449 restituere.

151 1460 215 1497 sed
234 1465 271 1496 et
289 1470 444 1514 purgare
463 1458 670 1495 refectionis
685 1458 805 1504 portio
823 1462 896 1494 est:
920 1460 1099 1503 purgare‘l
1124 1461 1245 1494 autem

150 1517 216 1553 pro
243 1506 295 1541 rie
336 1505 467 1541 dicitur
504 1503 552 1540 ad
585 1503 837 1540 libramentum
870 1503 1056 1549 proprium
1085 1503 1246 1548 redigere

150 1552 218 1588 sub
234 1554 295 1587 ato
326 1561 370 1587 eo
400 1549 497 1596 quod
525 1560 634 1596 super
657 1560 736 1585 eam
760 1550 891 1585 ιιεειιι.8
937 1548 1055 1585 reficit
1083 1548 1179 1585 enim
1209 1551 1246 1583 et

152 1597 215 1643 qui
247 1595 366 1642 aperit
397 1600 433 1631 et
463 1595 526 1641 qui
555 1599 687 1641 purgat
717 1599 752 1631 et
783 1604 905 1631 omnes
934 1594 1094 1639 omnino,
1124 1594 1187 1640 qui
1208 1593 1247 1628 in

151 1646 172 1678 2
218 1641 408 1688 pristinum
439 1645 572 1676 statum
604 1640 794 1676 reducunt.
849 1640 888 1676 Si
922 1640 1001 1685 quis
1032 1639 1071 1675 in
1101 1639 1247 1685 specie⁹

150 1687 358 1723 refectionis
382 1686 597 1723 deteriorem
620 1686 713 1722 viam
736 1685 843 1730 facit,
867 1685 1013 1731 impune
1037 1686 1107 1721 vim
1130 1685 1245 1738 patie-

153 1738 211 1769 tur
223 1734 263 1769 ¹⁰.
298 1737 448 1785 propter
467 1731 564 1778 quod
586 1731 890 1786 neque-latiorem
903 1741 1030 1784 ‚neque
1053 1731 1246 1783 longiorem

150 1778 461 1860 fflfflffss.
476 1777 1087 1868 ”efflussffi‘t’sstoezffsswzssl
1105 1786 1247 1858 ”33¹2ss

151 1869 245 1905 viam
276 1873 457 1905 terrenam
487 1879 511 1914 g
524 1878 646 1903 aream
675 1868 811 1904 inicere
824 1868 853 1889 ¹²
882 1871 947 1903 aut
969 1871 1130 1904 sternere
1153 1866 1247 1902 viam

151 1914 271 1961 lapide
294 1924 387 1960 quae
409 1918 555 1949 terrena
577 1914 640 1956 sit,
671 1914 728 1949 vel
759 1916 886 1949 contra
909 1912 1031 1958 lapide
1054 1916 1206 1949 stratam
1219 1913 1247 1934 ¹³

153 1964 173 1995 3
220 1963 400 1995 terrenam
418 1959 540 1995 facere
554 1960 592 1993 ¹⁰.
628 1958 865 1995 Interdictum
887 1958 958 1994 hoc
984 1962 1158 2004 perpetuo
1183 1957 1246 1993 da-

151 2005 251 2042 bitur
273 2009 310 2041 et
334 2004 499 2041 omnibus
529 2008 566 2040 et
588 2004 626 2039 in
649 2015 791 2046 omnes,
823 2008 861 2040 et
888 2003 1001 2039 habet
1031 2003 1246 2039 condemna-

152 2051 286 2087 tionem
309 2050 349 2086 in
371 2050 409 2086 id
432 2049 530 2095 quod
552 2049 687 2086 actoris
709 2049 882 2086 intererit.

200 2093 226 2133 2
250 2095 297 2132 ΙΔ
306 2105 478 2131 νοιΕΝυε
506 2095 599 2131 libro
629 2095 766 2131 decimo
798 2106 849 2131 ex
875 2094 998 2131 Cassio
1043 2094 1149 2130 Viam
1179 2105 1247 2140 pu-

157 2140 286 2179 blicam
335 2141 464 2187 opulus
487 2151 561 2177 non
583 2140 717 2176 utendo
742 2140 904 2176 amittere
927 2150 1001 2176 non
1051 2143 1155 2176 otest.

201 2184 226 2225 3
242 2187 267 2208 ¹⁴
293 2152 453 2222 ssAULUs
469 2185 561 2222 libro
574 2187 699 2232 primo
718 2186 978 2221 sententiarum
1041 2185 1054 2220 i
1070 2185 1109 2220 in
1125 2196 1250 2231 agrum

156 2231 263 2269 vicini
285 2232 378 2267 viam
402 2230 584 2277 publicam
608 2231 688 2276 quis
710 2230 886 2273 reiecerit,
916 2232 1093 2266 ¹⁵tantum
1110 2230 1149 2266 in
1167 2241 1250 2266 eum

155 2278 232 2314 viae
263 2281 431 2323 receptae
444 2277 472 2299 ¹⁰
500 2277 595 2312 actio
626 2276 788 2319 dabitur,
829 2275 955 2322 quanti
983 2275 1059 2312 eius
1088 2276 1249 2318 interest,

158 2327 173 2358 1
224 2323 328 2359 cuius
351 2321 464 2358 fundo
487 2321 620 2358 iniuria
642 2321 802 2367 irrogata
825 2325 890 2357 est.
927 2320 997 2366 Qui
1015 2320 1109 2357 viam
1156 2321 1249 2356 ubli-

155 2378 236 2405 cam
253 2367 465 2411 exaraverit,
483 2367 530 2403 ad
546 2367 787 2403 munitionem
797 2367 874 2403 eius
893 2367 991 2403 solus
1012 2377 1137 2413 compe
1166 2366 1248 2403 'tur.

643 2507 721 2547 XII
732 2505 772 2546 ¹⁷.

157 2573 221 2608 DE
234 2571 532 2607 FLUMINIBUS.
552 2573 617 2606 NE
632 2573 744 2610 QUID
759 2572 811 2605 IN
825 2571 1040 2605 FLUMINI«)
1053 2571 1252 2605 PUBLICO

194 2618 367 2652 RIPAVE
389 2618 496 2652 EIUS
518 2618 639 2660 FIAT,
665 2618 755 2656 QUO
779 2617 914 2650 PEIUS
937 2616 1217 2651 NAVIGETUR.

210 2684 229 2722 1
264 2684 461 2721 ULPJANUS
481 2684 573 2721 libro
596 2695 690 2720 sexa
717 2684 853 2720 ensimo
877 2686 1003 2719 octavo
1027 2683 1078 2719 ad
1095 2683 1250 2719 edictum

159 2730 224 2766 Ait
242 2734 406 2775 praetor:
433 2729 499 2765 ‘Ne
523 2729 606 2775 quid
629 2730 666 2765 in
717 2730 835 2765 umine
858 2728 1004 2774 publico
1028 2728 1151 2774 ripave
1174 2729 1251 2764 eius

160 2775 284 2812 ‘facias
313 2784 401 2810 neve
415 2776 443 2797 ¹⁸
474 2774 560 2821 quid
590 2774 629 2810 in
656 2774 803 2811 flumine
833 2774 978 2820 publico
1002 2784 1091 2810 neve
1112 2774 1151 2810 in
1172 2774 1253 2819 ripa

159 2821 249 2858 ‘eius
280 2820 468 2863 immittas,
500 2830 571 2866 quo
597 2821 706 2858 statio
730 2822 840 2857 iterve
862 2819 1003 2865 navigio
1027 2819 1183 2855 deterior
1206 2820 1253 2855 sit

164 2870 180 2902 1
231 2865 328 2902 ‘flatu
376 2865 528 2901 Flumen
559 2876 582 2900 a
612 2866 688 2902 rivo
712 2864 956 2912 magnitudine
979 2864 1252 2900 discernendum

162 2915 183 2948 2
230 2915 287 2948 est
308 2914 373 2947 aut
396 2911 655 2947 existimatione
679 2910 1018 2949 circumcolentium.
1065 2910 1155 2948 Item
1184 2910 1252 2946 flu-

162 3028 202 3068 (ι)
228 3022 485 3069 mimmenah*
549 3025 593 3065 (2)
616 3025 728 3065 τηςΕ
789 3025 833 3068 (3)
857 3036 967 3058 αυτου
979 3026 1031 3058 F²
1100 3027 1143 3067 (4)
1169 3036 1249 3059 επι-

163 3069 316 3112 σκευαζη
329 3067 391 3111 ῙΨ,
412 3068 659 3108 επιοκευαζειν
669 3071 724 3103 F⁰
794 3072 837 3111 (5)
863 3070 900 3104 id
910 3077 958 3104 est
968 3082 980 3103 .·
1004 3071 1058 3103 Ex
1070 3070 1252 3114 Papiniani

162 3117 202 3150 de
215 3126 297 3150 cura
308 3114 444 3148 urbium
456 3113 555 3147 libro.
581 3114 759 3148 Curatores
771 3115 907 3149 urbium
926 3125 1042 3149 curam
1060 3118 1164 3159 agant
1183 3116 1252 3149 via-

164 3173 240 3196 rum
251 3162 288 3195 in
300 3160 394 3202 urbe,
414 3162 453 3193 ut
471 3158 727 3202 complanentur
745 3163 778 3193 et
796 3161 937 3194 fiumina
953 3161 1114 3194 aedificiis
1130 3172 1173 3195 ne
1192 3172 1253 3194 no-

163 3216 176 3242 l
225 3207 323 3240 ceant
339 3208 373 3239 et
391 3207 510 3249 ponte·
527 3205 598 3238 nint
617 3204 676 3238 ubi
695 3216 779 3248 opus
797 3209 855 3239 est.
892 3206 978 3239 Item
1003 3217 1119 3240 curam
1141 3209 1255 3249 agant,

163 3253 306 3296 parietes
318 3250 444 3295 privati
455 3249 652 3294 [aliorumve
665 3252 845 3295 delendum]
866 3262 991 3294 quaeve
1012 3252 1079 3286 alia
1094 3252 1184 3285 circa
1196 3252 1254 3285 do-

164 3308 238 3331 mus
258 3297 346 3330 viam
365 3296 543 3339 attingunt
558 3295 680 3328 vitiosa
697 3306 739 3329 ne
759 3296 839 3339 sint,
859 3299 899 3330 ιιι
918 3297 1047 3331 domini
1062 3297 1196 3331 aedium
1207 3297 1255 3330 sio

163 3346 204 3376 ut
215 3343 349 3386 oportet
359 3351 413 3375 eas
426 3340 664 3374 commundent
684 3343 717 3375 et
734 3341 896 3375 reficiant.
921 3342 1012 3385 quod
1030 3343 1060 3376 si
1077 3353 1145 3376 non
1166 3353 1255 3376 oom-

164 3386 377 3421 mundabunt
389 3386 442 3420 vel
454 3396 523 3419 non
536 3385 699 3428 reficient,
716 3386 884 3420 multante
902 3398 967 3430 eos,
988 3388 1092 3422 donec
1112 3398 1151 3422 ea
1162 3389 1256 3421 firma

165 3442 182 3468 2
229 3432 381 3466 reddant.
413 3432 499 3464 Item
518 3441 634 3464 curam
653 3434 766 3474 agant,
787 3442 828 3465 ne
846 3434 921 3474 quis
933 3433 969 3466 in
982 3434 1044 3466 viis
1056 3433 1162 3467 fodiat
1174 3443 1256 3467 neve

164 3489 219 3512 eas
231 3477 352 3511 obruat
369 3487 451 3510 neve
464 3476 643 3519 quicquam
655 3477 692 3510 in
704 3477 768 3509 viis
781 3477 949 3510 aedificet:
974 3479 1028 3511 sin
1047 3479 1170 3521 minus,
1189 3490 1257 3511 ser-

165 3534 226 3556 vus
245 3522 287 3556 ab
306 3532 345 3555 eo
367 3522 428 3564 qui
444 3532 520 3555 eum
533 3522 757 3565 deprehendet
768 3522 968 3564 verberator,
988 3523 1074 3557 liber
1094 3524 1257 3557 curatori-

166 3569 227 3602 bus
250 3567 435 3609 indicator,
459 3569 630 3600 curatores
651 3569 764 3601 antem
783 3577 858 3601 eum
884 3567 1052 3602 multanto
1076 3569 1258 3602 secundum

168 3622 185 3649 ³
231 3611 338 3656 legem
357 3614 391 3646 et
409 3622 494 3656 opus
514 3612 604 3655 quod
622 3613 747 3647 factum
765 3616 813 3646 est
825 3612 1027 3656 deponunto.
1053 3614 1134 3647 Vina
1146 3619 1258 3648 autem

166 3658 318 3702 publicas
331 3668 604 3700 unumquemque
615 3658 711 3691 iuxta
721 3658 854 3692 domum
867 3668 961 3691 suam
977 3659 1110 3692 reficere
1127 3662 1259 3703 oportet

168 3707 201 3737 et
213 3702 396 3736 canalesex
414 3702 561 3737 subdiah'
580 3713 760 3747 repurgare
781 3706 813 3737 et
829 3703 964 3737 reficere
984 3704 1043 3745 ita,
1064 3707 1102 3737 ut
1122 3705 1257 3738 vehicu-

167 3748 239 3782 lum
258 3750 347 3783 reote
366 3747 415 3782 ibi
434 3748 500 3783 iter
519 3748 627 3783 facere
646 3749 759 3793 possit.
785 3748 893 3792 quiin
910 3748 1074 3783 conducto
1093 3749 1258 3787 habitant,

1222 108 1307 157 68ss

1488 0 1559 90 ‘n

1548 92 1640 156 *vn
1668 123 1747 156 vm
1774 122 1979 155 runch.
2027 122 2089 153 nn
2118 103 2390 154 nummus

1305 233 1440 269 minum
1469 233 1644 279 quaedam
1675 236 1760 270 sunt
1787 232 1976 279 perennia,
2008 231 2183 278 quaedam
2205 230 2390 268 torrentia.

1305 288 1463 335 perenne
1501 282 1574 322 est,
1609 278 1706 333 quod
1741 289 1814 315 sem
1829 289 1882 331 ‘er
1919 277 2027 322 fluat,
2066 272 2208 316 ἀέναοι,
2237 280 2393 329 ‘torrens

1307 325 2065 414 Ξιξῖἕῑῗρῗίεῃῖθᾝῖἶιι,Ψὲῖἒθῖἳιῖῗ
2083 321 2394 412 ἳὲῑῗὲἓῖξὲέὲῖῧῖ

1308 418 1328 450 3
1376 417 1441 450 est.
1522 413 1695 449 luminum
1718 414 1894 460 quaedam
1916 413 2062 458 publica
2085 414 2189 452 sunt.
2220 411 2394 457 quaedam

1309 470 1393 495 non.
1449 459 1632 504 publicum
1665 459 1798 495 flumen
1832 469 1912 495 esse
1943 457 2088 493 Cassius
2120 456 2263 499 definit,
2323 456 2396 492 uod

1307 514 1465 550 perenne
1496 503 1560 540 sit:
1592 504 1683 540 haec
1712 504 1889 540 sententia
1913 503 2044 545 Cassii,
2099 512 2180 537 uam
2211 505 2247 537 et
2269 501 2318 537 Ge
2353 512 2395 538 us

1308 554 1329 585 4
1376 550 1525 595 probat,
1550 549 1690 584 videtur
1712 559 1791 585 esse
1813 548 2019 595 probabilis.
2102 558 2146 583 oc
2168 546 2396 582 interdictum

1308 594 1356 630 ad
1378 594 1526 630 flumina
1549 595 1694 640 publica
1715 595 1889 640 pertinet:
1922 594 1954 630 si
1982 596 2101 629 autem
2123 592 2256 627 flumen
2278 592 2396 645 priva-

1309 644 1386 676 tum
1419 639 1484 683 sit,
1517 640 1674 676 cessabit
1703 639 1948 676 interdictum:
1980 638 2069 674 nihil
2100 637 2194 673 enim
2225 637 2344 672 diflert
2375 647 2399 672 a

1311 689 1331 720 5
1380 684 1508 721 ceteris
1524 685 1613 721 locis
1630 685 1777 730 privatis
1793 684 1925 720 fiumen
1941 684 2129 730 privatum.
2168 682 2263 728 Ripa
2278 686 2398 717 autem

1310 731 1362 766 ita
1385 734 1482 766 recte
1507 730 1698 766 definietur
1721 730 1768 773 id,
1793 729 1890 784 quod
1911 729 2044 764 flumen
2069 728 2229 764 continet
2250 732 2398 763 natura-

1310 776 1380 812 lem
1411 775 1565 820 rigorem
1597 786 1723 812 cursus
1752 785 1810 811 sui
1839 779 1983 811 tenens:
2014 778 2172 809 ceterum
2202 772 2234 809 si
2281 772 2399 808 uando

1311 821 1368 857 vel
1391 820 1564 857 imbribus
1587 820 1644 856 vel
1667 821 1758 856 mari
1779 820 1835 856 vel
1866 830 1939 865 qua
1967 819 2039 855 alia
2067 819 2207 854 ratione
2236 828 2258 853 a
2310 821 2399 853 tem-

1337 877 1380 902 us
1403 866 1580 909 excrevit,
1612 866 1709 911 ripas
1733 876 1806 902 non
1828 868 1962 900 mutat:
1995 874 2099 900 nemo
2129 863 2281 916 denique
2312 862 2401 898 dixit

1347 911 1453 954 ilum,
1485 911 1547 957 qui
1576 912 1794 947 incremento
1824 921 1890 947 suo
1914 911 2116 956 Aegyptum
2138 912 2271 954 operit,
2301 908 2401 953 ripas

1312 968 1397 993 suas
1421 960 1560 992 mutare
1582 956 1639 992 vel
1661 956 1844 1002 ampliare.
1891 965 1975 991 nam
2003 965 2086 990 cum
2116 953 2163 989 ad
2190 957 2401 999 perpetuam

1312 1003 1369 1039 sui
1398 1012 1601 1038 mensuram
1632 1002 1794 1044 redierit,
1832 1000 1934 1046 ripae
1962 999 2054 1036 alvei
2083 999 2159 1035 eius
2190 998 2403 1034 muniendae

1312 1052 1409 1084 sunt.
1456 1048 1489 1084 si
1511 1051 1633 1083 tamen
1645 1048 1675 1070 ¹⁰
1697 1047 1909 1083 naturaliter
1931 1044 2099 1087 creverit,
2127 1047 2169 1080 ut
2190 1047 2402 1090 perpetuum

1312 1093 1571 1129 incrementum
1601 1097 1754 1128 nanctus
1784 1092 1850 1135 sit,
1881 1091 1938 1127 vel
1965 1090 2037 1127 alio
2066 1089 2214 1125 flumine
2243 1089 2400 1125 admixto

1313 1139 1369 1174 vel
1393 1149 1464 1184 qua
1482 1138 1554 1173 alia
1573 1138 1724 1181 ratione,
1750 1137 1858 1173 dubio
1878 1136 2005 1182 procul
2025 1135 2215 1171 dicendum
2234 1139 2289 1171 est
2305 1134 2404 1179 ripas

1314 1194 1455 1265 3¹¹⁰&ss
1479 1187 1767 1265 ssssffiffffizssz.
1779 1180 2246 1271 q⁰§??„d:1·;?3¹21ff133131¹1220
2259 1184 2405 1260 fflz

1313 1274 1424 1310 fuerit
1445 1278 1533 1310 nata
1543 1240 1593 1310 Iin
1618 1285 1664 1310 ue
1687 1284 1731 1310 ea
1754 1272 1890 1319 aliquid
1911 1272 1993 1315 fiat,
2018 1282 2092 1308 non
2114 1271 2255 1307 videtur
2276 1271 2315 1306 in
2337 1281 2404 1316 pu-

1316 1320 1412 1356 blico
1437 1320 1526 1355 fieri.
1572 1320 1584 1355 i
1611 1330 1633 1355 a
1661 1319 1754 1355 enim
1782 1319 1901 1355 insula
1931 1321 1995 1354 aut
2025 1317 2236 1362 occupantis
2265 1319 2340 1359 eet,
2374 1315 2406 1351 si

1313 1365 1456 1401 limitati
1479 1365 1556 1411 agri
1579 1365 1737 1407 fuerunt,
1766 1369 1831 1400 aut
1853 1365 1930 1400 eius
1955 1363 2058 1399 cuius
2081 1363 2196 1408 ripam
2220 1360 2404 1406 contingit,

1315 1415 1389 1454 aut,
1415 1411 1447 1447 si
1468 1411 1507 1446 in
1529 1411 1645 1447 medio
1670 1411 1771 1447 alveo
1794 1413 1880 1445 nata
1904 1413 1969 1451 est,
1994 1418 2119 1444 eorum
2137 1411 2193 1443 est
2213 1407 2274 1452 qui
2293 1416 2407 1460 prope

1316 1459 1334 1491 7
1383 1460 1557 1502 utrasque
1578 1457 1678 1502 ripas
1701 1455 1899 1501 possident.
1947 1453 2059 1489 Simili
2089 1452 2195 1489 modo
2225 1456 2262 1489 et
2283 1463 2316 1488 ει
2337 1451 2406 1487 flu-

1314 1512 1398 1538 men
1421 1502 1560 1538 alveum
1583 1513 1689 1538 suum
1712 1501 1855 1546 reliquit
1866 1501 1897 1522 ²⁰
1927 1503 1965 1535 et
1994 1499 2066 1535 alia
2093 1498 2206 1534 fluere
2235 1497 2405 1549 coeperit,

1340 1547 1490 1593 uidquid
1518 1547 1556 1582 in
1587 1547 1699 1583 veteri
1727 1546 1828 1582 alveo
1859 1546 1996 1581 factum
2026 1547 2099 1586 est,
2130 1544 2176 1579 ad
2204 1543 2274 1579 hoc
2297 1548 2407 1579 mter-

1316 1559 1452 1629 3ictum
1479 1602 1553 1628 non
1582 1592 1758 1638 pertinet:
1796 1602 1869 1627 non
1899 1591 1993 1626 enim
2020 1590 2059 1626 in
2085 1589 2232 1624 flumine
2261 1588 2407 1634 publico

1315 1638 1452 1674 factum
1475 1637 1556 1681 erit,
1580 1637 1679 1683 quod
1702 1638 1798 1673 est²¹
1822 1636 2011 1681 utriusque
2033 1635 2141 1671 vicini
2163 1637 2238 1678 aut,
2261 1634 2294 1670 si
2315 1633 2407 1668 limi-

1315 1687 1413 1719 tatus
1438 1687 1494 1719 est
1517 1693 1619 1729 ager,
1651 1682 1861 1728 occupantis
1885 1682 2008 1717 alveus
2035 1680 2117 1716 fiet:
2151 1683 2249 1716 certe
2278 1678 2409 1715 desinit

1317 1739 1395 1765 esse
1417 1728 1599 1775 publicus.
1646 1728 1705 1764 ille
1734 1728 1842 1764 etiam
1871 1727 2010 1770 alveus,
2067 1735 2148 1761 uem
2178 1724 2248 1761 sibi
2275 1724 2409 1759 flumen

1316 1774 1418 1818 fecit,
1449 1774 1517 1810 etsi
1539 1774 1701 1820 privatus
1725 1777 1809 1809 ante
1832 1772 1918 1816 fuit,
1946 1771 2074 1817 incipit
2095 1774 2216 1806 tamen
2238 1780 2318 1806 esse
2366 1780 2408 1804 u-

1315 1820 1445 1863 blicus,
1469 1819 1554 1865 quia
1570 1819 1791 1865 impossibile
1808 1822 1873 1860 est,
1896 1821 1939 1853 ut
1956 1818 2077 1853 alveus
2095 1815 2252 1852 fluminis
2270 1780 2409 1868 pubffici

1317 1868 1338 1900 8
1385 1876 1459 1901 non
1487 1865 1535 1902 sit
1558 1865 1737 1910 publicus.
1785 1863 1824 1900 Si
1853 1864 1954 1899 fossa
1981 1873 2092 1898 manu
2121 1861 2221 1897 facta
2249 1865 2313 1903 sit,
2343 1870 2410 1906 per

1317 1921 1426 1957 quam
1448 1910 1530 1946 fiuit
1549 1910 1733 1956 publicum
1751 1909 1895 1952 flumen,
1919 1908 2029 1944 nihilo
2048 1907 2166 1943 minus
2210 1906 2332 1942 ublica
2349 1906 2408 1940 fit:

1317 1961 1354 1992 et
1382 1955 1463 1992 ideo
1497 1956 1529 1992 si
1561 1955 1648 2002 quid
1678 1956 1730 1991 ibi
1762 1955 1843 1999 fiat,
1875 1955 1914 1990 in
1935 1954 2081 1989 flumine
2129 1953 2178 1988 ub
2206 1962 2250 1988 co
2273 1951 2410 1987 factum

1318 2005 1339 2036 9
1385 2001 1537 2037 videtur.
1585 2001 1702 2037 Aliter
1731 2004 1839 2046 atque
1868 2000 1900 2036 si
1929 1999 2063 2035 flumen
2130 1998 2248 2044 ‘quam
2276 2002 2410 2033 terram

1316 2047 1559 2089 inundaverit,
1582 2057 1657 2082 non
1679 2046 1819 2082 alveum
1843 2045 1911 2082 sibi
1933 2044 2077 2081 fecerit:
2110 2047 2199 2079 tunc
2221 2042 2314 2079 enim
2336 2052 2410 2078 non

1320 2096 1361 2128 10
1407 2091 1450 2128 fit
1479 2092 1683 2137 publicum,
1715 2091 1812 2137 quod
1840 2101 1936 2136 aqua
1966 2094 2131 2136 opertum
2154 2091 2220 2125 est.
2266 2088 2357 2124 Item
2380 2087 2411 2124 si

1318 2138 1433 2174 amnis
1458 2137 1593 2183 aliquid
1616 2138 1828 2179 circumeat,
1861 2136 2045 2172 sciendum
2077 2139 2133 2171 est
2163 2134 2238 2170 eius
2266 2142 2410 2169 manere

1319 2183 1421 2219 cuius
1450 2183 1538 2218 fuit:
1569 2183 1600 2219 si
1631 2183 1717 2228 quid
1746 2183 1854 2228 igitur
1882 2182 1956 2217 illic
1987 2181 2122 2217 factum
2151 2184 2222 2223 est,
2253 2190 2327 2215 non
2356 2182 2412 2214 est

1318 2229 1457 2265 factum
1478 2229 1516 2264 ιιι
1539 2228 1686 2274 publico
1709 2228 1865 2264 flumine.
1912 2237 1980 2263 nec
2008 2227 2164 2273 pertinet
2192 2225 2239 2261 ad
2262 2225 2332 2261 hoc
2354 2223 2410 2260 in-

1318 2274 1530 2317 terdictum,
1560 2274 1592 2310 si
1639 2273 1701 2309 uid
1723 2274 1761 2308 in
1783 2273 1922 2319 privato
1946 2272 2081 2308 factum
2105 2272 2168 2315 sit,
2197 2281 2243 2307 ne
2269 2269 2411 2316 quidem

1319 2320 1351 2356 si
1370 2319 1419 2355 'in
1450 2320 1590 2365 privato
1647 2318 1766 2355 umine
1795 2319 1876 2354 fiat:
1909 2328 1991 2353 nam
2023 2317 2120 2363 quod
2148 2316 2190 2353 fit
2211 2317 2249 2352 in
2271 2316 2410 2362 privato

1318 2364 1482 2407 flumine,
1511 2364 1662 2411 perinde
1692 2368 1765 2407 est,
1794 2368 1833 2399 at
1857 2374 1904 2400 ue
1932 2364 1963 2400 si
1992 2363 2030 2399 in
2061 2363 2132 2398 alio
2162 2363 2302 2408 privato
2330 2362 2411 2398 loco

1325 2414 1359 2445 11
1411 2410 1487 2445 fiat.
1533 2410 1577 2445 In
1599 2410 1744 2445 flumine
1767 2409 1841 2455 pub
1859 2410 1912 2445 ‘co
1941 2408 2077 2444 factum
2109 2408 2273 2454 accipere
2304 2407 2411 2443 debe-

1320 2466 1417 2499 mus,
1448 2455 1621 2501 quidquid
1643 2456 1681 2490 in
1705 2465 1800 2500 aqua
1822 2455 1906 2491 fiat:
1938 2464 2022 2489 nam
2045 2454 2077 2489 ει
2100 2453 2186 2499 quid
2210 2457 2312 2489 extra
2333 2453 2411 2489 fac·

1319 2506 1397 2537 tum
1419 2500 1491 2545 sit,
1508 2512 1582 2537 non
1606 2505 1661 2536 est
1682 2501 1721 2536 in
1742 2500 1889 2536 flumine
1911 2499 2064 2535 factum:
2094 2503 2131 2535 et
2153 2498 2250 2545 quod
2272 2498 2311 2534 in
2333 2499 2412 2544 ripa

1325 2549 1365 2582 12
1412 2546 1489 2590 fiat,
1513 2557 1587 2582 non
1609 2545 1750 2581 videtur
1772 2546 1811 2581 in
1832 2545 1978 2581 flumine
2000 2545 2148 2580 factum.
2188 2543 2272 2580 Non
2292 2548 2412 2579 autem

1321 2602 1445 2636 omne,
1479 2592 1576 2637 quod
1605 2591 1643 2626 in
1671 2591 1817 2627 flumine
1847 2591 1992 2637 publico
2023 2590 2145 2636 ripave
2175 2589 2232 2634 fit,
2270 2597 2413 2626 coercet

1320 2641 1477 2683 praetor,
1502 2637 1567 2673 sed
1589 2637 1620 2673 si
1668 2637 1730 2673 uid
1751 2637 1827 2679 fiat,
1851 2647 1922 2689 quo
1947 2636 2102 2671 deterior
2124 2635 2233 2671 statio
2257 2639 2294 2671 et
2313 2634 2411 2670 navi-

1320 2683 1418 2729 gatio
1436 2682 1512 2718 fiat.
1548 2693 1633 2727 ergo
1679 2692 1721 2718 oc
1737 2681 1969 2718 interdictum
1987 2681 2034 2717 ad
2051 2691 2095 2717 ea
2110 2684 2250 2716 tantum
2264 2680 2413 2715 fiumina

1321 2728 1469 2774 publica
1497 2728 1671 2773 pertinet,
1709 2737 1802 2774 quae
1832 2731 1917 2763 sunt
1946 2726 2175 2772 navigabilia,
2216 2726 2263 2762 ad
2294 2729 2414 2762 cetera

1322 2785 1396 2810 non
1424 2774 1592 2819 pertinet.
1641 2773 1704 2809 sed
1733 2773 1858 2809 Labeo
1889 2773 2016 2808 scribit
2043 2782 2117 2808 non
2147 2781 2224 2808 esse
2253 2771 2413 2816 iniquum

1323 2819 1430 2855 etiam
1453 2819 1484 2855 si
1508 2819 1593 2864 quid
1615 2819 1653 2854 in
1676 2828 1719 2855 eo
1742 2817 1899 2862 flumine,
1924 2817 2021 2863 quod
2043 2817 2240 2863 navigabile
2262 2827 2336 2853 non
2355 2816 2412 2859 sit,

1323 2865 1402 2908 fiat,
1427 2868 1469 2900 ut
1491 2867 1679 2900 exarescat
1700 2864 1757 2899 vel
1780 2873 1895 2909 aquae
1920 2873 2047 2899 cursus
2070 2862 2301 2908 impediatur,
2325 2861 2413 2897 utile

1322 2909 1551 2946 interdictum
1575 2913 1779 2955 competere
1804 2913 1860 2945 ‘ne
1883 2909 1935 2945 vis
1960 2909 1993 2944 ei
2015 2908 2095 2952 fiat,
2127 2918 2198 2953 quo
2227 2908 2344 2944 minus
2375 2906 2412 2943 id

1322 3026 1351 3059 si
1364 3025 1519 3059 dominus
1532 3035 1600 3057 non
1613 3024 1731 3067 reficit,
1742 3024 1808 3068 ipsi
1820 3024 1997 3058 reficiunto
2010 3026 2043 3057 et
2054 3024 2145 3066 quod
2156 3023 2382 3068 impenderint
2393 3034 2413 3057 a

1323 3079 1340 3106 4
1387 3070 1536 3104 mercede
1557 3069 1758 3103 deducunto.
1799 3071 1885 3103 Item
1904 3080 2019 3103 curam
2038 3072 2151 3111 agant,
2171 3080 2212 3102 ne
2234 3069 2316 3112 quid
2335 3072 2413 3103 ante

1323 3116 1474 3150 officinae
1493 3115 1681 3159 proiectum
1699 3116 1761 3149 sit:
1791 3118 2024 3159 praeterquam
2052 3115 2082 3147 si
2107 3113 2194 3148 suno
2218 3115 2413 3148 vestimenta

1322 3163 1425 3195 siccet
1443 3160 1495 3194 vel
1516 3161 1609 3193 saber
1626 3163 1716 3194 rotas
1734 3161 1816 3195 foris
1834 3163 1955 3204 ponat:
1979 3161 2132 3203 ponunto
2152 3162 2263 3193 autem
2279 3160 2317 3193 hi
2329 3170 2412 3203 qno·

1324 3217 1341 3243 5
1389 3217 1453 3250 que
1471 3206 1535 3248 sic,
1563 3208 1602 3238 ut
1622 3205 1815 3240 vehiculum
1834 3206 1899 3239 iter
1917 3206 2025 3239 facere
2045 3205 2159 3248 possit.
2199 3206 2251 3239 Ne
2274 3205 2412 3239 sinunto

1324 3255 1436 3286 autem
1447 3262 1555 3293 neque
1566 3251 1713 3294 pugnari
1723 3252 1760 3285 in
1772 3251 1837 3284 viis
1850 3261 1911 3284 nec
1923 3253 2049 3284 stercus
2060 3250 2168 3293 proici
2180 3260 2241 3284 nec
2253 3250 2413 3285 cadavera

1325 3308 1386 3333 nec
1397 3297 1501 3341 pelles
1513 3307 1552 3330 eo
1565 3297 1684 3330 conici.

1371 3345 1415 3384 (6)
1441 3342 1506 3376 Ed.
1528 3350 1552 3376 1.
1574 3349 1608 3381 ις
1635 3342 1721 3386 Pap.
1740 3349 1768 3376 3.
1787 3361 1830 3366 -—
1849 3342 1934 3375 Bas.
1949 3342 2004 3384 58,
2023 3349 2040 3376 8
2158 3344 2202 3384 (¹1)
2224 3340 2363 3385 purgari
2383 3341 2415 3374 F

1326 3391 1372 3431 (⁸)
1395 3398 1495 3431 super
1515 3397 1586 3420 eam
1608 3398 1675 3420 esse
1696 3388 1757 3429 1³¹,
1780 3388 1914 3430 superet
1936 3389 2047 3430 potius
2073 3399 2170 3430 quam
2195 3389 2331 3430 superat
2358 3385 2413 3420 Γ*

1326 3435 1371 3475 (9)
1394 3433 1536 3477 speciem
1549 3434 1623 3466 dett.
1724 3435 1784 3475 (ιο)
1807 3433 1836 3465 si
1849 3432 1924 3474 quis
1942 3456 1967 3464 ..
1978 3458 1985 3466 .
2005 3432 2113 3465 facere
2126 3432 2318 3466 collocanda
2330 3432 2412 3466 inter

1329 3484 1344 3519 §
1360 3486 1377 3513 2
1391 3486 1449 3513 ets
1550 3480 1605 3521 (11)
1630 3477 1811 3511 refictionis
1832 3478 1867 3511 F

1326 3524 1505 3558 destratam
1525 3524 1586 3566 F¹‚
1607 3523 1647 3556 de
1664 3525 1768 3557 strata
1788 3522 1839 3556 F’

1327 3574 1385 3612 (15)
1409 3569 1519 3603 inim.
1614 3572 1673 3609 (io)
1697 3568 1880 3603 reiectaeS

1960 3479 2018 3518 (ιι)
2043 3477 2131 3510 inire
2149 3478 2185 3511 F
2276 3479 2335 3516 (ιι)
2359 3476 2412 3521 pi-

1954 3524 2012 3566 (ιι)
2040 3527 2142 3562 §1==
2159 3522 2411 3565 Paulus1‚1⁴‚1

1370 3615 1431 3656 (ιτ)
1455 3615 1568 3654 Ed.1;
1586 3615 1759 3654 Sab.2.³;
1778 3614 1863 3658 Pap.
1876 3613 2058 3647 a—Bas.
2072 3613 2127 3656 58,
2140 3619 2173 3648 ιο
2242 3613 2303 3654 (ιε)
2327 3611 2414 3645 neF
2485 3603 2488 3605 ’

1327 3662 1389 3702 (ιο)
1415 3660 1538 3693 flumen
1551 3660 1677 3694 inaF²
1769 3661 1832 3701 (ιο)
1858 3657 2036 3701 reliquerit
2046 3658 2101 3692 Γ*

2197 3658 2256 3700 (21)
2281 3656 2330 3691 ibi
2340 3656 2409 3691 fac-

1325 3707 1415 3739 tum:
1440 3705 1507 3738 iam
1519 3706 1608 3740 enim
1620 3704 1734 3740 alveus
1744 3704 1852 3739 factus
1864 3705 1914 3739 eet
1926 3705 1988 3740 ins.
