2528 3918
170 105 340 150 XXXX
373 111 461 152 i.2

170 234 302 272 multos
331 240 469 272 emerat
497 236 567 272 hac
597 236 695 283 lege,
726 242 768 274 ut
797 238 1080 283 manumitteret,
1109 249 1258 285 eamque

170 280 443 318 manumiseratz
484 286 700 327 procurator
722 293 805 318 cum
839 283 936 319 bona
973 283 1145 320 debitoris
1183 294 1259 321 non

170 324 387 362 sufficientia
430 330 605 371 uaereret,
629 327 739 364 etiam
752 327 963 365 Euemeriae
985 333 1102 365 status
1128 339 1256 375 quaes-

170 370 303 406 tionem
324 371 419 408 facie
465 376 492 408 t.
563 371 677 409 lacuit
698 383 774 410 non
796 383 875 410 esse
896 374 966 409 iuri
988 372 1104 410 fiscali
1125 374 1256 419 locum,

169 426 240 461 quo
264 416 383 452 omnia
404 416 502 453 bona
569 417 726 454 bitorum
753 418 832 455 iure
854 418 1014 464 pignoris
1037 422 1256 464 tenerentur,

169 459 254 506 quia
276 470 320 496 ea
341 460 419 507 lege
441 465 563 508 empta
586 466 659 506 est,
690 466 746 508 et,
777 463 810 499 si
840 475 913 499 non
936 465 1256 510 manumitteretur,

169 515 214 541 ex
238 506 494 543 constitutione
517 506 588 543 divi
611 508 727 545 Marci
750 508 798 545 ad
819 508 1021 545 libertatem
1044 510 1256 555 perveniret.

217 548 265 588 11
301 550 408 587 [neu
442 552 535 588 libro
568 554 823 600 sexayensae‘mo
852 558 984 600 quarto
1022 555 1074 590 ad
1102 555 1257 591 edictum

168 595 328 639 Servum,
353 596 417 642 qui
431 597 500 634 sub
519 598 728 635 condicione
747 598 886 644 legatus
902 603 969 642 est,
992 599 1133 636 interim
1152 601 1256 637 heres

169 640 448 679 manumittendo
470 642 623 680 liberum
645 654 718 679 non
741 644 839 679 facit.

215 683 268 724 12
293 686 399 722 loru
417 687 511 725 libro
534 690 860 736 quinquaqense’mo
888 689 938 725 ad
960 690 1115 726 edictum
1161 691 1257 736 Lege

168 730 282 768 Fabia
310 732 524 778 prohibetur
552 744 695 776 servus,
726 734 787 779 qui
816 734 977 780 plagium
999 735 1158 779 admisit,
1190 746 1255 781 pro

168 787 238 822 quo
263 777 428 815 dominus
449 788 605 824 poenam
627 778 756 822 intulit,
781 779 878 815 intra
900 779 1024 817 decem
1047 791 1161 817 annos
1180 791 1255 816 ma-

166 822 319 858 numitti.
366 823 403 859 iii
426 823 497 860 hoc
519 828 639 860 tamen
666 834 740 860 non
761 826 968 862 testamenti
990 826 1080 862 facti
1102 831 1255 872 tempus,

167 866 231 903 sed
253 868 377 904 mortis
401 868 629 905 intuebimur.

216 910 266 950 13
300 912 529 950 Pomoomvs
562 914 654 951 libro
678 916 803 962 primo
842 927 892 952 ex
923 916 1070 953 Plautio
1126 916 1256 953 Servus

166 957 294 995 furiosi
328 959 375 994 ab
409 958 564 1004 adgnato
597 965 764 997 curatore
791 962 994 998 manumitti
1023 972 1096 999 nou
1124 966 1255 1008 potest,

165 1002 250 1048 quia
280 1003 319 1039 in
349 1003 656 1041 administratione
684 1006 891 1051 patrimonii
918 1007 1151 1043 manumissio
1183 1018 1256 1043 non

165 1052 233 1084 est.
280 1049 312 1084 si
340 1053 461 1085 autem
487 1060 534 1086 ex
556 1050 819 1088 fideicommissi
843 1062 955 1088 causa
978 1052 1125 1088 deberet
1147 1053 1255 1089 liber-

163 1097 276 1130 tatem
298 1093 473 1139 furiosus,
506 1095 738 1133 dubitationis
768 1097 947 1133 tollendae
979 1108 1090 1134 causa
1119 1098 1166 1134 ab
1190 1098 1253 1134 ad-

164 1143 274 1183 gnato
297 1138 511 1176 tradendum
533 1151 684 1186 servum,
708 1147 751 1177 ut
774 1143 820 1179 ab
844 1153 887 1179 eo
913 1143 971 1179 cui
989 1143 1143 1180 traditus
1163 1147 1257 1179 esset

164 1185 445 1230 manumittatur,
469 1185 673 1223 Octavenus
697 1187 759 1223 ait.

213 1228 265 1267 14
289 1229 346 1283 Pi}
354 1231 685 1284 vsvs-librotsexto
707 1232 843 1269 decimo
862 1233 912 1286 ao}
926 1232 1114 1269 Plautium
1148 1234 1256 1280 Apud

164 1285 256 1318 eum,
282 1285 341 1311 cui
363 1285 432 1321 par
453 1286 642 1322 imperium
666 1281 731 1320 est,
755 1282 1006 1315 manumittere
1028 1289 1102 1315 non
1125 1289 1253 1324 possu-

163 1331 261 1356 mus:
286 1320 350 1357 sed
372 1325 518 1366 praetor
535 1321 634 1367 apud
653 1323 837 1359 consulem
854 1324 1105 1361 manumittere
1148 1328 1252 1361 otest.

170 1370 180 1399 l
231 1364 432 1418 Imperator
455 1377 537 1402 cuni
557 1376 696 1403 servum
717 1368 945 1412 manumittit,
969 1380 1043 1406 non
1060 1369 1121 1406 vin
1147 1370 1255 1405 'ctam

162 1411 322 1491 imppmt,
331 1410 411 1490 Ased
434 1421 516 1492 citiim
537 1412 660 1457 voluit,
683 1412 726 1448 fit
748 1413 840 1450 liber
861 1414 892 1450 is
917 1415 978 1460 qui
994 1415 1256 1451 manumittitur

162 1466 208 1492 ex
288 1466 308 1492 e
366 1467 390 1491 u
439 1467 456 1492 s
488 1484 496 1492 .

211 1466 288 1539 153g
285 1467 527 1538 Manffsszws
555 1502 647 1538 libro
680 1504 870 1540 vicensimo
896 1506 1001 1541 tertio
1032 1505 1255 1553 diqestorum

162 1546 292 1583 Mortis
317 1557 428 1582 causa
451 1557 593 1584 servum
614 1549 817 1584 manumitti
871 1560 952 1586 osse
974 1560 1048 1587 non
1071 1554 1127 1587 est
1150 1551 1253 1587 dubi-

163 1591 322 1628 tandum.
371 1591 468 1638 quod
489 1603 563 1630 non
584 1593 638 1629 ita
659 1593 727 1630 tibi
748 1594 824 1630 inte
851 1595 1027 1641 egendum
1049 1600 1115 1640 est,
1140 1601 1181 1632 ut
1202 1597 1255 1632 ita

161 1637 252 1673 liber
276 1647 354 1673 esse
376 1638 562 1682 iubeatur,
586 1643 646 1682 ut,
670 1639 703 1675 si
726 1641 948 1676 convaluerit
970 1640 1153 1686 dominus,
1182 1652 1256 1678 non

161 1682 227 1718 fiat
240 1682 342 1726 liber,
366 1683 430 1720 sed
447 1684 745 1729 quemadmodum
764 1686 794 1721 si
812 1685 970 1722 vindicta
989 1697 1070 1722 eum
1086 1687 1256 1723 liberaret

161 1728 338 1771 absolute,
363 1728 502 1765 scilicet
524 1729 608 1775 quia
630 1730 844 1766 moriturum
862 1742 900 1767 se
917 1736 1031 1777 putet,
1056 1743 1153 1768 mors
1178 1732 1255 1769 eius

162 1773 430 1820 exspectabitur
442 1775 465 1817 ¹,
498 1775 659 1811 similiter
686 1780 723 1811 et
752 1776 790 1811 in
820 1777 889 1812 hac
918 1777 1038 1822 specie
1068 1778 1106 1813 in
1137 1782 1254 1814 extre-

159 1829 259 1854 mum
285 1823 427 1864 tempus
456 1820 726 1857 manumissoris
756 1822 850 1858 vitae
879 1822 1064 1867 confertur
1093 1823 1254 1867 libertas,

161 1864 314 1900 durante
343 1864 480 1901 scilicet
508 1867 670 1911 (propter
692 1867 818 1903 mortis
842 1878 974 1903 causae
996 1868 1144 1904 tacitam
1168 1879 1253 1905 con-

161 1909 350 1953 dicionem)
394 1909 578 1946 voluntate
617 1912 906 1949 manumissoris:
955 1913 1255 1959 quemadmodum

161 1965 244 1991 cum
272 1965 349 1991 rem
379 1955 433 1992 ita
459 1955 667 1998 tradiderit,
698 1961 740 1992 ut
768 1958 942 1994 moriente
965 1969 1008 1995 eo
1032 1958 1135 1995 fieret
1157 1959 1254 1995 acci-

159 2000 308 2081 ρίῗίιὲιίε,
338 2001 455 2046 quae²
483 2001 546 2082 ita.¹²
567 2001 731 2083 defluat
739 2002 934 2046 alienatur,
971 2004 1003 2040 si
1034 2004 1189 2041 donator
1216 2005 1255 2041 in

159 2056 204 2082 ea
250 2056 286 2081 m
335 2055 529 2082 ermanseri
566 2057 611 2083 vo
626 2058 676 2083 un
732 2058 763 2083 e.

209 2087 261 2129 16
330 2100 540 2127 ουΕεΤιινσε
567 2092 660 2129 libro
677 2093 802 2139 primo
832 2094 1043 2140 reqularum
1097 2094 1136 2131 Si
1166 2106 1252 2131 con·

161 2136 336 2172 sentiente
358 2141 462 2182 patre
482 2136 579 2172 filius
602 2137 717 2174 minor
741 2139 844 2174 annis
867 2139 992 2184 viginti
1015 2149 1156 2176 servum
1176 2140 1254 2177 eius

159 2181 424 2225 manumiserit,
447 2182 561 2227 patris
583 2181 694 2219 faciet
716 2183 883 2219 libertum
906 2188 944 2220 et
965 2186 1097 2221 vacat³
1121 2196 1254 2223 causae

158 2227 326 2273 probatio
350 2227 397 2263 ob
447 2227 535 2264 atris
558 2237 782 2264 consensum.

209 2269 269 2325 17·
284 2271 394 2325 loru
433 2273 503 2309 ’bro
518 2277 633 2325 ‚sexto
655 2274 868 2326 reqularum
899 2274 1018 2327 'Servi,
1042 2286 1134 2329 quos
1157 2276 1253 2313 filius

158 2317 314 2354 familias
347 2328 387 2353 in
419 2322 548 2354 castris
578 2319 748 2364 quaesiit,
786 2329 860 2356 non
897 2331 936 2355 in
991 2324 1079 2357 atris
1115 2321 1254 2358 familia

161 2362 488 2417 computabuntur:
508 2373 576 2400 nec
593 2363 687 2400 enim
710 2368 815 2410 pater
836 2364 928 2402 tales
994 2365 1015 2374 ’²
1040 2377 1161 2403 servos
1177 2378 1252 2403 ma·

161 2412 351 2445 immittere
373 2413 517 2454 poterit.

209 2449 262 2492 18
296 2453 421 2490 Gsws
448 2454 540 2491 libro
579 2454 790 2491 duodecimo
825 2455 876 2490 ad
889 2483 893 2486 .
907 2456 1021 2502 leqem
1051 2456 1186 2493 Iuliam
1219 2461 1255 2493 et

160 2497 317 2545 Papiam
370 2499 467 2535 Eum
503 2499 565 2545 qui
594 2500 745 2536 venierit
775 2500 940 2537 venditor
971 2506 1007 2537 et
1033 2503 1254 2548 promissor⁴

160 2554 266 2589 quem
313 2544 493 2581 remiserit
513 2545 764 2582 manumittere
787 2550 950 2591 possunt.

209 2586 261 2627 19
318 2599 533 2626 ANNIANUS
559 2591 651 2627 libro
676 2592 886 2637 criqensimo
917 2592 1168 2638 quaestionum
1215 2592 1254 2628 Si

160 2634 240 2680 quis
276 2635 324 2670 ab
361 2634 434 2671 alio
470 2646 635 2671 nummos
665 2636 865 2681 acceperit,
905 2641 946 2673 ut
975 2647 1117 2673 servum
1149 2648 1254 2674 suum

159 2679 406 2723 manumittat,
438 2681 546 2716 etiam
575 2682 623 2717 ab
646 2681 758 2717 invito
789 2681 937 2718 libertas
961 2683 1166 2728 extorqueri
1188 2694 1253 2729 po-

162 2729 251 2768 test,
293 2725 378 2761 licet
436 2726 621 2771 lerumque
653 2727 808 2772 pecunia
850 2727 928 2763 eius
967 2732 1155 2763 numerata
1194 2729 1252 2772 sit,

161 2770 313 2806 maxime
344 2770 375 2805 si
406 2737 519 2807 gater
548 2772 604 2807 vel
633 2777 739 2817 pater
769 2773 944 2809 naturalis
971 2773 1162 2819 pecuniam
1191 2773 1253 2810 de-

161 2815 232 2895 git:
266 2815 441 2852 videbitur
470 2817 564 2852 enim
596 2817 720 2853 Simihs‘
665 2817 699 2825 ''
752 2817 786 2853 ei
813 2818 876 2863 qui
906 2818 982 2855 suis
1012 2819 1165 2854 nummis
1196 2829 1251 2856 re-

186 2871 241 2896 em
266 2865 327 2897 tus
349 2866 416 2896 est.

207 2903 233 2943 2
286 2905 391 2941 loru
407 2906 499 2942 libro
515 2906 652 2943 decimo
672 2918 930 2954 responsorum
966 2908 1121 2945 Causam
1138 2909 1254 2946 minor

161 2950 286 2996 viginti
323 2951 446 2992 annis,
495 2952 555 2996 qui
590 2961 731 2988 servum
769 2952 942 2989 donatum
980 2954 1255 2991 manumittendi

226 2995 279 3032 tia
301 2996 461 3041 accepit,
492 3006 536 3031 ex
560 2997 760 3033 abundanti
782 2998 915 3043 probat
936 3003 1020 3052 post
1043 2999 1114 3035 divi
1137 3000 1255 3036 Marci

176 3042 301 3078 'tteras
325 3041 372 3077 ad
394 3040 579 3077 Aufidium
596 3042 839 3079 Victorinum:
863 3047 1005 3088 etenim,
1029 3044 1061 3080 si
1083 3055 1154 3081 non
1176 3055 1252 3081 ma-

165 3090 179 3121 1
229 3086 434 3129 numism-it,
466 3086 513 3121 ad
543 3087 743 3123 libertatem
775 3098 899 3125 servus
921 3090 1123 3142 perveniet.
1170 3090 1254 3127 Non

162 3131 255 3169 idem
285 3132 323 3167 in
359 3131 687 3167 fideicommissaria
724 3133 891 3170 libertate
919 3135 1008 3170 iuris
1038 3139 1112 3178 est,
1150 3136 1253 3172 cuius

163 3187 310 3214 causam
339 3177 457 3213 minor
486 3176 595 3213 debet
623 3178 794 3222 probare:
827 3190 910 3214 iiam
939 3179 1087 3216 libertas
1111 3180 1181 3217 nisi
1202 3181 1254 3217 ita

162 3226 181 3257 2
228 3223 447 3259 manumisso
478 3232 551 3259 non
583 3223 764 3268 competit.
810 3224 970 3261 Puellam
999 3235 1043 3261 ea
1066 3226 1144 3272 lege
1167 3236 1251 3262 ven-

161 3267 267 3310 didit,
306 3272 347 3303 ut
376 3271 461 3313 post
490 3277 623 3303 annum
654 3268 702 3303 ab
731 3274 893 3315 emptore
923 3270 1250 3307 manumitteretur:

162 3312 258 3357 quod
286 3312 318 3348 si
350 3323 422 3348 non
452 3312 734 3355 manumisisset,
777 3315 962 3359 convenit,
1000 3316 1054 3351 uti
1081 3318 1252 3352 manum‘

160 3358 312 3394 iniceret
342 3361 406 3393 aut
436 3357 558 3394 decem
589 3368 718 3394 aureos
749 3365 888 3404 emptor
918 3360 1032 3397 daret.
1079 3371 1152 3397 non
1174 3372 1252 3399 ser·

161 3407 246 3438 vata
276 3402 346 3438 fide
376 3403 488 3439 nihilo
517 3403 635 3440 minus
666 3403 814 3439 liberam
847 3414 892 3440 ex
915 3406 1093 3443 sententia
1117 3408 1250 3444 consti·

162 3449 310 3484 tutionis
334 3448 412 3483 fieri
435 3448 636 3493 respondit,
665 3448 835 3495 quoniam
856 3461 983 3487 manus
1006 3451 1151 3488 iniectio
1174 3452 1249 3498 ple-

162 3502 312 3538 rumque
341 3493 465 3529 auxilii
495 3493 635 3530 ferendi
663 3503 775 3531 causa
801 3495 1007 3532 intervenit:
1038 3497 1162 3542 itaque
1184 3508 1251 3534 nec

160 3539 315 3584 pecunia
336 3542 491 3584 petetur,
515 3549 598 3576 cum
621 3539 896 3577 emolumentum
920 3541 1006 3587 legis
1030 3542 1250 3579 voluntatem

162 3657 202 3692 (ι)
225 3662 315 3686 mors
324 3652 397 3686 eins
406 3652 653 3695 exspectabitur
666 3654 727 3687 del.
812 3656 855 3693 (2)
879 3663 965 3697 qnae
976 3655 1036 3688 del.

363 3704 404 3737 (4)
430 3703 464 3731 et
476 3699 536 3731 ius.
552 3698 583 3730 F
675 3700 720 3739 (5)
745 3698 901 3733 venditor
911 3700 972 3734 im.

434 3744 479 3785 (τ)
502 3745 549 3776 uic
563 3744 609 3786 B,
628 3743 717 3777 idem
729 3745 766 3778 F

203 3699 220 3729 t
230 3696 263 3729 F
1124 3657 1168 3699 (3)
1192 3666 1249 3690 va-

160 3706 304 3775 issm
317 3742 353 3776 F

1073 3702 1117 3740 (a)
1141 3703 1248 3735 statu-

855 3746 901 3787 (⁸›
924 3746 972 3778 ειν,-
984 3745 1030 3787 Β,
1050 3747 1206 3787 patronis
1219 3747 1254 3779 F

1248 114 1330 163 614

1290 993 1293 1034 1

1807 131 1869 161 DE
1897 130 2166 164 MNUMISSIS
2193 131 2408 164 vmmc'ra

1328 241 1349 274 3
1395 238 1588 276 venditoris
1606 243 1770 277 secutum
1792 240 1849 277 sit.
1887 241 2064 287 Tempore
2080 240 2303 279 alienationis
2326 253 2411 279 con·

1327 283 1435 327 venit,
1459 289 1500 320 ut
1517 284 1623 321 homo
1646 285 1823 322 libertatis
1842 297 1953 322 causa
1974 285 2129 323 traditus
2151 291 2236 333 post
2250 288 2412 333 quintum

1327 338 1462 364 annum
1490 328 1676 375 impletum
1706 332 2019 367 manumitteretur
2039 335 2078 368 et
2099 335 2141 367 ut
2163 336 2297 368 certam
2318 341 2412 369 mer·

1329 372 1450 410 cedem
1485 374 1621 411 interea
1655 379 1872 412 menstruam
1914 376 2114 422 praeberet.
2169 377 2413 414 condicionem

1326 419 1483 455 libertati
1513 419 1693 457 mercedes
1722 431 1795 457 non
1824 421 1963 464 facere,
1996 421 2060 458 sed
2082 421 2254 468 obsequio
2275 426 2412 469 tempo-

1326 464 1446 500 rariae
1468 465 1647 502 servitutis
1675 465 1819 502 modum
1847 467 2101 512 praestitutum
2123 477 2204 503 esse
2225 468 2412 513 respondi:

1326 519 1444 555 neque
1480 509 1574 545 enim
1610 510 1650 546 in
1682 512 1845 547 omnibus
1880 512 2058 549 libertatis
2095 522 2208 549 causa
2242 512 2413 549 traditum

1327 565 1405 590 com
1433 555 1531 590 arari
1553 555 1763 593 statulibero
1771 558 1796 592 ⁶.

1373 597 1399 637 2
1450 599 1558 635 Ios-u
1577 600 1669 636 libro
1693 602 1798 637 tertio
1822 601 1958 638 decimo
1974 611 2232 648 responsorum
2267 602 2415 639 Servum

1327 644 1484 681 dotalem
1514 646 1569 681 vir
1600 646 1661 691 qui
1691 646 1860 683 solvendo
1890 650 1946 683 est
1976 650 2166 684 constante
2188 648 2415 685 matrimonio

1327 691 1577 726 manumittere
1599 694 1735 736 potest:
1759 691 1791 728 si
1813 696 1933 728 autem
1956 691 2124 729 solvendo
2146 703 2221 729 non
2242 696 2308 736 est,
2333 693 2417 730 licet

1327 736 1416 771 alios
1438 735 1632 772 creditores
1655 747 1729 773 non
1746 736 1890 780 habeat,
1913 737 2063 774 libertas
2082 737 2176 775 servi
2192 738 2415 783 impedietur,

1327 785 1368 816 ut
1391 785 1580 818 constante
1602 781 1827 818 matrimonio
1851 782 1974 818 deberi
1996 781 2063 818 dos
2084 782 2187 819 intell
2252 787 2323 819 tur.

1373 822 1428 864 22
1457 826 1566 862 low
1598 826 1690 863 libro
1727 828 1886 863 secundo
1924 827 2172 873 definitionum
2253 839 2341 875 epos
2372 839 2417 866 ex

1326 871 1400 907 filio
1430 872 1613 907 voluntate
1644 872 1701 908 avi
1732 877 1774 908 ut
1802 872 1898 908 filius
1936 872 2120 910 voluntate
2148 874 2262 920 patris
2321 878 2419 911 otest

1325 917 1596 960 manumittere,
1632 917 1696 954 sed
1726 918 1965 954 manumissus
1992 918 2107 963 patris
2137 919 2194 955 vel
2224 919 2281 955 avi
2324 919 2416 956 ‘ber-

1325 967 1384 997 tus
1410 967 1474 998 est.

1372 1004 1425 1045 23
1461 1006 1641 1043 Pavsvs⁷
1687 1008 1780 1044 libro
1818 1008 1945 1054 quinto
1984 1007 2121 1044 decimo
2160 1019 2416 1056 responsorum

1326 1052 1439 1088 Gaius
1464 1052 1566 1089 Seius
1589 1052 1815 1098 Pamphilam
1845 1053 1915 1089 hac
1945 1052 2023 1098 lege
2046 1053 2147 1097 emit,
2171 1058 2213 1090 ut
2233 1054 2330 1091 intra
2353 1065 2417 1091 an-

1326 1108 1411 1133 num
1433 1098 1762 1134 manumitteretur:
1787 1098 1914 1134 deinde
1936 1099 2033 1134 intra
2055 1108 2190 1135 annum
2213 1099 2317 1136 Seius
2342 1110 2417 1136 ser-

1324 1154 1390 1179 vus
1413 1143 1667 1188 pronuntiatus
1692 1148 1764 1180 est:
1789 1153 1943 1189 quaero,
1966 1154 2015 1179 an
2037 1154 2084 1180 ex
2105 1143 2183 1190 lege
2205 1145 2418 1182 venditionis

1323 1188 1424 1224 finito
1444 1199 1540 1225 anno
1553 1189 1742 1235 Pamphila
1758 1189 1961 1225 libertatem
1974 1194 2170 1226 consecuta
2187 1189 2246 1226 sit.
2282 1190 2417 1227 Paulus

1323 1233 1527 1279 respoudit,
1562 1244 1645 1270 cum
1675 1244 1720 1270 ea
1741 1234 1952 1271 condicione
1983 1234 2151 1271 ancillam
2175 1239 2330 1288 emptam
2353 1236 2416 1272 do·

1323 1279 1419 1315 mino
1449 1279 1682 1325 adquisitam,
1715 1290 1798 1316 cum
1829 1290 1902 1326 qua
1932 1280 2143 1317 condicione
2169 1290 2309 1318 venisse
2331 1292 2416 1328 pro-

1323 1329 1795 1423 pogffloeffiimoonmignvs
1809 1370 1904 1424 libro
1919 1371 2044 1417 primo
2068 1371 2162 1407 iures
2178 1372 2381 1424 epitomum·
2325 1417 2332 1426 .
2382 1384 2417 1408 m

1322 1415 1419 1460 Lege
1441 1415 1547 1451 Iunia
1569 1415 1740 1451 Petronia
1752 1416 1776 1458 ⁸,
1808 1426 1841 1452 si
1871 1415 2097 1452 dissonantes
2129 1426 2236 1461 pares
2258 1417 2416 1453 iudicum

1323 1460 1480 1496 existant
1501 1460 1712 1503 sententiae,
1736 1471 1803 1506 pro
1826 1460 1995 1497 libertate
2017 1461 2245 1507 pronuntiari
2266 1462 2414 1499 iussum.

1325 1509 1340 1540 1
1390 1505 1462 1542 Sed
1494 1510 1531 1542 et
1560 1506 1593 1543 si
1615 1510 1727 1542 testes
1750 1516 1823 1542 non
1855 1506 1991 1552 dispari
2012 1517 2161 1543 numero
2185 1511 2261 1543 tam
2308 1519 2349 1545 ro
2372 1508 2414 1545 li-

1322 1550 1462 1587 bertate
1480 1561 1589 1604 quam
1608 1555 1735 1587 contra
1752 1551 1956 1588 libertatem
1975 1551 2141 1604 dixerint,
2163 1563 2230 1598 pro
2249 1553 2276 1589 li
2301 1558 2416 1590 ertate

1321 1596 2278 1697 Prttuffitssviutffittss‘*amima-mu,
2321 1644 2416 1681 ιω

1321 1691 1414 1723 ratio
1438 1686 1568 1730 efficit,
1601 1691 1643 1722 ut
1664 1687 1863 1724 infantibus
1886 1697 2027 1733 quoque
2051 1692 2232 1734 competat
2254 1689 2415 1726 libertas.

1369 1729 1424 1770 26
1448 1731 1495 1768 ΙΔ
1505 1742 1676 1768 voitmws
1701 1733 1793 1768 libro
1822 1737 1955 1779 quarto
1985 1744 2036 1770 ex
2055 1735 2324 1780 posterioribus
2344 1734 2415 1771 La-

1323 1777 1446 1814 beom‘s
1492 1777 1640 1814 Servum
1668 1777 1847 1815 furiosum
1879 1778 1976 1814 omni
2005 1788 2136 1824 genere
2156 1780 2414 1817 manumissum

1322 1822 1371 1859 ad
1393 1822 1596 1860 libertatem
1619 1823 1771 1869 perduci
1793 1826 1899 1870 putat
1920 1833 2029 1870 posse
2051 1823 2187 1861 Labeo.

1832 1962 1874 2001 11
1881 1961 1910 2001 ⁹.

1558 2027 1622 2061 DE
1646 2027 1925 2061 MANUMISSIS
1948 2026 2183 2062 VINDIOTA.

1371 2091 1391 2130 1
1418 2091 1650 2129 Poupomvs
1661 2093 1753 2130 libro
1766 2094 1893 2141 primo
1910 2093 1961 2129 ad
1974 2092 2151 2130 Sabinum
2184 2094 2294 2146 Apud
2307 2104 2413 2142 prae-

1322 2141 1438 2174 torem
1459 2137 1684 2184 eundemque
1704 2143 1862 2175 tutorem
1890 2149 2000 2185 posse
2022 2138 2200 2185 pupillum
2221 2150 2301 2185 ipso
2326 2150 2412 2177 auc-

1322 2187 1401 2220 tore
1423 2183 1675 2220 manumittere
1698 2188 1852 2221 constat.

1367 2225 1394 2266 2
1425 2228 1622 2265 Uzmws
1648 2229 1739 2265 libro
1763 2233 1890 2266 octavo
1920 2229 2058 2265 decimo
2080 2228 2132 2265 ad
2153 2228 2329 2266 Sabinum
2375 2230 2414 2266 Si

1320 2274 1438 2311 minor
1461 2274 1509 2310 sit
1530 2274 1634 2311 annis
1658 2275 1783 2321 viginti
1805 2274 2044 2318 fructuarius,
2074 2284 2123 2311 an
2145 2275 2347 2312 consentire
2368 2276 2412 2312 li-

1320 2319 1454 2355 bertati
1475 2319 1615 2365 possit?
1646 2324 1683 2356 et
1704 2324 1794 2366 puto
1825 2319 2081 2357 consentiendo
2103 2329 2212 2366 posse
2234 2319 2283 2356 ad
2303 2321 2411 2358 liber-

1320 2368 1432 2401 tatem
1453 2365 1663 2410 perducere.

1368 2407 1394 2448 3
1418 2408 1528 2446 low
1546 2409 1639 2446 libro
1663 2414 1795 2457 quarto
1817 2409 2103 2458 disputationum
2149 2409 2189 2446 Si
2210 2409 2315 2447 heres
2337 2421 2411 2448 ser-

1321 2466 1404 2491 vum
1434 2455 1448 2491 l
1619 2456 1866 2500 manumittat,
1902 2466 1987 2492 mox
2014 2454 2179 2501 repudiet
2205 2455 2411 2501 legatarius,

1321 2505 1418 2537 retro
1451 2501 1624 2546 competit
1652 2501 1812 2538 libertas.
1858 2500 2024 2547 idemque
2054 2503 2111 2537 est
2139 2504 2178 2537 et
2207 2501 2255 2554 si·
2268 2501 2411 2539 duobus

1321 2556 1412 2592 pure
1434 2555 1560 2583 servus
1590 2546 1731 2591 legetur
1753 2551 1790 2583 et
1819 2550 1905 2593 post
1926 2546 2075 2582 alterius
2099 2546 2412 2584 manumissionem

1321 2591 1414 2627 alter
1433 2601 1474 2627 re
1499 2591 1701 2628 udiaveritz.
1715 2602 1799 2628 nam
1815 2596 1852 2628 et
1870 2591 1929 2628 hic
1947 2595 2044 2628 retro
2063 2591 2213 2628 libertas
2229 2602 2310 2628 com
2334 2594 2410 2630 etit.

1367 2636 1433 2675 4¹⁰
1455 2602 1650 2673 firmum
1670 2635 1761 2674 libro
1785 2637 2089 2690 quadragensimo
2112 2636 2270 2674 secundo
2310 2639 2410 2690 ,ἱροε-

1322 2686 1440 2718 torum
1486 2680 1527 2718 Si
1574 2686 1653 2718 ater
1674 2682 1748 2719 filio
1763 2682 1972 2736 permiserit
1998 2692 2140 2719 servum
2162 2687 2412 2720 manumittere

1321 2732 1358 2763 et
1379 2727 1522 2763 interim
1571 2727 1740 2764 ecesserit
1761 2732 1949 2771 intestato,
1973 2727 2101 2764 deinde
2122 2726 2219 2763 filius
2244 2728 2253 2736 ‘
2302 2739 2410 2766 orans

1320 2777 1461 2819 patrem
1481 2782 1586 2809 suum
1603 2777 1783 2809 mortuum
1801 2773 2004 2810 libertatem
2018 2773 2238 2819 inposuerit,
2279 2773 2409 2812 'bertas

1321 2828 1423 2855 servo
1454 2818 1578 2854 favore
1607 2818 1784 2855 libertatis
1816 2818 2007 2864 contingit,
2038 2829 2119 2855 cum
2142 2826 2410 2871 non-appareat

1321 2867 1460 2900 mutata
1482 2873 1563 2900 esse
1585 2863 1719 2900 domini
1741 2864 1907 2901 voluntas
1920 2866 1958 2901 ¹².
2002 2864 2058 2900 sin
2079 2868 2200 2900 autem
2221 2868 2410 2909 ignorante

1320 2909 1395 2946 filio
1418 2908 1590 2945 vetuisset
1616 2914 1722 2954 pater
1752 2919 1818 2955 per
1845 2909 2009 2946 nuntium
2032 2913 2069 2945 et
2099 2912 2291 2955 antequam
2313 2909 2408 2947 filius

1322 2954 1453 2991 certior
1480 2954 1600 2997 fieret,
1631 2963 1774 2990 servum
1803 2955 2102 2998 manumississet,
2136 2954 2229 2990 liber
2258 2965 2332 2991 non
2354 2955 2406 2991 fit.

1320 3010 1404 3036 nam
1427 3003 1468 3035 ut
1489 2999 1564 3035 filio
1586 3000 1858 3036 manumittente
1880 3010 2005 3037 servus
2032 2999 2081 3035 ad
2101 2999 2303 3037 libertatem
2324 3010 2407 3047 per-

1320 3044 1455 3087 veniat,
1494 3044 1626 3081 durare
1662 3049 1804 3090 oportet
1841 3046 1955 3091 patris
1992 3044 2231 3082 voluntatem:
2270 3055 2354 3081 nam
2376 3046 2408 3082 si

1319 3094 1458 3126 mutata
1487 3089 1611 3132 fuerit,
1643 3100 1715 3125 non
1747 3090 1814 3126 erit
1843 3100 1967 3127 verum
1997 3090 2138 3127 volente
2167 3094 2272 3135 patre
2293 3090 2406 3127 filium

1325 3140 1337 3170 1
1388 3134 1665 3171 manumississe.
1714 3134 1887 3181 Quotiens
1918 3135 2083 3172 dominus
2110 3145 2251 3172 servum
2279 3146 2405 3172 manu-

1320 3181 1458 3224 mittat,
1487 3179 1647 3226 quamvis
1677 3180 1853 3217 existimet
1883 3180 2037 3217 alienum
2059 3190 2140 3217 esse
2162 3191 2261 3224 eum,
2294 3181 2405 3217 nihilo

1319 3226 1437 3262 minus
1459 3235 1581 3261 verum
1603 3230 1659 3261 est
1689 3226 1872 3262 voluntate
1895 3226 2028 3263 domini
2050 3236 2190 3262 servum
2211 3226 2403 3263 manumis-

1319 3282 1399 3308 sum
1421 3274 1459 3307 et
1479 3269 1560 3306 ideo
1583 3270 1676 3307 liber
1698 3272 1777 3307 erit.
1813 3275 1850 3308 et
1872 3281 1918 3308 ex
1940 3271 2119 3308 contrario
2143 3271 2175 3308 si
2198 3282 2238 3308 se
2261 3270 2404 3308 Stichus

1319 3326 1392 3353 non
1414 3318 1559 3362 putaret
1587 3317 1869 3353 manumittentis
1896 3326 1994 3369 esse,
2024 3316 2136 3353 nihilo
2158 3317 2275 3353 minus
2296 3316 2403 3370 liber-

1317 3366 1430 3398 tatem
1465 3361 1683 3406 contingere.
1729 3361 1812 3409 plus
1849 3361 1944 3398 enim
1980 3372 2018 3398 in
2048 3372 2088 3398 re
2117 3366 2191 3405 est,
2255 3371 2338 3415 uam
2365 3372 2404 3398 in

1317 3406 1578 3443 existimatione
1617 3411 1655 3443 et
1687 3411 1841 3452 utroque
1877 3416 1965 3443 casu
2002 3417 2124 3443 verum
2158 3411 2215 3444 est
2267 3407 2403 3443 ticlium

1317 3451 1500 3488 voluntate
1531 3452 1665 3487 domini
1694 3451 1951 3488 manumissum
1980 3462 2071 3490 esse.
2120 3451 2286 3498 idemque
2314 3452 2403 3489 iuris

1317 3501 1374 3534 est
1407 3501 1447 3533 et
1481 3497 1513 3533 si
1547 3497 1711 3534 dominus
1746 3502 1784 3534 et
1818 3506 1943 3534 servus
1976 3498 2014 3534 iii
2045 3507 2088 3535 eo
2118 3507 2242 3534 errore
2271 3501 2401 3550 essent,

1317 3542 2402 3587 utnequeillesedominumnschieseseiwmeius

1360 3657 1408 3699 (ο)
1432 3656 1515 3690 Sao.
1528 3665 1606 3692 1...·1.
1620 3665 1726 3697 aas:
1749 3657 1817 3692 Ed.
1829 3664 1858 3693 s.
1870 3664 1991 3698 rimu:
2015 3657 2101 3702 Pap.
2113 3665 2232 3694 ηψπ.
2249 3677 2296 3684 -
2314 3660 2399 3694 Bas.

1317 3702 1373 3745 48,
1391 3708 1420 3737 2.
1437 3720 1482 3726 -
1504 3702 1554 3747 Cj:
1577 3701 1655 3737 cod.
1674 3705 1706 3746 7,
1725 3709 1740 3738 ι
1847 3707 1906 3742 (ιο)
1930 3704 1979 3737 ad
1992 3715 2047 3748 pr.
2066 3705 2111 3748 ej:
2129 3704 2177 3738 D.
2195 3706 2252 3747 40,
2271 3712 2302 3747 n,
2320 3712 2365 3747 ιο,
2383 3712 2398 3741 ι

1318 3753 1371 3786 (ιι)
1395 3746 1550 3781 Iulianus
1561 3748 1611 3780 ait
1628 3772 1636 3780 .
1647 3773 1655 3781 .
1665 3772 1673 3781 .
1692 3757 1761 3782 non
1771 3747 1845 3781 fieri
1857 3758 1933 3782 eum
1942 3746 2086 3782 liberum
2099 3749 2225 3783 Paulus
2237 3750 2257 3784 Ι.
2273 3762 2298 3784 e.
