2528 3918
129 130 131 132 ’
169 132 441 178 XXXXVIII
470 137 509 177 4.
532 138 572 177 5.

169 257 279 303 fugit:
335 257 415 293 0110
436 257 554 294 001000
583 257 714 294 falsum
738 258 952 305 conscripsit
974 259 1029 295 vel
1051 259 1255 295 recitaverit

170 303 207 337 in
240 303 302 338 tab
344 301 352 310 “
406 303 576 347 publicis:
613 313 696 339 nam
727 307 765 339 et
793 304 864 341 hoc
888 304 1006 350 capite
1037 305 1152 350 primo
1176 305 1255 350 lege

170 347 365 383 maiestatis
389 352 627 383 enumeratur.

216 390 240 429 3
272 392 509 428 Mancmws
543 393 636 430 libro
668 396 800 440 quarto
831 394 967 430 decimo
992 394 1252 429 institutionum

170 438 247 472 Lex
281 436 467 473 duodecim
503 438 708 475 tabularum
741 438 842 475 iubet
876 450 974 481 eum,
1019 439 1079 484 qui
1115 439 1253 475 hostem

170 482 403 518 concitaverit
433 483 536 528 quive
564 484 676 520 civem
697 484 794 520 hosti
816 484 1019 526 tradiderit,
1045 484 1163 529 capite
1185 495 1252 530 pu-

169 527 250 563 0111.
297 527 355 564 lex
378 532 499 564 0111001
520 528 613 565 Iulia
642 529 840 566 maiestatis
862 529 1038 575 praecipit
1061 539 1160 572 eum,
1216 529 1254 564 ui

169 572 390 609 maiestatem
413 573 594 618 publicam
616 574 778 617 laeserit,
802 575 932 610 teneri:
965 573 1079 626 qualis
1103 578 1160 610 est
1184 574 1192 582 ‘
1221 584 1252 616 e,

170 617 232 663 qui
253 618 290 653 in
314 618 416 654 bellis
441 619 588 655 cesserit
610 623 676 655 aut
698 630 816 655 arcem
839 622 1014 655 1100110111ι
1046 623 1111 654 001
1134 622 1255 655 castra

169 663 395 699 concesserit.
442 663 566 700 eadem
587 664 601 700 1
645 675 665 701 e
687 667 829 701 tenetur
851 669 887 699 et
910 665 971 709 qui
994 663 1132 700 iniussu
1154 665 1253 717 prin-

170 708 260 753 cipis
283 708 415 744 bellum
438 710 589 754 gesserit
645 710 653 717 '
670 714 832 746 ectumve
862 710 1029 745 habuerit
1058 713 1252 745 exercitum

170 753 448 798 comparaverit:
473 754 593 799 quive,
619 765 699 791 cum
723 755 756 790 ei
779 755 816 790 in
840 755 1024 799 provincia
1047 765 1253 791 successum

170 802 279 841 esset,
312 799 506 834 exercitum
536 801 733 836 successori
763 811 835 835 non
866 799 1029 835 tradidit:
1062 800 1166 845 quive
1187 800 1253 835 im-

168 843 306 889 perium
329 844 568 881 exercitumve
591 845 715 891 populi
735 845 888 880 Romani
911 845 1125 881 deseruerit:
1151 846 1253 891 quive

169 888 330 935 privatus
352 900 419 934 pro
443 894 621 935 potestate
646 890 899 935 magistratuve
922 889 1007 935 quid
1031 890 1146 926 sciens
1170 890 1252 926 dolo

168 933 262 971 malo
309 934 449 970 esserit:
475 935 577 980 quive
601 935 686 980 quid
711 946 844 977 eorum,
870 945 962 980 quae
986 946 1096 981 supra
1119 935 1254 981 scripta

168 984 264 1022 sunt,
303 989 408 1016 acere
431 981 626 1016 curaverit:

214 1023 241 1061 4
271 1026 472 1060 Sosnvoza
510 1026 600 1062 libro
637 1030 768 1071 quarto
800 1025 1009 1072 reqularum
1057 1026 1157 1062 cuius
1184 1027 1253 1062 ue²

168 1068 251 1106 dolo
273 1069 366 1106 10010
397 1070 626 1106 iureiurando
651 1070 729 1114 quis
752 1070 903 1106 adactus
927 1075 998 1114 est,
1031 1082 1102 1116 quo
1127 1081 1149 1106 a
1175 1082 1252 1107 101·-

167 1124 230 1150 000
258 1125 331 1150 rem
362 1116 543 1160 publicam
572 1115 698 1151 faciat:
739 1115 885 1151 cuiusve
916 1116 997 1152 (1010
1027 1117 1122 1152 01010
1153 1127 1252 1152 exer-

168 1159 261 1196 citus
284 1160 408 1206 populi
430 1160 583 1196 Romani
614 1161 650 1195 in
673 1160 822 1196 insidias
847 1161 1022 1197 deductus
1046 1162 1253 1198 hostibusve

165 1205 331 1250 proditus
355 1206 439 1241 erit:
464 1206 641 1241 factumve
666 1205 746 1241 dolo
771 1206 864 1242 01010
890 1206 992 1242 00100
1015 1206 1157 1250 (1101101,
1181 1217 1251 1252 quo

167 1250 285 1286 minus
307 1251 429 1287 hostes
448 1251 487 1286 in
536 1251 748 1286 otestatem³
770 1251 895 1297 populi
919 1251 1071 1287 Romani
1090 1252 1250 1288 veniant:

168 1296 312 1332 cuiusve
335 1306 444 1341 opera
467 1296 511 1332 (10
527 1307 547 1332 0
571 1296 667 1332 10010
690 1296 812 1332 1100100
836 1297 963 1349 populi
978 1297 1132 1333 Romani
1155 1308 1251 1333 com-

166 1344 287 1376 meatu
310 1342 418 1377 armis
442 1341 522 1376 telis
547 1341 648 1386 equis
698 1342 825 1377 ecunia
848 1342 960 1377 011010
984 1352 1056 1388 qua
1078 1353 1116 1378 10
1140 1342 1253 1378 adiuti

167 1389 289 1421 erunt:
327 1391 410 1421 utve
439 1396 484 1421 ex
516 1387 638 1422 amicis
694 1390 790 1423 ostes
812 1387 938 1432 populi
961 1387 1115 1423 Romani
1142 1387 1249 1423 fiant:

166 1431 313 1467 cuiusve
336 1431 418 1467 dolo
442 1432 536 1467 malo
561 1431 696 1467 factum
721 1432 806 1474 erit,
841 1443 912 1477 quo
934 1443 999 1468 rex
1022 1436 1166 1468 exterae
1188 1443 1252 1469 00-

165 1476 273 1512 110010
330 1477 436 1521 011010
466 1477 629 1512 Romano
661 1477 778 1512 minus
809 1477 1069 1523 obtemperet⁴z
1108 1478 1253 1514 cuiusve

167 1531 276 1566 opera
324 1523 382 1556 olo
406 1522 500 1557 malo
524 1521 660 1557 factum
684 1522 768 1564 erit,
793 1533 863 1574 quo
887 1523 999 1568 magis
1024 1523 1166 1560 obsides
1191 1534 1253 1569 110-

166 1566 274 1602 00010
304 1566 463 1602 10010010
494 1567 659 1602 hostibus
688 1567 813 1613 popuh
845 1567 997 1603 Romani
1029 1568 1158 1604 dentur
1189 1569 1252 1604 ad-

167 1622 289 1647 versus
311 1622 385 1647 rem
408 1612 600 1658 publicam.
641 1611 725 1648 item
749 1613 809 1658 qui
834 1613 1037 1649 0001000010
1060 1614 1098 1649 10
1121 1614 1254 1650 10(11010

167 1667 266 1693 reum
288 1661 325 1692 01
347 1661 496 1702 propter
524 1657 594 1693 hoc
622 1657 659 1692 in
691 1657 833 1693 vincula
862 1659 1062 1694 coniectum
1086 1659 1252 1694 emiserit.

171 1706 183 1736 1
236 1702 316 1737 Ηο0
347 1702 493 1738 crimine
522 1702 695 1738 liberatus
725 1706 781 1738 est
809 1714 832 1738 a
854 1708 998 1747 senatu,
1030 1704 1091 1749 qui
1114 1708 1253 1740 statuas

167 1747 390 1791 imperatoris
414 1748 625 1793 reprobatas
651 1748 890 1784 conflaverit-¹³.

213 1792 238 1829 5
263 1792 500 1828 MARCIANUS
527 1793 618 1829 libro
650 1794 776 1839 quinto
804 1794 1014 1840 reqularum
1061 1795 1143 1830 Non
1168 1805 1253 1831 con·

166 1837 278 1872 trahit
301 1837 434 1873 crimen
462 1838 675 1882 maiestatis,
707 1838 768 1884 qui
799 1843 938 1875 statuas
964 1839 1128 1876 Caesaris
1152 1844 1252 1876 vetu-

170 1886 184 1917 1
234 1886 327 1918 state
360 1887 550 1928 corruptas
587 1883 712 1918 reficit.
760 1883 837 1919 Nec
877 1884 939 1929 qui
969 1884 1087 1931 lapide
1116 1885 1251 1921 iactato

163 1928 301 1963 incerto
323 1927 473 1963 fortuito
505 1932 662 1964 statuam
693 1929 866 1974 attigerit,
901 1930 1035 1965 crimen
1058 1930 1252 1966 maiestatis

165 1973 357 2009 commisit:
383 1977 420 2009 01
441 1973 493 2008 110
515 1973 666 2009 Severus
691 1978 726 2009 et
743 1974 946 2010 Antoninus
965 1975 1058 2011 Iulio
1080 1975 1252 2012 Cassiano

164 2022 184 2054 2
230 2019 502 2063 rescripserunt.
536 2018 636 2054 Idem
657 2018 788 2055 Pontio
811 2020 1023 2065 rescripsit⁶
1046 2031 1119 2056 11011
1142 2021 1253 2057 videri

164 2068 292 2099 contra
322 2063 544 2099 maiestatem
575 2064 653 2099 fieri
683 2065 729 2100 ob
762 2064 932 2110 imagines
967 2065 1130 2102 Caesaris
1162 2077 1251 2102 000-

163 2109 248 2144 dum
272 2113 501 2145 consecratas
525 2109 696 2144 venditas.

209 2152 235 2192 6
268 2154 495 2190 Veniamus
523 2154 773 2190 Sawfflmws
805 2154 897 2190 libro
929 2155 1087 2191 secundo
1117 2155 1162 2191 de
1197 2157 1250 2191 iu-

163 2199 268 2235 diciis·
285 2199 443 2245 publicis
488 2199 556 2244 Qui
580 2203 721 2235 statuas
744 2205 808 2234 aut
829 2199 1002 2245 imagines
1025 2200 1251 2252 imperatoris

161 2245 233 2280 iam
257 2248 488 2280 consecratas
513 2244 747 2280 conflaverint
770 2245 911 2280 aliudve
934 2245 1020 2290 quid
1050 2246 1164 2282 01111110
1187 2246 1250 2281 0(1-

163 2289 343 2330 miserint,
368 2289 445 2334 lege
466 2290 558 2325 Iulia
580 2289 777 2325 maiestatis
800 2293 978 2326 tenentur.

211 2332 259 2371 7⁷
304 2334 559 2370 Moosssrmvs
601 2335 692 2370 libro
735 2335 946 2371 duodecimo
981 2336 1250 2383 pandectarum

164 2379 320 2422 Famosi,
345 2379 406 2425 qui
428 2379 485 2415 ius
507 2379 703 2415 accusandi
726 2390 799 2415 non
822 2380 967 2425 habent,
992 2381 1069 2417 sine
1088 2381 1162 2417 ulla
1185 2381 1249 2417 du-

167 2429 180 2459 1
232 2425 406 2461 bitatione
429 2425 666 2460 admittuntur
688 2425 734 2460 ad
755 2425 849 2460 hanc
868 2426 1143 2462 accusationem.
1180 2426 1251 2462 Sed

163 2474 200 2505 et
222 2470 363 2512 milites,
389 2470 450 2515 (101
475 2481 602 2506 causas
629 2471 719 2506 alias
746 2470 960 2506 defendere⁸
982 2482 1055 2507 non
1078 2476 1248 2517 possunt:

162 2525 245 2551 nam
263 2515 324 2560 qui
346 2526 412 2560 pro
436 2525 526 2561 pace
546 2516 735 2559 excubant,
760 2516 871 2560 magis
889 2516 1072 2561 magisque
1091 2517 1139 2552 ad
1157 2517 1251 2553 hanc

163 2564 184 2596 2
231 2560 496 2596 accusationem
520 2560 730 2597 admittendi
752 2565 848 2596 sunt.
898 2561 998 2596 Servi
1022 2572 1164 2607 quoque
1187 2562 1248 2598 de-

162 2605 318 2641 ferentes
337 2605 532 2640 audiuntur
552 2610 588 2641 et
607 2605 749 2651 quidem
766 2605 929 2642 dominos
950 2617 1051 2642 suos:
1077 2611 1113 2642 et
1131 2607 1251 2643 liberti

163 2654 183 2686 3
230 2655 414 2696 patronos.
462 2651 541 2686 Hoc
570 2655 690 2686 tamen
721 2651 879 2686 crimen⁹
908 2651 1086 2688 iudicibus
1117 2663 1189 2688 non
1211 2653 1250 2688 in

163 2696 351 2731 occasione
360 2697 389 2717 ¹⁰
428 2696 473 2731 011
512 2695 718 2741 1111001110110
756 2696 952 2732 maiestatis
987 2698 1250 2733 venerationem

162 2740 366 2776 habendum
407 2745 480 2783 est,
521 2741 586 2776 sed
613 2741 651 2776 in
680 2740 844 2777 veritate:
881 2751 963 2776 nam
994 2746 1030 2778 et
1059 2753 1249 2787 personam

162 2785 392 2831 spectandam
416 2796 505 2829 esse,
531 2797 577 2821 00
599 2787 758 2831 1101110111
777 2786 908 2830 100010,
933 2790 970 2822 01
992 2797 1039 2822 an
1057 2791 1141 2823 ante
1165 2788 1250 2833 quid

161 2831 289 2867 fecerit
311 2835 348 2866 et
371 2841 417 2866 00
441 2831 649 2876 cogitaverit
662 2833 687 2852 ¹¹
712 2836 748 2867 et
770 2841 818 2866 an
841 2842 952 2867 sanae
975 2833 1102 2868 mentis
1125 2832 1246 2868 fuerit.

161 2886 228 2911 000
252 2876 428 2911 1011110001
459 2876 601 2921 linguae
631 2876 678 2911 ad
715 2887 867 2922 poenam
899 2876 1006 2913 facile
1035 2877 1248 2914 trahendum

160 2925 234 2957 est:
279 2931 494 2966 qumquam
529 2921 621 2956 enim
655 2922 834 2957 temerarii
876 2921 972 2966 digni
1013 2933 1131 2967 poena
1164 2923 1246 2966 sint,

161 2971 282 3002 tamen
305 2971 347 3001 ut
368 2967 504 3002 insanis
527 2966 597 3001 illis
621 2966 840 3011 parcendum
864 2971 931 3009 est,
956 2966 987 3003 si
1010 2978 1084 3004 non
1106 2968 1179 3004 tale
1202 2968 1249 3004 sit

161 3011 350 3054 delictum,
382 3011 478 3057 quod
508 3011 562 3047 vel
593 3021 639 3046 ex
662 3011 842 3057 scriptura
869 3012 957 3058 legis
988 3012 1171 3049 descendit
1193 3013 1248 3050 vel

161 3060 183 3091 4
229 3056 277 3092 ad
317 3056 518 3102 exemplum
559 3055 646 3101 legis
688 3056 938 3092 vindicandum
980 3063 1048 3094 est.
1106 3058 1247 3095 Crimen

161 3101 358 3138 maiestatis
396 3101 492 3137 facto
524 3101 578 3137 vel
615 3101 754 3137 violatis
787 3102 914 3138 statuis
950 3103 1004 3138 vel
1033 3103 1247 3149 imaginibus

159 3147 315 3183 maxime
338 3147 574 3183 exacerbatur
595 3146 633 3181 in
655 3147 783 3183 milites
798 3148 835 3182 ¹².

207 3189 233 3230 8
268 3191 516 3228 Pit-smnus
549 3191 641 3227 libro
679 3193 784 3226 tertio
815 3193 952 3228 decimo
991 3204 1247 3241 responsorum

158 3236 202 3272 In
241 3237 510 3282 quaestionibus
545 3236 664 3272 laesae
701 3236 897 3273 maiestatis
936 3238 1043 3274 etiam
1081 3239 1247 3275 mulieres

160 3282 365 3318 audiuntur.
421 3281 703 3318 coniurationem
738 3281 889 3327 denique
921 3283 1035 3329 Sergii
1070 3284 1247 3320 Catilinae

158 3397 199 3437 (1)
223 3395 382 3439 tenuerit]
403 3398 524 3430 temere
543 3408 605 3429 scr.
717 3396 762 3437 (2)
785 3395 922 3428 cuiusve
939 3408 1002 3430 scr.
1114 3398 1159 3439 (3)
1183 3407 1241 3440 po-

159 3444 277 3474 testate
290 3441 325 3475 F
404 3444 445 3481 (4)
469 3442 518 3475 sic
529 3441 649 3474 ordina
658 3454 669 3474 .-
692 3439 828 3474 cuiusve
840 3439 918 3473 dolo
928 3439 1016 3474 malo
1029 3441 1154 3475 10011110
1167 3442 1242 3484 erit,

160 3495 227 3527 quo
238 3496 296 3519 rex
314 3510 322 3519 .
330 3510 339 3519 .
347 3510 355 3518 .
374 3485 578 3529 obtemperet
589 3486 736 3519 exter-ive
747 3494 787 3519 em
799 3485 915 3519 amicis
926 3485 1036 3519 hostes
1046 3486 1164 3530 populi
1174 3486 1242 3520 Ro-

159 3530 250 3563 mani
261 3530 345 3564 fiant
436 3532 480 3571 (5)
504 3529 705 3564 conflaverat
715 3542 778 3564 scr.
871 3534 915 3568 (o)
940 3531 1181 3574 rescripserunt
1194 3532 1243 3565 Γ*

161 3578 203 3614 (7)
231 3580 246 3615 5
261 3583 277 3609 3
292 3577 390 3619 affert
405 3576 584 3620 Greqorius
597 3576 743 3620 Maqnm
756 3577 846 3620 epiet-
865 3577 917 3618 13,
930 3582 966 3610 45
1048 3577 1093 3618 (8)
1116 3575 1243 3610 alienas

158 3620 285 3653 deferre
302 3632 364 3654 ser.
386 3621 545 3659 (similiter
566 3620 603 3653 P.
618 3621 736 3659 Faber)
846 3621 893 3664 (⁹)
916 3620 1057 3654 crimine
1076 3621 1113 3663 R
1134 3631 1242 3655 creme

159 3666 210 3698 vel
225 3665 351 3698 crimen
371 3666 464 3699 codd.
482 3665 639 3709 Greyori‘i’

159 3711 215 3749 (11)
240 3710 462 3752 cognitaverit
482 3711 516 3743 F
637 3710 699 3751 (12)
721 3709 827 3751 tacto,
850 3709 957 3743 veluti
975 3711 1038 3750 (sic
1058 3710 1240 3751 Hei-aldus)

159 3754 290 3787 violatis
309 3756 427 3787 statuis
449 3755 498 3787 vel
520 3755 731 3797 imaginibus,
752 3755 965 3788 exacerbatur
978 3756 1117 3789 maxime
1130 3756 1165 3787 10
1178 3756 1240 3788 101·

1236 133 1323 182 794

727 3666 788 3708 (10)
811 3666 860 3699 sic
874 3665 985 3717 (ἕν-ιφ,
997 3665 1201 3699 occasionem
1215 3667 1251 3700 F

1473 18 1552 143 ἿἿ

1541 146 1545 165 ¹
1971 152 2034 185 An
2062 152 2216 186 mesu
2243 154 2402 187 mmm

1321 258 1455 294 Iulia¹³
1488 259 1615 295 mulier
1636 258 1771 297 detexit
1799 265 1836 298 01
1859 262 2021 299 Marcum
2045 263 2202 300 Tullium
2225 265 2405 301 consulem

1322 304 1491 340 indicium
1514 305 1590 340 eius
1611 305 1793 343 instruxit.

1369 347 1394 386 9
1418 349 1762 387 Heauoosmfflos
1781 352 1873 388 libro
1897 353 2023 399 quinio
2046 354 2138 389 iuris
2168 356 2406 402 epitomarum

1322 394 1475 435 Eorum,
1506 395 1567 440 qui
1595 394 1791 432 maiestatis
1823 397 1968 433 crimine
1993 398 2149 434 damnati
2172 404 2275 443 sunt,
2299 400 2406 436 liber-

1321 443 1440 475 torum
1463 440 1559 475 bona
1581 440 1702 476 liberis
1726 440 1976 478 damnatorum
1997 444 2201 480 conservari
2224 445 2324 481 divus
2343 445 2405 481 Se-

1322 495 1426 520 verus
1445 484 1601 520 decrevit
1622 489 1660 520 et
1674 489 1762 521 tunc
1781 486 1922 522 demum
1941 487 2030 524 fisco
2047 489 2228 532 vindicari,
2252 490 2284 526 si
2303 500 2407 526 nemo

1324 529 1482 564 damnati
1505 530 1699 566 liberorum
1721 530 1862 567 existat.

1372 574 1421 612 10
1447 574 1552 610 low
1572 575 1663 611 libro
1686 580 1791 612 sexto
1815 578 1907 612 iuris
1929 578 2166 624 epitomarum
2205 579 2406 615 Maiestatis

1323 619 1469 654 crimine
1488 620 1652 655 accusari
1675 624 1804 665 potest,
1831 621 1932 658 cuius
1952 632 2020 667 ope
2041 623 2190 660 consilio
2210 623 2292 660 dolo
2313 625 2405 660 malo

1322 664 1507 710 provincia
1530 665 1585 700 vel
1609 664 1731 700 civitas
1754 665 1917 702 hostibus
1939 667 2083 712 prodita
2105 672 2171 704 est.

1373 708 1418 746 11
1453 709 1648 746 [limnas
1674 710 1764 746 libro
1788 715 1913 747 octavo
1947 712 2230 759 disputationum
2275 713 2323 756 Is,
2347 714 2408 759 qui

1322 755 1358 790 in
1382 758 1485 790 reatu
1509 754 1667 797 decedit,
1698 755 1827 800 integri
1856 760 1972 792 status
2002 757 2156 794 decedit:
2190 758 2408 804 extinguitur

1322 799 1413 835 enim
1444 800 1578 836 crimen
1608 801 1837 836 mortalitate.
1885 802 1953 836 nisi
1982 801 2077 839 forte
2109 803 2187 848 quis
2211 803 2406 840 maiestatis

1322 855 1404 880 reus
1432 844 1517 880 fuit:
1551 856 1634 880 nam
1665 846 1734 881 hoc
1770 846 1955 881 crimiue¹⁴
1987 847 2055 883 nisi
2085 858 2108 883 a
2139 849 2407 884 successoribus

1322 894 1504 935 purgetur,
1528 890 1707 926 hereditas
1730 891 1819 926 fisco
1837 891 2052 928 vindicatur.
2085 893 2191 938 plane
2214 904 2286 929 non
2310 894 2406 938 quis-

1346 945 1392 970 ue
1406 937 1433 957 ¹⁵
1455 935 1543 980 legis
1567 935 1678 971 Iuliae
1700 936 1896 972 maiestatis
1919 947 2001 973 reus
2025 941 2091 980 est,
2114 938 2152 973 in
2175 938 2297 974 eadem
2322 949 2406 974 con-

1349 980 1463 1016 'cione
1494 984 1563 1024 est,
1600 980 1664 1016 sed
1694 981 1755 1026 qui
1784 981 2038 1026 perduellionis
2068 993 2150 1018 reus
2181 988 2252 1026 est,
2287 983 2408 1019 hostili

1322 1025 1440 1061 animo
1464 1026 1634 1061 adversus
1665 1036 1741 1061 rem
1771 1026 1951 1071 publicam
1974 1027 2029 1063 vel
2076 1028 2166 1063 rinci
2193 1039 2247 1063 em
2271 1029 2406 1064 anima-

1321 1074 1398 1106 tus:
1424 1074 1582 1106 ceterum
1606 1071 1636 1107 si
1660 1071 1739 1116 quis
1763 1082 1807 1107 ex
1832 1072 1902 1107 alia
1926 1082 2037 1108 causa
2073 1073 2145 1118 egis
2182 1073 2274 1109 uliae
2297 1074 2404 1109 maie·

1322 1116 1425 1152 statis
1449 1126 1530 1152 reus
1555 1116 1612 1158 sit,
1637 1120 1751 1152 morte
1775 1116 1921 1153 crimine
1945 1118 2127 1154 liberatur.

1825 1255 1856 1293 V
1872 1254 1909 1294 ¹⁶.

1367 1319 1427 1351 AD
1451 1319 1615 1352 LEGEM
1639 1319 2204 1399 IULIAlzJIEssgISADULTEBIIS
2229 1321 2361 1355 COER-

1945 1391 1952 1399 ·
2123 1374 2156 1411 b

1371 1428 1389 1466 l
1424 1429 1619 1466 Ulmanus
1646 1430 1737 1466 libro
1763 1432 1888 1477 primo
1918 1432 1963 1467 de
1994 1432 2183 1468 adulteriis
2227 1432 2327 1468 Haec
2350 1432 2407 1468 lex

1323 1474 1397 1510 lata
1420 1479 1476 1511 est
1498 1486 1521 1510 a
1544 1475 1624 1512 (1110
1644 1477 1818 1520 Augusto.

1368 1518 1394 1557 2
1418 1519 1524 1555 Iesu
1544 1521 1635 1556 libro
1659 1526 1784 1557 octavo
1808 1522 2093 1569 disputationum
2136 1523 2195 1558 Ex
2217 1522 2296 1569 lege
2317 1523 2408 1559 Iulia

1322 1569 1500 1609 servatur,
1537 1570 1594 1610 ut,
1627 1566 1685 1601 001
1714 1577 1861 1602 necesse
1891 1571 1946 1602 est
1974 1567 2022 1603 ab
2053 1567 2215 1604 adultero
2237 1568 2406 1614 incipere,

1323 1611 1407 1655 quia
1436 1611 1564 1646 mulier
1594 1615 1677 1646 ante
1707 1611 2011 1647 denuntiationem
2042 1613 2180 1658 nupsit,
2213 1624 2286 1649 non
2316 1613 2406 1649 alias

1323 1656 1370 1691 ad
1399 1656 1580 1691 mulierem
1610 1657 1726 1701 possit
1755 1658 1957 1702 pervenire,
1988 1657 2059 1693 nisi
2087 1669 2188 1694 reum
2219 1659 2404 1711 peregerit.

1324 1701 1501 1746 peregisse
1523 1705 1643 1737 autem
1666 1712 1739 1737 non
1762 1702 1850 1738 alias
1875 1702 1954 1748 quis
1978 1702 2136 1746 videtur,
2168 1704 2238 1739 0101
2260 1708 2297 1739 01
2320 1714 2402 1739 000-

1330 1751 1340 1781 1
1390 1746 1619 1782 (10100010111.
1666 1746 1800 1783 Marito
1815 1749 1842 1769 ¹⁷
1874 1748 1952 1783 iure
1982 1748 2100 1783 mariti
2129 1748 2316 1784 accusanti
2344 1748 2407 1784 illa

1322 1791 1557 1836 praescriptio
1582 1792 1757 1834 obicitur,
1787 1793 1818 1828 si
1840 1791 1951 1837 legem
1974 1793 2174 1838 prodidisse
2196 1793 2338 1829 dicatur
2360 1794 2406 1830 ob

1325 1837 1407 1880 hoc,
1445 1836 1540 1882 quod
1569 1837 1759 1881 adgressus
1783 1838 2048 1874 accusationem
2072 1838 2235 1874 adulterii
2259 1838 2404 1874 destitit.

1323 1885 1343 1916 2
1389 1882 1576 1917 Lenocinii
1607 1882 1747 1927 quidem
1779 1883 1913 1918 crimen
1943 1883 2019 1927 lege
2042 1883 2134 1919 Iulia
2162 1883 2207 1919 de
2235 1883 2405 1919 adulteris

1321 1927 1625 1972 111-0000111110οιῑῦ
1655 1932 1725 1971 est,
1758 1939 1840 1963 cum
1863 1928 1910 1964 sit
1932 1928 1969 1963 in
1994 1939 2074 1964 eum
2104 1928 2269 1964 maritum
2290 1939 2407 1975 poena

1322 1976 1476 2015 statuta,
1508 1973 1569 2017 qui
1599 1972 1643 2008 de
1673 1973 1848 2009 adulterio
1879 1974 2000 2009 uxoris
2029 1983 2117 2010 suae
2146 1974 2231 2019 quid
2261 1974 2402 2020 ceperit,

1321 2017 1406 2053 item
1429 2018 1466 2053 iu
1486 2027 1577 2062 eum,
1602 2018 1664 2063 qui
1681 2018 1719 2053 in
1737 2018 1911 2055 adulterio
1932 2018 2189 2064 deprehensam
2207 2019 2403 2055 retinuerit.

1322 2066 1342 2098 3
1390 2064 1558 2098 Ceterum
1598 2063 1660 2107 qui
1700 2064 1836 2108 patitur
1877 2074 2025 2100 uxorem
2058 2074 2159 2100 suam
2200 2064 2404 2110 delinquere

1321 2108 1654 2160 matrimoniumque
1677 2119 1782 2144 suum
1805 2109 2000 2145 contemnit
2028 2109 2157 2155 quique
2186 2110 2404 2145 contamina·

1320 2153 1408 2189 tioni
1433 2164 1505 2189 non
1527 2153 1751 2233 indignatur,
1776 2165 1893 2199 poena
1916 2154 2116 2190 adulterum
2130 2155 2158 2176 ¹⁹
2181 2165 2253 2190 non
2274 2154 2403 2200 infligi-

1322 2203 1343 2233 4
1389 2203 1458 2233 tur.
1508 2198 1577 2243 Qui
1631 2209 1674 2234 oc
1706 2199 1792 2235 dicit
1829 2199 2006 2235 lenocinio
2036 2200 2154 2235 mariti
2192 2210 2231 2235 se
2266 2199 2403 2242 fecisse.

1320 2243 1478 2279 relevare
1502 2243 1644 2289 quidem
1665 2245 1741 2280 vult
1771 2245 1903 2280 crimen
1926 2256 2046 2287 suum,
2079 2245 2142 2280 sed
2165 2255 2237 2280 non
2259 2250 2316 2281 est
2338 2245 2404 2280 110-

1320 2288 1472 2324 iusmodi
1495 2289 1737 2334 compensatio
1761 2289 1928 2326 admissa.
1974 2290 2055 2326 ideo
2079 2290 2111 2326 si
2133 2290 2299 2326 maritum
2321 2290 2405 2325 velit

1320 2344 1403 2379 reus
1435 2334 1602 2369 adulterii
1633 2334 1797 2370 lenocinii
1829 2345 1929 2370 reum
1957 2334 2094 2378 facere,
2127 2335 2236 2371 semel
2265 2334 2403 2371 delatus

1321 2382 1339 2413 5
1388 2390 1459 2414 non
1484 2378 1662 2414 audietur.
1698 2379 1735 2414 Si
1759 2380 1904 2433 publico
1927 2380 2059 2416 iudicio
2083 2380 2232 2416 maritus
2256 2390 2403 2416 uxorem

1318 2434 1415 2459 ream
1438 2424 1560 2466 100101,
1585 2435 1632 2459 00
1655 2425 1821 2460 lenocinii
1840 2425 2004 2470 allegatio
2023 2435 2063 2460 re
2157 2426 2215 2460 t²⁰
2237 2425 2403 2461 maritum

1319 2469 1365 2504 ab
1390 2469 1643 2505 accusatione?
1674 2474 1712 2506 et
1733 2475 1854 2515 putem
1877 2481 1949 2506 non
1972 2480 2036 2516 rep
2084 2480 2162 2506 ere:
2186 2470 2402 2506 lenocinium

1318 2514 1424 2559 igitur
1458 2514 1578 2550 mariti
1612 2515 1730 2567 ipsum
1753 2519 1895 2558 onerat,
1933 2526 2006 2551 000
2028 2515 2210 2551 1001101001
2241 2521 2398 2551 excusat.

1319 2563 1339 2595 6
1385 2559 1489 2595 Unde
1521 2570 1644 2605 (100011
1666 2565 1802 2613 potest,
1825 2570 1872 2595 an
1895 2560 1945 2603 is,
1970 2560 2030 2606 qui
2054 2560 2099 2596 de
2121 2559 2296 2596 adulterio
2319 2570 2402 2606 cog-

1318 2604 1450 2648 noscit,
1482 2608 1640 2641 statuere
1670 2616 1709 2640 m
1737 2605 1904 2642 maritum
1932 2606 1979 2641 ob
2017 2605 2231 2642 lenocinium
2262 2606 2403 2659 possit?

1318 2653 1355 2685 et
1376 2654 1464 2695 puto
1488 2661 1606 2695 posse.
1646 2661 1729 2686 nam
1753 2650 1923 2686 Claudius
1948 2650 2087 2696 Gorgus
2110 2650 2164 2686 vir
2186 2651 2401 2687 clarissimus

1318 2705 1464 2731 uxorem
1487 2706 1663 2732 accusans
1697 2707 1777 2731 cum
1800 2696 1961 2732 detectus
1985 2697 2079 2732 est²¹
2109 2706 2253 2731 uxorem
2276 2696 2314 2731 in
2337 2695 2399 2731 ad-

1318 2740 1446 2776 ulterio
1483 2740 1740 2793 deprehensam
1777 2740 1983 2783 retinuisse,
2019 2744 2057 2777 et
2086 2741 2163 2777 sine
2190 2744 2402 2778 accusatore

1319 2789 1336 2820 7
1385 2785 1563 2822 lenocinio
1573 2786 1604 2807 ²²
1636 2786 1824 2822 damnatus
1855 2790 1911 2822 est
1932 2796 1956 2821 a
1979 2786 2058 2822 divo
2082 2785 2223 2822 Severo.
2268 2786 2399 2822 Extra·

1317 2841 1405 2867 neus
1429 2834 1549 2866 autem
1572 2841 1795 2877 nequaquam
1819 2831 2033 2867 lenocinium
2057 2831 2232 2875 obiciens,
2255 2835 2398 2877 postea-

1318 2887 1424 2920 quam
1456 2886 1541 2912 reus
1574 2876 1694 2913 factus
1731 2881 1804 2919 est,
1838 2887 1878 2913 se
1910 2876 2097 2919 relevabit,
2132 2886 2199 2912 nec
2233 2876 2399 2912 maritum

1318 2924 1338 2957 8
1384 2931 1522 2974 poenae
1540 2921 1702 2957 subiciet.
1740 2921 1779 2958 Si
1796 2921 1900 2957 simul
1917 2921 1964 2957 ad
1979 2921 2243 2957 accusationem
2257 2922 2401 2958 veniant

1317 2970 1465 3003 maritus
1495 2970 1532 3002 et
1558 2971 1663 3012 pater
1691 2967 1867 3010 mulieris,
1900 2977 2004 3012 quem
2026 2966 2201 3012 praeferri
2222 2970 2397 3012 oporteat,

1316 3011 1510 3056 quaeritur.
1543 3016 1580 3047 et
1601 3012 1712 3057 magis
1735 3017 1800 3056 est,
1825 3016 1866 3047 ut
1883 3012 2032 3047 maritus
2077 3010 2291 3047 raeferatur:
2315 3021 2398 3047 nam

1316 3061 1353 3092 et
1382 3056 1615 3103 propensiore
1644 3057 1739 3092 ira²⁸
1770 3061 1806 3092 et
1839 3058 1972 3093 maiore
2008 3056 2054 3093 do
2069 3066 2131 3092 ore
2168 3061 2398 3092 executurum

1315 3112 1396 3137 eum
1419 3102 1684 3138 accusationem
1716 3102 1931 3138 credendum
1955 3106 2025 3147 est,
2053 3102 2090 3137 in
2113 3105 2268 3144 tantum,
2297 3106 2339 3137 111
2362 3106 2399 3137 et

1315 3147 1347 3182 si
1370 3151 1473 3191 pater
1494 3147 1718 3193 praevenerit
1736 3152 1773 3183 et
1795 3147 1934 3183 libellos
1952 3147 2222 3193 inscriptionum
2232 3147 2263 3168 ²⁴
2287 3146 2396 3193 depo-

1316 3192 1446 3236 suerit,
1481 3193 1609 3228 marito
1648 3203 1722 3228 non
1760 3193 1966 3239 neglegente
1988 3202 2055 3228 nec
2077 3191 2301 3235 retardante,
2332 3192 2396 3228 sed

1315 3236 1582 3274 accusationem
1610 3241 1760 3282 parante
1789 3242 1826 3274 et
1879 3237 2125 3274 robationibus
2148 3236 2357 3273 instituente
2365 3237 2397 3259 ²⁶

1315 3286 1424 3328 atque
1439 3282 1630 3327 muniente,
1650 3286 1692 3318 ut
1708 3282 1850 3319 facilius
1860 3281 2102 3319 iudicantibus
2109 3282 2142 3305 ²⁸
2157 3281 2202 3317 de
2219 3281 2396 3318 adulterio

1310 3395 1372 3431 lite
1383 3410 1446 3431 scr.

1311 3441 1388 3485 qui·
1399 3441 1452 3475 F*

1357 3489 1416 3528 (ie)
1441 3486 1523 3521 Sub.
1533 3494 1635 3526 1...s⁴;
1654 3487 1718 3520 Ed.
1729 3493 1775 3521 ³⁶.
1784 3494 1841 3526 3ος
1859 3486 1943 3530 Pap.
1955 3486 2218 3521 01...40.--Βω.
2228 3487 2284 3528 6⁰,
2292 3492 2340 3521 01.
2349 3504 2366 3510 -

1515 3397 1573 3438 (10)
1597 3395 1722 3430 Fulvia
1734 3398 1806 3430 edd.
1875 3398 1935 3439 (14)
1959 3395 2085 3430 crimen
2098 3395 2149 3430 Ρ
2220 3396 2280 3439 (10)
2303 3395 2394 3439 quis-

1315 3532 1366 3576 Cfi
1385 3532 1462 3566 Cod.
1476 3532 1509 3573 9,
1527 3539 1544 3566 ⁹
1653 3533 1712 3573 (17)
1736 3530 1868 3575 marito]
1888 3534 1922 3564 et
1940 3532 2059 3564 merito
2078 3544 2141 3565 scr.
2252 3532 2312 3571 (10)
2337 3540 2392 3563 ex-

1308 3586 1458 3621 pressum
1475 3589 1537 3610 scr.
1638 3581 1699 3618 (19)
1724 3575 1868 3609 adulteri
1885 3576 1917 3609 ei
1935 3589 1997 3610 scr.
2100 3579 2164 3617 (20)
2188 3574 2322 3619 repellit
2340 3576 2374 3609 F
2378 3575 2392 3595 ²

1308 3623 1370 3664 (ri)
1393 3623 1477 3655 not
1495 3621 1549 3654 F’
1683 3624 1745 3662 (22)
1770 3620 1932 3654 lenocinii
1950 3622 2022 3654 edd.
2160 3622 2221 3661 (2³)
2246 3620 2321 3653 iure
2338 3619 2392 3653 Ρ

1309 3668 1374 3709 (24)
1398 3666 1628 3744 111ἱο1111ᾖ1110011
1640 3667 1721 3701 Hal.
1802 3667 1866 3709 (25)
1889 3665 2074 3700 instruente
2087 3666 2168 3700 Hal.
2250 3666 2316 3708 (20)
2338 3664 2390 3698 111-

1309 3711 1435 3745 dicanti
1460 3721 1499 3745 us
