2528 3918
79 127 216 158 EMPTI
242 125 431 157 VENDITI

80 240 135 272 est
165 236 393 281 interposita,
424 244 468 270 ex
499 235 618 278 empto
650 242 722 268 non
745 232 935 268 tenebitur.
972 233 1036 269 sed
1058 232 1167 269 Iulia-

77 291 146 318 nus
170 281 260 316 libro
308 280 408 316 uinto
434 279 570 314 decimo
603 278 823 323 digestorum
853 278 997 322 scribit,
1031 278 1169 315 etiamsi

79 329 203 372 aperte
224 336 267 361 ve
319 325 386 361 'tor
406 323 613 370 pronuntiet
635 333 701 368 per
724 333 764 359 se
795 323 1034 369 heredemque
1064 334 1169 360 suum

79 382 151 407 non
174 370 293 413 fieri¹,
326 379 396 415 quo
420 369 535 404 minus
567 368 699 404 habere
730 368 857 411 liceat,
889 379 996 413 posse
1027 368 1170 405 defendi

78 426 123 452 ex
147 419 264 461 empto
289 425 370 451 eum
392 414 429 449 in
453 414 522 449 hoc
546 413 687 459 quidem
710 424 784 450 non
806 414 930 455 teneri,
978 414 1051 450 uod
1071 425 1167 460 emp-

78 461 165 497 toris
188 461 346 502 interest,
370 470 492 495 verum
514 462 635 494 tamen
658 462 700 494 ut
720 459 874 505 pretium
896 459 961 495 red
987 463 1025 495 at
1043 459 1166 495 teneri.

77 505 207 542 ibidem
238 505 289 540 ait
320 504 413 540 idem
447 514 524 540 esse
548 504 740 540 dicendum
763 508 800 540 et
823 504 853 540 si
877 508 1001 550 aperte
1022 505 1061 540 iii
1082 515 1167 541 ven-

79 551 211 586 ditione
234 550 557 596 comprehendatur
578 549 667 584 nihil
691 549 874 585 evictionis
898 550 1041 586 nomine
1063 560 1167 596 prae-

78 599 211 632 statum
242 595 303 630 iri:
333 595 486 640 pretium
517 594 660 640 quidem
683 594 805 631 deberi
836 605 876 630 re
908 595 1040 639 evicta,
1071 595 1168 631 utili-

77 644 188 677 tatem
211 651 284 676 non
308 640 448 676 deberi:
481 650 597 685 neque
629 640 722 676 enim
753 641 870 676 bonae
893 640 977 676 fidei
1001 644 1167 677 contrac-

77 690 136 723 tus
158 685 228 721 hac
251 685 413 732 patitur²
437 685 689 729 conventione,
723 689 765 721 ut
796 689 936 731 emptor
966 696 1041 721 rem
1065 686 1167 721 amit-

77 731 192 768 teret³
215 734 251 766 et
280 731 434 777 pretium
464 731 627 767 venditor
657 731 835 767 retineret.
871 731 941 767 nisi
970 731 1082 774 forte,
1112 731 1167 766 in-

77 776 173 823 quit,
205 776 257 812 sic
289 776 367 822 quis
391 786 513 812 omnes
537 776 625 812 istas
650 786 760 822 supra
783 777 937 822 scriptas
962 777 1167 813 conventio-

76 832 139 858 nes
168 821 334 867 recipiet,
371 821 668 875 quemadmodum
706 821 897 867 recipitur,
936 825 977 857 ut
1007 822 1168 858 venditor

76 877 238 919 nummos
270 867 442 947 accipiat,
475 867 635 913 quamvis
666 878 767 903 merx
797 867 844 902 ad
878 871 1073 912 emptorem
1096 878 1169 904 non

75 915 274 959 pertineat,
305 922 347 948 ve
362 913 415 947 uti
447 923 528 948 cum
551 911 713 948 futurum
735 913 871 948 iactum
894 913 980 948 retis
1005 923 1027 948 a
1050 913 1167 959 pisca-

76 962 154 994 tore
185 957 332 993 emimus
357 961 421 993 aut
442 958 644 1003 indaginem
667 957 780 1003 plagis
804 958 930 1003 positis
955 969 977 994 a
999 962 1169 994 venatore

75 1002 131 1039 vel
179 1003 388 1038 antheram⁴
413 1003 459 1038 ab
484 1013 642 1048 aucupe:
675 1013 759 1039 nam
783 1004 923 1039 etiamsi
946 1004 1034 1039 nihil
1061 1014 1103 1039 ca
1129 1003 1167 1046 it,

76 1048 147 1084 nih‘
164 1058 185 1083 o
210 1048 327 1084 minus
351 1051 488 1094 emptor
510 1049 664 1094 pretium
687 1052 873 1094 praestare
892 1059 1038 1084 necesse
1058 1050 1105 1085 ha
1132 1059 1168 1084 e-

76 1094 146 1129 bit:
179 1093 242 1128 sed
271 1093 309 1128 in
333 1104 442 1147 supra
465 1094 607 1139 scriptis
632 1094 926 1130 conventionibus
952 1098 1078 1130 contra
1103 1094 1170 1130 erit

77 1138 274 1174 dicendum.
323 1139 392 1174 nisi
426 1139 519 1175 forte
554 1139 671 1175 sciens
707 1140 862 1175 alienum
896 1140 1035 1176 vendit:
1080 1143 1168 1175 tunc

77 1184 169 1219 enim
201 1183 398 1220 secundum
430 1195 540 1231 supra
570 1195 592 1220 a
625 1185 727 1221 nobis
759 1185 910 1221 relatam
934 1185 1064 1220 Iuliani
1087 1196 1167 1221 sen-

75 1230 222 1310 tieiitiaim
257 1229 448 1266 dicendum
483 1233 538 1266 est
568 1240 612 1266 ex
648 1233 765 1277 empto
803 1241 883 1266 eum
913 1231 1047 1274 teneri,
1084 1231 1169 1276 quia

101 1286 121 1311 o
137 1285 158 1310 o
199 1275 281 1310 acit.

124 1318 175 1357 12
203 1320 348 1356 Casas
375 1321 466 1357 libro
496 1321 661 1357 vicesimo
685 1322 837 1368 septimo
861 1321 1083 1368 diqestorum
1131 1320 1169 1356 Si

75 1365 209 1401 iactum
232 1366 319 1402 retis
344 1376 461 1402 emero
487 1370 522 1402 et
543 1366 680 1402 iactare
709 1370 820 1402 retem
851 1366 1010 1419 piscator
1041 1366 1167 1409 noluit,

75 1411 250 1446 incertum
275 1411 350 1447 eius
373 1412 425 1447 rei
449 1411 710 1447 aestimandum
734 1415 806 1448 est:
838 1422 869 1447 si
893 1411 990 1457 quod
1015 1412 1170 1447 extraxit

75 1456 227 1502 piscium
250 1456 399 1492 reddere
419 1457 506 1492 mihi
529 1457 654 1500 noluit,
678 1457 716 1492 id
739 1457 920 1493 aestimari
943 1457 1050 1493 debet
1073 1457 1170 1503 quod

77 1501 242 1537 extraxit.

125 1545 174 1585 13
207 1546 402 1583 ULPJANUS
431 1547 523 1583 libro
548 1548 733 1594 'triqesimo
757 1547 916 1584 secundo
941 1547 992 1583 ad
1014 1547 1169 1584 edictum

75 1593 234 1628 Iulianus
257 1592 348 1628 libro
380 1593 503 1639 quinto
536 1592 671 1628 decimo
703 1593 796 1628 inter
827 1604 926 1636 eum,
960 1593 1020 1646 qui
1052 1593 1170 1629 sciens

99 1638 160 1674 uid
184 1641 247 1673 aut
269 1638 438 1683 ignorans
461 1638 629 1681 vendidit,
655 1637 891 1674 differentiam
914 1638 1004 1674 facit
1023 1638 1061 1674 in
1082 1650 1168 1674 con-

75 1649 300 1719 demnatione
320 1694 364 1719 ex
384 1687 520 1729 empto:
546 1684 598 1718 ait
622 1683 725 1726 enim,
751 1684 813 1729 qui
859 1695 944 1720 ecus
965 1684 1169 1720 morbosum

76 1732 140 1764 aut
162 1729 299 1774 tignum
322 1729 488 1765 vitiosum
511 1729 679 1772 vendidit,
705 1729 735 1765 si
759 1729 819 1775 qui
846 1739 901 1764 ein
923 1730 1092 1774 ignorans
1115 1729 1169 1765 fe-

77 1774 142 1818 cit,¹
159 1774 196 1809 id
215 1777 356 1809 tantum
377 1785 421 1810 ex
440 1777 558 1820 empto
579 1774 719 1810 actione
737 1778 1013 1820 praestaturum,
1034 1778 1168 1820 quanto

75 1819 220 1855 minoris
245 1829 359 1855 essem
382 1823 586 1864 empturus,
620 1820 651 1855 si
680 1819 718 1854 id
746 1820 798 1855 ita
830 1831 908 1856 esse
939 1820 1102 1856 scissem:
1140 1820 1171 1855 si

74 1875 157 1900 vero
181 1865 296 1900 sciens
322 1865 464 1900 reticuit
487 1869 523 1900 et
548 1869 743 1910 emptorem
767 1865 925 1911 decepit,
958 1865 1077 1901 omnia
1108 1865 1168 1900 de-

74 1910 253 1953 trimenta,
279 1921 371 1956 quae
394 1921 438 1945 ex
458 1920 501 1945 ea
520 1911 699 1955 emptione
719 1914 858 1963 emptor
877 1910 1038 1953 traxerit,
1063 1921 1167 1956 prae-

75 1959 252 1991 staturum
285 1956 334 1991 ei:
367 1956 440 1991 sive
463 1955 571 2000 igitur
593 1955 698 1991 aedes
722 1956 807 1991 vitio
832 1956 921 2001 tigni
945 1959 1167 1999 corruerunt,

75 2001 216 2036 aedium
249 2001 551 2044 aestimationem,
585 2001 658 2036 sive
680 2011 814 2047 pecora
839 2002 1051 2047 contagione
1074 2012 1168 2037 mor-

75 2047 153 2082 bosi
171 2046 311 2091 pecoris
339 2046 532 2092 perierunt,
563 2046 659 2091 quod
676 2046 839 2082 interfuit
858 2047 988 2083 idonea
1000 2048 1014 2069 ⁵
1032 2047 1170 2082 venisse

79 2095 93 2127 1
143 2092 210 2127 erit
232 2091 489 2136 praestandum
498 2093 523 2127 ⁶.
571 2092 662 2128 Item
693 2092 754 2137 qui
783 2092 900 2127 furem
924 2092 1082 2128 vendidit
1105 2095 1170 2127 aut

74 2137 270 2182 fugitivum,
296 2137 327 2172 si
347 2137 488 2182 quidem
509 2137 636 2180 sciens,
661 2141 846 2182 praestare
864 2138 1018 2180 debebit,
1046 2138 1169 2183 quanti

75 2182 244 2227 emptoris
269 2182 431 2218 interfuit
454 2193 527 2217 non
551 2182 630 2218 deci
657 2183 686 2218 i:
721 2183 751 2218 si
781 2194 865 2219 vero
889 2183 1059 2229 ignorans
1083 2193 1168 2219 ven-

76 2228 211 2270 diderit,
238 2228 334 2263 circa
356 2227 540 2272 fugitivum
565 2228 626 2273 qui
653 2238 707 2263 em
730 2231 884 2271 tenetur,
909 2229 1034 2274 quanti
1054 2228 1168 2264 mino-

74 2273 123 2308 ris
156 2276 338 2318 empturus
374 2276 489 2315 esset,
526 2273 557 2308 si
589 2283 669 2309 eum
702 2283 780 2309 esse
810 2273 996 2319 fugitivum
1029 2274 1168 2316 scisset,

77 2318 172 2354 circa
194 2317 310 2353 furem
333 2329 406 2354 non
429 2322 592 2354 tenetur:
619 2318 841 2354 differentiae
864 2320 956 2355 ratio
982 2322 1047 2361 est,
1073 2319 1169 2372 quod

74 2363 259 2409 fugitivum
284 2364 425 2409 quidem
447 2364 581 2400 habere
604 2375 677 2399 non
699 2364 784 2400 licet
807 2368 843 2400 et
862 2364 965 2410 quasi
987 2364 1169 2400 evictionis

75 2409 217 2445 nomine
240 2412 383 2444 tenetur
405 2409 578 2452 venditor,
603 2409 719 2445 furem
743 2413 861 2445 autem
884 2410 1018 2446 habere
1041 2420 1169 2456 possu-

76 2458 96 2490 2
143 2465 234 2489 mus.
282 2454 386 2499 Quod
398 2458 517 2490 autem
538 2454 691 2490 diximus
713 2455 851 2500 ‘quanti
871 2455 1039 2501 emptoris
1060 2455 1169 2490 inter-

77 2499 157 2535 ‘fuit
180 2510 253 2535 non
277 2499 417 2545 decipi’,
449 2500 563 2536 multa
586 2500 765 2543 continet,
800 2501 857 2536 et⁷
882 2501 912 2536 si
936 2501 1025 2536 alios
1049 2511 1170 2536 secum

76 2545 281 2580 sollicitavit
314 2548 356 2580 ut
392 2544 576 2590 fugerent,
618 2546 674 2581 vel
708 2556 765 2581 res
802 2546 975 2591 quasdam
1009 2546 1168 2581 abstulit.

77 2593 96 2626 3
144 2590 236 2634 Quid
258 2594 377 2626 tamen
401 2591 431 2626 si
454 2591 630 2635 ignoravit
662 2590 803 2636 quidem
833 2591 949 2627 furem
978 2601 1075 2634 esse,
1108 2591 1170 2627 ad-

76 2635 249 2671 severavit
279 2639 399 2671 autem
430 2635 547 2671 bonae
570 2636 664 2682 frugi
688 2639 723 2671 et
746 2635 858 2671 fidum
882 2640 918 2671 et
942 2647 1026 2672 caro
1050 2636 1170 2672 vendi-

77 2681 154 2716 dit?
188 2680 390 2723 videamus,
416 2691 463 2716 an
488 2692 532 2716 ex
555 2686 674 2726 empto
698 2685 875 2717 teneatur.
913 2685 949 2717 et
971 2685 1093 2727 putem
1116 2685 1170 2717 te-

76 2726 163 2761 neri.
217 2726 318 2771 atqui
351 2726 544 2771 ignoravit:
582 2726 644 2762 sed
676 2737 750 2762 non
784 2726 908 2762 debuit
938 2726 1046 2762 facile
1081 2737 1171 2772 quae

75 2771 266 2816 ignorabat
289 2771 507 2806 adseverare.
544 2771 638 2806 inter
659 2772 757 2807 hunc
780 2772 888 2817 igitur
920 2775 955 2807 et
986 2772 1047 2824 qui
1078 2772 1172 2808 scit⁸

76 2826 308 2862 praemonere
333 2816 456 2852 debuit
477 2817 593 2852 furem
617 2827 705 2859 esse,
729 2817 788 2853 hic
811 2827 885 2853 non
908 2817 1032 2852 debuit
1054 2817 1171 2852 facilis

77 2865 99 2896 4
145 2871 223 2898 esse
258 2861 304 2896 ad
338 2861 588 2897 temerariam⁹
622 2862 887 2898 indicationem.
936 2862 975 2898 Si
1008 2862 1172 2898 venditor

78 2907 160 2942 dolo
183 2906 320 2949 fecerit,
344 2910 386 2941 ut
408 2917 483 2942 rem
506 2908 617 2952 pluris
641 2907 819 2951 venderet,
843 2911 933 2953 puta
954 2907 998 2943 de
1018 2907 1170 2943 artificio

78 2952 248 2987 mentitus
273 2955 328 2987 est
351 2955 415 2987 aut
438 2951 482 2987 de
506 2952 646 2998 peculio
659 2979 667 2995 ‚
702 2953 811 2998 empti
843 2963 923 2988 euin
954 2953 1086 2988 iudicio
1117 2956 1169 2988 te-

77 2997 172 3040 neri,
205 3000 246 3032 ut
277 3000 479 3042 praestaret
511 2998 682 3042 emptori,
715 3001 850 3043 quanto
885 2998 997 3043 pluris
1029 3008 1171 3033 servum

79 3042 221 3078 emisset
233 3043 279 3084 ¹⁰,
313 3042 343 3077 si
372 3042 425 3077 ita
446 3043 646 3087 peculiatus
671 3046 766 3078 esset
789 3043 844 3079 vel
869 3053 910 3078 eo
935 3043 1086 3078 artificio
1112 3043 1169 3078 in-

79 3091 98 3122 5
147 3090 316 3122 structus.
362 3087 434 3123 Per
465 3088 683 3123 contrarium

79 3132 220 3175 scribit,
253 3143 335 3167 cum
358 3132 547 3169 Terentius
571 3133 698 3168 Victor

78 3177 162 3212 rede
191 3177 302 3213 fratre
334 3188 399 3213 suo
434 3181 469 3212 et
493 3188 549 3213 res
597 3178 745 3213 uasdam
770 3190 815 3215 ex
837 3179 1034 3214 hereditate
1058 3182 1093 3214 et
1115 3179 1169 3213 in-

80 3226 279 3258 strumenta
309 3226 346 3258 et
375 3223 555 3268 mancipia
610 3223 731 3259 ellicus
756 3224 899 3277 quidam
923 3224 1169 3266 subtraxisset,

104 3267 208 3303 uibus
232 3267 424 3303 subtractis
447 3267 571 3311 facile,
603 3269 706 3313 quasi
737 3269 878 3305 minimo
909 3269 1045 3304 valeret
1067 3269 1168 3304 here-

106 3313 184 3354 'tas,
209 3315 251 3347 ut
273 3312 341 3347 sibi
365 3323 407 3348 ea
429 3313 641 3349 venderetur
665 3314 860 3359 persuasit:
886 3324 933 3349 an
955 3314 1090 3349 venditi
1113 3314 1167 3348 iu-

82 3357 175 3392 dicio
207 3357 320 3391 teneri
342 3358 480 3409 possit?
517 3362 552 3393 et
575 3359 626 3394 ait
649 3359 807 3394 Iulianus
831 3362 1033 3404 competere
1056 3359 1168 3394 actio-

81 3411 162 3437 nem
186 3412 230 3436 ex
251 3401 394 3438 vendito
425 3403 463 3437 in
495 3406 652 3446 tantum,
685 3408 818 3449 quanto
849 3403 962 3449 pluris
991 3403 1169 3439 hereditas

83 3450 103 3482 6
148 3446 291 3488 valeret,
316 3446 347 3481 si
368 3447 438 3483 hae
459 3458 517 3483 res
541 3448 748 3484 subtractae
770 3459 842 3484 non
860 3448 1023 3484 fuissent.
1071 3448 1169 3484 Idem

81 3491 240 3527 Iulianus
272 3490 392 3526 dolum
415 3492 528 3528 solere
551 3503 574 3528 a
596 3493 780 3529 venditore
803 3493 980 3539 praestari
1002 3493 1110 3529 etiam
1131 3493 1169 3528 in

739 3098 857 3134 uoque
888 3088 982 3124 idem
1011 3088 1170 3124 Iulianus

746 3134 935 3169 ecessisset
957 3134 1082 3170 relicto
1107 3134 1169 3169 he-

84 3606 122 3646 (1)
136 3611 204 3636 non
217 3605 324 3637 teneri
339 3605 371 3637 F
422 3606 465 3647 (2)
477 3606 588 3639 utitur
599 3619 662 3640 scr.
731 3607 773 3648 (3)
787 3607 920 3639 amittet
931 3607 967 3640 F
1026 3608 1069 3648 (4)
1083 3617 1167 3649 pan-

84 3649 202 3682 theran
215 3662 279 3683 scr.
396 3653 438 3690 (5)
462 3650 562 3683 idone
575 3651 610 3684 F
707 3652 750 3693 (θ)
776 3652 841 3684 erit
853 3651 1091 3694 praestandum
1105 3652 1165 3684 del.

86 3696 128 3732 (Ἰ)
153 3696 192 3726 ut
203 3694 285 3727 Hal.
367 3696 412 3734 (8)
438 3695 521 3728 talia
526 3697 603 3738 fere
617 3697 802 3730 exciderunt
811 3710 822 3730 .·
835 3700 868 3729 et
882 3697 990 3729 tacuit
1002 3707 1070 3728 non
1082 3696 1167 3728 mul-

86 3739 157 3770 tum
169 3739 327 3771 interest:
341 3749 418 3771 nam
432 3740 490 3781 qui
503 3740 569 3772 scit
660 3743 703 3780 (9)
728 3743 886 3773 temeram
898 3742 932 3773 F
1014 3742 1074 3780 (10)
1099 3751 1166 3773 ser-

1157 107 1240 155 245

2109 110 2275 154 XVIIII
2308 114 2324 152 1

1237 232 1440 268 huiusmodi
1473 231 1593 284 specie
1627 233 1800 269 ostendit:
1836 234 1886 278 si,
1919 245 2000 271 cum
2031 233 2195 271 venditor
2225 233 2332 269 sciret

1240 277 1391 313 fundum
1413 277 1577 323 pluribus
1602 277 1802 323 municipiis
1826 279 1943 325 legata
1966 279 2114 320 debere,
2146 280 2185 315 in
2207 279 2332 315 tabula

1238 322 1380 368 quidem
1416 322 1669 368 conscripserit
1703 323 1766 358 uni
1799 325 1990 371 municipio
2026 324 2168 368 deberi,
2210 335 2331 360 verum

1237 371 1364 414 postea
1392 368 1505 414 legem
1537 367 1814 413 consignaverit,
1850 370 1880 405 si
1913 381 1984 416 qua
2017 370 2233 406 tributorum
2269 374 2332 405 aut

1237 413 1419 459 vectigalis
1449 413 1698 449 indictionisve
1738 414 1862 459 quid¹¹
1898 416 2040 451 nomine
2074 419 2138 451 aut
2171 415 2219 451 ad
2253 415 2331 451 viae

1238 458 1464 494 collationem
1488 462 1673 504 praestare
1696 462 1856 504 oportet,
1889 460 1926 495 id
1950 464 2156 506 emptorem'
2167 460 2253 496 dare
2276 460 2330 496 fa-

1238 514 1319 540 cere
1351 507 1606 550 praestareque
1640 507 1824 549 oportere,
1861 515 1905 540 ex
1937 510 2054 551 empto
2091 516 2172 541 euin
2205 506 2331 549 teneri,

1238 549 1342 595 quasi
1366 549 1565 595 decepisset
1589 553 1803 594 emptorem:
1838 561 1929 595 quae
1953 552 2131 587 sententia
2154 561 2239 588 vera
2263 554 2328 587 est.

1238 597 1256 629 7
1306 594 1377 630 Sed
1409 605 1490 630 cum
1520 595 1558 630 in
1580 594 1680 630 facto
1729 599 1966 640 roponeretur
1988 600 2124 632 tutores
2148 597 2216 632 hoc
2239 596 2332 632 idem

1237 639 1384 683 fecisse,
1417 640 1479 686 qui
1510 650 1585 675 rem
1616 651 1665 685 pu
1730 650 1828 675 arem
1860 641 2078 684 vendebant,
2111 642 2329 687 quaestionis

1238 695 1317 721 esse
1334 686 1396 728 ait,
1421 695 1468 720 an
1488 689 1648 721 tutorum
1693 685 1789 721 olum
1807 686 1965 738 pupillus
1987 691 2171 731 praestare
2191 687 2329 722 debeat.

1238 734 1274 766 et
1297 730 1327 766 si
1351 730 1494 776 quidem
1517 731 1586 776 ipsi
1609 734 1747 767 tutores
1770 730 2024 774 vendiderunt,
2059 742 2102 767 ex
2127 736 2244 778 empto
2269 743 2330 768 eos

1237 776 1351 812 teneri
1374 786 1601 822 nequaquam
1625 775 1772 811 dubium
1797 780 1869 812 est:
1894 776 1959 812 sed
1978 776 2009 812 si
2030 777 2185 822 pupillus
2206 781 2330 813 aucto-

1236 821 1335 857 ribus
1368 821 1419 857 eis
1450 821 1625 864 vendidit,
1657 821 1695 857 in
1725 824 1867 857 tantum
1898 825 2058 865 tenetur,
2090 823 2128 857 iii
2160 826 2331 867 quantum

1236 866 1450 911 locupletior
1480 877 1525 902 ex
1557 877 1598 902 eo
1629 866 1749 902 factus
1773 870 1846 910 est,
1878 867 2058 903 tutoribus
2090 867 2127 902 in
2150 868 2332 903 residuum

1237 915 1411 957 perpetuo
1437 911 1735 955 condemnandis,
1768 913 1852 958 quia
1875 922 1942 948 nec
1966 912 2182 948 transfertur
2205 913 2241 948 in
2255 924 2331 993 ipu·

1236 958 1360 1002 pillum
1383 961 1468 1003 post
1490 958 1716 1003 pubertatem
1738 957 1820 1000 hoc,
1846 957 1943 1004 quod
1968 958 2048 993 dolo
2073 961 2232 993 tutorum
2272 969 2331 993 ac-

1239 1005 1258 1038 8
1305 1006 1382 1038 tum
1425 1006 1490 1038 est.
1540 1002 1668 1039 Offerri
1709 1003 1864 1048 pretium
1899 1003 1944 1038 ab
1958 1003 1987 1024 ¹²
2022 1007 2180 1049 emptore
2215 1003 2332 1046 debet,

1239 1059 1320 1084 cum
1345 1058 1389 1083 ex
1412 1051 1532 1094 empto
1557 1049 1686 1094 agitur,
1711 1051 1747 1084 et
1769 1048 1849 1084 ideo
1873 1048 1941 1084 etsi
1963 1048 2069 1094 pretii
2089 1052 2227 1094 partem
2247 1049 2332 1084 offe-

1237 1097 1304 1136 rat,
1330 1093 1488 1130 nondum
1513 1097 1568 1129 est
1592 1104 1637 1129 ex
1656 1097 1775 1139 empto
1796 1094 1908 1130 actio:
1934 1094 2096 1130 venditor
2117 1094 2210 1130 enim
2255 1094 2334 1129 uasi

1237 1139 1365 1185 pignus
1407 1139 1561 1175 retinere
1604 1140 1765 1185 potest¹³
1801 1150 1879 1175 eam
1914 1150 1990 1175 rem
2025 1150 2133 1184 quam
2166 1150 2232 1175 ven
2257 1139 2331 1175 idit.

1238 1187 1258 1220 9
1307 1184 1409 1220 Unde
1440 1184 1642 1230 quaeritur,
1677 1184 1708 1220 si
1738 1195 1823 1230 pars
1855 1185 1902 1220 sit
1932 1185 2037 1238 pretii
2068 1185 2185 1220 soluta
2219 1188 2254 1219 et
2276 1195 2334 1220 res

1238 1229 1372 1265 tradita
1394 1234 1522 1275 postea
1546 1230 1662 1266 evicta
1685 1230 1750 1273 sit,
1775 1234 1895 1266 utrum
1920 1240 1995 1266 eius
2019 1230 2073 1266 rei
2097 1234 2335 1276 consequetur

1237 1275 1392 1321 pretium
1424 1276 1601 1321 integrum
1626 1286 1669 1311 ex
1694 1279 1812 1321 empto
1838 1286 1946 1321 agens
1971 1286 2018 1311 an
2041 1286 2124 1311 vero
2150 1276 2246 1321 quod
2269 1287 2333 1310 nu-

1238 1321 1412 1357 meravit?
1448 1326 1483 1356 et
1506 1324 1594 1367 puto
1619 1321 1731 1366 magis
1762 1321 1800 1356 id
1832 1321 1927 1366 quod
1961 1321 2158 1356 numeravit
2189 1324 2335 1366 propter

1241 1369 1282 1402 10
1330 1366 1401 1402 doli
1426 1366 1682 1412 exceptionem.
1732 1366 1771 1402 Si
1789 1366 1968 1402 fructibus
1987 1366 2060 1402 iam
2079 1367 2228 1402 maturis
2251 1377 2334 1411 agei·

1238 1411 1433 1447 distractus
1456 1412 1512 1455 sit,
1538 1412 1645 1448 etiam
1663 1411 1804 1448 fructus
1825 1412 1975 1458 emptori
1997 1412 2132 1454 cedere,
2151 1412 2219 1447 nisi
2239 1411 2335 1447 aliud

1243 1460 1278 1492 ll
1331 1457 1506 1500 convenit,
1533 1457 1757 1503 exploratum
1781 1461 1845 1493 est.
1894 1457 1933 1492 Si
1952 1457 1989 1492 in
2006 1457 2133 1493 locatis
2154 1468 2237 1503 ager
2254 1457 2334 1499 fuit,

1238 1503 1429 1548 pensiones
1452 1503 1577 1548 utique
1601 1503 1633 1538 ei
1658 1503 1786 1538 cedent
1810 1502 1870 1548 qui
1894 1503 2094 1539 locaverat:
2120 1503 2214 1539 idem
2238 1506 2275 1538 et
2297 1503 2335 1538 in

1238 1548 1393 1593 praediis
1426 1548 1593 1592 urbanis,
1629 1548 1699 1583 nisi
1730 1549 1761 1583 si
1784 1548 1870 1601 quid
1894 1548 2102 1584 nominatim
2127 1548 2335 1584 convenisse

1241 1596 1282 1628 12
1330 1597 1566 1639 proponatur.
1616 1593 1688 1630 Sed
1712 1597 1749 1629 et
1771 1605 1801 1629 si
1821 1593 1906 1639 quid
1926 1597 2114 1646 praeterea
2127 1594 2154 1615 ¹⁴
2177 1594 2230 1629 rei
2250 1603 2330 1629 veii-

1240 1639 1336 1674 ditae
1369 1639 1528 1674 nocitum
1561 1642 1634 1681 est,
1667 1639 1761 1675 actio
1795 1642 1946 1684 emptori
1959 1640 1987 1661 ¹⁵
2018 1639 2236 1685 praestanda
2269 1642 2334 1681 est,

1239 1684 1360 1719 damni
1391 1684 1486 1720 forte
1517 1684 1641 1720 infecti
1673 1684 1729 1720 vel
1761 1695 1877 1730 aquae
1908 1684 2049 1730 pluviae
2081 1684 2258 1720 arcendae
2280 1684 2335 1720 vel

1242 1733 1282 1765 13
1329 1729 1496 1775 Aquiliae
1519 1730 1575 1765 vel
1597 1730 1782 1765 interdicti
1806 1729 1903 1775 quod
1933 1730 1968 1765 vi
1998 1734 2062 1765 aut
2095 1730 2197 1765 clam.
2245 1730 2336 1765 Item

1239 1775 1269 1811 si
1293 1774 1377 1820 quid
1400 1785 1444 1810 ex
1468 1775 1586 1820 operis
1610 1785 1794 1810 servorum
1826 1775 1882 1810 vel
1911 1775 2066 1811 vecturis
2097 1775 2336 1811 iumentorum

1238 1820 1294 1855 vel
1317 1820 1460 1855 navium
1484 1820 1685 1865 quaesitum
1709 1824 1774 1863 est,
1801 1820 1951 1866 emptori
1970 1821 2224 1866 praestabitur,
2251 1825 2287 1856 et
2305 1819 2336 1855 si

1239 1865 1324 1910 quid
1347 1865 1488 1910 peculio
1514 1875 1636 1901 eorum
1660 1866 1831 1908 accessit,
1865 1876 1938 1901 non
1968 1869 2089 1901 tamen
2121 1866 2152 1901 si
2184 1865 2269 1912 quid
2293 1876 2336 1901 ex

1242 1914 1283 1946 14
1330 1921 1370 1946 re
1394 1910 1597 1946 venditoris.
1647 1910 1684 1946 Si
1709 1911 1826 1946 Titius
1850 1910 2019 1954 fundum,
2047 1911 2086 1946 in
2119 1921 2189 1957 quo
2222 1921 2334 1946 nona-

1237 1956 1336 2001 ginta
1367 1956 1491 2003 iugera
1523 1959 1645 1998 erant,
1678 1956 1875 1992 vendiderit
1907 1960 1942 1992 et
1972 1956 2009 1991 in
2039 1957 2115 2001 lege
2146 1956 2335 2002 emptionis

1239 2001 1374 2037 dictum
1398 2004 1453 2037 est
1474 2001 1513 2036 in
1534 2001 1647 2037 fundo
1673 2005 1816 2037 centum
1840 2012 1919 2037 esse
1940 2001 2064 2047 iugera
2088 2005 2124 2037 et
2141 2005 2224 2037 ante
2250 2012 2334 2037 uam

1238 2046 1365 2083 modus
1398 2046 1663 2089 manifestetur,
1699 2047 1821 2083 decem
1849 2047 1971 2092 iugera
2003 2047 2180 2083 alluvione
2210 2057 2232 2082 a
2260 2057 2334 2082 cre-

1238 2092 1364 2135 verint,
1389 2093 1509 2137 placet
1531 2092 1617 2127 mihi
1639 2092 1779 2128 Neratii
1802 2093 1981 2128 sententia
2006 2092 2259 2136 existimantis,
2283 2096 2334 2134 ut,

1238 2138 1268 2173 si
1292 2137 1435 2183 quidem
1458 2138 1574 2174 sciens
1597 2138 1773 2181 vendidit,
1807 2149 1851 2174 ex
1882 2141 2000 2191 empto
2035 2138 2129 2174 actio
2156 2141 2336 2183 competat

1238 2183 1409 2219 adversus
1446 2193 1545 2226 eum,
1589 2183 1750 2228 quamvis
1786 2183 1908 2219 decem
1941 2193 2065 2229 iugera
2100 2183 2333 2226 adcreverint‚

1238 2229 1323 2274 quia
1347 2228 1428 2264 dolo
1452 2227 1540 2264 fecit
1563 2238 1631 2264 nec
1655 2228 1759 2264 dolus
1782 2232 1975 2275 purgatur:
2002 2229 2032 2264 si
2055 2240 2138 2265 vero
2163 2229 2332 2274 ignorans

1241 2277 1281 2308 15
1328 2273 1499 2316 vendidit,
1525 2284 1569 2309 ex
1593 2277 1711 2319 empto
1736 2275 1914 2310 actionem
1937 2285 2010 2310 non
2035 2278 2247 2320 competere.
2297 2273 2335 2309 Si

1236 2318 1389 2354 fundum
1419 2319 1505 2354 inihi
1536 2319 1691 2354 alienum
1714 2319 1911 2355 vendideris
1936 2324 1972 2356 et
1994 2320 2052 2355 hic
2077 2330 2120 2355 ex
2145 2330 2256 2355 causa
2279 2319 2332 2354 lu-

1240 2365 1374 2400 crativa
1397 2375 1498 2400 meus
1521 2364 1640 2400 factus
1665 2364 1729 2408 sit,
1762 2365 1872 2400 nihilo
1896 2365 2013 2400 minus
2038 2376 2082 2400 ex
2107 2368 2224 2410 empto
2249 2364 2334 2399 mihi

1241 2412 1281 2446 16
1331 2410 1500 2446 adversus
1524 2413 1561 2445 te
1584 2410 1679 2445 actio
1705 2411 1885 2456 competit.
1933 2410 1974 2445 In
1998 2410 2054 2446 his
2079 2414 2217 2452 autem,
2266 2419 2334 2445 uae

1239 2466 1320 2491 cum
1343 2465 1384 2490 rc
1408 2458 1528 2500 empta
1544 2456 1572 2477 ¹⁶
1595 2456 1772 2500 praestari
1796 2456 1931 2498 solent,
1964 2466 2036 2491 non
2061 2456 2176 2491 solum
2201 2455 2245 2491 do
2261 2466 2332 2498 um,

1238 2500 1302 2536 sed
1326 2504 1362 2536 et
1386 2500 1528 2546 culpam
1550 2501 1804 2546 praestandam
1829 2501 2000 2536 arbitror:
2035 2511 2118 2536 nam
2150 2504 2185 2536 et
2210 2500 2333 2536 Celsus

1237 2546 1329 2581 libro
1354 2549 1482 2582 octavo
1516 2546 1732 2591 digestorum
1764 2546 1926 2592 scripsit,
1959 2557 2041 2581 cum
2077 2546 2260 2589 convenit,
2294 2549 2334 2581 ut

1238 2591 1402 2627 venditor
1411 2594 1641 2637 praeteritam
1653 2591 1851 2627 mercedem
1864 2592 1983 2636 exigat
2002 2594 2038 2626 et
2058 2591 2210 2637 emptori
2229 2601 2332 2636 prae-

1239 2640 1319 2680 stet,
1343 2647 1417 2672 non
1441 2637 1555 2672 solum
1580 2636 1711 2679 dolum,
1736 2636 1799 2672 sed
1824 2640 1860 2671 et
1883 2637 2025 2682 culpam
2050 2647 2127 2672 eum
2146 2640 2333 2689 praestare

1243 2684 1281 2716 17
1331 2681 1469 2717 debere.
1517 2681 1615 2717 Idem
1641 2682 1763 2717 Celsus
1787 2681 1878 2717 libro
1903 2681 2027 2717 eodem
2051 2682 2193 2717 scribit:
2217 2681 2332 2724 fundi,

1240 2737 1344 2772 quem
1369 2738 1449 2762 cum
1474 2727 1568 2762 Titio
1602 2737 1824 2762 communem
1854 2727 2033 2770 habebas,
2064 2730 2202 2772 partem
2233 2731 2332 2762 tuam

1238 2772 1428 2807 vendidisti
1452 2775 1487 2807 et
1511 2775 1702 2816 antequam
1733 2771 1912 2815 traderes,
1945 2775 2093 2808 coactus
2125 2783 2163 2808 es
2177 2773 2204 2794 ¹⁷
2236 2782 2331 2808 com-

1239 2817 1338 2852 muni
1370 2817 1560 2852 dividundo
1592 2817 1781 2860 iudicium,
1797 2817 1971 2863 accipere.
2007 2818 2037 2853 si
2068 2818 2165 2853 socio
2198 2817 2330 2853 fundus

1240 2862 1287 2898 sit
1310 2862 1547 2904 adiudicatus,
1573 2865 1746 2907 quantum
1770 2863 1815 2898 ob
1841 2872 1919 2898 eam
1941 2873 2017 2899 rem
2041 2873 2064 2898 a
2086 2863 2180 2899 Titio
2197 2863 2224 2884 ¹⁸
2246 2873 2330 2898 con-

1240 2910 1385 2943 secutus
1420 2918 1477 2951 es,
1509 2907 1546 2942 id
1577 2911 1717 2942 tantum
1750 2908 1900 2953 emptori
1930 2908 2144 2953 praestabis.
2182 2908 2278 2953 quod
2301 2907 2331 2943 si

1239 2953 1305 2987 tibi
1328 2952 1461 2987 fundus
1485 2955 1582 2988 totus
1607 2952 1834 2988 adiudicatus
1858 2956 1923 2995 est,
1946 2957 2073 2996 totum,
2098 2953 2135 2988 in
2161 2954 2224 2996 uit,
2251 2964 2330 2988 eum

1241 2997 1392 3043 emptori
1414 2997 1555 3039 trades,
1579 2997 1642 3033 sed
1664 2997 1734 3041 ita,
1758 3001 1799 3033 ut
1821 2998 1880 3033 ille
1904 2999 2036 3041 solvat,
2062 3009 2131 3044 quo
2183 2999 2228 3034 ob
2252 3008 2330 3033 eam

1238 3053 1313 3078 rem
1337 3042 1431 3078 Titio
1457 3042 1712 3078 condemnatus
1735 3053 1785 3078 es.
1822 3043 1885 3079 sed
1909 3043 1954 3079 ob
1980 3054 2058 3079 eam
2082 3044 2224 3088 quidem
2247 3053 2328 3088 par-

1238 3091 1321 3131 tem,
1346 3098 1453 3132 quam
1475 3087 1675 3130 vendidisti,
1699 3099 1765 3133 pro
1789 3088 1963 3124 evictione
1988 3099 2113 3124 cavere
2137 3089 2256 3130 debes,
2282 3088 2327 3122 ob

1240 3133 1387 3168 alteram
1422 3135 1542 3167 autem
1573 3136 1713 3168 tantum
1745 3133 1789 3169 de
1822 3133 1904 3169 dolo
1937 3134 2031 3169 malo
2062 3134 2326 3179 repromittere:

1239 3189 1391 3224 aequum
1415 3181 1470 3213 est
1493 3177 1585 3212 enim
1610 3178 1759 3213 eandem
1782 3189 1861 3214 esse
1883 3179 2127 3215 condicionem
2148 3177 2327 3223 emptoris,

1263 3234 1331 3259 uae
1353 3222 1477 3258 futura
1500 3226 1605 3265 esset,
1631 3223 1662 3258 si
1686 3234 1767 3259 cum
1789 3224 1868 3269 ipso
1893 3227 2014 3260 actum
2039 3228 2132 3259 esset
2152 3221 2327 3258 communi

1265 3267 1442 3303 ‘vidundo.
1481 3267 1544 3303 sed
1569 3268 1599 3303 si
1624 3268 1728 3304 certis
1751 3269 1954 3314 regionibus
1987 3268 2138 3304 fundum
2167 3268 2260 3302 inter
2291 3270 2327 3301 te

1239 3317 1274 3349 et
1297 3313 1431 3348 Titium
1454 3312 1561 3348 iudex
1584 3312 1712 3356 divisit,
1739 3314 1816 3349 sine
1839 3314 1946 3349 dubio
1971 3317 2125 3359 partem,
2150 3322 2241 3357 quae
2264 3311 2326 3346 ad-

1241 3361 1281 3393 18
1327 3357 1486 3393 iudicata
1521 3361 1595 3401 est,
1632 3358 1781 3404 emptori
1817 3359 1958 3394 tradere
1993 3358 2112 3393 debes.
2169 3357 2206 3392 Si
2265 3355 2326 3390 uid

1238 3413 1339 3438 servo
1361 3402 1532 3438 distracto
1552 3403 1715 3439 venditor
1735 3403 1879 3439 donavit
1898 3407 1981 3438 ante
1999 3402 2236 3443 traditionem,
2282 3411 2326 3435 oc

1238 3457 1378 3493 quoque
1412 3447 1552 3482 restitui
1583 3448 1705 3484 debet:
1739 3449 1954 3484 hereditates
1986 3457 2127 3492 quoque
2157 3456 2221 3492 per
2251 3455 2324 3480 ser-

1237 3503 1319 3528 vum
1343 3492 1542 3538 adquisitae
1565 3496 1602 3529 et
1623 3493 1742 3539 legata
1764 3493 1900 3535 omnia,
1930 3502 1997 3528 nec
2028 3489 2324 3536 distinguendum,

1235 3616 1296 3637 vus
1310 3608 1396 3637 esset
1408 3605 1562 3650 Krueyer
1653 3606 1708 3647 (11)
1734 3606 1828 3649 quid]
1842 3605 1938 3638 cuius
1950 3617 2010 3637 scr.
2113 3605 2170 3644 (12)
2196 3604 2324 3645 empto-

1236 3650 1283 3682 ris
1295 3649 1416 3682 herede
1427 3650 1480 3683 vel
1493 3649 1534 3683 ab
1549 3651 1624 3693 ipso
1628 3653 1778 3694 sortasse
1791 3652 1851 3684 ins.
1865 3650 2037 3683 secundum
2050 3648 2087 3681 B
2181 3650 2238 3688 (13)
2262 3657 2322 3689 po-

1236 3697 1286 3727 tes
1299 3694 1332 3727 F
1398 3696 1454 3737 (14)
1468 3700 1583 3738 postea
1598 3697 1752 3730 Huschke
1821 3696 1878 3735 (15)
1893 3693 2052 3736 emptoris
2065 3693 2100 3726 F
2159 3693 2217 3734 (16)
2231 3702 2322 3731 emp·

1237 3741 1290 3771 tae
1303 3740 1338 3772 F
1423 3743 1482 3780 (17)
1507 3743 1558 3772 est
1570 3741 1603 3772 F
1690 3742 1749 3780 (18)
1774 3741 1823 3771 tio
1838 3740 1871 3771 F
