2528 3918
182 89 399 135 XX12.3

182 214 204 248 ὅ
250 222 304 247 em
331 215 366 247 to
403 214 591 255 competat.
639 210 710 246 Sed
743 214 780 247 et
813 211 845 247 si
879 210 957 256 quis
991 210 1028 245 in
1062 209 1263 246 venditione

181 223 427 294 statuligerum
460 255 660 300 perfusorio
691 255 836 299 dixerit,
869 255 1113 291 condicionem
1144 258 1263 290 autem

181 301 355 337 libertatis
380 300 556 342 celaverit,
580 300 689 352 empti
711 300 842 337 iudicio
864 299 1062 342 tenebitur,
1087 300 1118 335 si
1139 299 1177 334 id
1200 309 1261 335 ne-

181 346 302 384 scierit
325 349 480 390 emptor:
505 345 564 380 hic
588 355 681 380 emm
705 345 913 391 exprimitur
936 355 1027 387 eum,
1052 344 1112 390 qui
1135 344 1264 380 dixerit

182 390 429 427 statuliberum
461 394 496 424 et
526 389 660 425 nullam
693 390 935 426 condicionem
969 388 1262 435 pronuntiaverit,

182 435 364 471 evictionis
387 434 528 480 quidem
551 435 694 471 nomine
725 446 797 471 non
828 435 958 476 teneri,
991 434 1021 469 si
1054 434 1263 470 condicione

180 481 229 516 im
254 480 327 515 leta
350 489 472 515 servus
504 479 552 515 ad
583 479 782 516 libertatem
813 479 1028 524 pervenerit,
1061 478 1124 515 sed
1155 479 1263 524 empti

179 525 218 560 iu
245 525 311 561 'cio
325 526 335 546 ¹
359 524 490 567 teneri,
522 524 553 560 si
574 524 680 561 modo
706 525 966 567 condicionem,
998 534 1104 569 quam
1127 524 1263 559 sciebat

179 570 418 615 praepositam
442 579 538 612 esse,
563 570 707 605 celavit:
744 570 849 605 sicuti
881 569 941 614 qui
971 568 1122 604 fundum
1153 568 1264 603 tradit

180 618 235 657 et,
269 625 350 650 cum
382 614 473 649 sciat
504 618 638 650 certam
668 615 871 650 servitutem
896 614 1033 656 deberi,
1065 613 1263 659 perfusorie

180 659 324 695 dixerit:
351 659 487 695 ‘itinera
510 664 612 696 aetus
636 660 764 705 quibus
788 663 872 695 sunt
893 658 1016 704 utique
1040 662 1142 701 sunt,
1166 662 1263 694 recte

181 704 384 749 ‘recipitur'‚
416 704 601 740 evictionis
625 704 765 750 quidem
787 704 930 740 nomine
954 713 994 739 se
1023 703 1168 746 liberat,
1200 703 1262 738 sed

179 752 200 785 6
270 749 331 785 uia
354 749 493 795 decepit
516 753 723 796 emptorem,
747 750 855 794 empti
878 748 1008 784 iudicio
1029 752 1179 784 tenetur.
1220 748 1261 783 In

178 760 289 830 fungo
313 793 455 830 vendito
479 805 561 830 cum
582 795 709 830 modus
733 794 985 839 pronuntiatus
1010 793 1128 836 deest,
1153 793 1261 828 sumi-

178 843 239 874 tur
260 839 378 891 portio
403 849 447 875 ex
495 839 596 881 retio,
622 839 717 884 quod
740 842 855 875 totum
879 837 1115 884 colligendum
1138 842 1193 874 est
1218 848 1261 873 ex

179 884 344 920 omnibus
367 884 479 929 iugeri
503 895 546 920 us
571 885 685 920 dictis.

224 927 277 967 70
301 928 461 965 PAULUs
487 930 579 965 libro
611 930 736 975 quinto
770 928 1019 974 quaestionum
1065 927 1194 963 Evicta
1222 938 1263 963 re

178 984 223 1010 ex
254 978 372 1019 empto
397 975 491 1010 actio
516 985 589 1010 non
612 974 659 1009 ad
681 973 855 1019 pretium²
879 972 1065 1008 dumtaxat
1086 973 1260 1018 recipien-

177 1019 281 1062 dum,
312 1019 377 1055 sed
400 1019 447 1054 ad
469 1019 506 1054 id
530 1018 625 1065 quod
647 1019 796 1054 interest
820 1018 1006 1062 competit:
1040 1028 1121 1063 ergo
1146 1023 1199 1060 et,
1231 1018 1261 1053 si

175 1065 292 1100 minor
315 1074 394 1100 esse
418 1075 482 1100 coe
508 1064 546 1107 it,
572 1064 738 1099 damnum
764 1063 932 1108 emptoris
957 1063 1034 1098 erit.

224 1108 274 1146 71
312 1109 419 1144 Imm
447 1110 475 1145 li
496 1121 538 1144 ro
570 1113 676 1144 sexto
700 1108 835 1143 decimo
884 1109 1108 1143 uaestionum
1153 1108 1263 1143 Pater

175 1154 271 1190 filiae
294 1155 434 1190 nomine
457 1154 608 1189 fundum
630 1154 668 1189 in
699 1153 817 1189 dotem
871 1153 961 1188 edit:
995 1153 1106 1189 evicto
1140 1164 1182 1189 eo
1215 1164 1261 1188 an

176 1210 222 1235 ex
255 1209 311 1235 em
338 1203 374 1234 to
405 1199 460 1234 vel
492 1199 622 1244 duplae
653 1198 835 1243 stipulatio
868 1198 1126 1240 committatur,
1159 1199 1261 1244 quasi

175 1249 279 1290 pater
322 1254 466 1279 amnum
484 1244 656 1296 patiatur,
680 1254 753 1279 non
769 1243 941 1278 immerito
962 1242 1164 1278 dubitatur:
1189 1253 1260 1279 non

176 1290 269 1326 enim
293 1290 387 1325 sicut
408 1289 564 1324 mulieris
588 1288 654 1324 dos
679 1293 753 1331 est,
783 1288 835 1323 ita
865 1288 978 1333 patris
1003 1298 1080 1323 esse
1103 1288 1174 1324 dici
1196 1299 1259 1334 po-

174 1338 246 1370 test
269 1344 335 1369 nec
360 1334 523 1369 conferre
545 1334 717 1369 fratribus
742 1333 880 1378 cogitur
903 1332 1023 1368 dotem
1054 1343 1076 1368 a
1108 1344 1147 1369 se
1177 1344 1260 1379 pro-

173 1380 306 1415 fectam
329 1383 495 1414 manente
517 1379 752 1414 matrimonio.
789 1378 853 1413 sed
871 1378 1064 1421 videamus,
1088 1379 1158 1414 ne³
1176 1389 1260 1424 pro-

174 1425 327 1460 babilius
351 1424 493 1459 dicatur
516 1424 688 1460 committi
718 1424 788 1459 hoc
819 1433 889 1469 quo
915 1433 961 1458 ue
992 1434 1080 1459 casu
1111 1423 1260 1468 stipula-

174 1470 322 1505 tionem:
348 1469 496 1504 interest
519 1469 612 1505 enim
634 1469 747 1521 patris
766 1468 876 1503 filiam
920 1472 1054 1504 otatam
1073 1469 1206 1505 habere
1226 1472 1262 1504 et

174 1525 274 1560 spem
298 1514 511 1559 quandoque
533 1514 758 1559 recipiendae
782 1513 895 1556 dotis,
928 1514 1050 1559 utique
1082 1514 1113 1549 si
1134 1514 1172 1549 in
1221 1524 1260 1549 o-

173 1563 304 1595 testate
328 1559 385 1594 sit.
422 1559 519 1604 quod
541 1559 572 1595 si
595 1559 732 1594 emanci
759 1563 820 1594 ata
843 1562 916 1601 est,
947 1559 1006 1594 vix
1036 1559 1167 1603 poterit
1194 1525 1259 1594 ge-

173 1604 271 1640 fendi
293 1605 414 1639 statim
438 1604 610 1640 committi
640 1604 710 1656 stip
751 1604 924 1646 ationem,
958 1614 1038 1639 cum
1069 1615 1141 1640 uno
1174 1614 1260 1639 casu

173 1650 220 1685 ad
252 1660 334 1685 eum
357 1649 422 1685 dos
445 1649 585 1695 regredi
607 1653 731 1694 possit.
767 1648 938 1694 numquid
969 1659 1050 1693 ergo
1082 1653 1168 1685 tunc
1199 1649 1260 1684 de-

172 1706 269 1730 mum
345 1705 404 1730 ere
434 1695 566 1740 possit,
599 1705 680 1730 cum
711 1698 852 1730 mortua
881 1694 920 1729 in
942 1694 1163 1730 matrimonio
1187 1693 1261 1729 filia

172 1740 290 1786 potuit
339 1743 433 1775 otem
456 1743 635 1784 repetere,
668 1739 699 1775 si
730 1740 864 1775 evictus
887 1739 1020 1774 fundus
1044 1750 1117 1775 non
1141 1740 1260 1775 esset?

174 1796 220 1820 an
236 1789 273 1820 et
287 1785 358 1820 hoc
374 1795 462 1820 casu
472 1785 498 1806 ³·
512 1785 661 1820 interest
672 1785 785 1830 patris
805 1784 967 1820 dotatam
986 1783 1095 1819 filiam
1114 1785 1259 1827 habere,

172 1834 213 1866 ut
235 1830 357 1865 statim
381 1830 568 1866 convenire
590 1830 841 1875 promissorem
862 1829 1004 1875 possit?
1035 1829 1131 1874 quod
1149 1830 1260 1874 magis

171 1880 324 1921 paterna
347 1875 488 1910 affectio
512 1875 663 1910 inducit.

219 1917 272 1956 72
300 1920 586 1956 CALLISTRATUS
599 1920 688 1956 libro
708 1919 866 1955 secundo
887 1920 1135 1965 quaestionum
1171 1919 1260 1954 Cum

171 1965 292 2010 plures
322 1964 424 1999 fundi
455 1964 659 2010 specialiter
689 1964 897 2000 nominatim
928 1975 1000 2000 uno
1023 1964 1258 2000 instrumento

172 2010 360 2055 emptionis
383 2010 592 2054 interposito
616 2009 798 2052 venierint,
823 2020 896 2044 non
918 2010 971 2044 uti
997 2020 1042 2045 ue
1062 2009 1151 2044 alter
1170 2010 1258 2045 alte-

171 2055 246 2090 rius
269 2054 403 2090 fundus
427 2065 512 2099 pars
536 2054 673 2090 videtur
697 2065 795 2097 esse,
826 2054 890 2089 sed
920 2065 955 2089 m
994 2054 1021 2089 ti
1051 2054 1154 2089 fundi
1186 2065 1258 2089 una

172 2100 350 2144 emptione
369 2099 605 2135 continentur.
638 2103 674 2135 et
693 2099 1000 2144 quemadmodum,
1020 2100 1051 2134 si
1071 2099 1149 2144 quis
1163 2110 1258 2135 com-

171 2145 277 2190 plura
299 2145 477 2190 mancipia
497 2155 569 2180 uno
589 2145 824 2180 instrumento
844 2145 1030 2189 emptionis
1048 2144 1257 2190 interposito

170 2189 386 2231 vendiderit,
419 2190 602 2225 evictionis
635 2189 728 2225 actio
759 2189 797 2224 in
820 2189 958 2234 singula
982 2189 1102 2234 capita
1124 2190 1257 2225 manci-

170 2235 311 2280 piorum
347 2239 551 2279 spectatur,
587 2238 623 2269 et
657 2234 751 2270 sicut
784 2234 935 2269 aliarum
969 2244 1110 2279 quoque
1140 2245 1259 2269 rerum

172 2279 428 2325 complurium⁴
442 2289 515 2314 una
535 2279 665 2324 emptio
686 2278 786 2314 facta
806 2279 863 2321 sit,
886 2279 1160 2314 instrumentum
1179 2279 1256 2324 qui-

172 2325 251 2360 dem
287 2324 475 2370 emptionis
508 2324 759 2369 interpositum
792 2335 902 2360 unum
938 2327 1009 2366 est,
1046 2324 1258 2359 evictionum

170 2374 291 2405 autem
314 2373 369 2405 tot
392 2369 551 2405 actiones
576 2374 677 2412 sunt,
702 2372 790 2414 quot
813 2373 849 2404 et
871 2369 1008 2414 species
1031 2379 1151 2404 rerum
1173 2373 1258 2404 sunt

171 2425 263 2460 quae
287 2415 465 2460 emptione
489 2415 766 2459 comprehensae
789 2418 890 2449 sunt:
923 2414 976 2449 ita
1007 2417 1043 2449 et
1064 2414 1103 2449 in
1125 2425 1190 2459 pro
1218 2424 1256 2449 o-

170 2460 238 2495 sito
271 2471 343 2495 non
377 2460 499 2505 utique
530 2459 778 2505 prohibebitur
807 2463 944 2504 emptor
976 2459 1089 2494 evicto
1126 2469 1170 2494 ex
1230 2459 1238 2466 ’

171 2515 243 2540 uno
266 2504 379 2540 fundo
403 2505 623 2540 venditorem
646 2503 853 2546 convenire,
878 2504 974 2550 quod
997 2514 1071 2540 una
1094 2504 1260 2540 cautione

171 2550 359 2629 gmpgionis
393 2550 593 2595 complures
627 2549 784 2585 fundos³
814 2553 992 2586 mercatus
1028 2550 1258 2595 comprehen-

197 2605 246 2630 eri
266 2622 273 2629 .

218 2637 270 2676 73
297 2639 457 2675 Panos
477 2640 569 2676 libro
593 2641 744 2687 septimo
767 2650 1024 2686 responsorum
1072 2639 1154 2675 Seia
1176 2638 1258 2674 fun-

171 2684 237 2719 dos
258 2684 484 2720 Maevianum
503 2689 539 2720 et
559 2685 725 2721 Seianum
749 2689 785 2720 et
809 2689 945 2720 ceteros
965 2684 1039 2719 doti
1058 2684 1172 2720 dedit:
1197 2694 1258 2720 eos

170 2727 302 2764 fundos
326 2730 378 2764 vir
402 2730 518 2765 Titius
541 2731 619 2765 viva
644 2730 725 2765 Seia
756 2730 831 2765 sine
864 2729 1105 2765 controversia
1134 2739 1257 2775 posse·

170 2775 240 2809 dit:
266 2778 349 2819 post
368 2779 516 2810 mortem
536 2775 662 2811 deinde
682 2775 785 2811 Seiae
803 2774 1013 2820 Sempronia
1032 2774 1136 2810 heres
1157 2773 1258 2810 Seiae

173 2819 414 2864 quaestionem
439 2831 504 2863 pro
528 2820 664 2864 praedii
686 2820 904 2865 proprietate
934 2819 1055 2854 facere
1084 2819 1256 2855 instituit:

171 2874 316 2909 quaero,
342 2874 421 2898 cum
446 2864 655 2909 Sempronia
677 2865 756 2910 ipsa
779 2865 826 2900 sit
847 2865 950 2900 heres
975 2863 1087 2906 Seiae,
1112 2875 1159 2899 an
1182 2864 1258 2900 iure

172 2909 449 2944 controversiam
481 2908 599 2944 facere
632 2910 755 2955 possit.
803 2910 936 2945 Paulus
967 2909 1153 2954 respondit
1181 2909 1258 2945 iure

195 2952 313 2988 uidem
337 2954 500 2998 proprio,
525 2964 595 2989 non
620 2955 856 2990 hereditario⁶
880 2953 1142 2999 Semproniam,
1167 2964 1259 3000 quae

198 2997 275 3033 eiae
298 2997 343 3033 de
366 3008 437 3043 qua
460 3000 642 3043 quaeritur
664 3000 768 3035 heres
794 2999 946 3042 exstitit,
980 2999 1257 3035 controversiam

169 3042 363 3078 fundorum
392 3042 513 3078 facere
545 3055 667 3088 posse,
699 3045 762 3080 sed
786 3044 908 3080 evictis
926 3044 1085 3097 praediis
1109 3043 1258 3080 eandem

171 3087 418 3140 Semproniam
442 3088 607 3123 heredem
631 3089 732 3125 Seiae
757 3089 937 3126 conveniri
958 3099 1083 3134 posse:
1117 3089 1172 3125 vel
1196 3099 1255 3124 ex-

171 3143 214 3169 ce
238 3137 336 3169 tione
359 3132 432 3168 doli
454 3133 536 3167 mali
562 3135 770 3170 summoveri
793 3144 909 3180 posse.

246 3176 272 3215 4
295 3177 639 3213 Heauwssmmvos
659 3180 751 3214 libro
774 3179 931 3215 secundo
962 3179 1055 3214 iuris
1086 3179 1257 3225 epitoma-

170 3233 252 3258 rum
299 3222 337 3258 Si
356 3221 440 3276 plus
463 3222 518 3257 vel
542 3223 674 3265 minus,
708 3235 813 3268 quam
843 3223 948 3269 pretii
971 3223 1112 3259 nomine
1136 3222 1257 3258 datum

172 3271 238 3311 est,
262 3267 436 3303 evictione
458 3273 583 3302 secuta
607 3267 683 3302 dari
708 3269 922 3310 convenerit,
946 3267 1117 3321 placitum
1137 3271 1256 3303 custo·

175 3316 189 3347 1
241 3312 409 3348 diendum
434 3316 499 3347 est.
549 3311 587 3347 Si
616 3312 715 3347 iussu
746 3313 873 3349 iudicis
904 3323 956 3349 rei
978 3312 1157 3348 iudicatae
1180 3312 1256 3358 pig-

171 3368 240 3393 nus
266 3362 411 3403 captum
435 3367 498 3402 per
521 3356 680 3392 officium
704 3357 932 3399 distrahatur,
957 3361 1040 3403 post
1062 3357 1256 3399 evincatur,

173 3472 213 3511 (ι)
238 3471 353 3504 indico
364 3470 400 3504 F
508 3473 551 3512 (2)
575 3468 686 3513 pretio
697 3469 733 3502 F

173 3516 418 3549 interveniente
430 3515 483 3550 uel
491 3514 614 3549 cimilia
626 3514 687 3548 im.

174 3563 218 3601 (6)
243 3561 379 3603 proprie
391 3571 458 3593 non
472 3558 677 3593 hereditaria
688 3557 724 3591 F

175 3616 247 3638 rum
259 3616 450 3648 expressum
462 3617 528 3639 scr.

837 3471 879 3511 (³)
904 3481 965 3503 neo
978 3470 1012 3503 F

780 3515 824 3556 (4)
849 3515 877 3546 si
894 3516 953 3548 ins.

844 3561 886 3599 (7)
911 3560 1092 3601 accessum]
1105 3569 1256 3592 aceessu-

1109 3471 1163 3513 (δ’)
1188 3480 1255 3502 non

1260 86 1346 134 284

1047 3516 1089 3556 (5)
1115 3513 1263 3548 fundoF

1335 219 1380 245 ex
1403 214 1520 256 empto
1545 214 1671 246 contra
1694 221 1775 247 eum
1798 212 1859 258 qui
1889 212 2003 264 pretio
2035 212 2208 248 liberatus
2241 217 2326 256 est,·
2343 225 2416 251 non

1333 254 2415 338 &ffbffioessssssssnffdfrss‘Z-tssfffldssflffu‘ssnsscffiffiuei⁰3¹²·

1335 346 1355 379 2
1402 343 1435 379 ei
1453 344 1515 397 qui
1535 345 1639 398 evicit
1657 345 1845 397 restituere
1863 357 1936 382 non
1954 328 2112 383 habebat
2122 357 2278 383 necesse.
2290 313 2417 384 emo&

1334 392 1542 470 3⁰⁸3?ssssss
1553 393 1810 471 3233522322
1820 390 1887 471 22„
1914 391 2329 482 {Z‘ri'ssss'nssssffissssssff’
2349 393 2417 481 355}

1333 489 1462 515 nomen
1486 479 1591 524 quale
1613 479 1682 515 fuit
1703 479 1879 523 vendidit,
1910 480 2096 516 dumtaxat
2118 486 2160 516 ut
2182 481 2247 525 sit,
2279 493 2353 518 non
2376 487 2416 517 ut

1333 524 1424 606 exi-Ji
1448 524 1554 560 etiam
1573 524 1707 570 aliquid
1749 525 1847 568 ossit,
1872 529 1907 560 et
1926 525 2045 561 dolum
2063 529 2247 571 praestare
2266 527 2413 572 cogitur.

1407 567 1431 605 5
1465 568 1693 605 Vawuwws
1735 570 1812 606 ibro
1841 575 1946 606 sexto
1978 570 2113 606 decimo
2143 571 2415 625 stipulationum

1333 613 1436 659 Quod
1459 613 1507 649 ad
1529 613 1716 650 servitutes
1738 614 1965 660 praediorum
1988 615 2134 658 attinet,
2166 626 2197 652 si
2227 617 2337 652 tacite
2360 627 2416 652 se·

1333 663 1438 695 outae
1460 662 1546 695 sunt
1568 662 1604 695 et
1625 658 1847 695 vindicentur
1870 659 1915 695 ab
1940 660 2021 702 alio,
2046 660 2197 705 Quintus
2221 661 2358 697 Mucius
2382 665 2417 697 et

1333 703 1488 740 Sabinus
1512 704 1716 740 existimant
1738 704 1954 740 venditorem
1984 705 2031 740 ob
2064 706 2272 742 evictionem
2303 707 2418 742 teneri

1331 760 1405 785 non
1434 759 1559 801 posse:
1595 759 1662 785 nec
1693 749 1786 785 enim
1817 749 1998 785 evictionis
2029 750 2171 786 nomine

1331 798 1444 830 teneri
1466 794 1504 830 in
1527 804 1569 830 eo
1592 794 1686 837 iure,
1718 794 1814 840 quod
1845 795 1953 830 tacite
1983 795 2098 830 soleat
2127 805 2214 832 acce
2240 805 2316 832 ere:
2348 797 2417 832 nisi

1331 843 1372 874 ut
1395 839 1551 885 optimus
1574 839 1818 884 maximusque
1842 842 1936 874 esset
1958 839 2110 875 traditus
2133 839 2242 876 fuerit
2263 840 2415 877 fundus:

1330 888 1417 920 tunc
1451 884 1543 920 enim
1574 883 1724 919 liberum
1755 885 1801 919 ab
1835 884 1929 919 omni
1960 885 2129 920 servitute
2151 885 2415 931 praestandum.

1331 929 1362 965 si
1384 939 1466 965 vero
1491 932 1629 974 emptor
1650 933 1750 974 petat
1772 929 1865 964 viam
1888 929 1943 964 vel
1965 933 2096 972 actum,
2120 930 2338 966 venditorem
2360 934 2412 967 te-

1330 974 1406 1009 neri
1438 984 1510 1010 non
1540 984 1664 1019 posse,
1696 974 1765 1009 nisi
1794 974 2002 1009 nominatim
2032 974 2160 1010 dixerit
2189 985 2417 1011 accessurum

1329 1019 1399 1055 iter
1420 1019 1476 1054 vel
1499 1023 1637 1054 actum:
1670 1023 1756 1054 tune
1781 1019 1874 1054 enim
1896 1019 2010 1055 teneri
2033 1029 2132 1063 eum,
2157 1020 2217 1066 qui
2240 1021 2292 1055 ita
2315 1020 2413 1056 dixe-

1329 1064 1387 1099 rit.
1424 1068 1460 1099 et
1482 1074 1566 1099 vera
1589 1067 1643 1099 est
1665 1064 1787 1109 Quinti
1808 1063 1909 1099 Muci
1932 1065 2127 1108 sententia,
2160 1069 2201 1101 ut
2232 1065 2292 1111 qui
2323 1066 2416 1111 opti-

1330 1119 1427 1144 mum
1449 1109 1709 1155 maximumque
1731 1109 1881 1144 fundum
1900 1109 2056 1152 tradidit,
2080 1110 2230 1146 liberum
2247 1114 2417 1156 praestet,

1330 1165 1402 1190 non
1425 1154 1531 1190 etiam
1554 1153 1676 1189 deberi
1699 1154 1787 1189 alias
1811 1154 2010 1197 servitutes,
2035 1155 2104 1190 nisi
2125 1155 2195 1191 hoc
2212 1155 2418 1200 specialiter

1330 1199 1376 1235 ab
1400 1209 1442 1235 eo
1466 1200 1675 1235 accessum⁷
1698 1199 1756 1234 sit.

1377 1241 1430 1282 76
1454 1243 1562 1279 IDEM
1587 1244 1677 1280 libro
1707 1244 1858 1290 septimo
1890 1243 2026 1280 decimo
2056 1245 2332 1292 stipulationum
2379 1245 2418 1282 Si

1331 1287 1482 1324 alienam
1504 1299 1579 1324 rem
1602 1289 1688 1324 mihi
1710 1288 1899 1324 tradideris
1924 1292 1959 1324 et
1983 1289 2132 1325 eandem
2154 1301 2220 1336 pro
2245 1290 2417 1327 derelicto

1330 1334 1508 1377 habuero,
1543 1334 1658 1369 amitti
1689 1334 1958 1377 auctoritatem,
1990 1334 2027 1370 id
2059 1339 2114 1371 est
2143 1335 2319 1371 actionem
2349 1346 2417 1382 pro

1330 1379 1515 1423 evictione,
1538 1379 1668 1425 placet.
2099 1408 2103 1412 .

2229 761 2417 797 uemquam

1820 1515 1905 1556 ma

1329 1583 1391 1615 DE
1415 1582 1709 1615 EXCEPTIONE
1733 1583 1812 1615 REI
1837 1582 2070 1615 VENDITAE
2094 1583 2155 1614 ET
2175 1582 2416 1618 TRADITAE.

1378 1647 1397 1686 1
1432 1648 1628 1685 nmmo-s
1656 1649 1748 1685 libro
1771 1659 1790 1684 s
1837 1649 2036 1695 tuaqesimo
2059 1651 2165 1684 sexto
2188 1649 2239 1684 ad
2260 1649 2414 1686 edictum

1328 1694 1520 1730 Marcellus
1551 1693 1693 1736 scribit,
1725 1693 1756 1729 si
1824 1693 1941 1728 ‘enum
1963 1692 2113 1729 fundum
2136 1693 2358 1730 vendideris⁹
2381 1699 2418 1730 et

1329 1743 1431 1775 tuum
1461 1743 1588 1785 postea
1617 1739 1753 1775 factum
1783 1742 1903 1784 petas,
1939 1739 2010 1774 hac
2041 1738 2249 1784 exceptione
2278 1743 2376 1775 recte
2388 1741 2418 1762 ¹⁰

1332 1787 1347 1819 1
1396 1784 1649 1829 repellendum.
1696 1783 1768 1819 Sed
1791 1787 1828 1820 et
1849 1782 1880 1818 si
1903 1782 2066 1819 dominus
2088 1783 2190 1819 fundi
2208 1784 2311 1820 heres
2331 1795 2415 1820 ven-

1330 1833 1350 1865 2
1398 1829 1503 1865 ditori
1527 1829 1675 1871 existat,
1707 1829 1800 1864 idem
1825 1828 1892 1865 erit
1915 1828 2114 1864 dicendum.
2162 1828 2200 1864 Si
2232 1829 2310 1875 quis
2341 1840 2415 1865 rem

1329 1885 1445 1910 meam
1468 1874 1639 1910 mandatu
1662 1884 1740 1910 meo
1763 1873 1976 1915 vendiderit,
2011 1873 2202 1909 vindicanti
2232 1875 2318 1910 mihi
2339 1885 2415 1910 rem

1329 1919 1506 1955 venditam
1538 1919 1683 1955 nocebit
1713 1919 1804 1955 haec
1836 1918 2015 1964 exceptio,
2051 1918 2119 1954 nisi
2151 1919 2323 1970 probetur
2356 1930 2414 1956 me

1329 1964 1530 2007 mandasse,
1554 1975 1599 2000 ne
1621 1963 1832 2007 traderetur,
1858 1967 2048 2008 antequam
2070 1966 2222 2009 pretium
2244 1964 2413 2000 solvatur.

1330 2013 1349 2045 3
1398 2009 1522 2045 Celsus
1553 2010 1620 2044 ait:
1658 2009 1689 2044 si
1722 2009 1801 2054 quis
1831 2019 1906 2044 rem
1937 2019 2051 2044 meam
2083 2008 2239 2044 vendidit
2269 2009 2415 2045 minoris

1329 2065 1436 2100 quam
1459 2055 1492 2090 ei
1515 2054 1695 2096 mandavi,
1719 2065 1791 2090 non
1814 2054 1953 2089 videtur
1977 2053 2131 2088 alienata
2156 2057 2210 2096 et,
2242 2054 2272 2089 si
2295 2058 2414 2099 petam

1328 2111 1425 2142 eam,
1450 2111 1521 2136 non
1544 2099 1703 2135 obstabit
1725 2099 1811 2134 mihi
1833 2099 1923 2134 haec
1954 2098 2135 2150 exceptio:
2168 2098 2263 2143 quod
2293 2110 2415 2135 verum

1328 2148 1350 2180 4
1396 2148 1461 2180 est.
1510 2144 1548 2180 Si
1571 2155 1694 2180 servus
1718 2154 1853 2180 merces
1877 2143 2106 2189 peculiariter
2128 2144 2261 2186 emerit,
2288 2144 2416 2180 deinde

1328 2190 1491 2226 dominus
1524 2200 1622 2232 eum,
1654 2189 1862 2235 priusquam
1891 2188 2145 2234 proprietatem
2174 2199 2293 2224 rerum
2324 2200 2413 2225 nan-

1329 2235 1532 2277 cisceretur,
1556 2237 1771 2270 testamento
1794 2234 1946 2270 liberum
1970 2243 2047 2269 esse
2069 2233 2212 2269 iusserit
2231 2234 2332 2279 eique
2350 2245 2413 2280 pe·

1328 2280 1462 2315 culium
1493 2279 1749 2324 praelegaverit
1779 2283 1815 2314 et
1836 2278 1999 2314 venditor
2022 2288 2045 2313 a
2068 2288 2168 2313 servo
2192 2289 2326 2314 merces
2349 2290 2412 2325 pe-

1327 2330 1403 2360 tere
1422 2324 1598 2370 coeperit:
1624 2323 1785 2369 exceptio
1806 2324 1844 2359 in
1861 2322 1997 2359 factum
2016 2323 2134 2359 locum
2152 2323 2308 2365 habebit,
2329 2324 2414 2369 quia

1328 2373 1347 2405 5
1395 2370 1425 2405 is
1456 2373 1544 2404 tunc
1575 2379 1696 2405 servus
1719 2368 1848 2404 fuisset
1871 2379 1952 2403 cum
1976 2367 2221 2403 contraxisset.
2270 2368 2307 2404 Si
2331 2369 2410 2414 quis

1328 2425 1403 2450 rem
1427 2414 1561 2456 emerit,
1585 2424 1658 2449 non
1681 2417 1800 2449 autem
1823 2413 1931 2448 fuerit
1954 2412 1987 2448 ei
2010 2412 2160 2455 tradita,
2183 2412 2246 2448 sed
2268 2424 2410 2459 posses-

1327 2459 1463 2495 sionem
1485 2459 1562 2494 sine
1591 2458 1676 2494 vitio
1707 2457 1816 2494 fuerit
1846 2461 1994 2500 nactus,
2025 2458 2134 2493 habet
2165 2459 2410 2504 exceptionem

1328 2508 1454 2540 contra
1472 2503 1702 2546 venditorem,
1726 2503 1794 2539 nisi
1815 2502 1909 2538 forte
1931 2502 2093 2538 venditor
2114 2502 2246 2538 iustam
2266 2514 2412 2539 causam

1326 2549 1477 2591 habeat,
1510 2560 1575 2584 cur
1597 2559 1671 2584 rem
1694 2548 1866 2584 vindicet:
1899 2558 1983 2583 nam
2007 2551 2043 2583 et
2064 2547 2095 2583 si
2118 2547 2304 2583 tradiderit
2327 2559 2409 2594 pos-

1327 2594 1539 2637 sessionem,
1563 2593 1672 2629 fuerit
1694 2597 1813 2629 autem
1834 2593 1929 2628 iusta
1953 2602 2063 2628 causa
2085 2592 2277 2628 vindicanti
2290 2594 2328 2636 ¹¹,
2353 2603 2410 2629 re-

1327 2639 1519 2685 plicatione
1542 2639 1712 2674 adversus
1737 2638 1982 2683 exceptionem
2005 2641 2137 2673 utetur.

1373 2682 1398 2722 2
1422 2683 1652 2720 Poupomvs
1673 2684 1764 2719 libro
1787 2683 1943 2719 secundo
1967 2693 2017 2718 ex
2039 2681 2186 2718 Plautio
2232 2681 2412 2718 SiaTitio

1325 2729 1476 2765 fundum
1501 2729 1626 2765 emeris
1645 2729 1706 2774 qui
1725 2728 1925 2773 Sempronii
1948 2731 2025 2762 erat
2046 2726 2077 2762 is
2102 2737 2147 2763 ue
2170 2726 2236 2762 tibi
2257 2727 2411 2763 traditus

1325 2774 1445 2817 fuerit,
1470 2773 1584 2826 pretio
1608 2778 1728 2809 autem
1751 2773 1869 2808 soluto
1894 2772 2009 2808 Titius
2023 2772 2050 2793 ¹²
2100 2771 2280 2817 empronio
2303 2772 2407 2808 heres

1327 2819 1502 2855 exstiterit
1536 2822 1572 2854 et
1606 2818 1756 2854 eundem
1788 2817 1939 2852 fundum
1974 2816 2112 2852 Maevio
2147 2815 2343 2852 vendiderit
2374 2820 2411 2852 et

1326 2864 1527 2900 tradiderit:
1574 2863 1732 2899 Iulianus
1767 2863 1819 2897 ait
1852 2862 1999 2907 aequius
2034 2871 2111 2898 esse
2145 2861 2298 2907 priorem
2311 2863 2338 2883 ¹³
2373 2866 2411 2897 te

1326 2909 1438 2952 tueri,
1474 2909 1560 2954 quia
1593 2912 1629 2944 et
1658 2908 1690 2944 si
1718 2908 1796 2953 ipse
1818 2907 1932 2943 Titius
1962 2906 2112 2942 fundum
2143 2916 2166 2941 a
2195 2910 2231 2942 te
2260 2910 2410 2951 peteret,

1326 2954 1533 2999 exceptione
1563 2956 1841 2988 summoveretur
1872 2957 1907 2988 et
1930 2952 1959 2987 si
1982 2952 2058 2997 ipse
2082 2951 2197 2987 Titius
2221 2961 2301 2987 eum
2325 2962 2407 2996 pos·

1326 2998 1467 3041 sideret,
1490 2997 1701 3034 Publiciana
1723 3001 1875 3042 peteres.

1371 3041 1396 3082 3
1421 3043 1763 3079 Heauoormws
1783 3042 1875 3078 libro
1898 3046 2004 3078 sexto
2022 3041 2113 3076 iuris
2133 3040 2407 3087 epitomatorum

1326 3088 1500 3133 Exceptio
1530 3087 1583 3123 rei
1613 3087 1776 3123 venditae
1807 3091 1843 3122 et
1864 3086 2016 3122 traditae
2038 3096 2111 3121 non
2133 3088 2270 3120 tantum
2294 3085 2326 3120 ei
2350 3085 2410 3120 cui

1325 3144 1382 3170 res
1406 3132 1538 3168 tradita
1561 3136 1626 3174 est,
1651 3132 1714 3167 sed
1737 3131 2002 3168 successoribus
2026 3131 2134 3166 etiam
2157 3129 2232 3165 eius
2255 3134 2292 3165 et
2309 3140 2407 3175 emp-

1325 3178 1395 3214 tori
1417 3176 1587 3218 secundo,
1612 3177 1677 3212 etsi
1701 3188 1758 3212 res
1782 3176 1815 3213 ei
1837 3186 1909 3211 non
1931 3175 2038 3211 fuerit
2060 3173 2202 3216 tradita,
2226 3174 2403 3220 proderit:

1324 3224 1472 3259 interest
1495 3222 1587 3257 enim
1610 3222 1778 3267 emptoris
1798 3220 1902 3267 primi
1921 3219 2077 3256 secundo
2096 3229 2170 3254 rem
2190 3230 2262 3254 non
2282 3218 2405 3255 evinci.

1328 3271 1342 3302 1
1391 3266 1476 3302 Pari
1499 3266 1638 3302 ratione
1660 3266 1852 3302 venditoris
1876 3265 1982 3301 etiam
2006 3263 2274 3300 successoribus
2296 3274 2403 3299 noce-

1324 3312 1388 3355 bit,
1412 3312 1486 3347 sive
1507 3312 1544 3347 in
1567 3311 1770 3347 universum
1793 3311 1848 3347 ius
1872 3310 1944 3346 sive
1966 3309 2003 3345 in
2027 3319 2105 3344 eam
2129 3308 2314 3344 dumtaxat
2331 3319 2406 3344 rem

1325 3356 1574 3393 successerint.

1370 3470 1414 3507 (s)
1439 3468 1504 3502 Ed.
1520 3475 1543 3502 ι.
1558 3474 1593 3507 23
1606 3468 1692 3511 Pap.
1705 3467 1885 3501 a—Bae.
1905 3467 2000 3506 19,12
2109 3467 2154 3507 (s)
2178 3465 2411 3499 vendideritF

1325 3513 1386 3555 (ιο)
1410 3514 1513 3553 recte]
1526 3510 1568 3545 ab
1580 3522 1619 3545 eo
1632 3514 1738 3545 teser.
1809 3512 1864 3552 (u)
1888 3510 2083 3544 vindicandi
2097 3512 2170 3544 deu.
2248 3511 2308 3551 (¹2)
2334 3510 2405 3542 fue-

1324 3558 1372 3590 rit
1383 3558 1493 3600 pretio
1506 3557 1626 3597 soluto,
1639 3556 1752 3589 Titius
1764 3559 1874 3588 autem
1887 3568 1949 3589 scr.
1964 3558 2018 3600 (cfi
2033 3557 2077 3589 D.
2091 3557 2146 3595 44,
2159 3563 2186 3595 4,
2199 3563 2228 3598 4,
2242 3559 2272 3598 2)

1325 3603 1384 3644 (13)
1408 3605 1594 3645 praetorem
1606 3614 1668 3635 cer.
1683 3603 1739 3644 (cf.
1752 3601 1797 3634 D.
1813 3601 1832 3634 L
1847 3603 1886 3642 c.)

1775 101 1839 134 Da·
1865 102 2148 135 ExcnP'rIONE
2179 105 2252 136 am
2280 105 2416 138 vm.
2500 0 2528 177 Ξ
