2528 3918
125 127 279 158 RERUM
308 125 499 157 DOMINIO
1190 106 1246 154 64

147 237 219 272 uod
242 237 377 271 factum
408 238 479 278 est,
512 237 617 268 antea
648 232 778 268 nullius
810 232 938 266 fuerat.
987 232 1141 267 Sabinus
1166 237 1202 267 et

123 249 267 318 &assius
302 281 413 325 magis
450 278 647 314 naturalem
681 278 855 312 rationem
887 277 1029 312 efficere
1060 281 1200 323 putant,

122 332 162 363 ut
215 327 251 362 ui
279 326 448 361 materiae
477 323 638 359 dominus
669 322 793 364 fuerit,
825 322 917 357 idem
948 323 1024 359 eius
1049 333 1200 368 quoque,

122 384 191 418 quo
245 383 289 407 ex
319 371 440 406 eadem
471 369 619 403 materia
647 367 782 402 factum
811 367 875 409 sit,
909 367 1071 404 dominus
1096 372 1200 411 esset,

123 419 206 463 quia
237 418 313 452 sine
345 414 491 450 materia
521 413 620 448 nulla
644 413 782 458 species
806 412 900 447 effici
923 414 1055 466 possit:
1092 413 1203 449 veluti

124 464 152 498 si
178 474 218 498 ex
244 472 331 497 auro
351 461 405 495 vel
429 463 574 503 argento
598 458 654 493 vel
676 460 777 493 aere¹
803 468 865 493 vas
893 458 1037 503 ahquod
1068 458 1200 500 fecero,

122 509 176 543 vel
196 519 240 543 ex
261 506 393 542 tabulis
410 505 480 539 tuis
505 514 629 538 navem
649 508 712 538 aut
735 503 927 538 armarium
946 507 1011 538 aut
1029 503 1202 540 subsellia

123 555 259 594 fecero,
284 551 338 586 vel
361 561 405 585 ex
428 550 512 584 lana
535 553 598 583 tua
620 549 883 591 vestimentum,
913 549 969 583 vel
994 559 1037 583 ex
1060 549 1141 584 vino
1166 552 1203 584 et

122 599 222 633 melle
253 601 314 631 tuo
346 595 517 638 mulsum,
556 594 611 629 vel
650 604 694 628 ex
725 593 988 629 medicamentis
1025 595 1096 629 tuis
1129 605 1200 629 em-

122 644 293 688 plastrum
323 645 386 675 aut
417 639 619 685 collyrium,
643 639 699 674 vel
727 649 772 674 ex
803 639 881 674 uvis
914 643 977 673 aut
1007 639 1107 675 olivis
1139 643 1203 674 aut

121 688 228 733 spicis
266 687 336 721 tuis
373 685 492 720 vinum
530 685 584 720 vel
621 684 738 719 oleum
777 684 833 720 vel
870 684 1098 720 frumentum.
1149 689 1202 720 est

121 739 238 768 tamen
261 732 368 767 etiam
391 730 506 765 media
530 730 706 765 sententia
729 732 826 765 recte
849 730 1145 772 existimantium,
1171 730 1203 765 si

121 778 256 823 species
292 776 338 811 ad
374 776 558 811 materiam
597 775 726 810 reverti
764 775 895 819 possit,
937 775 1054 810 verius
1085 786 1165 811 esse
1175 775 1201 817 2,

120 823 215 867 quod
238 823 296 858 et³
320 821 473 857 Sabinus
495 824 530 856 et
551 820 696 855 Cassius
720 824 918 862 senserunt,
943 821 973 855 si
997 831 1069 855 non
1088 820 1203 866 possit

120 868 256 909 reverti,
282 867 398 902 verius
422 876 512 908 esse,
537 866 633 909 quod
654 865 795 900 Nervae
822 870 858 901 et
874 865 1029 900 Proculo
1052 866 1201 911 placuit.

120 918 160 948 ut
189 923 272 948 ecce
303 923 366 947 vas
398 910 592 947 conflatum
628 911 674 945 ad
703 910 829 945 rudem
861 921 1015 946 massam
1046 911 1126 946 auri
1146 911 1203 946 vel

120 958 256 1002 argenti
279 958 334 992 vel
352 957 446 992 aeris
462 956 593 991 reverti
608 959 738 1000 potest,
763 956 883 990 vinum
907 967 989 991 vero
1014 956 1069 991 vel
1085 957 1201 992 oleum

120 1004 174 1039 vel
205 1003 421 1038 frumentum
454 1002 500 1037 ad
529 1012 616 1036 uvas
648 1006 684 1036 et
715 1001 824 1036 olivas
855 1005 892 1036 et
922 1001 1041 1047 spicas
1072 1001 1203 1037 reverti

121 1060 193 1084 non
216 1052 352 1093 potest:
387 1058 430 1083 ac
454 1057 498 1082 ne
520 1047 673 1082 mulsum
697 1046 838 1091 quidem
863 1046 909 1081 ad
933 1047 1001 1082 mel
1026 1050 1060 1081 et
1083 1048 1202 1082 vinum

120 1095 174 1129 vel
198 1094 429 1138 emplastrum
453 1097 516 1127 aut
548 1092 694 1137 collyria
718 1091 763 1126 ad
792 1091 1049 1127 medicamenta
1072 1093 1203 1127 reverti

120 1144 281 1184 possunt.
329 1138 493 1173 videntur
523 1142 641 1172 tamen
671 1137 757 1172 mihi
780 1141 877 1172 recte
902 1137 1046 1182 quidam
1071 1138 1202 1173 dixisse

121 1196 192 1220 non
224 1185 352 1220 debere
389 1183 562 1225 dubitari,
602 1183 687 1227 quin
716 1183 840 1218 alienis
872 1183 981 1226 spicis
1013 1193 1202 1219 excussum

120 1231 335 1265 frumentum
367 1229 443 1264 eius
475 1229 539 1270 sit,
580 1228 681 1262 cuius
714 1232 750 1262 et
781 1228 901 1272 spicae
924 1228 1088 1263 fuerunt:
1122 1239 1202 1264 cum

120 1276 213 1310 enim
243 1285 374 1319 grana,
407 1284 499 1318 quae
522 1273 631 1318 spicis
656 1273 892 1314 continentur,
917 1272 1114 1317 perfectam
1137 1274 1202 1308 ha-

120 1322 228 1356 beant
252 1330 353 1355 suam
377 1318 540 1363 speciem,
565 1319 624 1362 qui
643 1318 801 1353 excussit
824 1318 953 1362 spicas,
978 1329 1051 1353 non
1074 1329 1202 1355 novam

121 1369 140 1400 8
188 1365 342 1410 speciem
364 1364 462 1406 facit,
488 1363 550 1399 sed
575 1373 652 1398 eam
675 1373 766 1415 quae
799 1367 853 1398 est
877 1363 1015 1408 detegit.
1064 1364 1201 1400 Volun-

120 1416 175 1446 tas
208 1411 359 1445 duorum
390 1409 613 1444 dominorum
649 1408 873 1443 miscentium
904 1409 1072 1445 materias
1106 1421 1201 1445 com-

120 1466 225 1491 mune
247 1459 362 1490 totum
387 1465 517 1499 corpus
542 1454 667 1497 efficit,
693 1453 766 1488 sive
790 1453 947 1489 eiusdem
969 1455 1108 1498 generis
1133 1455 1204 1490 sint

120 1501 309 1543 materiae,
340 1500 450 1536 veluti
471 1500 553 1535 vina
577 1500 795 1534 miscuerunt
818 1499 872 1534 vel
905 1504 1092 1544 argentum
1117 1511 1202 1536 con-

120 1547 311 1589 flaverunt,
337 1546 408 1581 sive
432 1545 608 1586 diversae,
634 1544 741 1579 veluti
765 1544 796 1579 si
819 1545 909 1580 alius
934 1545 1052 1580 vinum
1077 1550 1203 1581 contu-

120 1592 201 1627 lerit
231 1592 323 1626 alius
362 1591 449 1632 mel,
486 1590 541 1625 vel
578 1590 668 1625 alius
708 1600 834 1625 aurum
869 1590 960 1625 alius
1000 1595 1202 1636 argentum:

121 1637 278 1683 quamvis
301 1641 337 1672 et
361 1636 467 1671 mulsi
491 1639 526 1671 et
548 1635 671 1671 electri
693 1635 776 1670 novi
796 1635 956 1680 corporis
981 1635 1028 1671 sit
1051 1637 1201 1682 species.

121 1687 140 1717 9
188 1683 258 1718 Sed
290 1686 325 1717 et
356 1682 387 1717 si
418 1682 493 1717 sine
529 1681 712 1716 voluntate
744 1681 966 1716 dominorum
998 1692 1085 1717 casu
1117 1693 1202 1718 con-

120 1728 222 1764 fusae
253 1728 324 1763 sint
347 1727 497 1762 duorum
527 1726 698 1761 materiae
721 1726 776 1761 vel
805 1725 963 1761 eiusdem
986 1728 1125 1770 generis
1149 1728 1204 1762 vel

126 1777 164 1808 10
212 1773 389 1814 diversae,
421 1772 514 1807 idem
545 1771 632 1807 iuris
656 1775 721 1806 est.
772 1771 859 1806 Cum
883 1772 921 1806 in
944 1782 1009 1807 suo
1034 1773 1113 1808 loco
1139 1773 1202 1807 ali-

122 1819 199 1864 quis
232 1819 346 1853 aliena
376 1818 523 1852 materia
552 1816 807 1860 aedificaverit,
845 1817 922 1861 ipse
954 1817 1117 1853 dominus
1150 1819 1203 1853 iii-

121 1864 298 1908 tellegitur
322 1863 484 1904 aedificii,
513 1862 597 1907 quia
610 1873 712 1897 omne
736 1861 831 1906 quod
854 1862 1104 1898 inaedificatur
1128 1864 1204 1899 solo

122 1909 224 1945 cedit.
274 1919 339 1944 nec
363 1913 482 1943 tamen
506 1908 584 1942 ideo
609 1908 640 1942 is
673 1908 733 1952 qui
756 1907 925 1942 materiae
950 1908 1112 1944 dominus
1137 1909 1206 1943 fuit

122 1955 225 1990 desiit
249 1955 325 1990 eius
351 1954 513 1988 dominus
537 1963 634 1988 esse:
667 1953 730 1988 sed
753 1953 931 1997 tantisper
953 1964 1068 1998 neque
1091 1955 1204 1989 vindi-

122 2011 203 2035 care
227 2010 305 2035 eam
329 2003 448 2044 potest
479 2009 593 2043 neque
623 1998 669 2033 ad
701 1998 940 2034 exhibendum
964 1998 1009 2034 de
1034 2010 1075 2034 ea
1099 2010 1204 2045 agere

122 2049 267 2091 propter
288 2045 399 2089 legem
425 2044 612 2079 duodecim
635 2043 854 2086 tabularum,
880 2054 950 2088 qua
974 2049 1135 2089 cavetur,
1160 2055 1204 2080 ne

122 2091 200 2136 quis
231 2091 365 2135 tignum
398 2090 550 2124 alienum
582 2089 729 2124 aedibus
760 2089 835 2125 suis
866 2089 1026 2125 iunctum
1050 2090 1204 2126 eximere

123 2140 289 2181 cogatur,
321 2135 384 2170 sed
408 2135 554 2179 duplum
584 2145 649 2179 pro
682 2144 723 2170 eo
747 2138 915 2179 praestet.
965 2135 1204 2180 appellatione

121 2186 240 2217 autem
263 2181 350 2225 tigni
374 2191 495 2215 omnes
519 2180 688 2215 materiae
712 2179 974 2224 significantur,
1007 2191 1051 2215 ex
1076 2182 1204 2225 quibus

122 2226 283 2262 aedificia
312 2226 415 2260 fiunt.
463 2236 547 2270 ergo
572 2225 603 2260 si
634 2225 754 2270 aliqua
777 2235 821 2260 ex
846 2236 956 2260 causa
979 2225 1135 2261 dirutum
1159 2227 1205 2262 sit

122 2272 339 2314 aedificium,
371 2271 503 2316 poterit
526 2271 695 2306 materiae
719 2270 883 2306 dominus
906 2282 1002 2306 nunc
1028 2282 1105 2306 eam
1128 2272 1203 2306 vin-

126 2322 162 2352 11
219 2317 337 2352 dicare
376 2321 412 2352 et
447 2316 492 2351 ad
533 2315 769 2351 exhibendum
811 2326 926 2361 agere.
980 2317 1072 2351 Illud
1107 2322 1204 2352 recte

124 2362 315 2408 quaeritur,
341 2372 398 2402 an,
423 2361 455 2397 si
476 2362 514 2396 id
533 2361 732 2396 aedificium
751 2361 948 2396 vendiderit
970 2362 1000 2398 is
1027 2363 1088 2407 qui
1107 2362 1203 2397 aedi-

124 2408 280 2443 ficaverit
300 2411 336 2442 01
358 2407 403 2442 ab
428 2411 587 2452 emptore
606 2407 711 2451 longo
735 2411 895 2451 tempore
914 2412 1058 2458 captum
1077 2412 1205 2452 postea

123 2454 279 2488 dirutum
310 2453 371 2496 sit,
403 2452 521 2487 adhuc
546 2452 708 2487 dominus
740 2452 909 2487 materiae
931 2453 1204 2488 vindicationem

123 2500 198 2534 eius
230 2499 372 2534 habeat.
422 2508 530 2533 causa
569 2497 800 2533 dubitationis
835 2503 906 2541 est,
948 2508 995 2533 aii
1036 2509 1075 2533 eo
1113 2498 1204 2542 ipso,

122 2544 216 2589 quo⁴
247 2543 460 2578 universitas
492 2541 644 2578 aedificii
672 2542 777 2587 longo
809 2548 968 2588 tempore
1001 2547 1107 2588 capta
1137 2548 1203 2586 est,

122 2589 281 2634 singulae
313 2599 455 2633 quoque
486 2598 561 2631 res,
594 2598 638 2623 ex
670 2589 798 2632 quibus
832 2589 1038 2632 constabat,
1076 2593 1204 2634 captae

127 2638 164 2669 12
213 2638 346 2669 essent:
372 2633 467 2678 quod
490 2643 562 2668 non
585 2633 731 2677 placuit.
768 2633 826 2667 Ex
850 2633 989 2669 diverso
1014 2635 1044 2670 si
1069 2635 1146 2679 quis
1167 2634 1204 2669 in

123 2680 235 2715 alieno
265 2679 341 2715 solo
366 2689 432 2714 sua
455 2677 605 2712 materia
635 2677 892 2720 aedificaverit,
924 2679 1019 2714 illius
1042 2680 1083 2714 fit
1106 2679 1203 2714 aedi-

122 2726 258 2766 ficium,
285 2724 385 2759 cuius
411 2727 446 2758 et
469 2723 583 2758 solum
608 2726 662 2757 est
686 2727 736 2766 et,
767 2723 796 2757 si
821 2724 888 2758 scit
912 2724 1066 2758 alienum
1090 2725 1204 2759 solum

123 2781 219 2812 esse,
252 2780 318 2804 sua
341 2769 524 2803 voluntate
555 2768 733 2803 amississe
756 2769 1010 2813 proprietatem
1034 2771 1204 2805 materiae

122 2815 350 2859 intellegitur:
395 2814 515 2858 itaque
558 2823 672 2858 neque
712 2813 825 2849 diruto
863 2814 1003 2858 quidem
1042 2814 1203 2850 aedificio

122 2860 311 2895 vindicatio
337 2859 412 2894 eius
436 2858 605 2893 materiae
637 2859 816 2903 competit.
866 2863 962 2894 certe
986 2859 1017 2894 si
1041 2859 1203 2895 dominus

123 2906 189 2941 soli
217 2909 317 2950 petat
339 2904 539 2939 aedificium
567 2914 634 2939 nec
662 2903 777 2939 solvat
800 2905 952 2949 pretium
975 2905 1144 2940 materiae
1168 2910 1204 2940 et

123 2950 304 2985 mercedes
347 2949 548 2990 fabrorum,
586 2949 717 2993 poterit
755 2959 820 2994 per
851 2950 1098 2994 exceptionem
1132 2950 1204 2985 doli

124 2995 207 3030 mali
228 2994 370 3039 repelli,
405 2994 527 3038 utique
551 2993 582 3029 si
605 2994 719 3029 nescit
743 2995 803 3038 qui
827 2994 1026 3030 aedificavit
1049 2995 1203 3030 alienum

123 3051 201 3076 esse
225 3040 339 3076 solum
362 3043 399 3075 et
421 3044 603 3084 tamquam
625 3039 663 3073 in
687 3049 751 3074 suo
776 3040 871 3074 bona
894 3039 965 3076 fide
985 3040 1201 3075 aedificavit:

123 3096 205 3120 nam
229 3085 260 3120 si
283 3085 361 3127 scit,
387 3085 493 3129 culpa
517 3084 549 3119 ei
567 3083 660 3119 obici
683 3088 810 3129 potest,
836 3085 931 3130 quod
954 3090 1086 3120 temere
1107 3085 1202 3120 aedi-

128 3136 166 3165 13
213 3130 332 3166 ficavit
354 3130 391 3164 in
415 3140 456 3165 eo
482 3130 569 3170 solo,
596 3129 690 3173 quod
714 3129 932 3175 intellegeret
956 3131 1120 3166 alienum.
1167 3131 1203 3165 Si

124 3175 273 3210 alienam
297 3175 456 3220 plantam
479 3175 516 3209 in
538 3184 617 3209 meo
642 3174 718 3210 solo
742 3185 914 3219 posuero,
939 3186 1018 3211 mea
1042 3175 1127 3211 erit:
1159 3186 1202 3211 ex

124 3220 261 3255 diverso
300 3220 331 3255 si
366 3230 479 3255 meam
514 3219 673 3264 plantam
706 3219 744 3254 in
779 3219 894 3256 alieno
927 3221 1003 3256 solo
1036 3231 1201 3266 posuero,

124 3266 216 3300 illius
242 3265 323 3299 erit:
355 3265 386 3300 si
408 3265 512 3300 modo
537 3268 689 3308 utroque
714 3274 800 3299 casu
823 3265 960 3301 radices
984 3266 1111 3310 egerit:
1138 3276 1200 3300 an-

124 3315 266 3355 tequam
290 3309 383 3344 enim
412 3309 551 3345 radices
577 3313 714 3354 ageret,
745 3309 840 3345 illius
863 3315 1066 3354 permanet,
1100 3311 1201 3347 cuius

124 3361 160 3390 et
183 3355 261 3389 fuit.
309 3355 363 3390 his
389 3355 601 3390 conveniens
626 3358 690 3397 est,
716 3354 828 3399 quod,
853 3356 883 3390 si
907 3356 1014 3391 vicini
1037 3357 1201 3392 arborem

124 3401 173 3435 ita
210 3404 306 3435 terra
343 3399 550 3445 presserim,
590 3404 630 3434 ut
659 3400 697 3435 in
728 3409 844 3435 meum
874 3400 1025 3436 fundum
1062 3402 1201 3437 radices

124 3516 163 3556 (1)
188 3516 248 3547 tuo
260 3515 320 3548 ins.
334 3514 406 3547 edd.
500 3514 544 3555 (2)
571 3516 654 3546 esset
667 3514 702 3546 F
783 3515 824 3554 (3)
850 3516 883 3546 et
895 3514 957 3548 del.
1046 3516 1088 3556 (4)
1113 3515 1202 3556 quod

125 3571 184 3592 scr.
260 3560 303 3600 (5)
326 3558 364 3591 in
376 3559 435 3592 ins.
451 3559 486 3591 F
492 3558 508 3578 ²
587 3560 630 3600 (6)
656 3558 698 3600 01]
713 3568 772 3591 nec
784 3570 846 3591 scr.
862 3560 1019 3598 (similiter
1035 3561 1200 3598 Cuiacius)

125 3606 168 3643 (τ)
194 3606 236 3647 cf.
250 3604 414 3645 Inst.2,1,
426 3611 534 3637 32...4s
624 3606 668 3646 (s)
692 3603 764 3636 sine
777 3604 812 3636 F
884 3607 927 3645 (9)
951 3604 1116 3647 possideat
1128 3607 1200 3638 edd.

126 3649 185 3689 (10)
211 3650 386 3691 requiritur
409 3648 468 3690 qui
490 3648 638 3690 pinxerit
662 3649 722 3689 (sic
746 3648 783 3685 S)
931 3650 985 3690 (11)
1010 3649 1096 3682 alius
1119 3651 1199 3683 Inst.

126 3694 184 3733 (12)
211 3693 298 3725 enim
311 3694 371 3726 del.
386 3693 466 3726 Inst.
558 3694 615 3734 (13)
642 3693 716 3730 Qua
727 3693 856 3726 ratione
868 3694 978 3726 verius
991 3705 1056 3727 esse
1069 3695 1202 3727 videtur

126 3739 197 3769 etsi
218 3748 286 3770 rem
304 3749 364 3779 pro
386 3737 544 3771 derelicto
557 3748 576 3770 a
588 3738 721 3770 domino
734 3738 881 3770 habitam
894 3740 1104 3782 occupaverit
1115 3740 1199 3780 quis,

1247 109 1273 153 5
2110 112 2353 155 XXXXll

1271 232 1392 276 egerit,
1418 242 1532 267 meam
1553 231 1649 266 effici
1668 233 1848 268 arborem:
1873 235 2046 270 rationem
2067 236 2160 271 enim
2184 247 2255 271 non
2277 248 2353 288 per-

1270 278 1430 319 mittere,
1462 281 1503 312 ut
1527 277 1672 313 alterius
1698 279 1805 313 arbor
1827 279 2071 324 intellegatur,
2104 292 2210 335 quam
2235 285 2356 316 cuius-'¹

1272 322 1383 357 fundo
1407 323 1546 357 radices
1571 322 1710 367 egisset.
1747 327 1783 357 et
1804 324 1883 359 ideo
1904 336 2016 369 prope
2036 327 2228 362 confinium
2249 328 2357 362 arbor

1270 368 1407 413 posita,
1440 368 1472 403 si
1495 367 1603 403 etiam
1633 367 1670 402 in
1699 367 1850 402 vicinum
1883 370 2031 405 fundum
2065 372 2202 407 radices
2235 372 2356 417 egerit,

1271 413 1469 448 communis
1494 416 1550 448 est

1318 454 1342 495 8
1361 457 1598 493 MARCJANUS
1613 457 1703 493 libro
1719 459 1823 492 tertio
1837 459 2097 496 institutionum
2133 473 2198 506 pro
2212 464 2355 507 regione

1274 506 1287 537 1
1339 505 1513 548 cuiusque
1548 502 1697 547 praedii.
1747 502 1818 537 Sed
1856 508 1891 539 et
1931 505 1961 539 si
1998 506 2034 540 in
2074 508 2225 542 confinio
2265 509 2301 542 la
2327 509 2356 543 is

1269 552 1442 583 nascatur
1469 549 1529 584 et⁶
1559 551 1645 583 sunt
1679 558 1743 592 pro
1784 548 1934 584 indiviso
1969 552 2168 587 communia
2199 520 2355 597 praedia,

1269 597 1357 628 tunc
1399 593 1466 628 erit
1503 593 1594 638 lapis
1635 603 1701 637 pro
1741 592 1892 629 indiviso
1939 598 2151 640 communis,
2195 599 2225 633 si
2261 603 2357 633 terra

1271 642 1457 683 exemptus
1482 639 1539 674 sit.

1316 681 1364 721 9⁷
1385 683 1509 719 GAws
1530 684 1621 720 libro
1638 683 1796 718 secundo
1820 694 1942 718 rerum
1960 686 2236 722 cottidianarum
2260 689 2358 723 sive⁸

1270 739 1463 763 aureorum
1511 729 1590 772 Qua
1622 729 1763 764 ratione
1803 732 1923 764 autem
1957 730 2101 782 plantae
2138 743 2229 776 quae
2261 738 2357 768 terra

1271 773 1479 809 coalescunt
1502 775 1578 809 solo
1593 774 1736 816 cedunt,
1760 774 1884 809 eadem
1907 779 2045 810 ratione
2068 777 2246 813 frumenta
2269 790 2355 822 quo-

1272 829 1340 863 que
1364 829 1456 864 quae
1486 823 1566 854 sata
1589 824 1674 854 sunt
1697 819 1773 854 solo
1800 820 1925 854 cedere
1948 820 2213 865 intelleguntur.
2261 828 2354 859 cete-

1269 875 1350 899 rum
1374 864 1467 899 sicut
1489 864 1530 907 is,
1557 864 1619 909 qui
1640 864 1679 900 in
1704 864 1821 900 alieno
1845 865 1922 900 solo
1948 865 2164 910 aedificavit,
2190 868 2220 902 si
2244 870 2289 902 ab
2315 880 2355 903 eo

1270 909 1434 945 dominus
1467 910 1534 944 soli
1572 914 1673 954 petat
1711 910 1930 952 aedificium,
1970 910 2111 945 defendi
2143 917 2262 956 potest
2294 924 2358 957 per

1270 955 1518 1000 exceptionem
1539 954 1613 990 doli
1629 955 1731 997 mali,
1751 956 1803 990 ita
1820 955 1978 990 eiusdem
1992 957 2210 1001 exceptionis
2224 959 2356 993 auxilio

1270 1003 1368 1035 tutus
1399 1010 1478 1035 esse
1509 1000 1660 1045 poterit,
1695 1000 1756 1045 qui
1783 1001 1820 1035 in
1846 1001 1999 1036 alienum
2031 1002 2181 1036 fundum
2205 1013 2270 1037 sua
2293 1004 2356 1037 ini-

1273 1049 1287 1079 1
1337 1055 1452 1097 pensa
1473 1046 1643 1081 consevit.
1680 1046 1841 1081 Litterae
1859 1057 2000 1091 quoque
2021 1046 2105 1082 licet
2125 1058 2253 1082 aureae
2277 1049 2357 1090 sint,

1269 1090 1417 1136 perinde
1442 1091 1576 1125 chartis
1600 1091 1885 1136 membranisque
1907 1091 2051 1134 cedunt,
2076 1103 2119 1127 ac
2144 1093 2220 1128 solo
2234 1094 2359 1129 cedere

1270 1136 1388 1171 solent
1419 1146 1462 1171 ea
1494 1147 1586 1181 quae
1620 1135 1854 1171 aedificantur
1892 1141 1956 1171 aut
1985 1141 2163 1172 seruntur.
2210 1138 2359 1183 ideoque

1271 1182 1300 1216 si
1325 1181 1362 1216 in
1387 1182 1520 1216 chartis
1544 1182 1801 1217 membranisve
1832 1182 1904 1217 tuis
1929 1193 2072 1217 carmen
2095 1183 2151 1218 vel
2174 1183 2358 1218 historiam

1271 1227 1326 1261 vel
1350 1228 1548 1262 orationem
1572 1227 1759 1272 scripsero,
1785 1228 1891 1263 huius
1917 1238 1979 1263 cor
2005 1227 2077 1264 oris
2100 1238 2172 1263 non
2197 1239 2270 1273 ego,
2297 1229 2359 1264 sed

1271 1277 1311 1306 tu
1343 1272 1507 1307 dominus
1542 1282 1621 1308 esse
1658 1273 1885 1317 intellegeris.
1934 1284 1972 1308 se
2037 1273 2068 1308 si
2103 1284 2125 1308 a
2161 1284 2217 1308 me
2256 1278 2358 1319 petas

1270 1321 1352 1352 tuos
1384 1317 1495 1353 libros
1522 1321 1648 1353 tuasve
1679 1318 1904 1353 membranas
1936 1329 2002 1354 nec
2034 1318 2214 1363 impensas
2247 1319 2358 1364 scrip-

1272 1367 1376 1397 turae
1400 1363 1537 1398 solvere
1560 1363 1666 1405 velis,
1698 1367 1824 1408 potero
1848 1373 1905 1399 me
1929 1363 2120 1399 defendere
2142 1374 2208 1409 per
2231 1375 2358 1409 excep-

1270 1408 1404 1443 tionem
1428 1407 1501 1443 doli
1524 1408 1618 1450 mali,
1657 1409 1780 1453 utique
1805 1409 1835 1443 si
1859 1410 1955 1444 bona
1977 1409 2048 1444 fide
2073 1420 2194 1445 eorum
2217 1420 2359 1455 posses-

1273 1456 1292 1487 2
1341 1453 1476 1488 sionem
1501 1457 1654 1489 nanctus
1679 1454 1756 1489 sim.
1794 1453 1865 1489 Sed
1888 1465 1961 1490 non
1984 1454 2038 1489 uti
2060 1454 2202 1490 litterae
2227 1455 2359 1490 chartis

1273 1498 1532 1534 membranisve
1574 1499 1725 1541 cedunt,
1768 1499 1819 1534 ita
1862 1500 1979 1535 solent
2020 1499 2184 1545 picturae
2227 1501 2359 1536 tabulis

1274 1543 1419 1585 cedere,
1463 1544 1526 1579 sed
1570 1554 1615 1579 ex
1655 1544 1792 1580 diverso
1837 1545 1975 1589 placuit
2012 1546 2155 1581 tabulas
2198 1545 2360 1590 picturae

1274 1588 1411 1624 cedere.
1460 1589 1583 1634 utique
1613 1593 1734 1624 tamen
1758 1590 1970 1626 conveniens
2004 1595 2059 1626 est
2090 1590 2231 1626 domino
2255 1592 2359 1626 tabu-

1272 1635 1388 1669 larum
1412 1635 1581 1670 adversus
1607 1645 1687 1669 eum
1711 1635 1771 1679 qui
1795 1635 1968 1680 pinxerit,
2002 1636 2033 1671 si
2055 1636 2087 1672 is
2110 1636 2253 1671 tabulas
2277 1647 2358 1681 pos-

1272 1680 1413 1716 sidebat
1421 1680 1445 1723 9,
1485 1680 1608 1715 utilem
1640 1681 1817 1716 actionem
1846 1681 1941 1723 dari,
1982 1691 2054 1726 qua
2083 1681 2135 1716 ita
2166 1681 2361 1717 efficaciter

1274 1725 1427 1778 experiri
1449 1726 1592 1770 poterit,
1617 1726 1648 1761 si
1697 1726 1833 1761 icturae
1856 1727 2053 1772 impensam
2072 1727 2247 1762 exsolvat:
2273 1727 2359 1762 alio-

1274 1782 1359 1815 quin
1390 1771 1535 1806 nocebit
1563 1771 1596 1806 ei
1628 1770 1702 1806 doi
1732 1771 1817 1806 mali
1847 1772 2027 1816 exceptio:
2060 1772 2183 1817 utique
2207 1772 2237 1806 si
2266 1773 2360 1808 bona

1272 1816 1342 1850 fide
1367 1827 1554 1861 possessor
1584 1816 1694 1851 fuerit
1726 1817 1786 1868 qui
1809 1817 1956 1853 solverit
1969 1819 2007 1852 ¹⁰.
2054 1818 2225 1853 adversus
2249 1817 2358 1852 domi-

1272 1872 1356 1896 num
1380 1871 1463 1897 vero
1488 1862 1692 1896 tabularum
1716 1872 1749 1897 ei
1773 1863 1833 1907 qui
1864 1863 2020 1907 pinxerit
2043 1867 2178 1898 rectam
2201 1863 2357 1898 vindica-

1272 1907 1404 1942 tionem
1429 1911 1631 1952 competere
1656 1907 1825 1951 dicimus,
1858 1912 1899 1942 ut
1921 1913 2042 1944 tamen
2073 1908 2226 1953 pretium
2255 1909 2359 1944 tabu-

1272 1953 1388 1987 larum
1411 1952 1561 1988 inferat:
1587 1953 1746 1998 alioquin
1768 1954 1913 1988 nocebit
1930 1954 1963 1989 ei
1983 1954 2055 1990 doli
2077 1954 2163 1989 mali
2185 1954 2357 2007 exceptio.

1274 2001 1292 2032 3
1340 1998 1418 2033 Hae
1449 2008 1590 2043 quoque
1620 2009 1696 2040 res,
1732 2009 1825 2043 quae
1860 1999 2054 2034 traditione
2083 2003 2227 2035 nostrae
2258 1999 2358 2042 fiunt,

1272 2043 1348 2078 iure
1371 2043 1529 2087 gentium
1550 2044 1651 2079 nobis
1672 2043 1928 2088 adquiruntur:
1954 2045 2042 2080 nihil
2066 2045 2158 2079 enim
2180 2049 2255 2080 tam
2274 2055 2357 2080 con-

1272 2088 1416 2124 veniens
1433 2093 1489 2124 est
1509 2089 1666 2124 naturali
1680 2090 1853 2134 aequitati
1869 2100 1976 2134 quam
1992 2090 2211 2126 voluntatem
2228 2090 2359 2125 domini

1272 2133 1423 2169 volentis
1447 2144 1521 2169 rem
1546 2145 1648 2169 suam
1670 2135 1708 2168 in
1732 2135 1842 2169 alium
1865 2135 2060 2171 transferre
2083 2139 2198 2170 ratam
2222 2135 2357 2171 haberi.

1273 2183 1293 2214 4
1340 2179 1439 2214 Nihil
1463 2183 1581 2214 autem
1605 2179 1772 2222 interest,
1804 2185 1922 2215 utrum
1945 2182 2022 2226 ipse
2047 2181 2210 2216 dominus
2234 2190 2298 2226 per
2322 2191 2359 2215 se

1272 2225 1393 2260 tradat
1424 2224 1530 2259 alicui
1562 2235 1637 2260 rem
1668 2236 1715 2260 an
1738 2225 1921 2261 voluntate
1953 2227 2028 2261 eius
2058 2226 2187 2270 aliquis
2201 2228 2239 2261 ¹².
2288 2237 2358 2270 qua

1271 2271 1420 2313 ratione,
1446 2270 1477 2304 si
1497 2270 1556 2305 cui
1578 2270 1692 2306 libera
1717 2271 1938 2315 negotiorum
1962 2271 2220 2307 administratio
2245 2272 2291 2306 ab
2316 2281 2357 2306 00

1274 2316 1334 2361 qui
1366 2325 1513 2360 peregre
1549 2316 1793 2361 proficiscitur
1826 2317 2002 2362 permissa
2037 2317 2146 2352 fuerit
2180 2320 2217 2352 et
2249 2316 2279 2351 is
2316 2327 2358 2351 ex

1272 2361 1423 2406 negotiis
1446 2371 1521 2395 rem
1545 2361 1741 2396 vendiderit
1765 2365 1800 2397 et
1823 2362 2026 2406 tradiderit,
2050 2362 2140 2397 facit
2162 2372 2239 2397 eam
2264 2362 2356 2396 acci-

1273 2410 1292 2441 5
1341 2406 1482 2451 pientis.
1524 2406 1708 2442 Interdum
1733 2408 1840 2442 etiam
1865 2408 1940 2443 sine
1963 2408 2155 2443 traditione
2177 2407 2273 2442 nuda
2297 2417 2354 2441 vo-

1271 2452 1392 2486 luntas
1417 2451 1550 2487 domini
1573 2451 1709 2487 sufficit
1741 2452 1787 2487 ad
1818 2463 1893 2488 rem
1916 2453 2219 2494 transferendam,
2250 2452 2356 2488 veluti

1273 2498 1303 2532 si
1334 2507 1426 2540 rem,
1459 2507 1566 2542 quam
1598 2498 1819 2533 commodavi
1851 2502 1914 2533 aut
1942 2499 2057 2533 locavi
2086 2498 2152 2534 tibi
2175 2501 2240 2532 aut
2262 2497 2357 2542 apud

1271 2547 1307 2577 te
1332 2543 1497 2587 deposui,
1529 2542 1721 2578 vendidero
1746 2543 1830 2578 tibi:
1865 2543 1950 2579 licet
1980 2544 2075 2579 enim
2105 2554 2150 2579 ex
2181 2553 2223 2578 ea
2248 2553 2356 2577 causa

1271 2588 1337 2623 tibi
1373 2598 1451 2623 eam
1482 2598 1555 2624 non
1591 2587 1813 2630 tradiderim,
1855 2599 1897 2624 eo
1936 2593 2073 2632 tamen,
2114 2588 2209 2633 quod
2240 2589 2357 2632 patior

1272 2643 1350 2669 eam
1375 2643 1420 2668 ex
1444 2643 1555 2669 causa
1579 2634 1769 2678 emptionis
1794 2645 1815 2669 a
1842 2634 1891 2669 ud
1913 2638 1950 2669 te
1974 2645 2071 2677 esse,
2102 2638 2201 2668 tuam
2225 2633 2353 2668 efficio.

1273 2683 1292 2713 6
1340 2678 1432 2713 Item
1449 2678 1480 2714 si
1500 2678 1579 2723 quis
1597 2689 1733 2714 merces
1757 2679 1796 2714 iii
1838 2690 1940 2715 orreo
1956 2679 2133 2724 repositas
2150 2678 2354 2719 vendiderit,

1272 2724 1377 2759 simul
1408 2727 1515 2769 atque
1548 2724 1664 2759 claves
1687 2724 1806 2759 horrei
1829 2724 2016 2760 tradiderit
2040 2723 2206 2769 emptori,
2238 2728 2354 2757 trans-

1273 2773 1291 2803 7
1339 2769 1411 2804 fert
1448 2769 1702 2822 proprietatem
1743 2770 1913 2805 mercium
1945 2770 1991 2805 ad
2024 2773 2227 2814 emptorem.
2276 2768 2353 2803 Hoc

1271 2814 1424 2859 amplius
1447 2814 1627 2849 interdum
1651 2818 1687 2850 et
1709 2814 1747 2849 in
1770 2815 1943 2850 incertam
1966 2825 2156 2860 personam
2181 2813 2355 2848 collocata

1271 2860 1435 2895 voluntas
1469 2859 1602 2895 domini
1626 2860 1797 2895 transfert
1827 2861 1878 2895 rei
1903 2861 2176 2905 proprietatem:
2209 2862 2249 2892 ut
2271 2868 2354 2892 ecce

1272 2905 1332 2949 qui
1362 2904 1509 2940 missilia
1539 2905 1651 2939 iactat
1682 2905 1719 2939 in
1750 2905 1891 2949 vulgus,
1923 2906 2062 2950 ignorat
2093 2904 2185 2939 enim
2200 2904 2237 2944 ¹2,
2271 2903 2353 2947 quid

1271 2960 1393 2985 eorum
1425 2949 1574 2994 quisque
1605 2953 1819 2994 excepturus
1849 2950 1911 2992 sit,
1946 2954 1983 2985 et
2013 2954 2132 2985 tamen
2165 2949 2247 2992 quia
2278 2948 2353 2982 vult

1272 2994 1366 3040 quod
1390 2995 1538 3074 quisiiue
1563 2994 1743 3039 exceperit
1765 2995 1842 3030 eius
1866 3005 1961 3038 esse,
1995 2995 2114 3030 statim
2139 3004 2218 3028 eum
2243 2992 2351 3027 domi·

1272 3043 1290 3074 8
1338 3050 1423 3074 num
1446 3050 1466 3075 e
1484 3039 1607 3075 ficit²³.
1645 3040 1728 3074 Alia
1751 3050 1861 3075 causa
1885 3045 1939 3075 est
1963 3051 2084 3075 earum
2108 3049 2236 3078 rerum,
2263 3047 2352 3080 quae

1269 3085 1307 3120 in
1330 3089 1543 3137 tempestate
1567 3085 1674 3120 maris
1698 3085 1871 3120 levandae
1901 3086 2000 3121 navis
2026 3094 2134 3119 causa
2158 3082 2349 3132 eiciuntur:

1269 3130 1338 3165 hae
1363 3140 1457 3165 enim
1482 3129 1705 3165 dominorum
1729 3134 1949 3174 permanent,
1974 3130 2056 3174 quia
2081 3139 2151 3162 non
2175 3138 2216 3161 eo
2235 3137 2349 3159 animo

1270 3175 1465 3218 eiciuntur,
1498 3175 1594 3219 quod
1618 3175 1697 3219 quis
1727 3185 1788 3210 eas
1817 3176 1950 3211 habere
1974 3186 2045 3209 non
2069 3173 2159 3212 vult,
2194 3171 2256 3206 sed
2282 3181 2350 3214 quo

1269 3220 1380 3264 magis
1401 3231 1480 3255 cum
1501 3219 1581 3264 ipsa
1600 3230 1689 3255 nave
1708 3220 1905 3264 periculum
1926 3220 2031 3254 maris
2048 3220 2072 3239 ¹⁴
2093 3216 2244 3267 effugiat.
2281 3225 2350 3265 qua

1271 3266 1313 3300 de
1337 3275 1448 3300 causa
1471 3265 1502 3300 si
1526 3265 1603 3309 quis
1627 3276 1688 3300 eas
1712 3265 1880 3300 fluctibus
1906 3264 2071 3308 expulsas
2094 3262 2155 3312 vel·
2179 3264 2284 3311 etiam
2314 3271 2350 3293 in

1268 3310 1346 3355 ipso
1371 3310 1460 3344 mari
1483 3315 1635 3345 nanctus
1659 3310 1822 3345 lucrandi
1847 3310 1962 3344 animo
1989 3307 2190 3347 abstulerit,
2216 3306 2348 3338 1111111111

1270 3355 1468 3391 committit.

1319 3399 1369 3438 10
1401 3399 1509 3435 IDEM
1546 3400 1637 3436 libro
1674 3400 1831 3435 secundo
1846 3400 1872 3419 ¹⁵
1904 3397 2160 3432 institutionum
2215 3394 2349 3438 Adqui-

1271 3513 1383 3546 statim
1404 3524 1479 3547 eum
1500 3513 1672 3547 dominum
1689 3513 1792 3546 effici:
1817 3522 1877 3554 pro
1897 3509 2053 3542 derelicto
2073 3511 2182 3540 autem
2198 3507 2349 3546 habetur,

1271 3558 1360 3600 quod
1386 3559 1539 3592 dominus
1563 3570 1601 3592 ea
1623 3562 1732 3591 mente
1756 3556 1931 3595 abiecerit,
1960 3557 1998 3585 ut
2022 3553 2055 3584 id
2081 3563 2190 3602 rerum
2213 3562 2347 3583 suarum

1271 3614 1338 3636 esse
1357 3603 1472 3646 nollet,
1493 3605 1634 3646 ideoque
1653 3603 1765 3635 statim
1785 3601 1937 3633 dominus
1958 3609 2023 3630 esse
2044 3598 2167 3629 desinit
2187 3598 2244 3629 ins.
2267 3597 2347 3628 lust.

1271 3652 1328 3689 (14)
1353 3650 1453 3682 maris
1466 3651 1558 3691 Inst„
1573 3650 1666 3681 navis
1679 3649 1712 3680 F
1799 3647 1857 3686 (15)
1885 3650 1899 3683 §
1917 3651 2043 3681 86...93;
2069 3644 2109 3685 cf.
2126 3642 2203 3674 Inst.
2218 3643 2249 3682 2,
2267 3649 2345 3684 9111.

1269 3711 1314 3717 .-
1330 3698 1345 3732 5
1361 3702 1377 3726 4
