<?xml version="1.0" encoding="UTF-8"?>
<!DOCTYPE html PUBLIC "-//W3C//DTD XHTML 1.0 Transitional//EN"
    "http://www.w3.org/TR/xhtml1/DTD/xhtml1-transitional.dtd">
<html xmlns="http://www.w3.org/1999/xhtml" xml:lang="en" lang="en">
 <head>
  <title>
</title>
<meta http-equiv="Content-Type" content="text/html;charset=utf-8" />
  <meta name='ocr-system' content='tesseract 3.04.00' />
  <meta name='ocr-capabilities' content='ocr_page ocr_carea ocr_par ocr_line ocrx_word'/>
</head>
<body>
  <div class='ocr_page' id='page_1' title='image "./corpusjuriscivil01krueuoft_0925.png"; bbox 0 0 2528 3918; ppageno 0'>
   <div class='ocr_carea' id='block_1_1' title="bbox 136 159 843 193">
    <p class='ocr_par' dir='ltr' id='par_1_1' title="bbox 136 159 843 193">
     <span class='ocr_line' id='line_1_1' title="bbox 136 159 843 193; baseline -0.003 -1"><span class='ocrx_word' id='word_1_1' title='bbox 136 160 196 192; x_wconf 78' lang='lat' dir='ltr'><strong>AD</strong></span> <span class='ocrx_word' id='word_1_2' title='bbox 225 160 321 192; x_wconf 84' lang='lat' dir='ltr'><strong>SEN.</strong></span> <span class='ocrx_word' id='word_1_3' title='bbox 353 159 479 193; x_wconf 81' lang='lat' dir='ltr'><strong>CONS.</strong></span> <span class='ocrx_word' id='word_1_4' title='bbox 511 159 843 191; x_wconf 80' lang='lat' dir='ltr'><strong>TURPILLIANUM</strong></span> 
     </span>
    </p>
   </div>
   <div class='ocr_carea' id='block_1_2' title="bbox 130 270 1220 3471">
    <p class='ocr_par' dir='ltr' id='par_1_2' title="bbox 130 270 1220 3471">
     <span class='ocr_line' id='line_1_2' title="bbox 136 270 1219 317; baseline 0 -11"><span class='ocrx_word' id='word_1_5' title='bbox 136 281 214 306; x_wconf 88' lang='lat' dir='ltr'><strong>rum</strong></span> <span class='ocrx_word' id='word_1_6' title='bbox 249 270 458 307; x_wconf 84' lang='lat' dir='ltr'><strong>alterutrum</strong></span> <span class='ocrx_word' id='word_1_7' title='bbox 493 271 580 317; x_wconf 88' lang='lat' dir='ltr'><strong>ipsis</strong></span> <span class='ocrx_word' id='word_1_8' title='bbox 616 270 733 307; x_wconf 86' lang='lat' dir='ltr'><strong>verbis</strong></span> <span class='ocrx_word' id='word_1_9' title='bbox 771 270 1070 317; x_wconf 89' lang='lat' dir='ltr'><strong>pronuntiationis</strong></span> <span class='ocrx_word' id='word_1_10' title='bbox 1107 270 1219 306; x_wconf 88' lang='lat' dir='ltr'><strong>mani-</strong></span> 
     </span>
     <span class='ocr_line' id='line_1_3' title="bbox 136 316 1220 362; baseline 0.001 -11"><span class='ocrx_word' id='word_1_11' title='bbox 136 316 298 352; x_wconf 89' lang='lat' dir='ltr'><strong>festatur.</strong></span> <span class='ocrx_word' id='word_1_12' title='bbox 354 327 437 352; x_wconf 91' lang='lat' dir='ltr'><strong>nam</strong></span> <span class='ocrx_word' id='word_1_13' title='bbox 477 317 508 352; x_wconf 86' lang='lat' dir='ltr'><strong>si</strong></span> <span class='ocrx_word' id='word_1_14' title='bbox 547 316 689 361; x_wconf 87' lang='lat' dir='ltr'><strong>quidem</strong></span> <span class='ocrx_word' id='word_1_15' title='bbox 725 316 778 351; x_wconf 92' lang='lat' dir='ltr'><strong>ita</strong></span> <span class='ocrx_word' id='word_1_16' title='bbox 815 317 1097 362; x_wconf 78' lang='lat' dir='ltr'><strong>pronuntiaverit</strong></span> <span class='ocrx_word' id='word_1_17' title='bbox 1137 320 1220 352; x_wconf 90' lang='lat' dir='ltr'><strong>‘non</strong></span> 
     </span>
     <span class='ocr_line' id='line_1_4' title="bbox 136 361 1219 408; baseline 0.001 -12"><span class='ocrx_word' id='word_1_18' title='bbox 136 363 145 379; x_wconf 83' lang='lat'><strong><em>⁴</em></strong></span> <span class='ocrx_word' id='word_1_19' title='bbox 172 361 331 404; x_wconf 87' lang='lat' dir='ltr'><strong>robasti‘,</strong></span> <span class='ocrx_word' id='word_1_20' title='bbox 364 362 525 407; x_wconf 79' lang='lat' dir='ltr'><strong>pepercit</strong></span> <span class='ocrx_word' id='word_1_21' title='bbox 554 362 604 397; x_wconf 84' lang='lat' dir='ltr'><strong>ei:</strong></span> <span class='ocrx_word' id='word_1_22' title='bbox 638 362 694 397; x_wconf 89' lang='lat' dir='ltr'><strong>sin</strong></span> <span class='ocrx_word' id='word_1_23' title='bbox 723 365 842 397; x_wconf 89' lang='lat' dir='ltr'><strong>autem</strong></span> <span class='ocrx_word' id='word_1_24' title='bbox 873 362 1116 408; x_wconf 87' lang='lat' dir='ltr'><strong>pronuntiavit</strong></span> <span class='ocrx_word' id='word_1_25' title='bbox 1147 365 1219 397; x_wconf 90' lang='lat' dir='ltr'><strong>‘ca-</strong></span> 
     </span>
     <span class='ocr_line' id='line_1_5' title="bbox 135 406 1220 453; baseline 0 -12"><span class='ocrx_word' id='word_1_26' title='bbox 135 408 144 424; x_wconf 86' lang='lat'>‘</span> <span class='ocrx_word' id='word_1_27' title='bbox 161 406 339 443; x_wconf 87' lang='lat' dir='ltr'><strong>umniatus</strong></span> <span class='ocrx_word' id='word_1_28' title='bbox 362 407 413 442; x_wconf 84' lang='lat' dir='ltr'><strong>es’</strong></span> <span class='ocrx_word' id='word_1_29' title='bbox 425 409 446 450; x_wconf 87' lang='lat'><strong>¹,</strong></span> <span class='ocrx_word' id='word_1_30' title='bbox 479 406 724 442; x_wconf 89' lang='lat' dir='ltr'><strong>condemnavit</strong></span> <span class='ocrx_word' id='word_1_31' title='bbox 747 418 837 443; x_wconf 90' lang='lat' dir='ltr'><strong>eum.</strong></span> <span class='ocrx_word' id='word_1_32' title='bbox 890 411 927 443; x_wconf 91' lang='lat' dir='ltr'><strong>et</strong></span> <span class='ocrx_word' id='word_1_33' title='bbox 950 407 1109 453; x_wconf 86' lang='lat' dir='ltr'><strong>quamvis</strong></span> <span class='ocrx_word' id='word_1_34' title='bbox 1133 407 1220 442; x_wconf 90' lang='lat' dir='ltr'><strong>nihil</strong></span> 
     </span>
     <span class='ocr_line' id='line_1_6' title="bbox 135 451 1218 498; baseline 0 -11"><span class='ocrx_word' id='word_1_35' title='bbox 135 451 179 487; x_wconf 88' lang='lat' dir='ltr'><strong>de</strong></span> <span class='ocrx_word' id='word_1_36' title='bbox 208 462 327 498; x_wconf 87' lang='lat' dir='ltr'><strong>poena</strong></span> <span class='ocrx_word' id='word_1_37' title='bbox 357 452 565 495; x_wconf 83' lang='lat' dir='ltr'><strong>subiecerit,</strong></span> <span class='ocrx_word' id='word_1_38' title='bbox 595 456 714 488; x_wconf 87' lang='lat' dir='ltr'><strong>tamen</strong></span> <span class='ocrx_word' id='word_1_39' title='bbox 745 452 833 497; x_wconf 85' lang='lat' dir='ltr'><strong>legis</strong></span> <span class='ocrx_word' id='word_1_40' title='bbox 865 456 1024 498; x_wconf 88' lang='lat' dir='ltr'><strong>potestas</strong></span> <span class='ocrx_word' id='word_1_41' title='bbox 1048 452 1218 487; x_wconf 88' lang='lat' dir='ltr'><strong>adversus</strong></span> 
     </span>
     <span class='ocr_line' id='line_1_7' title="bbox 135 497 1218 543; baseline -0.001 -11"><span class='ocrx_word' id='word_1_42' title='bbox 135 506 216 532; x_wconf 90' lang='lat' dir='ltr'><strong>eum</strong></span> <span class='ocrx_word' id='word_1_43' title='bbox 248 497 488 532; x_wconf 81' lang='lat' dir='ltr'><strong>exercebitur:</strong></span> <span class='ocrx_word' id='word_1_44' title='bbox 529 508 628 540; x_wconf 92' lang='lat' dir='ltr'><strong>nam,</strong></span> <span class='ocrx_word' id='word_1_45' title='bbox 669 501 710 532; x_wconf 91' lang='lat' dir='ltr'><strong>ut</strong></span> <span class='ocrx_word' id='word_1_46' title='bbox 739 497 985 543; x_wconf 78' lang='lat' dir='ltr'><strong>Papinianus2</strong></span> <span class='ocrx_word' id='word_1_47' title='bbox 1022 497 1218 542; x_wconf 90' lang='lat' dir='ltr'><strong>respondit,</strong></span> 
     </span>
     <span class='ocr_line' id='line_1_8' title="bbox 136 541 1218 588; baseline 0.002 -12"><span class='ocrx_word' id='word_1_48' title='bbox 136 541 223 577; x_wconf 86' lang='lat' dir='ltr'><strong>sacti</strong></span> <span class='ocrx_word' id='word_1_49' title='bbox 248 542 387 587; x_wconf 89' lang='lat' dir='ltr'><strong>quidem</strong></span> <span class='ocrx_word' id='word_1_50' title='bbox 411 542 571 587; x_wconf 80' lang='lat' dir='ltr'><strong>quaestio</strong></span> <span class='ocrx_word' id='word_1_51' title='bbox 595 543 633 578; x_wconf 94' lang='lat' dir='ltr'><strong>in</strong></span> <span class='ocrx_word' id='word_1_52' title='bbox 657 543 804 578; x_wconf 90' lang='lat' dir='ltr'><strong>arbitrio</strong></span> <span class='ocrx_word' id='word_1_53' title='bbox 828 547 883 578; x_wconf 90' lang='lat' dir='ltr'><strong>est</strong></span> <span class='ocrx_word' id='word_1_54' title='bbox 905 543 1108 586; x_wconf 89' lang='lat' dir='ltr'><strong>iudicantis,</strong></span> <span class='ocrx_word' id='word_1_55' title='bbox 1133 553 1218 588; x_wconf 89' lang='lat' dir='ltr'><strong>poe-</strong></span> 
     </span>
     <span class='ocr_line' id='line_1_9' title="bbox 136 587 1218 639; baseline 0 -17"><span class='ocrx_word' id='word_1_56' title='bbox 136 597 204 622; x_wconf 91' lang='lat' dir='ltr'><strong>nae</strong></span> <span class='ocrx_word' id='word_1_57' title='bbox 234 598 318 623; x_wconf 89' lang='lat' dir='ltr'><strong>vero</strong></span> <span class='ocrx_word' id='word_1_58' title='bbox 347 587 549 639; x_wconf 88' lang='lat' dir='ltr'><strong>persecutio</strong></span> <span class='ocrx_word' id='word_1_59' title='bbox 583 598 655 623; x_wconf 91' lang='lat' dir='ltr'><strong>non</strong></span> <span class='ocrx_word' id='word_1_60' title='bbox 688 589 764 624; x_wconf 89' lang='lat' dir='ltr'><strong>eius</strong></span> <span class='ocrx_word' id='word_1_61' title='bbox 803 588 979 624; x_wconf 89' lang='lat' dir='ltr'><strong>voluntati</strong></span> <span class='ocrx_word' id='word_1_62' title='bbox 1017 588 1218 639; x_wconf 72' lang='lat' dir='ltr'><strong>mandatur,</strong></span> 
     </span>
     <span class='ocr_line' id='line_1_10' title="bbox 135 632 1219 678; baseline 0 -11"><span class='ocrx_word' id='word_1_63' title='bbox 135 636 154 666; x_wconf 90' lang='lat'>5</span> <span class='ocrx_word' id='word_1_64' title='bbox 203 632 267 668; x_wconf 87' lang='lat' dir='ltr'><strong>sed</strong></span> <span class='ocrx_word' id='word_1_65' title='bbox 289 633 376 677; x_wconf 80' lang='lat' dir='ltr'><strong>legis</strong></span> <span class='ocrx_word' id='word_1_66' title='bbox 400 633 606 668; x_wconf 84' lang='lat' dir='ltr'><strong>auctoritati</strong></span> <span class='ocrx_word' id='word_1_67' title='bbox 628 637 842 669; x_wconf 88' lang='lat' dir='ltr'><strong>reservatur.</strong></span> <span class='ocrx_word' id='word_1_68' title='bbox 879 633 1010 677; x_wconf 80' lang='lat' dir='ltr'><strong>Quaeri</strong></span> <span class='ocrx_word' id='word_1_69' title='bbox 1033 633 1164 678; x_wconf 83' lang='lat' dir='ltr'><strong>possit,</strong></span> <span class='ocrx_word' id='word_1_70' title='bbox 1189 644 1219 668; x_wconf 93' lang='grc'><strong>01</strong></span> 
     </span>
     <span class='ocr_line' id='line_1_11' title="bbox 135 677 1218 714; baseline 0.001 -2"><span class='ocrx_word' id='word_1_71' title='bbox 135 677 186 712; x_wconf 87' lang='lat' dir='ltr'><strong>ita</strong></span> <span class='ocrx_word' id='word_1_72' title='bbox 215 677 325 713; x_wconf 87' lang='lat' dir='ltr'><strong>fuerit</strong></span> <span class='ocrx_word' id='word_1_73' title='bbox 347 677 600 714; x_wconf 82' lang='lat' dir='ltr'><strong>interlocutus:</strong></span> <span class='ocrx_word' id='word_1_74' title='bbox 635 678 778 714; x_wconf 88' lang='lat' dir='ltr'><strong>‘Lucius</strong></span> <span class='ocrx_word' id='word_1_75' title='bbox 803 678 920 714; x_wconf 91' lang='lat' dir='ltr'><strong>Titius</strong></span> <span class='ocrx_word' id='word_1_76' title='bbox 951 682 1083 714; x_wconf 91' lang='lat' dir='ltr'><strong>temere</strong></span> <span class='ocrx_word' id='word_1_77' title='bbox 1112 689 1218 714; x_wconf 90' lang='lat' dir='ltr'><strong>accu-</strong></span> 
     </span>
     <span class='ocr_line' id='line_1_12' title="bbox 136 722 1219 769; baseline 0 -11"><span class='ocrx_word' id='word_1_78' title='bbox 136 725 247 758; x_wconf 78' lang='lat' dir='ltr'><strong>‘sasse</strong></span> <span class='ocrx_word' id='word_1_79' title='bbox 276 722 439 765; x_wconf 85' lang='lat' dir='ltr'><strong>videtur&#39;,</strong></span> <span class='ocrx_word' id='word_1_80' title='bbox 480 733 526 758; x_wconf 90' lang='lat' dir='ltr'><strong>an</strong></span> <span class='ocrx_word' id='word_1_81' title='bbox 558 723 850 760; x_wconf 84' lang='lat' dir='ltr'><strong>calumniatorem</strong></span> <span class='ocrx_word' id='word_1_82' title='bbox 889 724 1140 769; x_wconf 82' lang='lat' dir='ltr'><strong>pronuntiasse</strong></span> <span class='ocrx_word' id='word_1_83' title='bbox 1168 724 1219 759; x_wconf 93' lang='lat' dir='ltr'><strong>vi—</strong></span> 
     </span>
     <span class='ocr_line' id='line_1_13' title="bbox 135 767 1219 813; baseline 0.001 -11"><span class='ocrx_word' id='word_1_84' title='bbox 135 768 271 803; x_wconf 89' lang='lat' dir='ltr'><strong>deatur.</strong></span> <span class='ocrx_word' id='word_1_85' title='bbox 318 771 354 803; x_wconf 90' lang='lat' dir='ltr'><strong>et</strong></span> <span class='ocrx_word' id='word_1_86' title='bbox 377 767 595 813; x_wconf 87' lang='lat' dir='ltr'><strong>Papinianus</strong></span> <span class='ocrx_word' id='word_1_87' title='bbox 618 769 852 805; x_wconf 85' lang='lat' dir='ltr'><strong>temeritatem</strong></span> <span class='ocrx_word' id='word_1_88' title='bbox 875 768 1058 804; x_wconf 84' lang='lat' dir='ltr'><strong>facilitatis</strong></span> <span class='ocrx_word' id='word_1_89' title='bbox 1081 769 1219 804; x_wconf 90' lang='lat' dir='ltr'><strong>veniam</strong></span> 
     </span>
     <span class='ocr_line' id='line_1_14' title="bbox 135 813 1219 850; baseline 0.001 -2"><span class='ocrx_word' id='word_1_90' title='bbox 135 813 316 848; x_wconf 84' lang='lat' dir='ltr'><strong>continere</strong></span> <span class='ocrx_word' id='word_1_91' title='bbox 355 816 392 848; x_wconf 92' lang='lat' dir='ltr'><strong>et</strong></span> <span class='ocrx_word' id='word_1_92' title='bbox 420 813 661 849; x_wconf 89' lang='lat' dir='ltr'><strong>inconsultum</strong></span> <span class='ocrx_word' id='word_1_93' title='bbox 701 815 855 850; x_wconf 88' lang='lat' dir='ltr'><strong>calorem</strong></span> <span class='ocrx_word' id='word_1_94' title='bbox 893 814 1092 849; x_wconf 89' lang='lat' dir='ltr'><strong>calumniae</strong></span> <span class='ocrx_word' id='word_1_95' title='bbox 1128 814 1219 849; x_wconf 87' lang='lat' dir='ltr'><strong>vitio</strong></span> 
     </span>
     <span class='ocr_line' id='line_1_15' title="bbox 135 858 1217 905; baseline 0 -12"><span class='ocrx_word' id='word_1_96' title='bbox 135 868 257 893; x_wconf 89' lang='lat' dir='ltr'><strong>carere</strong></span> <span class='ocrx_word' id='word_1_97' title='bbox 276 861 312 893; x_wconf 93' lang='lat' dir='ltr'><strong>et</strong></span> <span class='ocrx_word' id='word_1_98' title='bbox 331 858 377 894; x_wconf 92' lang='lat' dir='ltr'><strong>ob</strong></span> <span class='ocrx_word' id='word_1_99' title='bbox 400 858 438 893; x_wconf 92' lang='lat' dir='ltr'><strong>id</strong></span> <span class='ocrx_word' id='word_1_100' title='bbox 461 859 556 894; x_wconf 90' lang='lat' dir='ltr'><strong>hunc</strong></span> <span class='ocrx_word' id='word_1_101' title='bbox 577 860 710 895; x_wconf 87' lang='lat' dir='ltr'><strong>nullam</strong></span> <span class='ocrx_word' id='word_1_102' title='bbox 729 869 881 905; x_wconf 88' lang='lat' dir='ltr'><strong>poenam</strong></span> <span class='ocrx_word' id='word_1_103' title='bbox 901 860 1021 894; x_wconf 89' lang='lat' dir='ltr'><strong>subire</strong></span> <span class='ocrx_word' id='word_1_104' title='bbox 1041 863 1217 905; x_wconf 83' lang='lat' dir='ltr'><strong>oportere.</strong></span> 
     </span>
     <span class='ocr_line' id='line_1_16' title="bbox 134 903 1217 949; baseline 0.001 -11"><span class='ocrx_word' id='word_1_105' title='bbox 134 906 154 938; x_wconf 88' lang='lat'><strong>6</strong></span> <span class='ocrx_word' id='word_1_106' title='bbox 200 903 527 939; x_wconf 90' lang='lat' dir='ltr'><strong>Praevaricatorem</strong></span> <span class='ocrx_word' id='word_1_107' title='bbox 560 914 639 939; x_wconf 90' lang='lat' dir='ltr'><strong>eum</strong></span> <span class='ocrx_word' id='word_1_108' title='bbox 669 914 748 940; x_wconf 90' lang='lat' dir='ltr'><strong>esse</strong></span> <span class='ocrx_word' id='word_1_109' title='bbox 779 904 1016 949; x_wconf 84' lang='lat' dir='ltr'><strong>ostendimus,</strong></span> <span class='ocrx_word' id='word_1_110' title='bbox 1054 905 1115 949; x_wconf 90' lang='lat' dir='ltr'><strong>qui</strong></span> <span class='ocrx_word' id='word_1_111' title='bbox 1145 905 1217 940; x_wconf 92' lang='lat' dir='ltr'><strong>col-</strong></span> 
     </span>
     <span class='ocr_line' id='line_1_17' title="bbox 133 948 1218 986; baseline 0.002 -4"><span class='ocrx_word' id='word_1_112' title='bbox 133 948 225 983; x_wconf 88' lang='lat' dir='ltr'><strong>ludit</strong></span> <span class='ocrx_word' id='word_1_113' title='bbox 262 959 342 983; x_wconf 91' lang='grc'><strong>0001</strong></span> <span class='ocrx_word' id='word_1_114' title='bbox 379 959 440 984; x_wconf 88' lang='grc'><strong>100</strong></span> <span class='ocrx_word' id='word_1_115' title='bbox 478 953 515 985; x_wconf 89' lang='grc'><strong>01</strong></span> <span class='ocrx_word' id='word_1_116' title='bbox 550 950 770 985; x_wconf 86' lang='lat' dir='ltr'><strong>translaticie</strong></span> <span class='ocrx_word' id='word_1_117' title='bbox 808 951 980 986; x_wconf 83' lang='lat' dir='ltr'><strong>munere³</strong></span> <span class='ocrx_word' id='word_1_118' title='bbox 1021 949 1218 985; x_wconf 89' lang='lat' dir='ltr'><strong>accusandi</strong></span> 
     </span>
     <span class='ocr_line' id='line_1_18' title="bbox 134 993 1218 1040; baseline 0.002 -12"><span class='ocrx_word' id='word_1_119' title='bbox 134 993 355 1038; x_wconf 86' lang='lat' dir='ltr'><strong>defungitur,</strong></span> <span class='ocrx_word' id='word_1_120' title='bbox 398 1004 441 1030; x_wconf 90' lang='lat' dir='ltr'><strong>eo</strong></span> <span class='ocrx_word' id='word_1_121' title='bbox 477 994 572 1039; x_wconf 91' lang='lat' dir='ltr'><strong>quod</strong></span> <span class='ocrx_word' id='word_1_122' title='bbox 610 995 775 1040; x_wconf 87' lang='lat' dir='ltr'><strong>proprias</strong></span> <span class='ocrx_word' id='word_1_123' title='bbox 811 995 951 1040; x_wconf 91' lang='lat' dir='ltr'><strong>quidem</strong></span> <span class='ocrx_word' id='word_1_124' title='bbox 986 995 1218 1040; x_wconf 85' lang='lat' dir='ltr'><strong>probationes</strong></span> 
     </span>
     <span class='ocr_line' id='line_1_19' title="bbox 134 1038 1215 1081; baseline 0.002 -8"><span class='ocrx_word' id='word_1_125' title='bbox 134 1038 390 1081; x_wconf 82' lang='lat' dir='ltr'><strong>dissimularet,</strong></span> <span class='ocrx_word' id='word_1_126' title='bbox 414 1039 526 1075; x_wconf 84' lang='lat' dir='ltr'><strong>falsas</strong></span> <span class='ocrx_word' id='word_1_127' title='bbox 549 1050 633 1075; x_wconf 91' lang='lat' dir='ltr'><strong>vero</strong></span> <span class='ocrx_word' id='word_1_128' title='bbox 656 1041 708 1075; x_wconf 92' lang='lat' dir='ltr'><strong>rei</strong></span> <span class='ocrx_word' id='word_1_129' title='bbox 731 1041 980 1076; x_wconf 88' lang='lat' dir='ltr'><strong>excusationes</strong></span> <span class='ocrx_word' id='word_1_130' title='bbox 1004 1041 1215 1076; x_wconf 89' lang='lat' dir='ltr'><strong>admitteret.</strong></span> 
     </span>
     <span class='ocr_line' id='line_1_20' title="bbox 135 1083 1218 1129; baseline 0.002 -11"><span class='ocrx_word' id='word_1_131' title='bbox 135 1087 153 1118; x_wconf 81' lang='lat'>7</span> <span class='ocrx_word' id='word_1_132' title='bbox 203 1083 241 1119; x_wconf 92' lang='lat' dir='ltr'><strong>Si</strong></span> <span class='ocrx_word' id='word_1_133' title='bbox 269 1084 348 1129; x_wconf 89' lang='lat' dir='ltr'><strong>quis</strong></span> <span class='ocrx_word' id='word_1_134' title='bbox 378 1087 498 1120; x_wconf 89' lang='lat' dir='ltr'><strong>autem</strong></span> <span class='ocrx_word' id='word_1_135' title='bbox 526 1085 573 1120; x_wconf 89' lang='lat' dir='ltr'><strong>ab</strong></span> <span class='ocrx_word' id='word_1_136' title='bbox 603 1086 831 1121; x_wconf 85' lang='lat' dir='ltr'><strong>accusatione</strong></span> <span class='ocrx_word' id='word_1_137' title='bbox 868 1085 959 1121; x_wconf 87' lang='lat' dir='ltr'><strong>citra</strong></span> <span class='ocrx_word' id='word_1_138' title='bbox 990 1085 1218 1122; x_wconf 86' lang='lat' dir='ltr'><strong>abolitionem</strong></span> 
     </span>
     <span class='ocr_line' id='line_1_21' title="bbox 134 1129 1217 1176; baseline 0.002 -12"><span class='ocrx_word' id='word_1_139' title='bbox 134 1131 154 1164; x_wconf 89' lang='lat'>8</span> <span class='ocrx_word' id='word_1_140' title='bbox 201 1129 394 1173; x_wconf 87' lang='lat' dir='ltr'><strong>destiterit,</strong></span> <span class='ocrx_word' id='word_1_141' title='bbox 424 1129 582 1175; x_wconf 91' lang='lat' dir='ltr'><strong>punitur.</strong></span> <span class='ocrx_word' id='word_1_142' title='bbox 629 1131 787 1166; x_wconf 91' lang='lat' dir='ltr'><strong>Abolitio</strong></span> <span class='ocrx_word' id='word_1_143' title='bbox 811 1131 976 1176; x_wconf 87' lang='lat' dir='ltr'><strong>privatim</strong></span> <span class='ocrx_word' id='word_1_144' title='bbox 1000 1141 1022 1166; x_wconf 91' lang='lat' dir='ltr'><strong>a</strong></span> <span class='ocrx_word' id='word_1_145' title='bbox 1045 1131 1217 1176; x_wconf 90' lang='lat' dir='ltr'><strong>praesidi-</strong></span> 
     </span>
     <span class='ocr_line' id='line_1_22' title="bbox 134 1174 1216 1221; baseline 0.002 -12"><span class='ocrx_word' id='word_1_146' title='bbox 134 1174 200 1210; x_wconf 85' lang='lat' dir='ltr'><strong>bus</strong></span> <span class='ocrx_word' id='word_1_147' title='bbox 224 1175 400 1220; x_wconf 81' lang='lat' dir='ltr'><strong>postulari</strong></span> <span class='ocrx_word' id='word_1_148' title='bbox 422 1185 466 1210; x_wconf 92' lang='lat' dir='ltr'><strong>ac</strong></span> <span class='ocrx_word' id='word_1_149' title='bbox 487 1175 672 1221; x_wconf 87' lang='lat' dir='ltr'><strong>impetrari</strong></span> <span class='ocrx_word' id='word_1_150' title='bbox 694 1176 804 1218; x_wconf 91' lang='lat' dir='ltr'><strong>solet,</strong></span> <span class='ocrx_word' id='word_1_151' title='bbox 835 1176 922 1211; x_wconf 88' lang='lat' dir='ltr'><strong>item</strong></span> <span class='ocrx_word' id='word_1_152' title='bbox 944 1187 1010 1220; x_wconf 90' lang='lat' dir='ltr'><strong>pro</strong></span> <span class='ocrx_word' id='word_1_153' title='bbox 1034 1176 1216 1219; x_wconf 90' lang='lat' dir='ltr'><strong>tribunali,</strong></span> 
     </span>
     <span class='ocr_line' id='line_1_23' title="bbox 133 1219 1218 1266; baseline 0 -10"><span class='ocrx_word' id='word_1_154' title='bbox 133 1230 206 1256; x_wconf 89' lang='lat' dir='ltr'><strong>non</strong></span> <span class='ocrx_word' id='word_1_155' title='bbox 230 1219 274 1255; x_wconf 91' lang='lat' dir='ltr'><strong>de</strong></span> <span class='ocrx_word' id='word_1_156' title='bbox 297 1219 423 1265; x_wconf 86' lang='lat' dir='ltr'><strong>plano:</strong></span> <span class='ocrx_word' id='word_1_157' title='bbox 454 1230 521 1255; x_wconf 91' lang='grc'><strong>000</strong></span> <span class='ocrx_word' id='word_1_158' title='bbox 543 1231 713 1266; x_wconf 86' lang='lat' dir='ltr'><strong>praesens</strong></span> <span class='ocrx_word' id='word_1_159' title='bbox 737 1222 830 1257; x_wconf 88' lang='lat' dir='ltr'><strong>hanc</strong></span> <span class='ocrx_word' id='word_1_160' title='bbox 854 1221 1089 1266; x_wconf 84' lang='lat' dir='ltr'><strong>cognitionem</strong></span> <span class='ocrx_word' id='word_1_161' title='bbox 1113 1221 1218 1256; x_wconf 90' lang='lat' dir='ltr'><strong>alteri</strong></span> 
     </span>
     <span class='ocr_line' id='line_1_24' title="bbox 134 1264 1216 1311; baseline 0.003 -12"><span class='ocrx_word' id='word_1_162' title='bbox 134 1267 155 1299; x_wconf 85' lang='lat'>9</span> <span class='ocrx_word' id='word_1_163' title='bbox 203 1264 417 1301; x_wconf 90' lang='lat' dir='ltr'><strong>demandare</strong></span> <span class='ocrx_word' id='word_1_164' title='bbox 439 1269 570 1310; x_wconf 88' lang='lat' dir='ltr'><strong>potest.</strong></span> <span class='ocrx_word' id='word_1_165' title='bbox 618 1266 657 1302; x_wconf 90' lang='lat' dir='ltr'><strong>Si</strong></span> <span class='ocrx_word' id='word_1_166' title='bbox 686 1266 792 1311; x_wconf 87' lang='lat' dir='ltr'><strong>plura</strong></span> <span class='ocrx_word' id='word_1_167' title='bbox 816 1267 964 1302; x_wconf 90' lang='lat' dir='ltr'><strong>crimina</strong></span> <span class='ocrx_word' id='word_1_168' title='bbox 986 1267 1079 1302; x_wconf 89' lang='lat' dir='ltr'><strong>idem</strong></span> <span class='ocrx_word' id='word_1_169' title='bbox 1103 1266 1216 1302; x_wconf 91' lang='lat' dir='ltr'><strong>eidem</strong></span> 
     </span>
     <span class='ocr_line' id='line_1_25' title="bbox 132 1310 1218 1357; baseline 0.003 -12"><span class='ocrx_word' id='word_1_170' title='bbox 132 1310 261 1353; x_wconf 87' lang='lat' dir='ltr'><strong>intulit,</strong></span> <span class='ocrx_word' id='word_1_171' title='bbox 287 1310 503 1356; x_wconf 79' lang='lat' dir='ltr'><strong>singulorum</strong></span> <span class='ocrx_word' id='word_1_172' title='bbox 527 1311 633 1346; x_wconf 90' lang='lat' dir='ltr'><strong>debet</strong></span> <span class='ocrx_word' id='word_1_173' title='bbox 652 1312 882 1347; x_wconf 87' lang='lat' dir='ltr'><strong>abolitionem</strong></span> <span class='ocrx_word' id='word_1_174' title='bbox 898 1315 1035 1357; x_wconf 89' lang='lat' dir='ltr'><strong>petere:</strong></span> <span class='ocrx_word' id='word_1_175' title='bbox 1060 1312 1218 1357; x_wconf 91' lang='lat' dir='ltr'><strong>alioquin</strong></span> 
     </span>
     <span class='ocr_line' id='line_1_26' title="bbox 131 1355 1218 1401; baseline 0.002 -11"><span class='ocrx_word' id='word_1_176' title='bbox 131 1358 242 1401; x_wconf 90' lang='lat' dir='ltr'><strong>prout</strong></span> <span class='ocrx_word' id='word_1_177' title='bbox 265 1355 348 1400; x_wconf 87' lang='lat' dir='ltr'><strong>quid</strong></span> <span class='ocrx_word' id='word_1_178' title='bbox 371 1355 553 1391; x_wconf 83' lang='lat' dir='ltr'><strong>admiserit</strong></span> <span class='ocrx_word' id='word_1_179' title='bbox 561 1357 586 1399; x_wconf 80' lang='lat'><strong>⁴¹,</strong></span> <span class='ocrx_word' id='word_1_180' title='bbox 620 1357 695 1392; x_wconf 88' lang='lat' dir='ltr'><strong>eius</strong></span> <span class='ocrx_word' id='word_1_181' title='bbox 726 1357 868 1392; x_wconf 88' lang='lat' dir='ltr'><strong>nomine</strong></span> <span class='ocrx_word' id='word_1_182' title='bbox 892 1361 1038 1393; x_wconf 86' lang='lat' dir='ltr'><strong>senatus</strong></span> <span class='ocrx_word' id='word_1_183' title='bbox 1063 1357 1218 1393; x_wconf 88' lang='lat' dir='ltr'><strong>consulti</strong></span> 
     </span>
     <span class='ocr_line' id='line_1_27' title="bbox 135 1401 1218 1448; baseline 0.002 -13"><span class='ocrx_word' id='word_1_184' title='bbox 135 1404 176 1435; x_wconf 88' lang='lat'><strong>10</strong></span> <span class='ocrx_word' id='word_1_185' title='bbox 223 1410 375 1445; x_wconf 90' lang='lat' dir='ltr'><strong>poenam</strong></span> <span class='ocrx_word' id='word_1_186' title='bbox 404 1401 572 1446; x_wconf 89' lang='lat' dir='ltr'><strong>patietur.</strong></span> <span class='ocrx_word' id='word_1_187' title='bbox 620 1402 898 1438; x_wconf 88' lang='lat' dir='ltr'><strong>Accusationem</strong></span> <span class='ocrx_word' id='word_1_188' title='bbox 927 1403 958 1438; x_wconf 91' lang='lat' dir='ltr'><strong>is</strong></span> <span class='ocrx_word' id='word_1_189' title='bbox 982 1402 1119 1446; x_wconf 90' lang='lat' dir='ltr'><strong>intulit,</strong></span> <span class='ocrx_word' id='word_1_190' title='bbox 1157 1403 1218 1448; x_wconf 90' lang='lat' dir='ltr'><strong>qui</strong></span> 
     </span>
     <span class='ocr_line' id='line_1_28' title="bbox 132 1445 1217 1493; baseline 0.002 -13"><span class='ocrx_word' id='word_1_191' title='bbox 132 1445 413 1491; x_wconf 88' lang='lat' dir='ltr'><strong>praescriptione</strong></span> <span class='ocrx_word' id='word_1_192' title='bbox 441 1447 653 1482; x_wconf 89' lang='lat' dir='ltr'><strong>summoveri</strong></span> <span class='ocrx_word' id='word_1_193' title='bbox 675 1451 834 1491; x_wconf 85' lang='lat' dir='ltr'><strong>poterat,</strong></span> <span class='ocrx_word' id='word_1_194' title='bbox 860 1449 922 1482; x_wconf 89' lang='lat' dir='ltr'><strong>ut⁵</strong></span> <span class='ocrx_word' id='word_1_195' title='bbox 946 1448 1095 1493; x_wconf 88' lang='lat' dir='ltr'><strong>quilibet</strong></span> <span class='ocrx_word' id='word_1_196' title='bbox 1115 1448 1217 1483; x_wconf 89' lang='lat' dir='ltr'><strong>adul-</strong></span> 
     </span>
     <span class='ocr_line' id='line_1_29' title="bbox 132 1491 1216 1537; baseline 0.003 -12"><span class='ocrx_word' id='word_1_197' title='bbox 132 1491 214 1527; x_wconf 92' lang='lat' dir='ltr'><strong>terii</strong></span> <span class='ocrx_word' id='word_1_198' title='bbox 243 1491 402 1526; x_wconf 89' lang='lat' dir='ltr'><strong>masculo</strong></span> <span class='ocrx_word' id='word_1_199' title='bbox 434 1495 518 1537; x_wconf 89' lang='lat' dir='ltr'><strong>post</strong></span> <span class='ocrx_word' id='word_1_200' title='bbox 549 1492 634 1536; x_wconf 89' lang='lat' dir='ltr'><strong>quin</strong></span> <span class='ocrx_word' id='word_1_201' title='bbox 659 1503 704 1527; x_wconf 88' lang='lat' dir='ltr'><strong>ue</strong></span> <span class='ocrx_word' id='word_1_202' title='bbox 734 1503 847 1528; x_wconf 89' lang='lat' dir='ltr'><strong>annos</strong></span> <span class='ocrx_word' id='word_1_203' title='bbox 879 1493 1068 1528; x_wconf 89' lang='lat' dir='ltr'><strong>continuos</strong></span> <span class='ocrx_word' id='word_1_204' title='bbox 1092 1503 1136 1528; x_wconf 88' lang='lat' dir='ltr'><strong>ex</strong></span> <span class='ocrx_word' id='word_1_205' title='bbox 1160 1493 1216 1528; x_wconf 91' lang='lat' dir='ltr'><strong>die</strong></span> 
     </span>
     <span class='ocr_line' id='line_1_30' title="bbox 133 1536 1217 1583; baseline 0.002 -12"><span class='ocrx_word' id='word_1_206' title='bbox 133 1536 311 1572; x_wconf 86' lang='lat' dir='ltr'><strong>commissi</strong></span> <span class='ocrx_word' id='word_1_207' title='bbox 344 1536 511 1572; x_wconf 90' lang='lat' dir='ltr'><strong>adulterii</strong></span> <span class='ocrx_word' id='word_1_208' title='bbox 547 1537 603 1572; x_wconf 90' lang='lat' dir='ltr'><strong>vel</strong></span> <span class='ocrx_word' id='word_1_209' title='bbox 655 1538 790 1573; x_wconf 89' lang='lat' dir='ltr'><strong>eminae</strong></span> <span class='ocrx_word' id='word_1_210' title='bbox 828 1542 911 1583; x_wconf 90' lang='lat' dir='ltr'><strong>post</strong></span> <span class='ocrx_word' id='word_1_211' title='bbox 950 1539 1036 1574; x_wconf 79' lang='lat' dir='ltr'><strong>sex⁶</strong></span> <span class='ocrx_word' id='word_1_212' title='bbox 1078 1548 1217 1573; x_wconf 91' lang='lat' dir='ltr'><strong>menses</strong></span> 
     </span>
     <span class='ocr_line' id='line_1_31' title="bbox 132 1581 1216 1627; baseline 0.002 -11"><span class='ocrx_word' id='word_1_213' title='bbox 132 1581 238 1617; x_wconf 89' lang='lat' dir='ltr'><strong>utiles</strong></span> <span class='ocrx_word' id='word_1_214' title='bbox 269 1591 314 1617; x_wconf 86' lang='lat' dir='ltr'><strong>ex</strong></span> <span class='ocrx_word' id='word_1_215' title='bbox 343 1581 399 1617; x_wconf 89' lang='lat' dir='ltr'><strong>die</strong></span> <span class='ocrx_word' id='word_1_216' title='bbox 423 1581 581 1617; x_wconf 89' lang='lat' dir='ltr'><strong>divortii:</strong></span> <span class='ocrx_word' id='word_1_217' title='bbox 614 1593 678 1626; x_wconf 90' lang='lat' dir='ltr'><strong>an,</strong></span> <span class='ocrx_word' id='word_1_218' title='bbox 709 1583 741 1618; x_wconf 89' lang='lat' dir='ltr'><strong>si</strong></span> <span class='ocrx_word' id='word_1_219' title='bbox 774 1582 981 1627; x_wconf 87' lang='lat' dir='ltr'><strong>destiterit7,</strong></span> <span class='ocrx_word' id='word_1_220' title='bbox 1014 1584 1084 1619; x_wconf 88' lang='lat' dir='ltr'><strong>hoc</strong></span> <span class='ocrx_word' id='word_1_221' title='bbox 1113 1593 1216 1619; x_wconf 90' lang='lat' dir='ltr'><strong>sena-</strong></span> 
     </span>
     <span class='ocr_line' id='line_1_32' title="bbox 133 1626 1214 1672; baseline 0.003 -11"><span class='ocrx_word' id='word_1_222' title='bbox 133 1631 191 1662; x_wconf 85' lang='lat' dir='ltr'><strong>tus</strong></span> <span class='ocrx_word' id='word_1_223' title='bbox 215 1626 379 1662; x_wconf 88' lang='lat' dir='ltr'><strong>consulto</strong></span> <span class='ocrx_word' id='word_1_224' title='bbox 401 1627 511 1672; x_wconf 90' lang='lat' dir='ltr'><strong>plecti</strong></span> <span class='ocrx_word' id='word_1_225' title='bbox 535 1627 656 1670; x_wconf 90' lang='lat' dir='ltr'><strong>debet,</strong></span> <span class='ocrx_word' id='word_1_226' title='bbox 681 1628 796 1663; x_wconf 87' lang='lat' dir='ltr'><strong>belle⁸</strong></span> <span class='ocrx_word' id='word_1_227' title='bbox 820 1629 1016 1663; x_wconf 90' lang='lat' dir='ltr'><strong>dubitatur.</strong></span> <span class='ocrx_word' id='word_1_228' title='bbox 1064 1633 1183 1664; x_wconf 91' lang='lat' dir='ltr'><strong>movet</strong></span> <span class='ocrx_word' id='word_1_229' title='bbox 1191 1630 1214 1671; x_wconf 81' lang='lat'><strong>⁹,</strong></span> 
     </span>
     <span class='ocr_line' id='line_1_33' title="bbox 132 1672 1215 1724; baseline 0.003 -18"><span class='ocrx_word' id='word_1_230' title='bbox 132 1672 228 1724; x_wconf 88' lang='lat' dir='ltr'><strong>quod</strong></span> <span class='ocrx_word' id='word_1_231' title='bbox 250 1682 364 1717; x_wconf 85' lang='lat' dir='ltr'><strong>paene</strong></span> <span class='ocrx_word' id='word_1_232' title='bbox 386 1672 484 1707; x_wconf 90' lang='lat' dir='ltr'><strong>nulla</strong></span> <span class='ocrx_word' id='word_1_233' title='bbox 506 1673 575 1707; x_wconf 89' lang='lat' dir='ltr'><strong>erit</strong></span> <span class='ocrx_word' id='word_1_234' title='bbox 590 1674 785 1717; x_wconf 87' lang='lat' dir='ltr'><strong>accusatio,</strong></span> <span class='ocrx_word' id='word_1_235' title='bbox 812 1684 918 1718; x_wconf 90' lang='lat' dir='ltr'><strong>quam</strong></span> <span class='ocrx_word' id='word_1_236' title='bbox 937 1674 1106 1718; x_wconf 89' lang='lat' dir='ltr'><strong>temporis</strong></span> <span class='ocrx_word' id='word_1_237' title='bbox 1133 1684 1215 1718; x_wconf 88' lang='lat' dir='ltr'><strong>spa-</strong></span> 
     </span>
     <span class='ocr_line' id='line_1_34' title="bbox 131 1718 1215 1762; baseline 0 -8"><span class='ocrx_word' id='word_1_238' title='bbox 131 1720 219 1754; x_wconf 71' lang='lat' dir='ltr'><strong>tmm</strong></span> <span class='ocrx_word' id='word_1_239' title='bbox 242 1720 307 1752; x_wconf 90' lang='lat' dir='ltr'><strong>aut</strong></span> <span class='ocrx_word' id='word_1_240' title='bbox 328 1727 502 1762; x_wconf 88' lang='lat' dir='ltr'><strong>personae</strong></span> <span class='ocrx_word' id='word_1_241' title='bbox 530 1718 655 1752; x_wconf 88' lang='lat' dir='ltr'><strong>vitium</strong></span> <span class='ocrx_word' id='word_1_242' title='bbox 686 1719 887 1754; x_wconf 92' lang='lat' dir='ltr'><strong>omnimodo</strong></span> <span class='ocrx_word' id='word_1_243' title='bbox 916 1723 1113 1755; x_wconf 85' lang='lat' dir='ltr'><strong>removeret</strong></span> <span class='ocrx_word' id='word_1_244' title='bbox 1135 1730 1215 1754; x_wconf 92' lang='lat' dir='ltr'><strong>reo-</strong></span> 
     </span>
     <span class='ocr_line' id='line_1_35' title="bbox 133 1762 1219 1809; baseline 0.002 -12"><span class='ocrx_word' id='word_1_245' title='bbox 133 1773 201 1807; x_wconf 89' lang='lat' dir='ltr'><strong>que</strong></span> <span class='ocrx_word' id='word_1_246' title='bbox 213 1762 440 1797; x_wconf 87' lang='lat' dir='ltr'><strong>securitatem</strong></span> <span class='ocrx_word' id='word_1_247' title='bbox 459 1763 595 1798; x_wconf 88' lang='lat' dir='ltr'><strong>timoris</strong></span> <span class='ocrx_word' id='word_1_248' title='bbox 608 1773 652 1798; x_wconf 94' lang='lat' dir='ltr'><strong>ac</strong></span> <span class='ocrx_word' id='word_1_249' title='bbox 670 1763 822 1809; x_wconf 89' lang='lat' dir='ltr'><strong>periculi</strong></span> <span class='ocrx_word' id='word_1_250' title='bbox 832 1765 1067 1809; x_wconf 88' lang='lat' dir='ltr'><strong>promitteret.</strong></span> <span class='ocrx_word' id='word_1_251' title='bbox 1093 1768 1219 1800; x_wconf 90' lang='lat' dir='ltr'><strong>contra</strong></span> 
     </span>
     <span class='ocr_line' id='line_1_36' title="bbox 131 1807 1216 1854; baseline 0.003 -12"><span class='ocrx_word' id='word_1_252' title='bbox 131 1811 268 1850; x_wconf 89' lang='lat' dir='ltr'><strong>movet,</strong></span> <span class='ocrx_word' id='word_1_253' title='bbox 301 1807 397 1852; x_wconf 88' lang='lat' dir='ltr'><strong>quod</strong></span> <span class='ocrx_word' id='word_1_254' title='bbox 427 1808 694 1854; x_wconf 88' lang='lat' dir='ltr'><strong>qualiscumque</strong></span> <span class='ocrx_word' id='word_1_255' title='bbox 722 1810 905 1845; x_wconf 86' lang='lat' dir='ltr'><strong>accusatio</strong></span> <span class='ocrx_word' id='word_1_256' title='bbox 937 1809 1038 1844; x_wconf 92' lang='lat' dir='ltr'><strong>illata</strong></span> <span class='ocrx_word' id='word_1_257' title='bbox 1069 1820 1216 1854; x_wconf 87' lang='lat' dir='ltr'><strong>cognos-</strong></span> 
     </span>
     <span class='ocr_line' id='line_1_37' title="bbox 133 1852 1219 1895; baseline 0.003 -8"><span class='ocrx_word' id='word_1_258' title='bbox 133 1852 245 1888; x_wconf 89' lang='lat' dir='ltr'><strong>centis</strong></span> <span class='ocrx_word' id='word_1_259' title='bbox 275 1852 506 1895; x_wconf 90' lang='lat' dir='ltr'><strong>auctoritate,</strong></span> <span class='ocrx_word' id='word_1_260' title='bbox 537 1864 609 1889; x_wconf 93' lang='lat' dir='ltr'><strong>non</strong></span> <span class='ocrx_word' id='word_1_261' title='bbox 640 1855 844 1890; x_wconf 90' lang='lat' dir='ltr'><strong>accusantis</strong></span> <span class='ocrx_word' id='word_1_262' title='bbox 875 1855 1058 1890; x_wconf 90' lang='lat' dir='ltr'><strong>voluntate</strong></span> <span class='ocrx_word' id='word_1_263' title='bbox 1082 1854 1219 1890; x_wconf 90' lang='lat' dir='ltr'><strong>aboleri</strong></span> 
     </span>
     <span class='ocr_line' id='line_1_38' title="bbox 132 1897 1216 1945; baseline 0.003 -13"><span class='ocrx_word' id='word_1_264' title='bbox 132 1897 238 1933; x_wconf 89' lang='lat' dir='ltr'><strong>debet</strong></span> <span class='ocrx_word' id='word_1_265' title='bbox 268 1898 473 1943; x_wconf 87' lang='lat' dir='ltr'><strong>maioreque</strong></span> <span class='ocrx_word' id='word_1_266' title='bbox 502 1898 583 1934; x_wconf 92' lang='lat' dir='ltr'><strong>odio</strong></span> <span class='ocrx_word' id='word_1_267' title='bbox 613 1898 738 1943; x_wconf 87' lang='lat' dir='ltr'><strong>dignus</strong></span> <span class='ocrx_word' id='word_1_268' title='bbox 769 1899 1047 1943; x_wconf 87' lang='lat' dir='ltr'><strong>existimaretur,</strong></span> <span class='ocrx_word' id='word_1_269' title='bbox 1080 1900 1141 1945; x_wconf 84' lang='lat' dir='ltr'><strong>qui</strong></span> <span class='ocrx_word' id='word_1_270' title='bbox 1163 1903 1216 1935; x_wconf 91' lang='lat' dir='ltr'><strong>te-</strong></span> 
     </span>
     <span class='ocr_line' id='line_1_39' title="bbox 131 1942 1214 1989; baseline 0.002 -11"><span class='ocrx_word' id='word_1_271' title='bbox 131 1953 227 1979; x_wconf 84' lang='lat' dir='ltr'><strong>mere</strong></span> <span class='ocrx_word' id='word_1_272' title='bbox 255 1942 302 1978; x_wconf 88' lang='lat' dir='ltr'><strong>ad</strong></span> <span class='ocrx_word' id='word_1_273' title='bbox 331 1946 406 1978; x_wconf 87' lang='lat' dir='ltr'><strong>tam</strong></span> <span class='ocrx_word' id='word_1_274' title='bbox 438 1943 638 1988; x_wconf 90' lang='lat' dir='ltr'><strong>improbam</strong></span> <span class='ocrx_word' id='word_1_275' title='bbox 674 1944 939 1981; x_wconf 85' lang='lat' dir='ltr'><strong>accusationem</strong></span> <span class='ocrx_word' id='word_1_276' title='bbox 970 1945 1214 1989; x_wconf 89' lang='lat' dir='ltr'><strong>processisset.</strong></span> 
     </span>
     <span class='ocr_line' id='line_1_40' title="bbox 133 1988 1215 2035; baseline 0.003 -12"><span class='ocrx_word' id='word_1_277' title='bbox 133 1999 215 2033; x_wconf 85' lang='lat' dir='ltr'><strong>ergo</strong></span> <span class='ocrx_word' id='word_1_278' title='bbox 238 1988 356 2024; x_wconf 86' lang='lat' dir='ltr'><strong>verius</strong></span> <span class='ocrx_word' id='word_1_279' title='bbox 381 1991 436 2024; x_wconf 85' lang='lat' dir='ltr'><strong>est</strong></span> <span class='ocrx_word' id='word_1_280' title='bbox 458 1999 540 2024; x_wconf 90' lang='lat' dir='ltr'><strong>eum</strong></span> <span class='ocrx_word' id='word_1_281' title='bbox 571 1999 712 2034; x_wconf 89' lang='lat' dir='ltr'><strong>quoque</strong></span> <span class='ocrx_word' id='word_1_282' title='bbox 737 1989 781 2024; x_wconf 90' lang='lat' dir='ltr'><strong>de</strong></span> <span class='ocrx_word' id='word_1_283' title='bbox 805 2001 875 2035; x_wconf 91' lang='lat' dir='ltr'><strong>quo</strong></span> <span class='ocrx_word' id='word_1_284' title='bbox 899 1990 1078 2035; x_wconf 89' lang='lat' dir='ltr'><strong>loquimur</strong></span> <span class='ocrx_word' id='word_1_285' title='bbox 1100 1990 1138 2025; x_wconf 92' lang='lat' dir='ltr'><strong>in</strong></span> <span class='ocrx_word' id='word_1_286' title='bbox 1161 2001 1215 2026; x_wconf 90' lang='lat' dir='ltr'><strong>se-</strong></span> 
     </span>
     <span class='ocr_line' id='line_1_41' title="bbox 131 2033 1215 2080; baseline 0.002 -12"><span class='ocrx_word' id='word_1_287' title='bbox 131 2038 237 2068; x_wconf 89' lang='lat' dir='ltr'><strong>natus</strong></span> <span class='ocrx_word' id='word_1_288' title='bbox 262 2033 463 2069; x_wconf 89' lang='lat' dir='ltr'><strong>consultum</strong></span> <span class='ocrx_word' id='word_1_289' title='bbox 486 2033 643 2070; x_wconf 89' lang='lat' dir='ltr'><strong>incidere</strong></span> <span class='ocrx_word' id='word_1_290' title='bbox 667 2038 843 2079; x_wconf 88' lang='lat' dir='ltr'><strong>oportere.</strong></span> <span class='ocrx_word' id='word_1_291' title='bbox 892 2035 1023 2080; x_wconf 90' lang='lat' dir='ltr'><strong>adquin</strong></span> <span class='ocrx_word' id='word_1_292' title='bbox 1047 2035 1215 2080; x_wconf 90' lang='lat' dir='ltr'><strong>Papinia-</strong></span> 
     </span>
     <span class='ocr_line' id='line_1_42' title="bbox 131 2079 1216 2125; baseline 0.001 -11"><span class='ocrx_word' id='word_1_293' title='bbox 131 2089 197 2114; x_wconf 86' lang='lat' dir='ltr'><strong>nus</strong></span> <span class='ocrx_word' id='word_1_294' title='bbox 211 2080 239 2100; x_wconf 92' lang='lat'><strong>¹⁰</strong></span> <span class='ocrx_word' id='word_1_295' title='bbox 278 2079 463 2124; x_wconf 88' lang='lat' dir='ltr'><strong>respondit</strong></span> <span class='ocrx_word' id='word_1_296' title='bbox 504 2079 702 2121; x_wconf 89' lang='lat' dir='ltr'><strong>mulierem,</strong></span> <span class='ocrx_word' id='word_1_297' title='bbox 747 2090 838 2125; x_wconf 91' lang='lat' dir='ltr'><strong>quae</strong></span> <span class='ocrx_word' id='word_1_298' title='bbox 876 2080 1011 2115; x_wconf 89' lang='lat' dir='ltr'><strong>idcirco</strong></span> <span class='ocrx_word' id='word_1_299' title='bbox 1053 2081 1100 2115; x_wconf 90' lang='lat' dir='ltr'><strong>ad</strong></span> <span class='ocrx_word' id='word_1_300' title='bbox 1133 2080 1216 2115; x_wconf 80' lang='lat' dir='ltr'><strong>falsi</strong></span> 
     </span>
     <span class='ocr_line' id='line_1_43' title="bbox 131 2123 1216 2169; baseline 0.002 -11"><span class='ocrx_word' id='word_1_301' title='bbox 131 2123 395 2160; x_wconf 89' lang='lat' dir='ltr'><strong>accusationem</strong></span> <span class='ocrx_word' id='word_1_302' title='bbox 413 2134 487 2159; x_wconf 91' lang='lat' dir='ltr'><strong>non</strong></span> <span class='ocrx_word' id='word_1_303' title='bbox 505 2124 761 2169; x_wconf 87' lang='lat' dir='ltr'><strong>admitteretur,</strong></span> <span class='ocrx_word' id='word_1_304' title='bbox 788 2125 883 2169; x_wconf 91' lang='lat' dir='ltr'><strong>quod</strong></span> <span class='ocrx_word' id='word_1_305' title='bbox 906 2136 1006 2161; x_wconf 88' lang='lat' dir='ltr'><strong>suam</strong></span> <span class='ocrx_word' id='word_1_306' title='bbox 1027 2136 1216 2161; x_wconf 89' lang='lat' dir='ltr'><strong>suorumve</strong></span> 
     </span>
     <span class='ocr_line' id='line_1_44' title="bbox 131 2168 1214 2214; baseline 0.002 -10"><span class='ocrx_word' id='word_1_307' title='bbox 131 2168 296 2205; x_wconf 89' lang='lat' dir='ltr'><strong>iniuriam</strong></span> <span class='ocrx_word' id='word_1_308' title='bbox 315 2180 388 2204; x_wconf 91' lang='lat' dir='ltr'><strong>non</strong></span> <span class='ocrx_word' id='word_1_309' title='bbox 409 2173 694 2214; x_wconf 88' lang='lat' dir='ltr'><strong>persequeretur,</strong></span> <span class='ocrx_word' id='word_1_310' title='bbox 719 2170 946 2206; x_wconf 88' lang='lat' dir='ltr'><strong>desistentem</strong></span> <span class='ocrx_word' id='word_1_311' title='bbox 964 2174 1109 2206; x_wconf 86' lang='lat' dir='ltr'><strong>senatus</strong></span> <span class='ocrx_word' id='word_1_312' title='bbox 1130 2181 1214 2206; x_wconf 92' lang='lat' dir='ltr'><strong>con-</strong></span> 
     </span>
     <span class='ocr_line' id='line_1_45' title="bbox 131 2214 1214 2260; baseline 0.002 -11"><span class='ocrx_word' id='word_1_313' title='bbox 131 2214 227 2250; x_wconf 90' lang='lat' dir='ltr'><strong>sulto</strong></span> <span class='ocrx_word' id='word_1_314' title='bbox 252 2214 473 2259; x_wconf 87' lang='lat' dir='ltr'><strong>Turpilliano</strong></span> <span class='ocrx_word' id='word_1_315' title='bbox 497 2225 570 2250; x_wconf 91' lang='lat' dir='ltr'><strong>non</strong></span> <span class='ocrx_word' id='word_1_316' title='bbox 592 2215 710 2260; x_wconf 87' lang='lat' dir='ltr'><strong>plecti.</strong></span> <span class='ocrx_word' id='word_1_317' title='bbox 751 2226 836 2250; x_wconf 91' lang='lat' dir='ltr'><strong>num</strong></span> <span class='ocrx_word' id='word_1_318' title='bbox 860 2226 942 2260; x_wconf 88' lang='lat' dir='ltr'><strong>ergo</strong></span> <span class='ocrx_word' id='word_1_319' title='bbox 968 2219 1004 2251; x_wconf 91' lang='lat' dir='ltr'><strong>et</strong></span> <span class='ocrx_word' id='word_1_320' title='bbox 1026 2216 1063 2251; x_wconf 92' lang='lat' dir='ltr'><strong>in</strong></span> <span class='ocrx_word' id='word_1_321' title='bbox 1088 2216 1214 2252; x_wconf 89' lang='lat' dir='ltr'><strong>ceteris</strong></span> 
     </span>
     <span class='ocr_line' id='line_1_46' title="bbox 131 2259 1216 2306; baseline 0.002 -12"><span class='ocrx_word' id='word_1_322' title='bbox 131 2259 223 2294; x_wconf 92' lang='lat' dir='ltr'><strong>idem</strong></span> <span class='ocrx_word' id='word_1_323' title='bbox 253 2270 311 2295; x_wconf 90' lang='lat' dir='ltr'><strong>res</strong></span> <span class='ocrx_word' id='word_1_324' title='bbox 339 2270 491 2295; x_wconf 88' lang='lat' dir='ltr'><strong>onsurus</strong></span> <span class='ocrx_word' id='word_1_325' title='bbox 525 2260 594 2295; x_wconf 88' lang='lat' dir='ltr'><strong>sit?</strong></span> <span class='ocrx_word' id='word_1_326' title='bbox 640 2260 724 2305; x_wconf 89' lang='lat' dir='ltr'><strong>quid</strong></span> <span class='ocrx_word' id='word_1_327' title='bbox 748 2261 841 2296; x_wconf 93' lang='lat' dir='ltr'><strong>enim</strong></span> <span class='ocrx_word' id='word_1_328' title='bbox 870 2261 1036 2305; x_wconf 87' lang='lat' dir='ltr'><strong>interest,</strong></span> <span class='ocrx_word' id='word_1_329' title='bbox 1068 2265 1216 2306; x_wconf 88' lang='lat' dir='ltr'><strong>propter</strong></span> 
     </span>
     <span class='ocr_line' id='line_1_47' title="bbox 132 2304 1215 2352; baseline 0.001 -12"><span class='ocrx_word' id='word_1_330' title='bbox 132 2312 238 2340; x_wconf 71' lang='lat' dir='ltr'><strong>sexus</strong></span> <span class='ocrx_word' id='word_1_331' title='bbox 269 2304 304 2339; x_wconf 91' lang='lat' dir='ltr'><strong>in</strong></span> <span class='ocrx_word' id='word_1_332' title='bbox 332 2305 509 2339; x_wconf 91' lang='lat' dir='ltr'><strong>rmitatem</strong></span> <span class='ocrx_word' id='word_1_333' title='bbox 541 2315 589 2339; x_wconf 88' lang='lat' dir='ltr'><strong>an</strong></span> <span class='ocrx_word' id='word_1_334' title='bbox 623 2309 772 2351; x_wconf 85' lang='lat' dir='ltr'><strong>propter</strong></span> <span class='ocrx_word' id='word_1_335' title='bbox 811 2309 925 2341; x_wconf 88' lang='lat' dir='ltr'><strong>status</strong></span> <span class='ocrx_word' id='word_1_336' title='bbox 960 2307 1215 2352; x_wconf 88' lang='lat' dir='ltr'><strong>turpitudinem</strong></span> 
     </span>
     <span class='ocr_line' id='line_1_48' title="bbox 134 2350 1214 2404; baseline 0.002 -20"><span class='ocrx_word' id='word_1_337' title='bbox 134 2350 345 2395; x_wconf 82' lang='lat' dir='ltr'><strong>temporisve</strong></span> <span class='ocrx_word' id='word_1_338' title='bbox 375 2350 481 2385; x_wconf 88' lang='lat' dir='ltr'><strong>finem</strong></span> <span class='ocrx_word' id='word_1_339' title='bbox 511 2350 558 2385; x_wconf 92' lang='lat' dir='ltr'><strong>ad</strong></span> <span class='ocrx_word' id='word_1_340' title='bbox 589 2350 853 2386; x_wconf 88' lang='lat' dir='ltr'><strong>accusationem</strong></span> <span class='ocrx_word' id='word_1_341' title='bbox 877 2351 1032 2404; x_wconf 83' lang='lat' dir='ltr'><strong>aliquam</strong></span> <span class='ocrx_word' id='word_1_342' title='bbox 1055 2362 1128 2387; x_wconf 92' lang='grc'><strong>000</strong></span> <span class='ocrx_word' id='word_1_343' title='bbox 1152 2351 1214 2386; x_wconf 88' lang='grc'><strong>011-</strong></span> 
     </span>
     <span class='ocr_line' id='line_1_49' title="bbox 131 2395 1215 2442; baseline 0.003 -13"><span class='ocrx_word' id='word_1_344' title='bbox 131 2395 318 2430; x_wconf 81' lang='lat' dir='ltr'><strong>mittatur?</strong></span> <span class='ocrx_word' id='word_1_345' title='bbox 363 2395 546 2440; x_wconf 89' lang='lat' dir='ltr'><strong>multoque</strong></span> <span class='ocrx_word' id='word_1_346' title='bbox 583 2396 695 2440; x_wconf 85' lang='lat' dir='ltr'><strong>magis</strong></span> <span class='ocrx_word' id='word_1_347' title='bbox 732 2396 943 2431; x_wconf 79' lang='lat' dir='ltr'><strong>excludendi</strong></span> <span class='ocrx_word' id='word_1_348' title='bbox 981 2400 1082 2439; x_wconf 88' lang='lat' dir='ltr'><strong>sunt,</strong></span> <span class='ocrx_word' id='word_1_349' title='bbox 1119 2397 1215 2442; x_wconf 86' lang='lat' dir='ltr'><strong>quod</strong></span> 
     </span>
     <span class='ocr_line' id='line_1_50' title="bbox 131 2439 1213 2487; baseline 0.002 -12"><span class='ocrx_word' id='word_1_350' title='bbox 131 2439 288 2476; x_wconf 89' lang='lat' dir='ltr'><strong>mulieris</strong></span> <span class='ocrx_word' id='word_1_351' title='bbox 311 2439 452 2485; x_wconf 88' lang='lat' dir='ltr'><strong>quidem</strong></span> <span class='ocrx_word' id='word_1_352' title='bbox 475 2441 658 2476; x_wconf 87' lang='lat' dir='ltr'><strong>accusatio</strong></span> <span class='ocrx_word' id='word_1_353' title='bbox 682 2441 738 2476; x_wconf 90' lang='lat' dir='ltr'><strong>vel</strong></span> <span class='ocrx_word' id='word_1_354' title='bbox 761 2445 908 2486; x_wconf 90' lang='lat' dir='ltr'><strong>propter</strong></span> <span class='ocrx_word' id='word_1_355' title='bbox 930 2442 1114 2487; x_wconf 87' lang='lat' dir='ltr'><strong>proprium</strong></span> <span class='ocrx_word' id='word_1_356' title='bbox 1138 2442 1213 2477; x_wconf 88' lang='lat' dir='ltr'><strong>eius</strong></span> 
     </span>
     <span class='ocr_line' id='line_1_51' title="bbox 131 2484 1213 2531; baseline 0.003 -11"><span class='ocrx_word' id='word_1_357' title='bbox 131 2485 290 2520; x_wconf 91' lang='lat' dir='ltr'><strong>dolorem</strong></span> <span class='ocrx_word' id='word_1_358' title='bbox 312 2484 476 2520; x_wconf 84' lang='lat' dir='ltr'><strong>effectum</strong></span> <span class='ocrx_word' id='word_1_359' title='bbox 498 2486 631 2521; x_wconf 89' lang='lat' dir='ltr'><strong>habere</strong></span> <span class='ocrx_word' id='word_1_360' title='bbox 659 2487 792 2531; x_wconf 88' lang='lat' dir='ltr'><strong>potuit,</strong></span> <span class='ocrx_word' id='word_1_361' title='bbox 825 2487 968 2522; x_wconf 92' lang='lat' dir='ltr'><strong>illorum</strong></span> <span class='ocrx_word' id='word_1_362' title='bbox 997 2497 1080 2523; x_wconf 91' lang='lat' dir='ltr'><strong>vero</strong></span> <span class='ocrx_word' id='word_1_363' title='bbox 1105 2498 1213 2523; x_wconf 88' lang='lat' dir='ltr'><strong>accu-</strong></span> 
     </span>
     <span class='ocr_line' id='line_1_52' title="bbox 130 2530 1214 2577; baseline 0.002 -12"><span class='ocrx_word' id='word_1_364' title='bbox 130 2530 222 2566; x_wconf 87' lang='lat' dir='ltr'><strong>satio</strong></span> <span class='ocrx_word' id='word_1_365' title='bbox 245 2540 333 2565; x_wconf 87' lang='lat' dir='ltr'><strong>voce</strong></span> <span class='ocrx_word' id='word_1_366' title='bbox 357 2530 543 2565; x_wconf 87' lang='lat' dir='ltr'><strong>dumtaxat</strong></span> <span class='ocrx_word' id='word_1_367' title='bbox 565 2533 670 2566; x_wconf 90' lang='lat' dir='ltr'><strong>tenus</strong></span> <span class='ocrx_word' id='word_1_368' title='bbox 693 2532 891 2567; x_wconf 90' lang='lat' dir='ltr'><strong>intervenit.</strong></span> <span class='ocrx_word' id='word_1_369' title='bbox 928 2532 1062 2577; x_wconf 90' lang='lat' dir='ltr'><strong>adquin</strong></span> <span class='ocrx_word' id='word_1_370' title='bbox 1083 2532 1214 2568; x_wconf 90' lang='lat' dir='ltr'><strong>idem¹¹</strong></span> 
     </span>
     <span class='ocr_line' id='line_1_53' title="bbox 131 2575 1215 2622; baseline 0.003 -12"><span class='ocrx_word' id='word_1_371' title='bbox 131 2576 219 2610; x_wconf 89' lang='lat' dir='ltr'><strong>alias</strong></span> <span class='ocrx_word' id='word_1_372' title='bbox 244 2575 463 2611; x_wconf 89' lang='lat' dir='ltr'><strong>scribit-non</strong></span> <span class='ocrx_word' id='word_1_373' title='bbox 485 2586 592 2621; x_wconf 89' lang='lat' dir='ltr'><strong>posse</strong></span> <span class='ocrx_word' id='word_1_374' title='bbox 616 2576 768 2621; x_wconf 90' lang='lat' dir='ltr'><strong>aliquem</strong></span> <span class='ocrx_word' id='word_1_375' title='bbox 793 2576 883 2612; x_wconf 88' lang='lat' dir='ltr'><strong>duos</strong></span> <span class='ocrx_word' id='word_1_376' title='bbox 907 2577 1030 2612; x_wconf 90' lang='lat' dir='ltr'><strong>eodem</strong></span> <span class='ocrx_word' id='word_1_377' title='bbox 1054 2581 1215 2622; x_wconf 88' lang='lat' dir='ltr'><strong>tempore</strong></span> 
     </span>
     <span class='ocr_line' id='line_1_54' title="bbox 131 2620 1214 2667; baseline 0.003 -12"><span class='ocrx_word' id='word_1_378' title='bbox 131 2620 298 2655; x_wconf 89' lang='lat' dir='ltr'><strong>adulterii</strong></span> <span class='ocrx_word' id='word_1_379' title='bbox 320 2630 509 2663; x_wconf 89' lang='lat' dir='ltr'><strong>accusare,</strong></span> <span class='ocrx_word' id='word_1_380' title='bbox 535 2631 668 2656; x_wconf 89' lang='lat' dir='ltr'><strong>marem</strong></span> <span class='ocrx_word' id='word_1_381' title='bbox 691 2625 728 2656; x_wconf 92' lang='lat' dir='ltr'><strong>et</strong></span> <span class='ocrx_word' id='word_1_382' title='bbox 750 2621 929 2664; x_wconf 82' lang='lat' dir='ltr'><strong>feminam,</strong></span> <span class='ocrx_word' id='word_1_383' title='bbox 956 2626 991 2657; x_wconf 91' lang='lat' dir='ltr'><strong>et</strong></span> <span class='ocrx_word' id='word_1_384' title='bbox 1012 2627 1151 2667; x_wconf 89' lang='lat' dir='ltr'><strong>tamen,</strong></span> <span class='ocrx_word' id='word_1_385' title='bbox 1184 2624 1214 2658; x_wconf 91' lang='lat' dir='ltr'><strong>si</strong></span> 
     </span>
     <span class='ocr_line' id='line_1_55' title="bbox 131 2665 1214 2713; baseline 0.003 -13"><span class='ocrx_word' id='word_1_386' title='bbox 131 2665 272 2710; x_wconf 90' lang='lat' dir='ltr'><strong>utrique</strong></span> <span class='ocrx_word' id='word_1_387' title='bbox 303 2665 408 2701; x_wconf 88' lang='lat' dir='ltr'><strong>simul</strong></span> <span class='ocrx_word' id='word_1_388' title='bbox 447 2665 722 2709; x_wconf 86' lang='lat' dir='ltr'><strong>denuntiaverit,</strong></span> <span class='ocrx_word' id='word_1_389' title='bbox 762 2667 800 2702; x_wconf 94' lang='grc'><strong>10</strong></span> <span class='ocrx_word' id='word_1_390' title='bbox 837 2667 1022 2712; x_wconf 84' lang='grc'><strong>0111001100</strong></span> <span class='ocrx_word' id='word_1_391' title='bbox 1058 2678 1214 2713; x_wconf 90' lang='lat' dir='ltr'><strong>persona</strong></span> 
     </span>
     <span class='ocr_line' id='line_1_56' title="bbox 131 2710 1213 2755; baseline 0.002 -9"><span class='ocrx_word' id='word_1_392' title='bbox 131 2710 361 2746; x_wconf 87' lang='lat' dir='ltr'><strong>abolitionem</strong></span> <span class='ocrx_word' id='word_1_393' title='bbox 390 2720 471 2745; x_wconf 90' lang='lat' dir='ltr'><strong>eum</strong></span> <span class='ocrx_word' id='word_1_394' title='bbox 498 2713 619 2755; x_wconf 87' lang='lat' dir='ltr'><strong>petere</strong></span> <span class='ocrx_word' id='word_1_395' title='bbox 655 2710 802 2754; x_wconf 89' lang='lat' dir='ltr'><strong>debere,</strong></span> <span class='ocrx_word' id='word_1_396' title='bbox 834 2722 878 2747; x_wconf 94' lang='lat' dir='ltr'><strong>ne</strong></span> <span class='ocrx_word' id='word_1_397' title='bbox 906 2713 944 2747; x_wconf 93' lang='lat' dir='ltr'><strong>in</strong></span> <span class='ocrx_word' id='word_1_398' title='bbox 975 2713 1043 2748; x_wconf 92' lang='lat' dir='ltr'><strong>hoc</strong></span> <span class='ocrx_word' id='word_1_399' title='bbox 1068 2717 1213 2749; x_wconf 90' lang='lat' dir='ltr'><strong>senatus</strong></span> 
     </span>
     <span class='ocr_line' id='line_1_57' title="bbox 132 2755 1212 2803; baseline 0.003 -12"><span class='ocrx_word' id='word_1_400' title='bbox 132 2755 296 2791; x_wconf 86' lang='lat' dir='ltr'><strong>consulto</strong></span> <span class='ocrx_word' id='word_1_401' title='bbox 319 2755 467 2790; x_wconf 89' lang='lat' dir='ltr'><strong>incidat.</strong></span> <span class='ocrx_word' id='word_1_402' title='bbox 514 2755 599 2800; x_wconf 89' lang='lat' dir='ltr'><strong>quid</strong></span> <span class='ocrx_word' id='word_1_403' title='bbox 622 2766 730 2800; x_wconf 90' lang='lat' dir='ltr'><strong>porro</strong></span> <span class='ocrx_word' id='word_1_404' title='bbox 754 2756 880 2799; x_wconf 85' lang='lat' dir='ltr'><strong>refert,</strong></span> <span class='ocrx_word' id='word_1_405' title='bbox 913 2761 1061 2803; x_wconf 90' lang='lat' dir='ltr'><strong>propter</strong></span> <span class='ocrx_word' id='word_1_406' title='bbox 1084 2769 1212 2794; x_wconf 90' lang='lat' dir='ltr'><strong>causas</strong></span> 
     </span>
     <span class='ocr_line' id='line_1_58' title="bbox 132 2800 1214 2849; baseline 0.003 -13"><span class='ocrx_word' id='word_1_407' title='bbox 132 2810 242 2845; x_wconf 87' lang='lat' dir='ltr'><strong>supra</strong></span> <span class='ocrx_word' id='word_1_408' title='bbox 254 2801 282 2822; x_wconf 83' lang='lat'><strong>¹2</strong></span> <span class='ocrx_word' id='word_1_409' title='bbox 311 2800 462 2845; x_wconf 87' lang='lat' dir='ltr'><strong>scriptas</strong></span> <span class='ocrx_word' id='word_1_410' title='bbox 492 2801 674 2837; x_wconf 82' lang='lat' dir='ltr'><strong>accusatio</strong></span> <span class='ocrx_word' id='word_1_411' title='bbox 710 2812 782 2836; x_wconf 90' lang='lat' dir='ltr'><strong>non</strong></span> <span class='ocrx_word' id='word_1_412' title='bbox 811 2803 962 2837; x_wconf 89' lang='lat' dir='ltr'><strong>valuerit</strong></span> <span class='ocrx_word' id='word_1_413' title='bbox 992 2813 1038 2837; x_wconf 90' lang='lat' dir='ltr'><strong>an</strong></span> <span class='ocrx_word' id='word_1_414' title='bbox 1066 2807 1214 2849; x_wconf 88' lang='lat' dir='ltr'><strong>propter</strong></span> 
     </span>
     <span class='ocr_line' id='line_1_59' title="bbox 131 2847 1212 2890; baseline 0.005 -11"><span class='ocrx_word' id='word_1_415' title='bbox 131 2855 316 2880; x_wconf 89' lang='lat' dir='ltr'><strong>numerum</strong></span> <span class='ocrx_word' id='word_1_416' title='bbox 339 2855 572 2890; x_wconf 88' lang='lat' dir='ltr'><strong>personarum</strong></span> <span class='ocrx_word' id='word_1_417' title='bbox 595 2857 668 2881; x_wconf 92' lang='grc'><strong>000</strong></span> <span class='ocrx_word' id='word_1_418' title='bbox 691 2847 867 2882; x_wconf 90' lang='lat' dir='ltr'><strong>tenuerit?</strong></span> <span class='ocrx_word' id='word_1_419' title='bbox 913 2858 961 2882; x_wconf 88' lang='lat' dir='ltr'><strong>an</strong></span> <span class='ocrx_word' id='word_1_420' title='bbox 989 2848 1080 2884; x_wconf 87' lang='lat' dir='ltr'><strong>haec</strong></span> <span class='ocrx_word' id='word_1_421' title='bbox 1103 2849 1212 2884; x_wconf 91' lang='lat' dir='ltr'><strong>inter-</strong></span> 
     </span>
     <span class='ocr_line' id='line_1_60' title="bbox 132 2890 1212 2937; baseline 0.003 -11"><span class='ocrx_word' id='word_1_422' title='bbox 132 2891 221 2933; x_wconf 86' lang='lat' dir='ltr'><strong>sint,</strong></span> <span class='ocrx_word' id='word_1_423' title='bbox 253 2890 393 2935; x_wconf 87' lang='lat' dir='ltr'><strong>plenam</strong></span> <span class='ocrx_word' id='word_1_424' title='bbox 424 2890 590 2926; x_wconf 88' lang='lat' dir='ltr'><strong>habuerit</strong></span> <span class='ocrx_word' id='word_1_425' title='bbox 618 2891 746 2936; x_wconf 88' lang='lat' dir='ltr'><strong>aliquis</strong></span> <span class='ocrx_word' id='word_1_426' title='bbox 777 2892 972 2928; x_wconf 86' lang='lat' dir='ltr'><strong>accusandi</strong></span> <span class='ocrx_word' id='word_1_427' title='bbox 994 2892 1212 2937; x_wconf 89' lang='lat' dir='ltr'><strong>facultatem,</strong></span> 
     </span>
     <span class='ocr_line' id='line_1_61' title="bbox 132 2935 1212 2981; baseline 0.002 -9"><span class='ocrx_word' id='word_1_428' title='bbox 132 2935 196 2972; x_wconf 89' lang='lat' dir='ltr'><strong>sed</strong></span> <span class='ocrx_word' id='word_1_429' title='bbox 223 2939 371 2981; x_wconf 86' lang='lat' dir='ltr'><strong>propter</strong></span> <span class='ocrx_word' id='word_1_430' title='bbox 399 2945 633 2980; x_wconf 90' lang='lat' dir='ltr'><strong>personarum</strong></span> <span class='ocrx_word' id='word_1_431' title='bbox 670 2937 956 2973; x_wconf 89' lang='lat' dir='ltr'><strong>coniunctionem</strong></span> <span class='ocrx_word' id='word_1_432' title='bbox 986 2939 1033 2974; x_wconf 90' lang='lat' dir='ltr'><strong>ab</strong></span> <span class='ocrx_word' id='word_1_433' title='bbox 1063 2949 1212 2974; x_wconf 90' lang='lat' dir='ltr'><strong>accusa-</strong></span> 
     </span>
     <span class='ocr_line' id='line_1_62' title="bbox 131 2981 1213 3029; baseline 0.004 -14"><span class='ocrx_word' id='word_1_434' title='bbox 131 2981 228 3016; x_wconf 89' lang='lat' dir='ltr'><strong>tione</strong></span> <span class='ocrx_word' id='word_1_435' title='bbox 261 2984 537 3023; x_wconf 87' lang='lat' dir='ltr'><strong>summoveatur,</strong></span> <span class='ocrx_word' id='word_1_436' title='bbox 569 2992 616 3016; x_wconf 91' lang='lat' dir='ltr'><strong>an</strong></span> <span class='ocrx_word' id='word_1_437' title='bbox 638 2992 721 3017; x_wconf 92' lang='lat' dir='ltr'><strong>vero</strong></span> <span class='ocrx_word' id='word_1_438' title='bbox 754 2983 880 3018; x_wconf 89' lang='lat' dir='ltr'><strong>stricta</strong></span> <span class='ocrx_word' id='word_1_439' title='bbox 902 2983 1042 3018; x_wconf 90' lang='lat' dir='ltr'><strong>ratione</strong></span> <span class='ocrx_word' id='word_1_440' title='bbox 1066 2984 1213 3029; x_wconf 88' lang='lat' dir='ltr'><strong>quibus-</strong></span> 
     </span>
     <span class='ocr_line' id='line_1_63' title="bbox 132 3025 1214 3074; baseline 0.005 -14"><span class='ocrx_word' id='word_1_441' title='bbox 132 3026 214 3061; x_wconf 92' lang='lat' dir='ltr'><strong>dam</strong></span> <span class='ocrx_word' id='word_1_442' title='bbox 237 3025 430 3060; x_wconf 88' lang='lat' dir='ltr'><strong>accusandi</strong></span> <span class='ocrx_word' id='word_1_443' title='bbox 453 3025 607 3061; x_wconf 84' lang='lat' dir='ltr'><strong>facultas</strong></span> <span class='ocrx_word' id='word_1_444' title='bbox 630 3037 702 3062; x_wconf 92' lang='lat' dir='ltr'><strong>non</strong></span> <span class='ocrx_word' id='word_1_445' title='bbox 720 3029 922 3072; x_wconf 86' lang='lat' dir='ltr'><strong>competat?</strong></span> <span class='ocrx_word' id='word_1_446' title='bbox 946 3029 1072 3065; x_wconf 90' lang='lat' dir='ltr'><strong>merito</strong></span> <span class='ocrx_word' id='word_1_447' title='bbox 1090 3030 1214 3074; x_wconf 89' lang='lat' dir='ltr'><strong>itaque</strong></span> 
     </span>
     <span class='ocr_line' id='line_1_64' title="bbox 131 3070 1213 3117; baseline 0.003 -11"><span class='ocrx_word' id='word_1_448' title='bbox 131 3070 317 3106; x_wconf 89' lang='lat' dir='ltr'><strong>dicendum</strong></span> <span class='ocrx_word' id='word_1_449' title='bbox 340 3073 396 3106; x_wconf 84' lang='lat' dir='ltr'><strong>est</strong></span> <span class='ocrx_word' id='word_1_450' title='bbox 418 3080 538 3106; x_wconf 89' lang='lat' dir='ltr'><strong>omnes</strong></span> <span class='ocrx_word' id='word_1_451' title='bbox 562 3075 710 3116; x_wconf 89' lang='lat' dir='ltr'><strong>excepta</strong></span> <span class='ocrx_word' id='word_1_452' title='bbox 733 3073 880 3108; x_wconf 91' lang='lat' dir='ltr'><strong>muliere</strong></span> <span class='ocrx_word' id='word_1_453' title='bbox 903 3077 940 3109; x_wconf 93' lang='lat' dir='ltr'><strong>et</strong></span> <span class='ocrx_word' id='word_1_454' title='bbox 963 3074 1114 3117; x_wconf 91' lang='lat' dir='ltr'><strong>minore,</strong></span> <span class='ocrx_word' id='word_1_455' title='bbox 1144 3075 1213 3110; x_wconf 89' lang='lat' dir='ltr'><strong>nisi</strong></span> 
     </span>
     <span class='ocr_line' id='line_1_65' title="bbox 131 3116 1211 3161; baseline 0.002 -9"><span class='ocrx_word' id='word_1_456' title='bbox 131 3116 359 3152; x_wconf 87' lang='lat' dir='ltr'><strong>abolitionem</strong></span> <span class='ocrx_word' id='word_1_457' title='bbox 387 3116 573 3161; x_wconf 89' lang='lat' dir='ltr'><strong>petierint,</strong></span> <span class='ocrx_word' id='word_1_458' title='bbox 603 3116 641 3151; x_wconf 82' lang='lat' dir='ltr'><strong>in</strong></span> <span class='ocrx_word' id='word_1_459' title='bbox 669 3117 738 3153; x_wconf 90' lang='lat' dir='ltr'><strong>hoc</strong></span> <span class='ocrx_word' id='word_1_460' title='bbox 761 3122 907 3153; x_wconf 89' lang='lat' dir='ltr'><strong>senatus</strong></span> <span class='ocrx_word' id='word_1_461' title='bbox 932 3120 1135 3155; x_wconf 85' lang='lat' dir='ltr'><strong>consulto¹³</strong></span> <span class='ocrx_word' id='word_1_462' title='bbox 1158 3120 1211 3154; x_wconf 93' lang='lat' dir='ltr'><strong>in-</strong></span> 
     </span>
     <span class='ocr_line' id='line_1_66' title="bbox 137 3160 1213 3213; baseline 0.004 -18"><span class='ocrx_word' id='word_1_463' title='bbox 137 3165 171 3195; x_wconf 86' lang='grc'><strong>11</strong></span> <span class='ocrx_word' id='word_1_464' title='bbox 222 3160 350 3196; x_wconf 91' lang='lat' dir='ltr'><strong>cidere.</strong></span> <span class='ocrx_word' id='word_1_465' title='bbox 409 3161 573 3213; x_wconf 86' lang='lat' dir='ltr'><strong>Suspecti</strong></span> <span class='ocrx_word' id='word_1_466' title='bbox 595 3162 724 3197; x_wconf 90' lang='lat' dir='ltr'><strong>tutoris</strong></span> <span class='ocrx_word' id='word_1_467' title='bbox 747 3164 930 3199; x_wconf 88' lang='lat' dir='ltr'><strong>accusatio</strong></span> <span class='ocrx_word' id='word_1_468' title='bbox 952 3175 1018 3209; x_wconf 91' lang='lat' dir='ltr'><strong>pro</strong></span> <span class='ocrx_word' id='word_1_469' title='bbox 1042 3165 1213 3199; x_wconf 87' lang='lat' dir='ltr'><strong>tribunali</strong></span> 
     </span>
     <span class='ocr_line' id='line_1_67' title="bbox 131 3206 1211 3251; baseline 0.005 -11"><span class='ocrx_word' id='word_1_470' title='bbox 131 3208 269 3240; x_wconf 83' lang='lat' dir='ltr'><strong>tantum</strong></span> <span class='ocrx_word' id='word_1_471' title='bbox 299 3206 492 3241; x_wconf 83' lang='lat' dir='ltr'><strong>examinarl</strong></span> <span class='ocrx_word' id='word_1_472' title='bbox 520 3209 655 3251; x_wconf 86' lang='lat' dir='ltr'><strong>potest,</strong></span> <span class='ocrx_word' id='word_1_473' title='bbox 689 3210 724 3242; x_wconf 93' lang='lat' dir='ltr'><strong>et</strong></span> <span class='ocrx_word' id='word_1_474' title='bbox 754 3209 872 3244; x_wconf 91' lang='lat' dir='ltr'><strong>nullus</strong></span> <span class='ocrx_word' id='word_1_475' title='bbox 906 3209 998 3245; x_wconf 92' lang='lat' dir='ltr'><strong>alius</strong></span> <span class='ocrx_word' id='word_1_476' title='bbox 1022 3209 1067 3244; x_wconf 88' lang='grc'><strong>110</strong></span> <span class='ocrx_word' id='word_1_477' title='bbox 1089 3210 1211 3245; x_wconf 91' lang='lat' dir='ltr'><strong>huius-</strong></span> 
     </span>
     <span class='ocr_line' id='line_1_68' title="bbox 131 3250 1214 3299; baseline 0.005 -14"><span class='ocrx_word' id='word_1_478' title='bbox 131 3250 227 3286; x_wconf 89' lang='lat' dir='ltr'><strong>modi</strong></span> <span class='ocrx_word' id='word_1_479' title='bbox 245 3251 452 3296; x_wconf 88' lang='lat' dir='ltr'><strong>quaestione</strong></span> <span class='ocrx_word' id='word_1_480' title='bbox 469 3261 577 3296; x_wconf 89' lang='lat' dir='ltr'><strong>quam</strong></span> <span class='ocrx_word' id='word_1_481' title='bbox 600 3262 746 3296; x_wconf 89' lang='lat' dir='ltr'><strong>praeses</strong></span> <span class='ocrx_word' id='word_1_482' title='bbox 765 3254 997 3297; x_wconf 89' lang='lat' dir='ltr'><strong>pronuntiare</strong></span> <span class='ocrx_word' id='word_1_483' title='bbox 1016 3258 1151 3299; x_wconf 86' lang='lat' dir='ltr'><strong>potest:</strong></span> <span class='ocrx_word' id='word_1_484' title='bbox 1178 3258 1214 3290; x_wconf 92' lang='lat' dir='ltr'><strong>et</strong></span> 
     </span>
     <span class='ocr_line' id='line_1_69' title="bbox 131 3296 1212 3341; baseline 0.005 -11"><span class='ocrx_word' id='word_1_485' title='bbox 131 3299 250 3331; x_wconf 86' lang='lat' dir='ltr'><strong>tamen</strong></span> <span class='ocrx_word' id='word_1_486' title='bbox 273 3296 334 3341; x_wconf 89' lang='lat' dir='ltr'><strong>qui</strong></span> <span class='ocrx_word' id='word_1_487' title='bbox 357 3296 402 3331; x_wconf 89' lang='lat' dir='ltr'><strong>ab</strong></span> <span class='ocrx_word' id='word_1_488' title='bbox 427 3306 471 3332; x_wconf 91' lang='lat' dir='ltr'><strong>ea</strong></span> <span class='ocrx_word' id='word_1_489' title='bbox 495 3296 639 3339; x_wconf 89' lang='lat' dir='ltr'><strong>destitit,</strong></span> <span class='ocrx_word' id='word_1_490' title='bbox 664 3301 808 3333; x_wconf 90' lang='lat' dir='ltr'><strong>senatus</strong></span> <span class='ocrx_word' id='word_1_491' title='bbox 833 3299 995 3334; x_wconf 90' lang='lat' dir='ltr'><strong>consulto</strong></span> <span class='ocrx_word' id='word_1_492' title='bbox 1018 3310 1091 3335; x_wconf 91' lang='lat' dir='ltr'><strong>non</strong></span> <span class='ocrx_word' id='word_1_493' title='bbox 1114 3303 1212 3335; x_wconf 87' lang='lat' dir='ltr'><strong>tene-</strong></span> 
     </span>
     <span class='ocr_line' id='line_1_70' title="bbox 134 3341 1213 3387; baseline 0.004 -12"><span class='ocrx_word' id='word_1_494' title='bbox 134 3343 175 3375; x_wconf 86' lang='lat'><strong>12</strong></span> <span class='ocrx_word' id='word_1_495' title='bbox 221 3344 291 3375; x_wconf 88' lang='lat' dir='ltr'><strong>tur.</strong></span> <span class='ocrx_word' id='word_1_496' title='bbox 338 3341 427 3376; x_wconf 91' lang='lat' dir='ltr'><strong>Item</strong></span> <span class='ocrx_word' id='word_1_497' title='bbox 450 3342 481 3377; x_wconf 91' lang='lat' dir='ltr'><strong>si</strong></span> <span class='ocrx_word' id='word_1_498' title='bbox 513 3341 608 3376; x_wconf 89' lang='lat' dir='ltr'><strong>dicat</strong></span> <span class='ocrx_word' id='word_1_499' title='bbox 631 3341 758 3387; x_wconf 89' lang='lat' dir='ltr'><strong>aliquis</strong></span> <span class='ocrx_word' id='word_1_500' title='bbox 781 3343 818 3377; x_wconf 92' lang='lat' dir='ltr'><strong>in</strong></span> <span class='ocrx_word' id='word_1_501' title='bbox 841 3348 988 3379; x_wconf 87' lang='lat' dir='ltr'><strong>senatus</strong></span> <span class='ocrx_word' id='word_1_502' title='bbox 1012 3345 1213 3380; x_wconf 90' lang='lat' dir='ltr'><strong>consultum</strong></span> 
     </span>
     <span class='ocr_line' id='line_1_71' title="bbox 131 3385 1213 3435; baseline 0.005 -15"><span class='ocrx_word' id='word_1_503' title='bbox 131 3385 298 3422; x_wconf 86' lang='lat' dir='ltr'><strong>incidisse</strong></span> <span class='ocrx_word' id='word_1_504' title='bbox 336 3386 613 3432; x_wconf 88' lang='lat' dir='ltr'><strong>Turpillianum,</strong></span> <span class='ocrx_word' id='word_1_505' title='bbox 678 3387 827 3424; x_wconf 88' lang='lat' dir='ltr'><strong>raesidis</strong></span> <span class='ocrx_word' id='word_1_506' title='bbox 862 3393 917 3425; x_wconf 91' lang='lat' dir='ltr'><strong>est</strong></span> <span class='ocrx_word' id='word_1_507' title='bbox 955 3400 1064 3435; x_wconf 91' lang='lat' dir='ltr'><strong>super</strong></span> <span class='ocrx_word' id='word_1_508' title='bbox 1102 3400 1145 3425; x_wconf 89' lang='lat' dir='ltr'><strong>ea</strong></span> <span class='ocrx_word' id='word_1_509' title='bbox 1174 3400 1213 3425; x_wconf 90' lang='lat' dir='ltr'><strong>re</strong></span> 
     </span>
     <span class='ocr_line' id='line_1_72' title="bbox 131 3431 1213 3471; baseline 0.004 -5"><span class='ocrx_word' id='word_1_510' title='bbox 131 3431 248 3467; x_wconf 88' lang='lat' dir='ltr'><strong>notio:</strong></span> <span class='ocrx_word' id='word_1_511' title='bbox 284 3433 320 3467; x_wconf 91' lang='lat' dir='ltr'><strong>et</strong></span> <span class='ocrx_word' id='word_1_512' title='bbox 348 3434 469 3468; x_wconf 89' lang='lat' dir='ltr'><strong>tamen</strong></span> <span class='ocrx_word' id='word_1_513' title='bbox 492 3435 618 3468; x_wconf 83' lang='lat' dir='ltr'><strong>contra</strong></span> <span class='ocrx_word' id='word_1_514' title='bbox 673 3435 865 3469; x_wconf 88' lang='lat' dir='ltr'><strong>esertorem</strong></span> <span class='ocrx_word' id='word_1_515' title='bbox 887 3438 1033 3470; x_wconf 88' lang='lat' dir='ltr'><strong>senatus</strong></span> <span class='ocrx_word' id='word_1_516' title='bbox 1058 3436 1213 3471; x_wconf 90' lang='lat' dir='ltr'><strong>consulti</strong></span> 
     </span>
    </p>
   </div>
   <div class='ocr_carea' id='block_1_3' title="bbox 1209 144 1290 193">
    <p class='ocr_par' dir='ltr' id='par_1_3' title="bbox 1209 144 1290 193">
     <span class='ocr_line' id='line_1_73' title="bbox 1209 144 1290 193; baseline 0.012 -1"><span class='ocrx_word' id='word_1_517' title='bbox 1209 144 1290 193; x_wconf 82' lang='lat'><strong>809</strong></span> 
     </span>
    </p>
   </div>
   <div class='ocr_carea' id='block_1_4' title="bbox 2015 154 2371 198">
    <p class='ocr_par' dir='ltr' id='par_1_4' title="bbox 2015 154 2371 198">
     <span class='ocr_line' id='line_1_74' title="bbox 2015 154 2371 198; baseline 0.006 -2"><span class='ocrx_word' id='word_1_518' title='bbox 2015 154 2287 198; x_wconf 91' lang='lat' dir='ltr'>XXXXVIII</span> <span class='ocrx_word' id='word_1_519' title='bbox 2321 158 2371 198; x_wconf 79' lang='lat'><strong>16</strong></span> 
     </span>
    </p>
   </div>
   <div class='ocr_carea' id='block_1_5' title="bbox 1280 270 2376 3479">
    <p class='ocr_par' dir='ltr' id='par_1_5' title="bbox 1287 270 2374 1223">
     <span class='ocr_line' id='line_1_75' title="bbox 1289 270 2370 323; baseline 0.008 -18"><span class='ocrx_word' id='word_1_520' title='bbox 1289 281 1362 306; x_wconf 88' lang='grc'><strong>11011</strong></span> <span class='ocrx_word' id='word_1_521' title='bbox 1394 270 1583 306; x_wconf 84' lang='lat' dir='ltr'><strong>intervenit</strong></span> <span class='ocrx_word' id='word_1_522' title='bbox 1613 273 1794 309; x_wconf 86' lang='lat' dir='ltr'><strong>coercitio:</strong></span> <span class='ocrx_word' id='word_1_523' title='bbox 1853 276 1889 309; x_wconf 92' lang='lat' dir='ltr'><strong>ui</strong></span> <span class='ocrx_word' id='word_1_524' title='bbox 1920 278 2076 312; x_wconf 65' lang='grc' dir='ltr'><strong>01110111Μ</strong></span> <span class='ocrx_word' id='word_1_525' title='bbox 2101 278 2185 313; x_wconf 90' lang='lat' dir='ltr'><strong>dicit</strong></span> <span class='ocrx_word' id='word_1_526' title='bbox 2209 288 2310 323; x_wconf 92' lang='lat' dir='ltr'><strong>quem</strong></span> <span class='ocrx_word' id='word_1_527' title='bbox 2335 278 2370 313; x_wconf 89' lang='lat' dir='ltr'><strong>in</strong></span> 
     </span>
     <span class='ocr_line' id='line_1_76' title="bbox 1290 317 2369 364; baseline 0.007 -14"><span class='ocrx_word' id='word_1_528' title='bbox 1290 317 1358 351; x_wconf 92' lang='lat' dir='ltr'><strong>hoc</strong></span> <span class='ocrx_word' id='word_1_529' title='bbox 1392 319 1538 352; x_wconf 89' lang='lat' dir='ltr'><strong>senatus</strong></span> <span class='ocrx_word' id='word_1_530' title='bbox 1571 319 1733 353; x_wconf 86' lang='lat' dir='ltr'><strong>consulto</strong></span> <span class='ocrx_word' id='word_1_531' title='bbox 1764 320 1834 354; x_wconf 91' lang='lat' dir='ltr'><strong>inci</strong></span> <span class='ocrx_word' id='word_1_532' title='bbox 1860 321 1946 364; x_wconf 90' lang='lat' dir='ltr'><strong>isse,</strong></span> <span class='ocrx_word' id='word_1_533' title='bbox 1985 328 2174 359; x_wconf 88' lang='lat' dir='ltr'><strong>accusator</strong></span> <span class='ocrx_word' id='word_1_534' title='bbox 2203 335 2274 359; x_wconf 90' lang='lat' dir='ltr'><strong>non</strong></span> <span class='ocrx_word' id='word_1_535' title='bbox 2305 328 2369 360; x_wconf 88' lang='lat' dir='ltr'><strong>est.</strong></span> 
     </span>
     <span class='ocr_line' id='line_1_77' title="bbox 1293 361 2370 414; baseline 0.009 -19"><span class='ocrx_word' id='word_1_536' title='bbox 1293 365 1332 396; x_wconf 87' lang='lat'><strong>13</strong></span> <span class='ocrx_word' id='word_1_537' title='bbox 1380 361 1512 396; x_wconf 89' lang='lat' dir='ltr'><strong>Incidit</strong></span> <span class='ocrx_word' id='word_1_538' title='bbox 1540 361 1578 396; x_wconf 92' lang='lat' dir='ltr'><strong>in</strong></span> <span class='ocrx_word' id='word_1_539' title='bbox 1608 363 1676 397; x_wconf 90' lang='grc'><strong>1100</strong></span> <span class='ocrx_word' id='word_1_540' title='bbox 1709 368 1853 399; x_wconf 88' lang='lat' dir='ltr'><strong>senatus</strong></span> <span class='ocrx_word' id='word_1_541' title='bbox 1884 367 2045 402; x_wconf 90' lang='lat' dir='ltr'><strong>consulto</strong></span> <span class='ocrx_word' id='word_1_542' title='bbox 2080 372 2116 403; x_wconf 86' lang='lat' dir='ltr'><strong>et</strong></span> <span class='ocrx_word' id='word_1_543' title='bbox 2138 369 2199 414; x_wconf 89' lang='lat' dir='ltr'><strong>qui</strong></span> <span class='ocrx_word' id='word_1_544' title='bbox 2223 380 2370 404; x_wconf 84' lang='lat' dir='ltr'><strong>accusa-</strong></span> 
     </span>
     <span class='ocr_line' id='line_1_78' title="bbox 1289 406 2371 457; baseline 0.009 -17"><span class='ocrx_word' id='word_1_545' title='bbox 1289 410 1403 442; x_wconf 90' lang='lat' dir='ltr'><strong>torem</strong></span> <span class='ocrx_word' id='word_1_546' title='bbox 1426 406 1614 442; x_wconf 89' lang='lat' dir='ltr'><strong>summittit</strong></span> <span class='ocrx_word' id='word_1_547' title='bbox 1638 411 1700 442; x_wconf 90' lang='lat' dir='ltr'><strong>aut</strong></span> <span class='ocrx_word' id='word_1_548' title='bbox 1730 409 1889 454; x_wconf 79' lang='lat' dir='ltr'><strong>instigat,</strong></span> <span class='ocrx_word' id='word_1_549' title='bbox 1922 415 1984 446; x_wconf 91' lang='lat' dir='ltr'><strong>aut</strong></span> <span class='ocrx_word' id='word_1_550' title='bbox 2014 413 2074 457; x_wconf 91' lang='lat' dir='ltr'><strong>qui</strong></span> <span class='ocrx_word' id='word_1_551' title='bbox 2096 414 2242 449; x_wconf 87' lang='lat' dir='ltr'><strong>mandat</strong></span> <span class='ocrx_word' id='word_1_552' title='bbox 2264 414 2371 449; x_wconf 89' lang='lat' dir='ltr'><strong>alicui</strong></span> 
     </span>
     <span class='ocr_line' id='line_1_79' title="bbox 1290 452 2370 503; baseline 0.008 -17"><span class='ocrx_word' id='word_1_553' title='bbox 1290 455 1326 486; x_wconf 90' lang='lat' dir='ltr'><strong>et</strong></span> <span class='ocrx_word' id='word_1_554' title='bbox 1360 452 1507 487; x_wconf 90' lang='lat' dir='ltr'><strong>instruit</strong></span> <span class='ocrx_word' id='word_1_555' title='bbox 1540 462 1620 487; x_wconf 91' lang='lat' dir='ltr'><strong>eum</strong></span> <span class='ocrx_word' id='word_1_556' title='bbox 1656 452 1701 487; x_wconf 88' lang='lat' dir='ltr'><strong>ad</strong></span> <span class='ocrx_word' id='word_1_557' title='bbox 1737 456 2000 492; x_wconf 85' lang='lat' dir='ltr'><strong>accusationem</strong></span> <span class='ocrx_word' id='word_1_558' title='bbox 2033 460 2221 503; x_wconf 90' lang='lat' dir='ltr'><strong>capitalem</strong></span> <span class='ocrx_word' id='word_1_559' title='bbox 2254 459 2370 495; x_wconf 89' lang='lat' dir='ltr'><strong>dando</strong></span> 
     </span>
     <span class='ocr_line' id='line_1_80' title="bbox 1288 497 2371 542; baseline 0.009 -12"><span class='ocrx_word' id='word_1_560' title='bbox 1288 497 1531 542; x_wconf 87' lang='lat' dir='ltr'><strong>probationes,</strong></span> <span class='ocrx_word' id='word_1_561' title='bbox 1557 497 1743 542; x_wconf 88' lang='lat' dir='ltr'><strong>allegando</strong></span> <span class='ocrx_word' id='word_1_562' title='bbox 1768 501 2031 537; x_wconf 87' lang='lat' dir='ltr'><strong>accusationes:</strong></span> <span class='ocrx_word' id='word_1_563' title='bbox 2065 507 2101 538; x_wconf 88' lang='lat' dir='ltr'><strong>et</strong></span> <span class='ocrx_word' id='word_1_564' title='bbox 2122 505 2264 539; x_wconf 88' lang='lat' dir='ltr'><strong>merito:</strong></span> <span class='ocrx_word' id='word_1_565' title='bbox 2289 515 2371 539; x_wconf 90' lang='lat' dir='ltr'><strong>nam</strong></span> 
     </span>
     <span class='ocr_line' id='line_1_81' title="bbox 1289 541 2370 594; baseline 0.009 -18"><span class='ocrx_word' id='word_1_566' title='bbox 1289 541 1482 577; x_wconf 86' lang='lat' dir='ltr'><strong>diffidendo</strong></span> <span class='ocrx_word' id='word_1_567' title='bbox 1516 542 1654 577; x_wconf 88' lang='lat' dir='ltr'><strong>crimini</strong></span> <span class='ocrx_word' id='word_1_568' title='bbox 1685 543 1780 588; x_wconf 91' lang='lat' dir='ltr'><strong>quod</strong></span> <span class='ocrx_word' id='word_1_569' title='bbox 1811 550 1927 580; x_wconf 89' lang='lat' dir='ltr'><strong>movet</strong></span> <span class='ocrx_word' id='word_1_570' title='bbox 1950 551 1986 581; x_wconf 89' lang='lat' dir='ltr'><strong>et</strong></span> <span class='ocrx_word' id='word_1_571' title='bbox 2009 548 2191 584; x_wconf 85' lang='lat' dir='ltr'><strong>eximendo</strong></span> <span class='ocrx_word' id='word_1_572' title='bbox 2215 560 2254 585; x_wconf 90' lang='lat' dir='ltr'><strong>se</strong></span> <span class='ocrx_word' id='word_1_573' title='bbox 2277 550 2370 594; x_wconf 87' lang='lat' dir='ltr'><strong>peri-</strong></span> 
     </span>
     <span class='ocr_line' id='line_1_82' title="bbox 1290 587 2370 630; baseline 0.007 -8"><span class='ocrx_word' id='word_1_574' title='bbox 1290 588 1370 623; x_wconf 87' lang='lat' dir='ltr'><strong>culo</strong></span> <span class='ocrx_word' id='word_1_575' title='bbox 1404 587 1603 624; x_wconf 88' lang='lat' dir='ltr'><strong>calumniae</strong></span> <span class='ocrx_word' id='word_1_576' title='bbox 1637 589 1692 623; x_wconf 86' lang='lat' dir='ltr'><strong>vel</strong></span> <span class='ocrx_word' id='word_1_577' title='bbox 1728 589 1936 626; x_wconf 90' lang='lat' dir='ltr'><strong>desertionis</strong></span> <span class='ocrx_word' id='word_1_578' title='bbox 1965 594 2089 629; x_wconf 91' lang='lat' dir='ltr'><strong>merito</strong></span> <span class='ocrx_word' id='word_1_579' title='bbox 2123 595 2370 630; x_wconf 89' lang='lat' dir='ltr'><strong>calumniantis</strong></span> 
     </span>
     <span class='ocr_line' id='line_1_83' title="bbox 1289 632 2371 680; baseline 0.008 -13"><span class='ocrx_word' id='word_1_580' title='bbox 1289 636 1325 668; x_wconf 92' lang='lat' dir='ltr'><strong>et</strong></span> <span class='ocrx_word' id='word_1_581' title='bbox 1349 632 1551 668; x_wconf 89' lang='lat' dir='ltr'><strong>desistentis</strong></span> <span class='ocrx_word' id='word_1_582' title='bbox 1575 643 1711 678; x_wconf 91' lang='lat' dir='ltr'><strong>poenae</strong></span> <span class='ocrx_word' id='word_1_583' title='bbox 1735 635 1839 669; x_wconf 88' lang='lat' dir='ltr'><strong>subdi</strong></span> <span class='ocrx_word' id='word_1_584' title='bbox 1852 637 1878 656; x_wconf 83' lang='lat'><strong>¹⁵</strong></span> <span class='ocrx_word' id='word_1_585' title='bbox 1903 636 2039 680; x_wconf 89' lang='lat' dir='ltr'><strong>debuit,</strong></span> <span class='ocrx_word' id='word_1_586' title='bbox 2064 638 2131 674; x_wconf 89' lang='lat' dir='ltr'><strong>nisi</strong></span> <span class='ocrx_word' id='word_1_587' title='bbox 2155 640 2371 675; x_wconf 86' lang='lat' dir='ltr'><strong>subornatus</strong></span> 
     </span>
     <span class='ocr_line' id='line_1_84' title="bbox 1289 679 2369 733; baseline 0.007 -21"><span class='ocrx_word' id='word_1_588' title='bbox 1289 682 1479 713; x_wconf 89' lang='lat' dir='ltr'><strong>accusator</strong></span> <span class='ocrx_word' id='word_1_589' title='bbox 1502 679 1708 724; x_wconf 90' lang='lat' dir='ltr'><strong>probaverit</strong></span> <span class='ocrx_word' id='word_1_590' title='bbox 1731 680 1863 715; x_wconf 90' lang='lat' dir='ltr'><strong>crimen</strong></span> <span class='ocrx_word' id='word_1_591' title='bbox 1884 682 1978 733; x_wconf 84' lang='lat' dir='ltr'><strong>quod</strong></span> <span class='ocrx_word' id='word_1_592' title='bbox 2002 683 2182 719; x_wconf 85' lang='lat' dir='ltr'><strong>intendere</strong></span> <span class='ocrx_word' id='word_1_593' title='bbox 2201 685 2369 730; x_wconf 90' lang='lat' dir='ltr'><strong>suscepit.</strong></span> 
     </span>
     <span class='ocr_line' id='line_1_85' title="bbox 1290 723 2372 775; baseline 0.008 -18"><span class='ocrx_word' id='word_1_594' title='bbox 1290 733 1356 758; x_wconf 90' lang='lat' dir='ltr'><strong>nec</strong></span> <span class='ocrx_word' id='word_1_595' title='bbox 1378 723 1543 767; x_wconf 90' lang='lat' dir='ltr'><strong>interest,</strong></span> <span class='ocrx_word' id='word_1_596' title='bbox 1576 734 1642 769; x_wconf 90' lang='lat' dir='ltr'><strong>per</strong></span> <span class='ocrx_word' id='word_1_597' title='bbox 1672 734 1711 759; x_wconf 88' lang='lat' dir='ltr'><strong>se</strong></span> <span class='ocrx_word' id='word_1_598' title='bbox 1740 725 1922 760; x_wconf 81' lang='lat' dir='ltr'><strong>mandavlt</strong></span> <span class='ocrx_word' id='word_1_599' title='bbox 1950 729 2214 764; x_wconf 88' lang='lat' dir='ltr'><strong>accusationem</strong></span> <span class='ocrx_word' id='word_1_600' title='bbox 2239 741 2285 764; x_wconf 91' lang='lat' dir='ltr'><strong>an</strong></span> <span class='ocrx_word' id='word_1_601' title='bbox 2308 740 2372 775; x_wconf 90' lang='lat' dir='ltr'><strong>per</strong></span> 
     </span>
     <span class='ocr_line' id='line_1_86' title="bbox 1288 768 2373 814; baseline 0.008 -12"><span class='ocrx_word' id='word_1_602' title='bbox 1288 768 1415 803; x_wconf 86' lang='lat' dir='ltr'><strong>alium:</strong></span> <span class='ocrx_word' id='word_1_603' title='bbox 1448 779 1571 804; x_wconf 88' lang='lat' dir='ltr'><strong>verum</strong></span> <span class='ocrx_word' id='word_1_604' title='bbox 1595 769 1707 811; x_wconf 91' lang='lat' dir='ltr'><strong>hunc,</strong></span> <span class='ocrx_word' id='word_1_605' title='bbox 1738 770 1800 814; x_wconf 91' lang='lat' dir='ltr'><strong>qui</strong></span> <span class='ocrx_word' id='word_1_606' title='bbox 1830 770 1898 805; x_wconf 91' lang='lat' dir='ltr'><strong>hoc</strong></span> <span class='ocrx_word' id='word_1_607' title='bbox 1921 772 2112 808; x_wconf 90' lang='lat' dir='ltr'><strong>ministerio</strong></span> <span class='ocrx_word' id='word_1_608' title='bbox 2137 786 2223 810; x_wconf 87' lang='lat' dir='ltr'><strong>usus</strong></span> <span class='ocrx_word' id='word_1_609' title='bbox 2248 780 2302 810; x_wconf 88' lang='lat' dir='ltr'><strong>est</strong></span> <span class='ocrx_word' id='word_1_610' title='bbox 2327 775 2373 810; x_wconf 87' lang='lat' dir='ltr'><strong>ad</strong></span> 
     </span>
     <span class='ocr_line' id='line_1_87' title="bbox 1288 813 2371 862; baseline 0.007 -14"><span class='ocrx_word' id='word_1_611' title='bbox 1288 813 1528 849; x_wconf 87' lang='lat' dir='ltr'><strong>mandandam</strong></span> <span class='ocrx_word' id='word_1_612' title='bbox 1561 815 1845 859; x_wconf 87' lang='lat' dir='ltr'><strong>accusationem,</strong></span> <span class='ocrx_word' id='word_1_613' title='bbox 1886 827 1958 850; x_wconf 90' lang='grc'><strong>0011</strong></span> <span class='ocrx_word' id='word_1_614' title='bbox 1996 828 2040 852; x_wconf 84' lang='lat' dir='ltr'><strong>ex</strong></span> <span class='ocrx_word' id='word_1_615' title='bbox 2070 820 2202 862; x_wconf 90' lang='lat' dir='ltr'><strong>verbis,</strong></span> <span class='ocrx_word' id='word_1_616' title='bbox 2235 820 2296 855; x_wconf 88' lang='lat' dir='ltr'><strong>sed</strong></span> <span class='ocrx_word' id='word_1_617' title='bbox 2328 831 2371 855; x_wconf 86' lang='lat' dir='ltr'><strong>ex</strong></span> 
     </span>
     <span class='ocr_line' id='line_1_88' title="bbox 1289 859 2370 909; baseline 0.006 -16"><span class='ocrx_word' id='word_1_618' title='bbox 1289 859 1466 894; x_wconf 88' lang='lat' dir='ltr'><strong>sententia</strong></span> <span class='ocrx_word' id='word_1_619' title='bbox 1497 863 1643 895; x_wconf 90' lang='lat' dir='ltr'><strong>senatus</strong></span> <span class='ocrx_word' id='word_1_620' title='bbox 1673 861 1827 896; x_wconf 89' lang='lat' dir='ltr'><strong>consulti</strong></span> <span class='ocrx_word' id='word_1_621' title='bbox 1856 862 1974 906; x_wconf 90' lang='lat' dir='ltr'><strong>puniri</strong></span> <span class='ocrx_word' id='word_1_622' title='bbox 2005 863 2222 909; x_wconf 89' lang='lat' dir='ltr'><strong>Papinianus</strong></span> <span class='ocrx_word' id='word_1_623' title='bbox 2236 866 2263 886; x_wconf 83' lang='lat'><strong>¹⁶</strong></span> <span class='ocrx_word' id='word_1_624' title='bbox 2296 876 2370 900; x_wconf 91' lang='lat' dir='ltr'><strong>res-</strong></span> 
     </span>
     <span class='ocr_line' id='line_1_89' title="bbox 1287 904 2372 949; baseline 0.006 -10"><span class='ocrx_word' id='word_1_625' title='bbox 1287 904 1424 949; x_wconf 91' lang='lat' dir='ltr'><strong>pondit.</strong></span> <span class='ocrx_word' id='word_1_626' title='bbox 1472 905 1683 941; x_wconf 91' lang='lat' dir='ltr'><strong>summissus</strong></span> <span class='ocrx_word' id='word_1_627' title='bbox 1715 906 1809 941; x_wconf 90' lang='lat' dir='ltr'><strong>enim</strong></span> <span class='ocrx_word' id='word_1_628' title='bbox 1840 910 2031 942; x_wconf 88' lang='lat' dir='ltr'><strong>accusator</strong></span> <span class='ocrx_word' id='word_1_629' title='bbox 2061 909 2220 945; x_wconf 81' lang='lat' dir='ltr'><strong>similiter</strong></span> <span class='ocrx_word' id='word_1_630' title='bbox 2249 910 2372 946; x_wconf 88' lang='lat' dir='ltr'><strong>eodem</strong></span> 
     </span>
     <span class='ocr_line' id='line_1_90' title="bbox 1287 950 2373 1005; baseline 0.006 -20"><span class='ocrx_word' id='word_1_631' title='bbox 1287 953 1434 985; x_wconf 89' lang='lat' dir='ltr'><strong>senatus</strong></span> <span class='ocrx_word' id='word_1_632' title='bbox 1459 951 1623 986; x_wconf 89' lang='lat' dir='ltr'><strong>consulto</strong></span> <span class='ocrx_word' id='word_1_633' title='bbox 1646 950 1834 996; x_wconf 89' lang='lat' dir='ltr'><strong>plectitur,</strong></span> <span class='ocrx_word' id='word_1_634' title='bbox 1859 951 1896 986; x_wconf 91' lang='lat' dir='ltr'><strong>id</strong></span> <span class='ocrx_word' id='word_1_635' title='bbox 1919 956 1974 987; x_wconf 91' lang='lat' dir='ltr'><strong>est</strong></span> <span class='ocrx_word' id='word_1_636' title='bbox 1997 957 2143 1005; x_wconf 84' lang='lat' dir='ltr'><strong>propter</strong></span> <span class='ocrx_word' id='word_1_637' title='bbox 2165 955 2233 990; x_wconf 91' lang='lat' dir='ltr'><strong>hoc</strong></span> <span class='ocrx_word' id='word_1_638' title='bbox 2258 956 2373 990; x_wconf 91' lang='lat' dir='ltr'><strong>solum</strong></span> 
     </span>
     <span class='ocr_line' id='line_1_91' title="bbox 1287 995 2370 1045; baseline 0.006 -16"><span class='ocrx_word' id='word_1_639' title='bbox 1287 995 1456 1039; x_wconf 90' lang='lat' dir='ltr'><strong>punitur,</strong></span> <span class='ocrx_word' id='word_1_640' title='bbox 1499 995 1596 1040; x_wconf 89' lang='lat' dir='ltr'><strong>quod</strong></span> <span class='ocrx_word' id='word_1_641' title='bbox 1636 996 1869 1032; x_wconf 89' lang='lat' dir='ltr'><strong>ministerium</strong></span> <span class='ocrx_word' id='word_1_642' title='bbox 1907 997 2015 1032; x_wconf 89' lang='lat' dir='ltr'><strong>aliem</strong></span> <span class='ocrx_word' id='word_1_643' title='bbox 2052 999 2188 1035; x_wconf 90' lang='lat' dir='ltr'><strong>timoris</strong></span> <span class='ocrx_word' id='word_1_644' title='bbox 2226 1001 2370 1045; x_wconf 89' lang='lat' dir='ltr'><strong>recepit.</strong></span> 
     </span>
     <span class='ocr_line' id='line_1_92' title="bbox 1291 1040 2374 1086; baseline 0.005 -11"><span class='ocrx_word' id='word_1_645' title='bbox 1291 1043 1331 1074; x_wconf 86' lang='lat'><strong>14</strong></span> <span class='ocrx_word' id='word_1_646' title='bbox 1377 1040 1476 1076; x_wconf 89' lang='lat' dir='ltr'><strong>Reus</strong></span> <span class='ocrx_word' id='word_1_647' title='bbox 1503 1041 1759 1077; x_wconf 89' lang='lat' dir='ltr'><strong>condemnatus</strong></span> <span class='ocrx_word' id='word_1_648' title='bbox 1784 1042 2010 1086; x_wconf 89' lang='lat' dir='ltr'><strong>provocavit,</strong></span> <span class='ocrx_word' id='word_1_649' title='bbox 2035 1043 2161 1079; x_wconf 89' lang='lat' dir='ltr'><strong>deinde</strong></span> <span class='ocrx_word' id='word_1_650' title='bbox 2185 1050 2374 1081; x_wconf 88' lang='lat' dir='ltr'><strong>accusator</strong></span> 
     </span>
     <span class='ocr_line' id='line_1_93' title="bbox 1287 1084 2374 1135; baseline 0.006 -15"><span class='ocrx_word' id='word_1_651' title='bbox 1287 1084 1440 1121; x_wconf 89' lang='lat' dir='ltr'><strong>destitit:</strong></span> <span class='ocrx_word' id='word_1_652' title='bbox 1466 1096 1513 1120; x_wconf 91' lang='lat' dir='ltr'><strong>an</strong></span> <span class='ocrx_word' id='word_1_653' title='bbox 1535 1086 1573 1121; x_wconf 93' lang='lat' dir='ltr'><strong>in</strong></span> <span class='ocrx_word' id='word_1_654' title='bbox 1595 1086 1665 1122; x_wconf 92' lang='lat' dir='ltr'><strong>hoc</strong></span> <span class='ocrx_word' id='word_1_655' title='bbox 1690 1091 1835 1123; x_wconf 88' lang='lat' dir='ltr'><strong>senatus</strong></span> <span class='ocrx_word' id='word_1_656' title='bbox 1861 1088 2022 1122; x_wconf 91' lang='lat' dir='ltr'><strong>consulto</strong></span> <span class='ocrx_word' id='word_1_657' title='bbox 2037 1089 2064 1109; x_wconf 87' lang='lat'><strong>¹³</strong></span> <span class='ocrx_word' id='word_1_658' title='bbox 2087 1089 2238 1124; x_wconf 83' lang='lat' dir='ltr'><strong>incidit?</strong></span> <span class='ocrx_word' id='word_1_659' title='bbox 2262 1101 2326 1135; x_wconf 92' lang='lat' dir='ltr'><strong>pro</strong></span> <span class='ocrx_word' id='word_1_660' title='bbox 2354 1101 2374 1126; x_wconf 85' lang='lat' dir='ltr'><strong>e</strong></span> 
     </span>
     <span class='ocr_line' id='line_1_94' title="bbox 1287 1131 2374 1178; baseline 0.006 -13"><span class='ocrx_word' id='word_1_661' title='bbox 1287 1134 1351 1174; x_wconf 89' lang='lat' dir='ltr'><strong>est,</strong></span> <span class='ocrx_word' id='word_1_662' title='bbox 1377 1134 1418 1166; x_wconf 92' lang='lat' dir='ltr'><strong>ut</strong></span> <span class='ocrx_word' id='word_1_663' title='bbox 1440 1131 1607 1167; x_wconf 88' lang='lat' dir='ltr'><strong>incidisse</strong></span> <span class='ocrx_word' id='word_1_664' title='bbox 1628 1131 1801 1175; x_wconf 90' lang='lat' dir='ltr'><strong>videatur,</strong></span> <span class='ocrx_word' id='word_1_665' title='bbox 1828 1132 1911 1178; x_wconf 90' lang='lat' dir='ltr'><strong>quia</strong></span> <span class='ocrx_word' id='word_1_666' title='bbox 1932 1134 2195 1178; x_wconf 87' lang='lat' dir='ltr'><strong>provocationis</strong></span> <span class='ocrx_word' id='word_1_667' title='bbox 2219 1146 2313 1171; x_wconf 90' lang='lat' dir='ltr'><strong>reme</strong></span> <span class='ocrx_word' id='word_1_668' title='bbox 2341 1136 2374 1171; x_wconf 86' lang='lat' dir='ltr'><strong>&#39;o</strong></span> 
     </span>
     <span class='ocr_line' id='line_1_95' title="bbox 1288 1175 2118 1223; baseline 0.004 -12"><span class='ocrx_word' id='word_1_669' title='bbox 1288 1175 1594 1212; x_wconf 89' lang='lat' dir='ltr'><strong>condemnationis</strong></span> <span class='ocrx_word' id='word_1_670' title='bbox 1618 1177 1840 1222; x_wconf 87' lang='lat' dir='ltr'><strong>extinguitur</strong></span> <span class='ocrx_word' id='word_1_671' title='bbox 1863 1179 2118 1223; x_wconf 87' lang='lat' dir='ltr'><strong>pronuntiatio.</strong></span> 
     </span>
    </p>

    <p class='ocr_par' dir='ltr' id='par_1_6' title="bbox 1312 1219 2375 1347">
     <span class='ocr_line' id='line_1_96' title="bbox 1333 1219 2375 1270; baseline 0.003 -12"><span class='ocrx_word' id='word_1_672' title='bbox 1333 1219 1359 1258; x_wconf 87' lang='lat'><strong>2</strong></span> <span class='ocrx_word' id='word_1_673' title='bbox 1386 1221 1544 1257; x_wconf 78' lang='lat' dir='ltr'><strong>PAULUs</strong></span> <span class='ocrx_word' id='word_1_674' title='bbox 1571 1222 1662 1258; x_wconf 85' lang='lat' dir='ltr'><strong>libro</strong></span> <span class='ocrx_word' id='word_1_675' title='bbox 1691 1223 1874 1268; x_wconf 70' lang='lat' dir='ltr'><strong>sinqularz·</strong></span> <span class='ocrx_word' id='word_1_676' title='bbox 1904 1224 1948 1258; x_wconf 80' lang='lat' dir='ltr'><strong>de</strong></span> <span class='ocrx_word' id='word_1_677' title='bbox 1971 1225 2106 1270; x_wconf 82' lang='lat' dir='ltr'><strong>poenis</strong></span> <span class='ocrx_word' id='word_1_678' title='bbox 2137 1226 2294 1260; x_wconf 80' lang='lat' dir='ltr'><strong>omnium</strong></span> <span class='ocrx_word' id='word_1_679' title='bbox 2327 1226 2375 1261; x_wconf 81' lang='lat' dir='ltr'><strong>le-</strong></span> 
     </span>
     <span class='ocr_line' id='line_1_97' title="bbox 1313 1266 2373 1346; baseline 0.005 -45"><span class='ocrx_word' id='word_1_680' title='bbox 1313 1277 1372 1346; x_wconf 44' lang='lat' dir='ltr'><strong>zssm</strong></span> <span class='ocrx_word' id='word_1_681' title='bbox 1419 1266 1489 1311; x_wconf 76' lang='lat' dir='ltr'><strong>Qui</strong></span> <span class='ocrx_word' id='word_1_682' title='bbox 1513 1267 1706 1311; x_wconf 90' lang='lat' dir='ltr'><strong>destiterit,</strong></span> <span class='ocrx_word' id='word_1_683' title='bbox 1731 1278 1836 1313; x_wconf 84' lang='lat' dir='ltr'><strong>agere</strong></span> <span class='ocrx_word' id='word_1_684' title='bbox 1861 1269 2012 1314; x_wconf 90' lang='lat' dir='ltr'><strong>amplius</strong></span> <span class='ocrx_word' id='word_1_685' title='bbox 2037 1273 2073 1305; x_wconf 90' lang='lat' dir='ltr'><strong>et</strong></span> <span class='ocrx_word' id='word_1_686' title='bbox 2096 1280 2268 1306; x_wconf 89' lang='lat' dir='ltr'><strong>accusare</strong></span> <span class='ocrx_word' id='word_1_687' title='bbox 2291 1282 2373 1317; x_wconf 90' lang='lat' dir='ltr'><strong>pro-</strong></span> 
     </span>
     <span class='ocr_line' id='line_1_98' title="bbox 1312 1312 1441 1347; baseline 0.008 -1"><span class='ocrx_word' id='word_1_688' title='bbox 1312 1312 1323 1346; x_wconf 91' lang='lat' dir='ltr'><strong>i</strong></span> <span class='ocrx_word' id='word_1_689' title='bbox 1351 1315 1441 1347; x_wconf 92' lang='lat' dir='ltr'><strong>etur.</strong></span> 
     </span>
    </p>

    <p class='ocr_par' dir='ltr' id='par_1_7' title="bbox 1286 1355 2375 1496">
     <span class='ocr_line' id='line_1_99' title="bbox 1333 1355 2374 1405; baseline 0.002 -11"><span class='ocrx_word' id='word_1_690' title='bbox 1333 1355 1356 1394; x_wconf 86' lang='lat'><strong>3</strong></span> <span class='ocrx_word' id='word_1_691' title='bbox 1377 1357 1486 1392; x_wconf 71' lang='lat' dir='ltr'><em>IDEM</em></span> <span class='ocrx_word' id='word_1_692' title='bbox 1504 1357 1596 1393; x_wconf 85' lang='lat' dir='ltr'><strong>libro</strong></span> <span class='ocrx_word' id='word_1_693' title='bbox 1614 1359 1738 1404; x_wconf 87' lang='lat' dir='ltr'><strong>primo</strong></span> <span class='ocrx_word' id='word_1_694' title='bbox 1753 1360 1780 1380; x_wconf 91' lang='lat'><strong>¹⁷</strong></span> <span class='ocrx_word' id='word_1_695' title='bbox 1803 1360 2061 1394; x_wconf 78' lang='lat' dir='ltr'><strong>sententiarum</strong></span> <span class='ocrx_word' id='word_1_696' title='bbox 2096 1360 2146 1395; x_wconf 90' lang='lat' dir='ltr'><strong>Et</strong></span> <span class='ocrx_word' id='word_1_697' title='bbox 2167 1360 2205 1395; x_wconf 91' lang='lat' dir='ltr'><strong>in</strong></span> <span class='ocrx_word' id='word_1_698' title='bbox 2228 1361 2374 1405; x_wconf 86' lang='lat' dir='ltr'><strong>privatis</strong></span> 
     </span>
     <span class='ocr_line' id='line_1_100' title="bbox 1286 1402 2375 1443; baseline 0.006 -7"><span class='ocrx_word' id='word_1_699' title='bbox 1286 1405 1323 1437; x_wconf 89' lang='lat' dir='ltr'><strong>et</strong></span> <span class='ocrx_word' id='word_1_700' title='bbox 1353 1402 1390 1437; x_wconf 91' lang='grc'><strong>10</strong></span> <span class='ocrx_word' id='word_1_701' title='bbox 1421 1403 1715 1439; x_wconf 87' lang='lat' dir='ltr'><strong>extraordinariis</strong></span> <span class='ocrx_word' id='word_1_702' title='bbox 1741 1404 1945 1440; x_wconf 90' lang='lat' dir='ltr'><strong>criminibus</strong></span> <span class='ocrx_word' id='word_1_703' title='bbox 1960 1405 1988 1425; x_wconf 80' lang='lat'><strong>¹⁸</strong></span> <span class='ocrx_word' id='word_1_704' title='bbox 2022 1416 2142 1441; x_wconf 90' lang='lat' dir='ltr'><strong>omnes</strong></span> <span class='ocrx_word' id='word_1_705' title='bbox 2168 1406 2375 1443; x_wconf 87' lang='lat' dir='ltr'><strong>calumniosi</strong></span> 
     </span>
     <span class='ocr_line' id='line_1_101' title="bbox 1288 1447 2266 1496; baseline 0.005 -15"><span class='ocrx_word' id='word_1_706' title='bbox 1288 1451 1389 1482; x_wconf 85' lang='lat' dir='ltr'><strong>extra</strong></span> <span class='ocrx_word' id='word_1_707' title='bbox 1413 1447 1570 1483; x_wconf 92' lang='lat' dir='ltr'><strong>ordinem</strong></span> <span class='ocrx_word' id='word_1_708' title='bbox 1593 1459 1660 1494; x_wconf 92' lang='lat' dir='ltr'><strong>pro</strong></span> <span class='ocrx_word' id='word_1_709' title='bbox 1686 1449 1857 1494; x_wconf 87' lang='lat' dir='ltr'><strong>qualitate</strong></span> <span class='ocrx_word' id='word_1_710' title='bbox 1881 1449 2028 1485; x_wconf 82' lang='lat' dir='ltr'><strong>admissi</strong></span> <span class='ocrx_word' id='word_1_711' title='bbox 2049 1451 2266 1496; x_wconf 90' lang='lat' dir='ltr'><strong>plectuntur.</strong></span> 
     </span>
    </p>

    <p class='ocr_par' dir='ltr' id='par_1_8' title="bbox 1286 1492 2376 1765">
     <span class='ocr_line' id='line_1_102' title="bbox 1333 1492 2373 1543; baseline 0.003 -14"><span class='ocrx_word' id='word_1_712' title='bbox 1333 1492 1358 1529; x_wconf 85' lang='lat'><strong>4</strong></span> <span class='ocrx_word' id='word_1_713' title='bbox 1371 1493 1398 1513; x_wconf 81' lang='lat'><strong>¹⁹</strong></span> <span class='ocrx_word' id='word_1_714' title='bbox 1422 1493 1669 1528; x_wconf 74' lang='lat' dir='ltr'><em>PAPJNJANUS</em></span> <span class='ocrx_word' id='word_1_715' title='bbox 1696 1495 1786 1530; x_wconf 80' lang='lat' dir='ltr'><strong>libro</strong></span> <span class='ocrx_word' id='word_1_716' title='bbox 1811 1496 1936 1541; x_wconf 85' lang='lat' dir='ltr'><strong>quinto</strong></span> <span class='ocrx_word' id='word_1_717' title='bbox 1961 1495 2096 1531; x_wconf 81' lang='lat' dir='ltr'><strong>decimo</strong></span> <span class='ocrx_word' id='word_1_718' title='bbox 2120 1507 2373 1543; x_wconf 81' lang='lat' dir='ltr'><strong>responsorum</strong></span> 
     </span>
     <span class='ocr_line' id='line_1_103' title="bbox 1286 1538 2374 1587; baseline 0.006 -15"><span class='ocrx_word' id='word_1_719' title='bbox 1286 1538 1437 1581; x_wconf 89' lang='lat' dir='ltr'><strong>Mulier,</strong></span> <span class='ocrx_word' id='word_1_720' title='bbox 1472 1548 1564 1583; x_wconf 89' lang='lat' dir='ltr'><strong>quae</strong></span> <span class='ocrx_word' id='word_1_721' title='bbox 1587 1538 1670 1574; x_wconf 90' lang='lat' dir='ltr'><strong>falsi</strong></span> <span class='ocrx_word' id='word_1_722' title='bbox 1695 1540 1828 1575; x_wconf 91' lang='lat' dir='ltr'><strong>crimen</strong></span> <span class='ocrx_word' id='word_1_723' title='bbox 1852 1540 2003 1575; x_wconf 88' lang='lat' dir='ltr'><strong>iniuriae</strong></span> <span class='ocrx_word' id='word_1_724' title='bbox 2026 1541 2192 1587; x_wconf 89' lang='lat' dir='ltr'><strong>propriae</strong></span> <span class='ocrx_word' id='word_1_725' title='bbox 2216 1546 2299 1587; x_wconf 87' lang='lat' dir='ltr'><strong>post</strong></span> <span class='ocrx_word' id='word_1_726' title='bbox 2321 1543 2374 1577; x_wconf 92' lang='lat' dir='ltr'><strong>in-</strong></span> 
     </span>
     <span class='ocr_line' id='line_1_104' title="bbox 1286 1583 2374 1629; baseline 0.005 -12"><span class='ocrx_word' id='word_1_727' title='bbox 1286 1583 1497 1628; x_wconf 90' lang='lat' dir='ltr'><strong>terpositam</strong></span> <span class='ocrx_word' id='word_1_728' title='bbox 1522 1583 1826 1621; x_wconf 90' lang='lat' dir='ltr'><strong>denuntiationem</strong></span> <span class='ocrx_word' id='word_1_729' title='bbox 1851 1585 2025 1622; x_wconf 90' lang='lat' dir='ltr'><strong>desistens</strong></span> <span class='ocrx_word' id='word_1_730' title='bbox 2051 1587 2179 1629; x_wconf 87' lang='lat' dir='ltr'><strong>omisit,</strong></span> <span class='ocrx_word' id='word_1_731' title='bbox 2205 1597 2248 1622; x_wconf 87' lang='lat' dir='ltr'><strong>ex</strong></span> <span class='ocrx_word' id='word_1_732' title='bbox 2271 1598 2374 1624; x_wconf 87' lang='lat' dir='ltr'><strong>sena-</strong></span> 
     </span>
     <span class='ocr_line' id='line_1_105' title="bbox 1291 1629 2376 1676; baseline 0.005 -14"><span class='ocrx_word' id='word_1_733' title='bbox 1291 1632 1303 1662; x_wconf 92' lang='lat'>1</span> <span class='ocrx_word' id='word_1_734' title='bbox 1355 1632 1415 1664; x_wconf 91' lang='lat' dir='ltr'><strong>tus</strong></span> <span class='ocrx_word' id='word_1_735' title='bbox 1441 1630 1605 1664; x_wconf 88' lang='lat' dir='ltr'><strong>consulto</strong></span> <span class='ocrx_word' id='word_1_736' title='bbox 1625 1629 1850 1676; x_wconf 88' lang='lat' dir='ltr'><strong>Turpilliano</strong></span> <span class='ocrx_word' id='word_1_737' title='bbox 1874 1632 1989 1667; x_wconf 90' lang='lat' dir='ltr'><strong>teneri</strong></span> <span class='ocrx_word' id='word_1_738' title='bbox 2012 1642 2084 1667; x_wconf 90' lang='lat' dir='ltr'><strong>non</strong></span> <span class='ocrx_word' id='word_1_739' title='bbox 2107 1632 2255 1667; x_wconf 83' lang='lat' dir='ltr'><strong>videtur.</strong></span> <span class='ocrx_word' id='word_1_740' title='bbox 2287 1633 2376 1669; x_wconf 90' lang='lat' dir='ltr'><strong>Post</strong></span> 
     </span>
     <span class='ocr_line' id='line_1_106' title="bbox 1288 1674 2370 1713; baseline 0.006 -6"><span class='ocrx_word' id='word_1_741' title='bbox 1288 1674 1518 1709; x_wconf 89' lang='lat' dir='ltr'><strong>abolitionem</strong></span> <span class='ocrx_word' id='word_1_742' title='bbox 1549 1674 1642 1710; x_wconf 88' lang='lat' dir='ltr'><strong>idem</strong></span> <span class='ocrx_word' id='word_1_743' title='bbox 1677 1676 1811 1711; x_wconf 91' lang='lat' dir='ltr'><strong>crimen</strong></span> <span class='ocrx_word' id='word_1_744' title='bbox 1846 1677 1891 1712; x_wconf 91' lang='lat' dir='ltr'><strong>ab</strong></span> <span class='ocrx_word' id='word_1_745' title='bbox 1925 1676 2049 1712; x_wconf 89' lang='lat' dir='ltr'><strong>eodem</strong></span> <span class='ocrx_word' id='word_1_746' title='bbox 2079 1677 2117 1712; x_wconf 92' lang='lat' dir='ltr'><strong>in</strong></span> <span class='ocrx_word' id='word_1_747' title='bbox 2148 1677 2370 1713; x_wconf 74' lang='grc' dir='ltr'><strong>0110110101οι</strong></span> 
     </span>
     <span class='ocr_line' id='line_1_107' title="bbox 1287 1719 1696 1765; baseline 0 -10"><span class='ocrx_word' id='word_1_748' title='bbox 1287 1719 1444 1755; x_wconf 87' lang='lat' dir='ltr'><strong>staurari</strong></span> <span class='ocrx_word' id='word_1_749' title='bbox 1467 1730 1540 1755; x_wconf 92' lang='lat' dir='ltr'><strong>non</strong></span> <span class='ocrx_word' id='word_1_750' title='bbox 1564 1724 1696 1765; x_wconf 90' lang='lat' dir='ltr'><strong>potest.</strong></span> 
     </span>
    </p>

    <p class='ocr_par' dir='ltr' id='par_1_9' title="bbox 1286 1763 2375 2026">
     <span class='ocr_line' id='line_1_108' title="bbox 1333 1763 2375 1813; baseline 0.003 -12"><span class='ocrx_word' id='word_1_751' title='bbox 1333 1763 1357 1801; x_wconf 86' lang='lat'>5</span> <span class='ocrx_word' id='word_1_752' title='bbox 1384 1764 1441 1798; x_wconf 72' lang='grc' dir='ltr'><strong>ΡΑ</strong></span> <span class='ocrx_word' id='word_1_753' title='bbox 1449 1774 1492 1800; x_wconf 78' lang='lat' dir='ltr'><strong>Ul.</strong></span> <span class='ocrx_word' id='word_1_754' title='bbox 1500 1774 1544 1800; x_wconf 80' lang='lat' dir='ltr'><strong>Us</strong></span> <span class='ocrx_word' id='word_1_755' title='bbox 1570 1766 1661 1801; x_wconf 81' lang='lat' dir='ltr'><strong>libro</strong></span> <span class='ocrx_word' id='word_1_756' title='bbox 1685 1766 1843 1801; x_wconf 80' lang='lat' dir='ltr'><strong>secundo</strong></span> <span class='ocrx_word' id='word_1_757' title='bbox 1867 1777 2122 1813; x_wconf 78' lang='lat' dir='ltr'><strong>responsorum</strong></span> <span class='ocrx_word' id='word_1_758' title='bbox 2169 1767 2375 1813; x_wconf 79' lang='lat' dir='ltr'><strong>Quaesitum</strong></span> 
     </span>
     <span class='ocr_line' id='line_1_109' title="bbox 1287 1809 2374 1856; baseline 0.006 -12"><span class='ocrx_word' id='word_1_759' title='bbox 1287 1812 1360 1851; x_wconf 92' lang='lat' dir='ltr'><strong>est,</strong></span> <span class='ocrx_word' id='word_1_760' title='bbox 1393 1819 1439 1844; x_wconf 90' lang='lat' dir='ltr'><strong>an</strong></span> <span class='ocrx_word' id='word_1_761' title='bbox 1462 1809 1511 1853; x_wconf 88' lang='lat' dir='ltr'><strong>is,</strong></span> <span class='ocrx_word' id='word_1_762' title='bbox 1537 1810 1599 1855; x_wconf 89' lang='lat' dir='ltr'><strong>qui</strong></span> <span class='ocrx_word' id='word_1_763' title='bbox 1622 1810 1743 1847; x_wconf 91' lang='lat' dir='ltr'><strong>libello</strong></span> <span class='ocrx_word' id='word_1_764' title='bbox 1766 1811 1960 1856; x_wconf 75' lang='lat' dir='ltr'><strong>principi²⁰</strong></span> <span class='ocrx_word' id='word_1_765' title='bbox 1989 1812 2071 1848; x_wconf 91' lang='lat' dir='ltr'><strong>dato</strong></span> <span class='ocrx_word' id='word_1_766' title='bbox 2095 1812 2225 1849; x_wconf 82' lang='lat' dir='ltr'><strong>falsum</strong></span> <span class='ocrx_word' id='word_1_767' title='bbox 2249 1824 2287 1849; x_wconf 90' lang='lat' dir='ltr'><strong>se</strong></span> <span class='ocrx_word' id='word_1_768' title='bbox 2311 1815 2374 1850; x_wconf 90' lang='lat' dir='ltr'><strong>ob-</strong></span> 
     </span>
     <span class='ocr_line' id='line_1_110' title="bbox 1286 1854 2375 1904; baseline 0.006 -16"><span class='ocrx_word' id='word_1_769' title='bbox 1286 1854 1461 1890; x_wconf 88' lang='lat' dir='ltr'><strong>iecturum</strong></span> <span class='ocrx_word' id='word_1_770' title='bbox 1485 1855 1640 1891; x_wconf 89' lang='lat' dir='ltr'><strong>minatus</strong></span> <span class='ocrx_word' id='word_1_771' title='bbox 1665 1859 1736 1900; x_wconf 92' lang='lat' dir='ltr'><strong>est,</strong></span> <span class='ocrx_word' id='word_1_772' title='bbox 1769 1857 1801 1892; x_wconf 88' lang='lat' dir='ltr'><strong>si</strong></span> <span class='ocrx_word' id='word_1_773' title='bbox 1823 1867 1897 1892; x_wconf 90' lang='lat' dir='ltr'><strong>non</strong></span> <span class='ocrx_word' id='word_1_774' title='bbox 1921 1857 2128 1901; x_wconf 89' lang='lat' dir='ltr'><strong>obiecisset,</strong></span> <span class='ocrx_word' id='word_1_775' title='bbox 2153 1858 2375 1904; x_wconf 91' lang='lat' dir='ltr'><strong>Turpilliano</strong></span> 
     </span>
     <span class='ocr_line' id='line_1_111' title="bbox 1286 1900 2372 1948; baseline 0.006 -14"><span class='ocrx_word' id='word_1_776' title='bbox 1286 1903 1433 1935; x_wconf 88' lang='lat' dir='ltr'><strong>senatus</strong></span> <span class='ocrx_word' id='word_1_777' title='bbox 1466 1900 1630 1936; x_wconf 88' lang='lat' dir='ltr'><strong>consulto</strong></span> <span class='ocrx_word' id='word_1_778' title='bbox 1661 1904 1814 1937; x_wconf 88' lang='lat' dir='ltr'><strong>tenetur.</strong></span> <span class='ocrx_word' id='word_1_779' title='bbox 1875 1902 2010 1938; x_wconf 89' lang='lat' dir='ltr'><strong>Paulus</strong></span> <span class='ocrx_word' id='word_1_780' title='bbox 2042 1903 2227 1948; x_wconf 88' lang='lat' dir='ltr'><strong>respondit</strong></span> <span class='ocrx_word' id='word_1_781' title='bbox 2255 1905 2372 1940; x_wconf 89' lang='lat' dir='ltr'><strong>verbis</strong></span> 
     </span>
     <span class='ocr_line' id='line_1_112' title="bbox 1286 1946 2375 1994; baseline 0.005 -14"><span class='ocrx_word' id='word_1_782' title='bbox 1286 1949 1433 1981; x_wconf 89' lang='lat' dir='ltr'><strong>senatus</strong></span> <span class='ocrx_word' id='word_1_783' title='bbox 1466 1946 1621 1981; x_wconf 92' lang='lat' dir='ltr'><strong>consulti</strong></span> <span class='ocrx_word' id='word_1_784' title='bbox 1653 1947 1867 1993; x_wconf 91' lang='lat' dir='ltr'><strong>Turpilliani</strong></span> <span class='ocrx_word' id='word_1_785' title='bbox 1895 1958 1976 1983; x_wconf 92' lang='lat' dir='ltr'><strong>eum</strong></span> <span class='ocrx_word' id='word_1_786' title='bbox 2009 1948 2052 1984; x_wconf 92' lang='lat' dir='ltr'><strong>de</strong></span> <span class='ocrx_word' id='word_1_787' title='bbox 2085 1959 2155 1994; x_wconf 91' lang='lat' dir='ltr'><strong>quo</strong></span> <span class='ocrx_word' id='word_1_788' title='bbox 2192 1950 2375 1994; x_wconf 88' lang='lat' dir='ltr'><strong>quaeritur</strong></span> 
     </span>
     <span class='ocr_line' id='line_1_113' title="bbox 1286 1990 1567 2026; baseline 0 -1"><span class='ocrx_word' id='word_1_789' title='bbox 1286 2001 1358 2025; x_wconf 92' lang='lat' dir='ltr'><strong>non</strong></span> <span class='ocrx_word' id='word_1_790' title='bbox 1383 1990 1567 2026; x_wconf 88' lang='lat' dir='ltr'><strong>contineri.</strong></span> 
     </span>
    </p>

    <p class='ocr_par' dir='ltr' id='par_1_10' title="bbox 1284 2034 2374 2568">
     <span class='ocr_line' id='line_1_114' title="bbox 1332 2034 2374 2083; baseline 0.003 -10"><span class='ocrx_word' id='word_1_791' title='bbox 1332 2034 1356 2073; x_wconf 89' lang='grc'><strong>6</strong></span> <span class='ocrx_word' id='word_1_792' title='bbox 1382 2035 1490 2070; x_wconf 77' lang='lat' dir='ltr'><em>IDEM</em></span> <span class='ocrx_word' id='word_1_793' title='bbox 1509 2036 1600 2072; x_wconf 79' lang='lat' dir='ltr'><strong>libro</strong></span> <span class='ocrx_word' id='word_1_794' title='bbox 1617 2037 1742 2083; x_wconf 86' lang='lat' dir='ltr'><strong>primo</strong></span> <span class='ocrx_word' id='word_1_795' title='bbox 1766 2039 2023 2073; x_wconf 81' lang='lat' dir='ltr'><strong>sententiarum</strong></span> <span class='ocrx_word' id='word_1_796' title='bbox 2063 2039 2121 2074; x_wconf 91' lang='lat' dir='ltr'><strong>Ab</strong></span> <span class='ocrx_word' id='word_1_797' title='bbox 2145 2040 2374 2076; x_wconf 88' lang='lat' dir='ltr'><strong>accusatione</strong></span> 
     </span>
     <span class='ocr_line' id='line_1_115' title="bbox 1286 2080 2374 2129; baseline 0.005 -13"><span class='ocrx_word' id='word_1_798' title='bbox 1286 2080 1432 2123; x_wconf 89' lang='lat' dir='ltr'><strong>destitit,</strong></span> <span class='ocrx_word' id='word_1_799' title='bbox 1458 2081 1520 2126; x_wconf 93' lang='lat' dir='ltr'><strong>qui</strong></span> <span class='ocrx_word' id='word_1_800' title='bbox 1541 2091 1623 2117; x_wconf 92' lang='lat' dir='ltr'><strong>cum</strong></span> <span class='ocrx_word' id='word_1_801' title='bbox 1642 2082 1847 2118; x_wconf 88' lang='lat' dir='ltr'><strong>adversario</strong></span> <span class='ocrx_word' id='word_1_802' title='bbox 1868 2093 1933 2118; x_wconf 90' lang='lat' dir='ltr'><strong>suo</strong></span> <span class='ocrx_word' id='word_1_803' title='bbox 1954 2083 1998 2119; x_wconf 89' lang='lat' dir='ltr'><strong>de</strong></span> <span class='ocrx_word' id='word_1_804' title='bbox 2018 2085 2275 2129; x_wconf 90' lang='lat' dir='ltr'><strong>compositione</strong></span> <span class='ocrx_word' id='word_1_805' title='bbox 2298 2086 2374 2121; x_wconf 90' lang='lat' dir='ltr'><strong>eius</strong></span> 
     </span>
     <span class='ocr_line' id='line_1_116' title="bbox 1289 2126 2372 2171; baseline 0.006 -11"><span class='ocrx_word' id='word_1_806' title='bbox 1289 2129 1302 2160; x_wconf 89' lang='lat'>1</span> <span class='ocrx_word' id='word_1_807' title='bbox 1355 2126 1511 2162; x_wconf 89' lang='lat' dir='ltr'><strong>criminis</strong></span> <span class='ocrx_word' id='word_1_808' title='bbox 1544 2127 1640 2171; x_wconf 91' lang='lat' dir='ltr'><strong>quod</strong></span> <span class='ocrx_word' id='word_1_809' title='bbox 1670 2127 1880 2164; x_wconf 86' lang='lat' dir='ltr'><strong>intendebat</strong></span> <span class='ocrx_word' id='word_1_810' title='bbox 1909 2128 2018 2164; x_wconf 87' lang='lat' dir='ltr'><strong>fuerit</strong></span> <span class='ocrx_word' id='word_1_811' title='bbox 2041 2129 2197 2165; x_wconf 90' lang='lat' dir='ltr'><strong>locutus.</strong></span> <span class='ocrx_word' id='word_1_812' title='bbox 2243 2130 2372 2166; x_wconf 89' lang='lat' dir='ltr'><strong>Animo</strong></span> 
     </span>
     <span class='ocr_line' id='line_1_117' title="bbox 1286 2172 2372 2218; baseline 0.005 -12"><span class='ocrx_word' id='word_1_813' title='bbox 1286 2172 1331 2206; x_wconf 93' lang='lat' dir='ltr'><strong>ab</strong></span> <span class='ocrx_word' id='word_1_814' title='bbox 1356 2172 1588 2208; x_wconf 88' lang='lat' dir='ltr'><strong>accusatione</strong></span> <span class='ocrx_word' id='word_1_815' title='bbox 1613 2172 1767 2216; x_wconf 88' lang='lat' dir='ltr'><strong>destitit,</strong></span> <span class='ocrx_word' id='word_1_816' title='bbox 1802 2173 1861 2218; x_wconf 93' lang='lat' dir='ltr'><strong>qui</strong></span> <span class='ocrx_word' id='word_1_817' title='bbox 1885 2173 2052 2209; x_wconf 85' lang='lat' dir='ltr'><strong>affectum</strong></span> <span class='ocrx_word' id='word_1_818' title='bbox 2074 2178 2110 2210; x_wconf 91' lang='lat' dir='ltr'><strong>et</strong></span> <span class='ocrx_word' id='word_1_819' title='bbox 2134 2175 2289 2210; x_wconf 89' lang='lat' dir='ltr'><strong>animum</strong></span> <span class='ocrx_word' id='word_1_820' title='bbox 2313 2186 2372 2211; x_wconf 89' lang='lat' dir='ltr'><strong>ac-</strong></span> 
     </span>
     <span class='ocr_line' id='line_1_118' title="bbox 1286 2217 2374 2265; baseline 0.005 -14"><span class='ocrx_word' id='word_1_821' title='bbox 1286 2219 1305 2251; x_wconf 83' lang='lat'><strong>2</strong></span> <span class='ocrx_word' id='word_1_822' title='bbox 1354 2217 1504 2252; x_wconf 91' lang='lat' dir='ltr'><strong>cusandi</strong></span> <span class='ocrx_word' id='word_1_823' title='bbox 1542 2217 1718 2263; x_wconf 85' lang='lat' dir='ltr'><strong>deposuit.</strong></span> <span class='ocrx_word' id='word_1_824' title='bbox 1766 2218 1956 2254; x_wconf 90' lang='lat' dir='ltr'><strong>Destitisse</strong></span> <span class='ocrx_word' id='word_1_825' title='bbox 1993 2219 2150 2262; x_wconf 90' lang='lat' dir='ltr'><strong>videtur,</strong></span> <span class='ocrx_word' id='word_1_826' title='bbox 2188 2221 2249 2265; x_wconf 90' lang='lat' dir='ltr'><strong>qui</strong></span> <span class='ocrx_word' id='word_1_827' title='bbox 2278 2220 2374 2256; x_wconf 88' lang='lat' dir='ltr'><strong>intra</strong></span> 
     </span>
     <span class='ocr_line' id='line_1_119' title="bbox 1284 2261 2373 2310; baseline 0.005 -14"><span class='ocrx_word' id='word_1_828' title='bbox 1284 2261 1513 2307; x_wconf 88' lang='lat' dir='ltr'><strong>praefinitum</strong></span> <span class='ocrx_word' id='word_1_829' title='bbox 1543 2263 1825 2299; x_wconf 83' lang='lat' dir='ltr'><strong>accusationis2¹</strong></span> <span class='ocrx_word' id='word_1_830' title='bbox 1858 2274 1880 2298; x_wconf 90' lang='lat' dir='ltr'><strong>a</strong></span> <span class='ocrx_word' id='word_1_831' title='bbox 1909 2264 2073 2309; x_wconf 89' lang='lat' dir='ltr'><strong>praeside</strong></span> <span class='ocrx_word' id='word_1_832' title='bbox 2105 2269 2244 2310; x_wconf 90' lang='lat' dir='ltr'><strong>tempus</strong></span> <span class='ocrx_word' id='word_1_833' title='bbox 2274 2276 2373 2301; x_wconf 88' lang='lat' dir='ltr'><strong>reum</strong></span> 
     </span>
     <span class='ocr_line' id='line_1_120' title="bbox 1285 2308 2373 2355; baseline 0.004 -13"><span class='ocrx_word' id='word_1_834' title='bbox 1285 2311 1305 2342; x_wconf 89' lang='lat'><strong>3</strong></span> <span class='ocrx_word' id='word_1_835' title='bbox 1353 2317 1457 2342; x_wconf 89' lang='lat' dir='ltr'><strong>suum</strong></span> <span class='ocrx_word' id='word_1_836' title='bbox 1481 2318 1553 2343; x_wconf 91' lang='lat' dir='ltr'><strong>non</strong></span> <span class='ocrx_word' id='word_1_837' title='bbox 1577 2308 1723 2353; x_wconf 86' lang='lat' dir='ltr'><strong>peregit.</strong></span> <span class='ocrx_word' id='word_1_838' title='bbox 1759 2309 2004 2354; x_wconf 88' lang='lat' dir='ltr'><strong>Nuntiatores‚</strong></span> <span class='ocrx_word' id='word_1_839' title='bbox 2030 2309 2092 2355; x_wconf 91' lang='lat' dir='ltr'><strong>qui</strong></span> <span class='ocrx_word' id='word_1_840' title='bbox 2113 2321 2179 2355; x_wconf 88' lang='lat' dir='ltr'><strong>per</strong></span> <span class='ocrx_word' id='word_1_841' title='bbox 2197 2311 2373 2346; x_wconf 86' lang='lat' dir='ltr'><strong>notoriam</strong></span> 
     </span>
     <span class='ocr_line' id='line_1_121' title="bbox 1284 2351 2370 2398; baseline 0.004 -11"><span class='ocrx_word' id='word_1_842' title='bbox 1284 2351 1417 2387; x_wconf 89' lang='lat' dir='ltr'><strong>indicia</strong></span> <span class='ocrx_word' id='word_1_843' title='bbox 1456 2353 1633 2398; x_wconf 85' lang='lat' dir='ltr'><strong>produnt,</strong></span> <span class='ocrx_word' id='word_1_844' title='bbox 1674 2354 1824 2390; x_wconf 88' lang='lat' dir='ltr'><strong>notoriis</strong></span> <span class='ocrx_word' id='word_1_845' title='bbox 1864 2354 1938 2390; x_wconf 91' lang='lat' dir='ltr'><strong>suis</strong></span> <span class='ocrx_word' id='word_1_846' title='bbox 1979 2355 2151 2390; x_wconf 88' lang='lat' dir='ltr'><strong>adsistere</strong></span> <span class='ocrx_word' id='word_1_847' title='bbox 2191 2356 2370 2392; x_wconf 90' lang='lat' dir='ltr'><strong>iubentur.</strong></span> 
     </span>
     <span class='ocr_line' id='line_1_122' title="bbox 1285 2397 2371 2445; baseline 0.004 -13"><span class='ocrx_word' id='word_1_848' title='bbox 1285 2400 1306 2432; x_wconf 89' lang='lat'>4</span> <span class='ocrx_word' id='word_1_849' title='bbox 1353 2397 1560 2434; x_wconf 84' lang='lat' dir='ltr'><strong>Calumniae</strong></span> <span class='ocrx_word' id='word_1_850' title='bbox 1589 2409 1700 2434; x_wconf 90' lang='lat' dir='ltr'><strong>causa</strong></span> <span class='ocrx_word' id='word_1_851' title='bbox 1729 2399 1946 2444; x_wconf 89' lang='lat' dir='ltr'><strong>puniuntur,</strong></span> <span class='ocrx_word' id='word_1_852' title='bbox 1980 2400 2040 2445; x_wconf 90' lang='lat' dir='ltr'><strong>qui</strong></span> <span class='ocrx_word' id='word_1_853' title='bbox 2061 2399 2099 2434; x_wconf 90' lang='lat' dir='ltr'><strong>in</strong></span> <span class='ocrx_word' id='word_1_854' title='bbox 2122 2400 2284 2436; x_wconf 87' lang='lat' dir='ltr'><strong>fraudem</strong></span> <span class='ocrx_word' id='word_1_855' title='bbox 2307 2401 2371 2436; x_wconf 91' lang='lat' dir='ltr'><strong>ali-</strong></span> 
     </span>
     <span class='ocr_line' id='line_1_123' title="bbox 1285 2442 2371 2491; baseline 0.004 -14"><span class='ocrx_word' id='word_1_856' title='bbox 1285 2442 1386 2478; x_wconf 90' lang='lat' dir='ltr'><strong>cuius</strong></span> <span class='ocrx_word' id='word_1_857' title='bbox 1427 2443 1557 2478; x_wconf 89' lang='lat' dir='ltr'><strong>librum</strong></span> <span class='ocrx_word' id='word_1_858' title='bbox 1595 2444 1651 2479; x_wconf 92' lang='lat' dir='ltr'><strong>vel</strong></span> <span class='ocrx_word' id='word_1_859' title='bbox 1697 2445 1938 2480; x_wconf 89' lang='lat' dir='ltr'><strong>testimonium</strong></span> <span class='ocrx_word' id='word_1_860' title='bbox 1982 2445 2122 2481; x_wconf 89' lang='lat' dir='ltr'><strong>aliudve</strong></span> <span class='ocrx_word' id='word_1_861' title='bbox 2159 2446 2244 2491; x_wconf 92' lang='lat' dir='ltr'><strong>quid</strong></span> <span class='ocrx_word' id='word_1_862' title='bbox 2286 2457 2371 2481; x_wconf 90' lang='lat' dir='ltr'><strong>con-</strong></span> 
     </span>
     <span class='ocr_line' id='line_1_124' title="bbox 1285 2487 2370 2536; baseline 0.004 -14"><span class='ocrx_word' id='word_1_863' title='bbox 1285 2487 1434 2532; x_wconf 90' lang='lat' dir='ltr'><strong>quisisse</strong></span> <span class='ocrx_word' id='word_1_864' title='bbox 1464 2489 1520 2524; x_wconf 90' lang='lat' dir='ltr'><strong>vel</strong></span> <span class='ocrx_word' id='word_1_865' title='bbox 1552 2489 1738 2534; x_wconf 89' lang='lat' dir='ltr'><strong>scripsisse</strong></span> <span class='ocrx_word' id='word_1_866' title='bbox 1766 2490 1822 2525; x_wconf 87' lang='lat' dir='ltr'><strong>vel</strong></span> <span class='ocrx_word' id='word_1_867' title='bbox 1847 2490 1882 2524; x_wconf 94' lang='lat' dir='ltr'><strong>in</strong></span> <span class='ocrx_word' id='word_1_868' title='bbox 1907 2490 2077 2526; x_wconf 91' lang='lat' dir='ltr'><strong>iudicium</strong></span> <span class='ocrx_word' id='word_1_869' title='bbox 2104 2491 2294 2536; x_wconf 90' lang='lat' dir='ltr'><strong>protulisse</strong></span> <span class='ocrx_word' id='word_1_870' title='bbox 2318 2492 2370 2526; x_wconf 91' lang='lat' dir='ltr'><strong>di-</strong></span> 
     </span>
     <span class='ocr_line' id='line_1_125' title="bbox 1286 2537 1427 2568; baseline -0.007 0"><span class='ocrx_word' id='word_1_871' title='bbox 1286 2537 1427 2568; x_wconf 88' lang='lat' dir='ltr'><strong>cuntur.</strong></span> 
     </span>
    </p>

    <p class='ocr_par' dir='ltr' id='par_1_11' title="bbox 1280 2576 2369 2986">
     <span class='ocr_line' id='line_1_126' title="bbox 1330 2576 2369 2627; baseline 0.003 -13"><span class='ocrx_word' id='word_1_872' title='bbox 1330 2576 1354 2614; x_wconf 91' lang='lat'>7</span> <span class='ocrx_word' id='word_1_873' title='bbox 1387 2578 1582 2614; x_wconf 77' lang='lat' dir='ltr'><em>ULPJANUS</em></span> <span class='ocrx_word' id='word_1_874' title='bbox 1609 2579 1700 2615; x_wconf 84' lang='lat' dir='ltr'><strong>libro</strong></span> <span class='ocrx_word' id='word_1_875' title='bbox 1730 2583 1854 2615; x_wconf 81' lang='lat' dir='ltr'><strong>octavo</strong></span> <span class='ocrx_word' id='word_1_876' title='bbox 1887 2580 2170 2627; x_wconf 76' lang='lat' dir='ltr'><strong>disputationum</strong></span> <span class='ocrx_word' id='word_1_877' title='bbox 2223 2581 2260 2617; x_wconf 89' lang='lat' dir='ltr'><strong>Si</strong></span> <span class='ocrx_word' id='word_1_878' title='bbox 2291 2581 2369 2626; x_wconf 87' lang='lat' dir='ltr'><strong>quis</strong></span> 
     </span>
     <span class='ocr_line' id='line_1_127' title="bbox 1282 2624 2368 2670; baseline 0.002 -12"><span class='ocrx_word' id='word_1_879' title='bbox 1282 2626 1443 2668; x_wconf 89' lang='lat' dir='ltr'><strong>repetere</strong></span> <span class='ocrx_word' id='word_1_880' title='bbox 1465 2624 1551 2659; x_wconf 90' lang='lat' dir='ltr'><strong>velit</strong></span> <span class='ocrx_word' id='word_1_881' title='bbox 1571 2625 1704 2660; x_wconf 89' lang='lat' dir='ltr'><strong>crimen</strong></span> <span class='ocrx_word' id='word_1_882' title='bbox 1726 2625 1873 2670; x_wconf 89' lang='lat' dir='ltr'><strong>publica</strong></span> <span class='ocrx_word' id='word_1_883' title='bbox 1893 2625 2086 2661; x_wconf 88' lang='lat' dir='ltr'><strong>abolitione</strong></span> <span class='ocrx_word' id='word_1_884' title='bbox 2105 2625 2368 2670; x_wconf 84' lang='lat' dir='ltr'><strong>interveniente,</strong></span> 
     </span>
     <span class='ocr_line' id='line_1_128' title="bbox 1284 2669 2369 2717; baseline 0.003 -14"><span class='ocrx_word' id='word_1_885' title='bbox 1284 2679 1325 2704; x_wconf 91' lang='lat' dir='ltr'><strong>eo</strong></span> <span class='ocrx_word' id='word_1_886' title='bbox 1343 2669 1421 2704; x_wconf 91' lang='lat' dir='ltr'><strong>iure</strong></span> <span class='ocrx_word' id='word_1_887' title='bbox 1441 2669 1579 2714; x_wconf 89' lang='lat' dir='ltr'><strong>repetit,</strong></span> <span class='ocrx_word' id='word_1_888' title='bbox 1601 2680 1671 2714; x_wconf 92' lang='lat' dir='ltr'><strong>quo</strong></span> <span class='ocrx_word' id='word_1_889' title='bbox 1692 2671 1905 2706; x_wconf 87' lang='lat' dir='ltr'><strong>accusabat:</strong></span> <span class='ocrx_word' id='word_1_890' title='bbox 1931 2672 2084 2715; x_wconf 76' lang='lat' dir='ltr'><strong>neque²²</strong></span> <span class='ocrx_word' id='word_1_891' title='bbox 2108 2672 2200 2706; x_wconf 91' lang='lat' dir='ltr'><strong>enim</strong></span> <span class='ocrx_word' id='word_1_892' title='bbox 2219 2675 2369 2717; x_wconf 90' lang='lat' dir='ltr'><strong>possunt</strong></span> 
     </span>
     <span class='ocr_line' id='line_1_129' title="bbox 1280 2714 2367 2760; baseline 0.003 -12"><span class='ocrx_word' id='word_1_893' title='bbox 1280 2714 1583 2759; x_wconf 82' lang='lat' dir='ltr'><strong>praescriptiones</strong></span> <span class='ocrx_word' id='word_1_894' title='bbox 1614 2715 1647 2749; x_wconf 90' lang='lat' dir='ltr'><strong>ei</strong></span> <span class='ocrx_word' id='word_1_895' title='bbox 1671 2715 1782 2759; x_wconf 89' lang='lat' dir='ltr'><strong>obici,</strong></span> <span class='ocrx_word' id='word_1_896' title='bbox 1820 2726 1911 2760; x_wconf 92' lang='lat' dir='ltr'><strong>quae</strong></span> <span class='ocrx_word' id='word_1_897' title='bbox 1935 2719 2018 2751; x_wconf 88' lang='lat' dir='ltr'><strong>ante</strong></span> <span class='ocrx_word' id='word_1_898' title='bbox 2040 2726 2181 2751; x_wconf 89' lang='lat' dir='ltr'><strong>reorum</strong></span> <span class='ocrx_word' id='word_1_899' title='bbox 2205 2716 2367 2751; x_wconf 86' lang='lat' dir='ltr'><strong>abolitio-</strong></span> 
     </span>
     <span class='ocr_line' id='line_1_130' title="bbox 1282 2760 2368 2797; baseline 0.002 -3"><span class='ocrx_word' id='word_1_900' title='bbox 1282 2769 1363 2794; x_wconf 91' lang='lat' dir='ltr'><strong>nem</strong></span> <span class='ocrx_word' id='word_1_901' title='bbox 1386 2770 1459 2795; x_wconf 92' lang='lat' dir='ltr'><strong>non</strong></span> <span class='ocrx_word' id='word_1_902' title='bbox 1483 2763 1567 2794; x_wconf 87' lang='lat' dir='ltr'><strong>sunt</strong></span> <span class='ocrx_word' id='word_1_903' title='bbox 1591 2760 1760 2795; x_wconf 88' lang='lat' dir='ltr'><strong>obiectae.</strong></span> <span class='ocrx_word' id='word_1_904' title='bbox 1810 2764 1846 2795; x_wconf 87' lang='lat' dir='ltr'><strong>et</strong></span> <span class='ocrx_word' id='word_1_905' title='bbox 1869 2761 1921 2795; x_wconf 90' lang='lat' dir='ltr'><strong>ita</strong></span> <span class='ocrx_word' id='word_1_906' title='bbox 1944 2761 2044 2796; x_wconf 90' lang='lat' dir='ltr'><strong>divus</strong></span> <span class='ocrx_word' id='word_1_907' title='bbox 2067 2761 2270 2797; x_wconf 88' lang='lat' dir='ltr'><strong>Hadrianus</strong></span> <span class='ocrx_word' id='word_1_908' title='bbox 2293 2771 2368 2797; x_wconf 89' lang='lat' dir='ltr'><strong>res-</strong></span> 
     </span>
     <span class='ocr_line' id='line_1_131' title="bbox 1286 2804 2367 2852; baseline 0.002 -13"><span class='ocrx_word' id='word_1_909' title='bbox 1286 2808 1300 2838; x_wconf 91' lang='lat'>1</span> <span class='ocrx_word' id='word_1_910' title='bbox 1351 2804 1483 2849; x_wconf 89' lang='lat' dir='ltr'><strong>cripsit.</strong></span> <span class='ocrx_word' id='word_1_911' title='bbox 1530 2805 1566 2839; x_wconf 86' lang='lat' dir='ltr'><strong>Si</strong></span> <span class='ocrx_word' id='word_1_912' title='bbox 1591 2805 1832 2840; x_wconf 89' lang='lat' dir='ltr'><strong>stellionatum</strong></span> <span class='ocrx_word' id='word_1_913' title='bbox 1841 2806 1871 2826; x_wconf 79' lang='lat'><strong>2³</strong></span> <span class='ocrx_word' id='word_1_914' title='bbox 1895 2806 1973 2851; x_wconf 89' lang='lat' dir='ltr'><strong>quis</strong></span> <span class='ocrx_word' id='word_1_915' title='bbox 1999 2806 2168 2841; x_wconf 90' lang='lat' dir='ltr'><strong>obiecerit</strong></span> <span class='ocrx_word' id='word_1_916' title='bbox 2191 2806 2245 2841; x_wconf 88' lang='lat' dir='ltr'><strong>vel</strong></span> <span class='ocrx_word' id='word_1_917' title='bbox 2269 2807 2367 2852; x_wconf 89' lang='lat' dir='ltr'><strong>expi-</strong></span> 
     </span>
     <span class='ocr_line' id='line_1_132' title="bbox 1281 2850 2367 2895; baseline 0.002 -11"><span class='ocrx_word' id='word_1_918' title='bbox 1281 2850 1376 2885; x_wconf 87' lang='lat' dir='ltr'><strong>latae</strong></span> <span class='ocrx_word' id='word_1_919' title='bbox 1395 2850 1604 2884; x_wconf 86' lang='lat' dir='ltr'><strong>hereditatis</strong></span> <span class='ocrx_word' id='word_1_920' title='bbox 1626 2850 1759 2885; x_wconf 90' lang='lat' dir='ltr'><strong>crimen</strong></span> <span class='ocrx_word' id='word_1_921' title='bbox 1783 2853 1819 2885; x_wconf 89' lang='lat' dir='ltr'><strong>et</strong></span> <span class='ocrx_word' id='word_1_922' title='bbox 1837 2850 1973 2885; x_wconf 89' lang='lat' dir='ltr'><strong>destitit</strong></span> <span class='ocrx_word' id='word_1_923' title='bbox 1982 2851 2023 2893; x_wconf 71' lang='lat'><strong>²⁴,</strong></span> <span class='ocrx_word' id='word_1_924' title='bbox 2048 2861 2198 2895; x_wconf 89' lang='lat' dir='ltr'><strong>poenam</strong></span> <span class='ocrx_word' id='word_1_925' title='bbox 2222 2856 2367 2886; x_wconf 89' lang='lat' dir='ltr'><strong>senatus</strong></span> 
     </span>
     <span class='ocr_line' id='line_1_133' title="bbox 1284 2894 2365 2939; baseline 0.001 -10"><span class='ocrx_word' id='word_1_926' title='bbox 1284 2894 1438 2930; x_wconf 87' lang='lat' dir='ltr'><strong>consulti</strong></span> <span class='ocrx_word' id='word_1_927' title='bbox 1461 2894 1675 2939; x_wconf 90' lang='lat' dir='ltr'><strong>Turpilliani</strong></span> <span class='ocrx_word' id='word_1_928' title='bbox 1699 2906 1771 2930; x_wconf 91' lang='lat' dir='ltr'><strong>non</strong></span> <span class='ocrx_word' id='word_1_929' title='bbox 1795 2896 1947 2938; x_wconf 91' lang='lat' dir='ltr'><strong>subibit,</strong></span> <span class='ocrx_word' id='word_1_930' title='bbox 1978 2906 2044 2931; x_wconf 90' lang='lat' dir='ltr'><strong>nec</strong></span> <span class='ocrx_word' id='word_1_931' title='bbox 2068 2896 2098 2930; x_wconf 91' lang='lat' dir='ltr'><strong>si</strong></span> <span class='ocrx_word' id='word_1_932' title='bbox 2127 2895 2214 2930; x_wconf 91' lang='lat' dir='ltr'><strong>furti</strong></span> <span class='ocrx_word' id='word_1_933' title='bbox 2236 2896 2291 2930; x_wconf 89' lang='lat' dir='ltr'><strong>vel</strong></span> <span class='ocrx_word' id='word_1_934' title='bbox 2312 2896 2365 2930; x_wconf 91' lang='lat' dir='ltr'><strong>in-</strong></span> 
     </span>
     <span class='ocr_line' id='line_1_134' title="bbox 1280 2940 2362 2986; baseline -0.002 -11"><span class='ocrx_word' id='word_1_935' title='bbox 1280 2940 1472 2975; x_wconf 87' lang='lat' dir='ltr'><strong>iuriarum:</strong></span> <span class='ocrx_word' id='word_1_936' title='bbox 1509 2940 1572 2975; x_wconf 91' lang='lat' dir='ltr'><strong>sed</strong></span> <span class='ocrx_word' id='word_1_937' title='bbox 1597 2940 1716 2976; x_wconf 86' lang='lat' dir='ltr'><strong>officio</strong></span> <span class='ocrx_word' id='word_1_938' title='bbox 1739 2940 1868 2976; x_wconf 87' lang='lat' dir='ltr'><strong>iudicis</strong></span> <span class='ocrx_word' id='word_1_939' title='bbox 1901 2941 2007 2986; x_wconf 91' lang='lat' dir='ltr'><strong>culpa</strong></span> <span class='ocrx_word' id='word_1_940' title='bbox 2030 2941 2107 2976; x_wconf 90' lang='lat' dir='ltr'><strong>eius</strong></span> <span class='ocrx_word' id='word_1_941' title='bbox 2133 2941 2362 2976; x_wconf 90' lang='lat' dir='ltr'><strong>coercebitur.</strong></span> 
     </span>
    </p>

    <p class='ocr_par' dir='ltr' id='par_1_12' title="bbox 1280 2982 2364 3115">
     <span class='ocr_line' id='line_1_135' title="bbox 1329 2982 2364 3022; baseline -0.003 0"><span class='ocrx_word' id='word_1_942' title='bbox 1329 2982 1352 3022; x_wconf 87' lang='grc'>8</span> <span class='ocrx_word' id='word_1_943' title='bbox 1371 2984 1618 3020; x_wconf 72' lang='lat' dir='ltr'><em>PAPJNJANUS</em></span> <span class='ocrx_word' id='word_1_944' title='bbox 1638 2985 1737 3020; x_wconf 81' lang='lat' dir='ltr'><strong>libro.</strong></span> <span class='ocrx_word' id='word_1_945' title='bbox 1749 2985 1906 3021; x_wconf 80' lang='lat' dir='ltr'><strong>secundo</strong></span> <span class='ocrx_word' id='word_1_946' title='bbox 1925 2986 1969 3020; x_wconf 79' lang='lat' dir='ltr'><strong>de</strong></span> <span class='ocrx_word' id='word_1_947' title='bbox 1987 2986 2174 3020; x_wconf 77' lang='lat' dir='ltr'><strong>adulteriis</strong></span> <span class='ocrx_word' id='word_1_948' title='bbox 2207 2985 2364 3020; x_wconf 91' lang='lat' dir='ltr'><strong>Abolitio</strong></span> 
     </span>
     <span class='ocr_line' id='line_1_136' title="bbox 1282 3029 2363 3075; baseline -0.001 -11"><span class='ocrx_word' id='word_1_949' title='bbox 1282 3033 1346 3064; x_wconf 89' lang='lat' dir='ltr'><strong>aut</strong></span> <span class='ocrx_word' id='word_1_950' title='bbox 1368 3030 1512 3074; x_wconf 91' lang='lat' dir='ltr'><strong>publice</strong></span> <span class='ocrx_word' id='word_1_951' title='bbox 1535 3029 1576 3064; x_wconf 89' lang='lat' dir='ltr'><strong>fit</strong></span> <span class='ocrx_word' id='word_1_952' title='bbox 1599 3030 1645 3065; x_wconf 90' lang='lat' dir='ltr'><strong>ob</strong></span> <span class='ocrx_word' id='word_1_953' title='bbox 1670 3030 1763 3065; x_wconf 92' lang='lat' dir='ltr'><strong>diem</strong></span> <span class='ocrx_word' id='word_1_954' title='bbox 1793 3030 1965 3075; x_wconf 88' lang='lat' dir='ltr'><strong>insignem</strong></span> <span class='ocrx_word' id='word_1_955' title='bbox 1990 3033 2052 3065; x_wconf 90' lang='lat' dir='ltr'><strong>aut</strong></span> <span class='ocrx_word' id='word_1_956' title='bbox 2081 3029 2262 3075; x_wconf 89' lang='lat' dir='ltr'><strong>publicam</strong></span> <span class='ocrx_word' id='word_1_957' title='bbox 2283 3040 2363 3073; x_wconf 87' lang='lat' dir='ltr'><strong>gra-</strong></span> 
     </span>
     <span class='ocr_line' id='line_1_137' title="bbox 1280 3075 1490 3115; baseline 0 -6"><span class='ocrx_word' id='word_1_958' title='bbox 1280 3075 1490 3115; x_wconf 89' lang='lat' dir='ltr'><strong>tulationem</strong></span> 
     </span>
    </p>

    <p class='ocr_par' dir='ltr' id='par_1_13' title="bbox 1280 3112 2363 3210">
     <span class='ocr_line' id='line_1_138' title="bbox 1327 3112 2363 3167; baseline -0.004 -10"><span class='ocrx_word' id='word_1_959' title='bbox 1327 3118 1352 3157; x_wconf 85' lang='lat'>9</span> <span class='ocrx_word' id='word_1_960' title='bbox 1377 3112 1520 3154; x_wconf 54' lang='lat' dir='ltr'><strong>Maesa</strong></span> <span class='ocrx_word' id='word_1_961' title='bbox 1544 3120 1634 3155; x_wconf 83' lang='lat' dir='ltr'><strong>libro</strong></span> <span class='ocrx_word' id='word_1_962' title='bbox 1657 3120 1813 3155; x_wconf 83' lang='lat' dir='ltr'><strong>secundo</strong></span> <span class='ocrx_word' id='word_1_963' title='bbox 1830 3120 2060 3167; x_wconf 81' lang='lat' dir='ltr'><strong>publicorum</strong></span> <span class='ocrx_word' id='word_1_964' title='bbox 2071 3121 2102 3142; x_wconf 82' lang='lat'><strong>2⁵</strong></span> <span class='ocrx_word' id='word_1_965' title='bbox 2140 3119 2194 3154; x_wconf 91' lang='lat' dir='ltr'><strong>vel</strong></span> <span class='ocrx_word' id='word_1_966' title='bbox 2219 3119 2264 3154; x_wconf 92' lang='lat' dir='ltr'><strong>ob</strong></span> <span class='ocrx_word' id='word_1_967' title='bbox 2288 3129 2363 3154; x_wconf 91' lang='lat' dir='ltr'><strong>rem</strong></span> 
     </span>
     <span class='ocr_line' id='line_1_139' title="bbox 1280 3168 1609 3210; baseline 0 -11"><span class='ocrx_word' id='word_1_968' title='bbox 1280 3176 1364 3210; x_wconf 90' lang='lat' dir='ltr'><strong>pros</strong></span> <span class='ocrx_word' id='word_1_969' title='bbox 1393 3174 1451 3207; x_wconf 74' lang='grc'><strong>010</strong></span> <span class='ocrx_word' id='word_1_970' title='bbox 1474 3168 1609 3209; x_wconf 86' lang='lat' dir='ltr'><strong>gestam</strong></span> 
     </span>
    </p>

    <p class='ocr_par' dir='ltr' id='par_1_14' title="bbox 1280 3176 2362 3479">
     <span class='ocr_line' id='line_1_140' title="bbox 1330 3176 2362 3247; baseline -0.004 -1"><span class='ocrx_word' id='word_1_971' title='bbox 1330 3176 1389 3247; x_wconf 49' lang='grc'><strong>111)</strong></span> <span class='ocrx_word' id='word_1_972' title='bbox 1405 3209 1651 3245; x_wconf 75' lang='lat' dir='ltr'><em>PAPINIANUS</em></span> <span class='ocrx_word' id='word_1_973' title='bbox 1671 3210 1761 3246; x_wconf 85' lang='lat' dir='ltr'><strong>libro</strong></span> <span class='ocrx_word' id='word_1_974' title='bbox 1785 3210 1940 3245; x_wconf 81' lang='lat' dir='ltr'><strong>secundo</strong></span> <span class='ocrx_word' id='word_1_975' title='bbox 1966 3210 2009 3243; x_wconf 82' lang='lat' dir='ltr'><strong>de</strong></span> <span class='ocrx_word' id='word_1_976' title='bbox 2019 3209 2049 3229; x_wconf 77' lang='lat'><strong>²⁶</strong></span> <span class='ocrx_word' id='word_1_977' title='bbox 2072 3208 2260 3243; x_wconf 83' lang='lat' dir='ltr'><strong>adulteriis</strong></span> <span class='ocrx_word' id='word_1_978' title='bbox 2299 3211 2362 3242; x_wconf 84' lang='lat' dir='ltr'><strong>aut</strong></span> 
     </span>
     <span class='ocr_line' id='line_1_141' title="bbox 1280 3252 2361 3305; baseline -0.001 -16"><span class='ocrx_word' id='word_1_979' title='bbox 1280 3254 1445 3299; x_wconf 88' lang='lat' dir='ltr'><strong>privatim</strong></span> <span class='ocrx_word' id='word_1_980' title='bbox 1468 3258 1591 3289; x_wconf 90' lang='lat' dir='ltr'><strong>actore</strong></span> <span class='ocrx_word' id='word_1_981' title='bbox 1614 3255 1829 3300; x_wconf 89' lang='lat' dir='ltr'><strong>postulante.</strong></span> <span class='ocrx_word' id='word_1_982' title='bbox 1878 3254 1981 3289; x_wconf 86' lang='lat' dir='ltr'><strong>tertio</strong></span> <span class='ocrx_word' id='word_1_983' title='bbox 2005 3263 2132 3298; x_wconf 86' lang='lat' dir='ltr'><strong>genere</strong></span> <span class='ocrx_word' id='word_1_984' title='bbox 2154 3252 2196 3287; x_wconf 86' lang='lat' dir='ltr'><strong>fit</strong></span> <span class='ocrx_word' id='word_1_985' title='bbox 2219 3263 2262 3287; x_wconf 84' lang='lat' dir='ltr'><strong>ex</strong></span> <span class='ocrx_word' id='word_1_986' title='bbox 2285 3252 2361 3305; x_wconf 72' lang='lat' dir='ltr'><strong>lege</strong></span> 
     </span>
     <span class='ocr_line' id='line_1_142' title="bbox 1281 3299 2359 3335; baseline -0.004 0"><span class='ocrx_word' id='word_1_987' title='bbox 1281 3300 1426 3335; x_wconf 86' lang='lat' dir='ltr'><strong>abolitio</strong></span> <span class='ocrx_word' id='word_1_988' title='bbox 1459 3303 1670 3335; x_wconf 89' lang='lat' dir='ltr'><strong>accusatore</strong></span> <span class='ocrx_word' id='word_1_989' title='bbox 1701 3304 1841 3335; x_wconf 88' lang='lat' dir='ltr'><strong>mortuo</strong></span> <span class='ocrx_word' id='word_1_990' title='bbox 1870 3299 1924 3334; x_wconf 91' lang='lat' dir='ltr'><strong>vel</strong></span> <span class='ocrx_word' id='word_1_991' title='bbox 1960 3309 2003 3333; x_wconf 87' lang='lat' dir='ltr'><strong>ex</strong></span> <span class='ocrx_word' id='word_1_992' title='bbox 2031 3299 2126 3332; x_wconf 90' lang='lat' dir='ltr'><strong>iusta</strong></span> <span class='ocrx_word' id='word_1_993' title='bbox 2156 3307 2266 3333; x_wconf 86' lang='lat' dir='ltr'><strong>causa</strong></span> <span class='ocrx_word' id='word_1_994' title='bbox 2294 3308 2359 3331; x_wconf 91' lang='grc'><strong>110-</strong></span> 
     </span>
     <span class='ocr_line' id='line_1_143' title="bbox 1284 3342 2360 3389; baseline -0.002 -10"><span class='ocrx_word' id='word_1_995' title='bbox 1284 3348 1298 3379; x_wconf 90' lang='grc'><strong>1</strong></span> <span class='ocrx_word' id='word_1_996' title='bbox 1348 3344 1487 3389; x_wconf 85' lang='lat' dir='ltr'><strong>pedito,</strong></span> <span class='ocrx_word' id='word_1_997' title='bbox 1529 3356 1599 3389; x_wconf 90' lang='lat' dir='ltr'><strong>quo</strong></span> <span class='ocrx_word' id='word_1_998' title='bbox 1630 3345 1746 3380; x_wconf 91' lang='lat' dir='ltr'><strong>minus</strong></span> <span class='ocrx_word' id='word_1_999' title='bbox 1777 3353 1946 3379; x_wconf 89' lang='lat' dir='ltr'><strong>accusare</strong></span> <span class='ocrx_word' id='word_1_1000' title='bbox 1977 3343 2101 3387; x_wconf 88' lang='lat' dir='ltr'><strong>possit.</strong></span> <span class='ocrx_word' id='word_1_1001' title='bbox 2156 3342 2360 3377; x_wconf 90' lang='lat' dir='ltr'><strong>Abolitione</strong></span> 
     </span>
     <span class='ocr_line' id='line_1_144' title="bbox 1281 3387 2358 3434; baseline -0.003 -10"><span class='ocrx_word' id='word_1_1002' title='bbox 1281 3394 1401 3424; x_wconf 91' lang='lat' dir='ltr'><strong>autem</strong></span> <span class='ocrx_word' id='word_1_1003' title='bbox 1439 3390 1581 3434; x_wconf 92' lang='lat' dir='ltr'><strong>publice</strong></span> <span class='ocrx_word' id='word_1_1004' title='bbox 1618 3390 1716 3425; x_wconf 89' lang='lat' dir='ltr'><strong>facta</strong></span> <span class='ocrx_word' id='word_1_1005' title='bbox 1751 3400 1823 3425; x_wconf 91' lang='lat' dir='ltr'><strong>non</strong></span> <span class='ocrx_word' id='word_1_1006' title='bbox 1862 3387 2113 3423; x_wconf 89' lang='lat' dir='ltr'><strong>retractabitur</strong></span> <span class='ocrx_word' id='word_1_1007' title='bbox 2153 3387 2192 3421; x_wconf 90' lang='lat' dir='ltr'><strong>in</strong></span> <span class='ocrx_word' id='word_1_1008' title='bbox 2229 3387 2358 3422; x_wconf 90' lang='lat' dir='ltr'><strong>iudicio</strong></span> 
     </span>
     <span class='ocr_line' id='line_1_145' title="bbox 1282 3431 2360 3479; baseline -0.002 -10"><span class='ocrx_word' id='word_1_1009' title='bbox 1282 3438 1301 3469; x_wconf 85' lang='lat'><strong>2</strong></span> <span class='ocrx_word' id='word_1_1010' title='bbox 1348 3435 1541 3479; x_wconf 87' lang='lat' dir='ltr'><strong>repetendo</strong></span> <span class='ocrx_word' id='word_1_1011' title='bbox 1566 3435 1610 3471; x_wconf 89' lang='lat' dir='ltr'><strong>de</strong></span> <span class='ocrx_word' id='word_1_1012' title='bbox 1633 3435 1751 3470; x_wconf 86' lang='lat' dir='ltr'><strong>mariti</strong></span> <span class='ocrx_word' id='word_1_1013' title='bbox 1772 3435 1861 3469; x_wconf 90' lang='lat' dir='ltr'><strong>iure.</strong></span> <span class='ocrx_word' id='word_1_1014' title='bbox 1898 3432 2057 3476; x_wconf 84' lang='lat' dir='ltr'><strong>Triginta</strong></span> <span class='ocrx_word' id='word_1_1015' title='bbox 2080 3431 2154 3467; x_wconf 90' lang='lat' dir='ltr'><strong>dies</strong></span> <span class='ocrx_word' id='word_1_1016' title='bbox 2177 3432 2360 3477; x_wconf 89' lang='lat' dir='ltr'><strong>repetendi</strong></span> 
     </span>
    </p>
   </div>
   <div class='ocr_carea' id='block_1_6' title="bbox 936 3506 2308 3515">
    <p class='ocr_par' dir='ltr' id='par_1_15' title="bbox 936 3506 2308 3515">
     <span class='ocr_line' id='line_1_146' title="bbox 936 3506 2308 3515; baseline 0 0"><span class='ocrx_word' id='word_1_1017' title='bbox 936 3506 2308 3515; x_wconf 95' lang='lat' dir='ltr'><strong> </strong></span> 
     </span>
    </p>
   </div>
   <div class='ocr_carea' id='block_1_7' title="bbox 131 3545 1210 3813">
    <p class='ocr_par' dir='ltr' id='par_1_16' title="bbox 131 3545 1210 3813">
     <span class='ocr_line' id='line_1_147' title="bbox 133 3545 682 3589; baseline -0.004 -9"><span class='ocrx_word' id='word_1_1018' title='bbox 133 3547 174 3588; x_wconf 87' lang='lat'><strong>(1)</strong></span> <span class='ocrx_word' id='word_1_1019' title='bbox 199 3547 247 3578; x_wconf 81' lang='lat' dir='ltr'><strong>est</strong></span> <span class='ocrx_word' id='word_1_1020' title='bbox 260 3545 296 3578; x_wconf 84' lang='lat' dir='ltr'><em>F</em></span> <span class='ocrx_word' id='word_1_1021' title='bbox 355 3545 399 3588; x_wconf 84' lang='grc'><strong>(2)</strong></span> <span class='ocrx_word' id='word_1_1022' title='bbox 422 3546 467 3579; x_wconf 90' lang='lat' dir='ltr'><strong>D.</strong></span> <span class='ocrx_word' id='word_1_1023' title='bbox 482 3547 537 3588; x_wconf 88' lang='lat'><strong>50,</strong></span> <span class='ocrx_word' id='word_1_1024' title='bbox 550 3555 575 3587; x_wconf 94' lang='lat'><strong>1,</strong></span> <span class='ocrx_word' id='word_1_1025' title='bbox 588 3554 620 3580; x_wconf 83' lang='lat'><strong>15</strong></span> <span class='ocrx_word' id='word_1_1026' title='bbox 630 3559 682 3589; x_wconf 86' lang='lat' dir='ltr'><strong>pr.</strong></span> 
     </span>
     <span class='ocr_line' id='line_1_148' title="bbox 131 3589 638 3630; baseline 0.004 -8"><span class='ocrx_word' id='word_1_1027' title='bbox 131 3591 212 3623; x_wconf 87' lang='lat' dir='ltr'><strong>serit</strong></span> <span class='ocrx_word' id='word_1_1028' title='bbox 224 3589 276 3623; x_wconf 57' lang='lat'><strong>1³2</strong></span> <span class='ocrx_word' id='word_1_1029' title='bbox 292 3598 384 3630; x_wconf 75' lang='lat' dir='ltr'><strong>recte,</strong></span> <span class='ocrx_word' id='word_1_1030' title='bbox 404 3592 464 3624; x_wconf 70' lang='lat' dir='ltr'><strong>sed</strong></span> <span class='ocrx_word' id='word_1_1031' title='bbox 478 3599 590 3624; x_wconf 85' lang='lat' dir='ltr'><strong>contra</strong></span> <span class='ocrx_word' id='word_1_1032' title='bbox 607 3592 638 3624; x_wconf 90' lang='lat' dir='ltr'><em>B</em></span> 
     </span>
     <span class='ocr_line' id='line_1_149' title="bbox 131 3635 643 3678; baseline 0 -9"><span class='ocrx_word' id='word_1_1033' title='bbox 131 3637 176 3677; x_wconf 80' lang='grc'><strong>(6)</strong></span> <span class='ocrx_word' id='word_1_1034' title='bbox 201 3635 286 3668; x_wconf 84' lang='lat' dir='ltr'><strong>exF</strong></span> <span class='ocrx_word' id='word_1_1035' title='bbox 361 3636 405 3678; x_wconf 84' lang='lat'><strong>(7)</strong></span> <span class='ocrx_word' id='word_1_1036' title='bbox 430 3635 643 3669; x_wconf 83' lang='lat' dir='ltr'><strong>desisteritF</strong></span> 
     </span>
     <span class='ocr_line' id='line_1_150' title="bbox 132 3681 849 3724; baseline 0.003 -10"><span class='ocrx_word' id='word_1_1037' title='bbox 132 3681 191 3722; x_wconf 84' lang='lat'><strong>(10)</strong></span> <span class='ocrx_word' id='word_1_1038' title='bbox 217 3681 258 3724; x_wconf 71' lang='lat' dir='ltr'><strong>cst</strong></span> <span class='ocrx_word' id='word_1_1039' title='bbox 274 3681 399 3714; x_wconf 57' lang='lat' dir='ltr'><strong>Luat.</strong></span> <span class='ocrx_word' id='word_1_1040' title='bbox 524 3683 578 3724; x_wconf 86' lang='lat'><strong>(11)</strong></span> <span class='ocrx_word' id='word_1_1041' title='bbox 602 3682 647 3714; x_wconf 89' lang='lat' dir='ltr'><strong>D.</strong></span> <span class='ocrx_word' id='word_1_1042' title='bbox 661 3683 716 3724; x_wconf 87' lang='lat'><strong>48,</strong></span> <span class='ocrx_word' id='word_1_1043' title='bbox 729 3690 758 3724; x_wconf 88' lang='lat'><strong>5,</strong></span> <span class='ocrx_word' id='word_1_1044' title='bbox 770 3689 849 3724; x_wconf 77' lang='lat' dir='ltr'><strong>40,e</strong></span> 
     </span>
     <span class='ocr_line' id='line_1_151' title="bbox 132 3724 1210 3770; baseline 0.003 -11"><span class='ocrx_word' id='word_1_1045' title='bbox 132 3727 191 3765; x_wconf 76' lang='lat'><strong>(13)</strong></span> <span class='ocrx_word' id='word_1_1046' title='bbox 214 3724 403 3759; x_wconf 74' lang='lat' dir='ltr'><strong>consultum</strong></span> <span class='ocrx_word' id='word_1_1047' title='bbox 415 3726 448 3758; x_wconf 88' lang='lat' dir='ltr'><em>F</em></span> <span class='ocrx_word' id='word_1_1048' title='bbox 452 3725 468 3746; x_wconf 84' lang='lat'>2</span> <span class='ocrx_word' id='word_1_1049' title='bbox 559 3728 616 3768; x_wconf 75' lang='lat'><strong>(14)</strong></span> <span class='ocrx_word' id='word_1_1050' title='bbox 640 3727 699 3768; x_wconf 88' lang='lat' dir='ltr'><strong>qui</strong></span> <span class='ocrx_word' id='word_1_1051' title='bbox 718 3727 840 3769; x_wconf 88' lang='lat' dir='ltr'><strong>autem]</strong></span> <span class='ocrx_word' id='word_1_1052' title='bbox 852 3727 941 3769; x_wconf 61' lang='lat' dir='ltr'><strong>&gt;quia</strong></span> <span class='ocrx_word' id='word_1_1053' title='bbox 958 3729 1018 3770; x_wconf 89' lang='lat' dir='ltr'><strong>qui</strong></span> <span class='ocrx_word' id='word_1_1054' title='bbox 1035 3741 1096 3762; x_wconf 83' lang='lat' dir='ltr'><strong>scr.</strong></span> <span class='ocrx_word' id='word_1_1055' title='bbox 1110 3730 1210 3770; x_wconf 82' lang='lat' dir='ltr'><strong>(simi-</strong></span> 
     </span>
     <span class='ocr_line' id='line_1_152' title="bbox 133 3770 718 3813; baseline 0.002 -10"><span class='ocrx_word' id='word_1_1056' title='bbox 133 3770 205 3804; x_wconf 80' lang='lat' dir='ltr'><strong>liter</strong></span> <span class='ocrx_word' id='word_1_1057' title='bbox 225 3770 320 3813; x_wconf 78' lang='lat' dir='ltr'><strong>HaL)</strong></span> <span class='ocrx_word' id='word_1_1058' title='bbox 454 3773 511 3812; x_wconf 76' lang='lat'><strong>(15)</strong></span> <span class='ocrx_word' id='word_1_1059' title='bbox 536 3771 664 3804; x_wconf 84' lang='lat' dir='ltr'><strong>subdici</strong></span> <span class='ocrx_word' id='word_1_1060' title='bbox 684 3773 718 3804; x_wconf 86' lang='lat' dir='ltr'><em>F</em></span> 
     </span>
    </p>
   </div>
   <div class='ocr_carea' id='block_1_8' title="bbox 718 3548 1210 3678">
    <p class='ocr_par' dir='ltr' id='par_1_17' title="bbox 718 3548 1210 3678">
     <span class='ocr_line' id='line_1_153' title="bbox 755 3548 1210 3591; baseline 0.004 -11"><span class='ocrx_word' id='word_1_1061' title='bbox 755 3549 796 3587; x_wconf 84' lang='lat'><strong>(3)</strong></span> <span class='ocrx_word' id='word_1_1062' title='bbox 821 3548 999 3581; x_wconf 85' lang='lat' dir='ltr'><strong>muneriF</strong></span> <span class='ocrx_word' id='word_1_1063' title='bbox 1061 3549 1103 3591; x_wconf 87' lang='grc'><strong>(4)</strong></span> <span class='ocrx_word' id='word_1_1064' title='bbox 1129 3549 1210 3582; x_wconf 90' lang='lat' dir='ltr'><strong>omi-</strong></span> 
     </span>
     <span class='ocr_line' id='line_1_154' title="bbox 730 3591 1209 3636; baseline 0.004 -11"><span class='ocrx_word' id='word_1_1065' title='bbox 730 3593 773 3633; x_wconf 87' lang='lat'><strong>(5)</strong></span> <span class='ocrx_word' id='word_1_1066' title='bbox 798 3591 942 3636; x_wconf 77' lang='lat' dir='ltr'><strong>infamis,</strong></span> <span class='ocrx_word' id='word_1_1067' title='bbox 960 3593 1013 3626; x_wconf 89' lang='lat' dir='ltr'><strong>vel</strong></span> <span class='ocrx_word' id='word_1_1068' title='bbox 1031 3594 1130 3626; x_wconf 87' lang='lat' dir='ltr'><strong>etiam</strong></span> <span class='ocrx_word' id='word_1_1069' title='bbox 1149 3596 1209 3627; x_wconf 83' lang='lat' dir='ltr'><strong>ins.</strong></span> 
     </span>
     <span class='ocr_line' id='line_1_155' title="bbox 718 3636 919 3678; baseline -0.005 -7"><span class='ocrx_word' id='word_1_1070' title='bbox 718 3637 763 3678; x_wconf 90' lang='grc'><strong>(8)</strong></span> <span class='ocrx_word' id='word_1_1071' title='bbox 788 3636 872 3670; x_wconf 83' lang='lat' dir='ltr'><strong>velle</strong></span> <span class='ocrx_word' id='word_1_1072' title='bbox 884 3638 919 3670; x_wconf 82' lang='lat' dir='ltr'><em>F</em></span> 
     </span>
    </p>
   </div>
   <div class='ocr_carea' id='block_1_9' title="bbox 844 3773 1207 3815">
    <p class='ocr_par' dir='ltr' id='par_1_18' title="bbox 844 3773 1207 3815">
     <span class='ocr_line' id='line_1_156' title="bbox 844 3773 1207 3815; baseline -0.003 -9"><span class='ocrx_word' id='word_1_1073' title='bbox 844 3774 905 3813; x_wconf 83' lang='lat'><strong>(16)</strong></span> <span class='ocrx_word' id='word_1_1074' title='bbox 930 3773 974 3805; x_wconf 94' lang='lat' dir='ltr'><strong>D.</strong></span> <span class='ocrx_word' id='word_1_1075' title='bbox 993 3775 1048 3814; x_wconf 83' lang='lat'><strong>48,</strong></span> <span class='ocrx_word' id='word_1_1076' title='bbox 1069 3781 1112 3815; x_wconf 82' lang='lat'><strong>19,</strong></span> <span class='ocrx_word' id='word_1_1077' title='bbox 1132 3781 1177 3814; x_wconf 75' lang='lat'><strong>34,</strong></span> <span class='ocrx_word' id='word_1_1078' title='bbox 1197 3781 1207 3805; x_wconf 89' lang='lat'>1</span> 
     </span>
    </p>
   </div>
   <div class='ocr_carea' id='block_1_10' title="bbox 973 3638 1644 3727">
    <p class='ocr_par' dir='ltr' id='par_1_19' title="bbox 973 3638 1644 3727">
     <span class='ocr_line' id='line_1_157' title="bbox 1000 3638 1644 3681; baseline -0.002 -10"><span class='ocrx_word' id='word_1_1079' title='bbox 1000 3640 1044 3681; x_wconf 85' lang='lat'><strong>(9)</strong></span> <span class='ocrx_word' id='word_1_1080' title='bbox 1067 3639 1217 3671; x_wconf 83' lang='lat' dir='ltr'><strong>movitF</strong></span> <span class='ocrx_word' id='word_1_1081' title='bbox 1279 3639 1337 3678; x_wconf 85' lang='grc'><strong>(21)</strong></span> <span class='ocrx_word' id='word_1_1082' title='bbox 1363 3638 1567 3671; x_wconf 86' lang='lat' dir='ltr'><strong>accusationi</strong></span> <span class='ocrx_word' id='word_1_1083' title='bbox 1584 3651 1644 3670; x_wconf 86' lang='lat' dir='ltr'><strong>scr.</strong></span> 
     </span>
     <span class='ocr_line' id='line_1_158' title="bbox 973 3683 1509 3727; baseline -0.004 -10"><span class='ocrx_word' id='word_1_1084' title='bbox 973 3685 1032 3725; x_wconf 89' lang='grc'><strong>(12)</strong></span> <span class='ocrx_word' id='word_1_1085' title='bbox 1056 3693 1172 3727; x_wconf 85' lang='lat' dir='ltr'><strong>supras</strong></span> <span class='ocrx_word' id='word_1_1086' title='bbox 1185 3685 1219 3717; x_wconf 81' lang='lat' dir='ltr'><em>F</em></span> <span class='ocrx_word' id='word_1_1087' title='bbox 1277 3683 1424 3715; x_wconf 88' lang='lat' dir='ltr'><strong>lionatus</strong></span> <span class='ocrx_word' id='word_1_1088' title='bbox 1437 3684 1509 3717; x_wconf 87' lang='lat' dir='ltr'><strong>edd.</strong></span> 
     </span>
    </p>
   </div>
   <div class='ocr_carea' id='block_1_11' title="bbox 1543 3544 2362 3725">
    <p class='ocr_par' dir='ltr' id='par_1_20' title="bbox 1543 3544 2362 3725">
     <span class='ocr_line' id='line_1_159' title="bbox 1616 3544 2359 3590; baseline -0.007 -8"><span class='ocrx_word' id='word_1_1089' title='bbox 1616 3549 1676 3590; x_wconf 81' lang='grc'><strong>(18)</strong></span> <span class='ocrx_word' id='word_1_1090' title='bbox 1699 3549 1732 3580; x_wconf 90' lang='grc'><strong>01</strong></span> <span class='ocrx_word' id='word_1_1091' title='bbox 1747 3547 1784 3579; x_wconf 92' lang='grc'><strong>10</strong></span> <span class='ocrx_word' id='word_1_1092' title='bbox 1802 3546 1941 3589; x_wconf 86' lang='lat' dir='ltr'><strong>privatis</strong></span> <span class='ocrx_word' id='word_1_1093' title='bbox 1959 3547 1991 3578; x_wconf 90' lang='lat' dir='ltr'><strong>et</strong></span> <span class='ocrx_word' id='word_1_1094' title='bbox 2007 3545 2044 3577; x_wconf 90' lang='lat' dir='ltr'><strong>in</strong></span> <span class='ocrx_word' id='word_1_1095' title='bbox 2062 3544 2206 3587; x_wconf 88' lang='lat' dir='ltr'><strong>publicis</strong></span> <span class='ocrx_word' id='word_1_1096' title='bbox 2225 3544 2359 3578; x_wconf 83' lang='lat' dir='ltr'><strong>iudiciis</strong></span> 
     </span>
     <span class='ocr_line' id='line_1_160' title="bbox 1543 3590 2362 3635; baseline -0.007 -8"><span class='ocrx_word' id='word_1_1097' title='bbox 1543 3595 1603 3635; x_wconf 78' lang='lat'><strong>(19)</strong></span> <span class='ocrx_word' id='word_1_1098' title='bbox 1628 3594 1671 3635; x_wconf 67' lang='lat' dir='ltr'><strong>cst</strong></span> <span class='ocrx_word' id='word_1_1099' title='bbox 1693 3594 1712 3625; x_wconf 87' lang='lat' dir='ltr'><strong>l.</strong></span> <span class='ocrx_word' id='word_1_1100' title='bbox 1734 3599 1746 3625; x_wconf 93' lang='lat'>1</span> <span class='ocrx_word' id='word_1_1101' title='bbox 1772 3596 1786 3630; x_wconf 69' lang='grc' dir='ltr'><em>ξ</em></span> <span class='ocrx_word' id='word_1_1102' title='bbox 1808 3599 1840 3624; x_wconf 91' lang='lat'><strong>10</strong></span> <span class='ocrx_word' id='word_1_1103' title='bbox 1862 3591 1890 3623; x_wconf 66' lang='lat'><strong>111.</strong></span> <span class='ocrx_word' id='word_1_1104' title='bbox 1915 3598 1934 3623; x_wconf 80' lang='lat' dir='ltr'><strong>t.</strong></span> <span class='ocrx_word' id='word_1_1105' title='bbox 2072 3591 2135 3631; x_wconf 85' lang='lat'><strong>(20)</strong></span> <span class='ocrx_word' id='word_1_1106' title='bbox 2159 3590 2310 3632; x_wconf 81' lang='lat' dir='ltr'><strong>principe</strong></span> <span class='ocrx_word' id='word_1_1107' title='bbox 2330 3591 2362 3622; x_wconf 83' lang='lat' dir='ltr'><em>F</em></span> 
     </span>
     <span class='ocr_line' id='line_1_161' title="bbox 1716 3634 2357 3677; baseline -0.005 -8"><span class='ocrx_word' id='word_1_1108' title='bbox 1716 3638 1777 3675; x_wconf 89' lang='grc'><strong>(22)</strong></span> <span class='ocrx_word' id='word_1_1109' title='bbox 1802 3635 1921 3677; x_wconf 88' lang='lat' dir='ltr'><strong>neque]</strong></span> <span class='ocrx_word' id='word_1_1110' title='bbox 1933 3635 2131 3676; x_wconf 85' lang='lat' dir='ltr'><strong>nonequeF</strong></span> <span class='ocrx_word' id='word_1_1111' title='bbox 2196 3636 2257 3676; x_wconf 82' lang='lat'>(23)</span> <span class='ocrx_word' id='word_1_1112' title='bbox 2279 3634 2357 3667; x_wconf 85' lang='lat' dir='ltr'><strong>stel-</strong></span> 
     </span>
     <span class='ocr_line' id='line_1_162' title="bbox 1573 3679 2359 3725; baseline -0.005 -10"><span class='ocrx_word' id='word_1_1113' title='bbox 1573 3684 1634 3725; x_wconf 85' lang='grc'><strong>(24)</strong></span> <span class='ocrx_word' id='word_1_1114' title='bbox 1660 3680 1861 3714; x_wconf 85' lang='lat' dir='ltr'><strong>desistititF</strong></span> <span class='ocrx_word' id='word_1_1115' title='bbox 1916 3680 1977 3722; x_wconf 77' lang='lat'><strong>(25)</strong></span> <span class='ocrx_word' id='word_1_1116' title='bbox 2000 3679 2200 3712; x_wconf 80' lang='lat' dir='ltr'><strong>iudiciorum</strong></span> <span class='ocrx_word' id='word_1_1117' title='bbox 2214 3679 2359 3712; x_wconf 62' lang='grc' dir='ltr'><strong>«11111.Ρῖ</strong></span> 
     </span>
    </p>
   </div>
   <div class='ocr_carea' id='block_1_12' title="bbox 1281 3549 1514 3626">
    <p class='ocr_par' dir='ltr' id='par_1_21' title="bbox 1281 3549 1514 3626">
     <span class='ocr_line' id='line_1_163' title="bbox 1282 3549 1514 3588; baseline 0.004 -7"><span class='ocrx_word' id='word_1_1118' title='bbox 1282 3549 1339 3588; x_wconf 81' lang='lat'>(17)</span> <span class='ocrx_word' id='word_1_1119' title='bbox 1367 3550 1411 3581; x_wconf 79' lang='lat' dir='ltr'><strong>tit.</strong></span> <span class='ocrx_word' id='word_1_1120' title='bbox 1427 3556 1443 3582; x_wconf 86' lang='lat'><strong>5</strong></span> <span class='ocrx_word' id='word_1_1121' title='bbox 1457 3561 1482 3582; x_wconf 81' lang='lat' dir='ltr'><strong>c.</strong></span> <span class='ocrx_word' id='word_1_1122' title='bbox 1497 3555 1514 3582; x_wconf 88' lang='lat'>2</span> 
     </span>
     <span class='ocr_line' id='line_1_164' title="bbox 1281 3593 1405 3626; baseline 0.008 -1"><span class='ocrx_word' id='word_1_1123' title='bbox 1281 3593 1405 3626; x_wconf 82' lang='lat' dir='ltr'><strong>Paulus</strong></span> 
     </span>
    </p>
   </div>
   <div class='ocr_carea' id='block_1_13' title="bbox 1280 3727 1526 3769">
    <p class='ocr_par' dir='ltr' id='par_1_22' title="bbox 1280 3727 1526 3769">
     <span class='ocr_line' id='line_1_165' title="bbox 1280 3727 1526 3769; baseline 0 -9"><span class='ocrx_word' id='word_1_1124' title='bbox 1280 3730 1341 3769; x_wconf 84' lang='grc'><strong>(26)</strong></span> <span class='ocrx_word' id='word_1_1125' title='bbox 1367 3727 1407 3762; x_wconf 82' lang='lat' dir='ltr'><strong>de</strong></span> <span class='ocrx_word' id='word_1_1126' title='bbox 1420 3741 1478 3761; x_wconf 86' lang='lat' dir='ltr'><strong>om.</strong></span> <span class='ocrx_word' id='word_1_1127' title='bbox 1491 3729 1526 3760; x_wconf 83' lang='lat' dir='ltr'><em>F</em></span> 
     </span>
    </p>
   </div>
   <div class='ocr_carea' id='block_1_14' title="bbox 2020 3826 2082 3856">
    <p class='ocr_par' dir='ltr' id='par_1_23' title="bbox 2020 3826 2082 3856">
     <span class='ocr_line' id='line_1_166' title="bbox 2020 3826 2082 3856; baseline 0 0"><span class='ocrx_word' id='word_1_1128' title='bbox 2020 3826 2082 3856; x_wconf 73' lang='lat'><strong>10¹2</strong></span> 
     </span>
    </p>
   </div>
  </div>
 </body>
</html>
