2528 3918
197 152 477 198 xxxxvls

200 279 211 312 1
262 274 376 327 piam,
405 273 582 318 reliquum
611 270 809 318 promissor
837 275 935 309 recte
958 270 1053 307 Titio
1083 271 1192 307 dabit.
1211 315 1219 322 .
1240 270 1278 307 Si

196 320 383 356 fidemssor
423 317 648 364 procuratori
683 316 870 354 creditoris
909 316 1016 353 solvit
1048 320 1085 351 et
1125 315 1280 351 credltor

222 368 279 401 ost
307 367 466 410 tempus,
502 374 572 409 quo
604 361 750 398 liberari
780 361 968 398 fideiussor
1017 360 1137 402 oterit‚
1161 363 1278 395 ratum

195 377 338 451 flabuit,
370 413 489 444 tamen
512 407 596 453 quia
619 406 823 449 fideiussor,
855 417 943 442 cum
959 416 982 441 a
1007 406 1076 441 huc
1099 415 1145 441 ex
1170 414 1279 440 causa

195 454 431 489 fideiussionis
451 457 642 495 teneretur,
666 451 781 494 solvit,
805 462 872 488 nec
891 455 1050 504 repetere
1069 454 1190 496 potest
1212 460 1278 485 nec

197 499 311 534 minus
336 508 439 544 agere
464 497 633 533 adversus
657 507 756 533 reum
778 497 937 532 mandati
959 499 1093 540 potest,
1119 505 1225 539 quam
1249 494 1278 529 si

198 546 216 578 2
262 547 338 579 tum
362 542 541 588 praesenti
564 541 729 578 dedisset.
765 541 854 576 Item
878 542 908 576 si
932 541 1098 585 ignorans
1124 539 1279 574 creditor

196 587 420 633 procuratori
451 598 517 623 suo
548 587 704 623 solutum
735 596 836 622 servo
872 585 1039 621 debitoris
1070 584 1186 620 filiove
1217 594 1277 619 ac-

197 636 337 678 ceptum
359 631 501 675 fecerit,
533 635 661 678 postea
682 636 802 666 autem
833 629 993 666 rescierit
1016 634 1052 665 et
1074 633 1192 664 ratum
1214 629 1278 663 ha·

196 677 325 719 buerit,
349 676 602 712 confirmatnr¹
625 677 755 712 solutio
779 681 815 711 et
838 675 933 720 quod
956 679 1144 719 acceptum
1167 674 1278 709 latum

195 723 260 765 sit,
291 722 423 758 nullius
459 721 626 758 momenti
657 725 730 757 est:
766 725 802 756 et
826 724 969 763 contra,
1005 719 1036 755 si
1065 723 1182 754 ratum
1206 729 1277 754 non

196 770 214 802 3
261 766 438 810 habuerit,
460 766 557 812 quod
576 770 762 818 acceptum
781 764 917 808 fecerit,
941 764 1182 800 confirmatur.
1208 763 1277 799 Sed

195 813 225 847 si
256 811 424 856 ignorans
454 812 608 847 solutum
650 811 747 845 htem
779 812 999 845 contestatus
1024 813 1093 852 est,
1125 808 1157 845 si
1217 819 1276 844 en-

196 856 300 892 dente
333 856 466 892 iudicio
500 861 618 892 ratum
653 855 797 897 habuit,
834 854 968 890 absolvi
998 858 1141 899 oportet
1168 854 1277 897 ilum,

196 911 276 981 gum
311 912 381 953 quo
417 905 536 937 actum
570 905 640 944 est,
683 901 713 936 si
749 904 866 935 ratum
901 909 974 934 non
1007 898 1150 942 habuit,
1193 909 1276 934 con-

220 956 366 982 emnari.

241 988 318 1028 72²
339 989 578 1027 Mane-urus
608 989 698 1025 libro
730 989 920 1025 vicensimo
943 988 1164 1035 diqcscorum
1210 988 1278 1032 Qui

196 1036 317 1072 decem
352 1035 473 1079 debet,
507 1035 539 1071 si
569 1045 612 1070 ea
647 1033 816 1079 optulerit
850 1033 1018 1069 creditori
1049 1038 1086 1069 et
1115 1033 1174 1069 ille
1203 1034 1278 1068 sine

193 1081 289 1116 iusta
312 1090 422 1116 causa
445 1090 489 1116 ea
512 1080 675 1124 accipere
698 1078 890 1123 recusavit,
921 1078 1048 1114 deinde
1072 1077 1211 1114 debitor
1234 1088 1278 1114 ea

195 1127 272 1162 sine
294 1135 361 1162 sua
384 1125 515 1170 culpa³
538 1124 746 1170 perdiderit,
779 1123 851 1159 doli
874 1123 959 1158 mali
983 1133 1069 1159 exce
1095 1123 1191 1159 tione
1213 1134 1277 1168 po-

194 1175 265 1207 test
287 1180 326 1206 se
348 1171 459 1214 tueri,
485 1179 696 1214 quamquam
720 1168 911 1213 aliquando
935 1168 1074 1213 interpe
1100 1171 1182 1204 atus
1205 1178 1278 1204 non

194 1215 360 1251 solverit:
402 1215 530 1250 etenim
570 1225 642 1249 non
685 1219 739 1249 est
781 1224 933 1259 aequum
971 1213 1086 1248 teneri
1125 1213 1279 1259 pecunia

193 1260 340 1303 amissa,
365 1260 449 1306 quia
473 1270 544 1294 non
567 1263 764 1301 teneretur,
797 1258 827 1293 si
851 1257 1007 1294 creditor
1030 1258 1194 1303 accipere
1216 1268 1276 1294 vo-

194 1305 330 1341 luisset.
377 1315 487 1349 quare
540 1314 581 1339 ro
611 1303 729 1339 soluto
761 1303 815 1346 id,
851 1303 888 1338 in
913 1314 982 1348 quo
1008 1303 1162 1339 creditor
1183 1302 1277 1339 acci·

194 1349 324 1396 piendo
349 1360 483 1384 moram
523 1349 602 1392 ecit,
628 1353 770 1393 oportet
793 1358 881 1384 esse.
930 1352 965 1383 et
989 1358 1075 1384 sane
1099 1348 1130 1383 si
1153 1357 1275 1383 servus

194 1399 272 1431 erat
293 1395 331 1430 in
354 1394 436 1430 dote
460 1403 611 1439 eumque
634 1393 766 1439 optulit
787 1393 937 1429 maritus
961 1397 997 1429 et
1019 1393 1050 1429 is
1070 1403 1192 1428 servus
1217 1392 1276 1428 de-

195 1439 319 1483 cessit,
358 1443 422 1474 aut
452 1449 614 1474 nummos
647 1438 777 1491 optulit
806 1449 867 1474 eos
893 1448 939 1474 ue
976 1449 1049 1474 non
1080 1437 1278 1483 accipiente

199 1490 209 1520 ¹
260 1485 407 1520 muliere
429 1483 640 1530 perdiderit,
664 1494 741 1528 ipso
766 1483 844 1519 iure
891 1483 1005 1519 esinet
1026 1483 1151 1518 teneri.
1188 1482 1277 1519 Cum

195 1530 355 1565 Stichum
373 1529 458 1564 mihi
482 1528 629 1564 deberes
653 1532 689 1564 et
711 1528 748 1563 in
772 1528 941 1565 solvendo
959 1539 1096 1563 moram
1119 1527 1276 1571 fecisses,

194 1575 260 1611 sub
285 1574 494 1610 condicione
517 1584 596 1609 eum
620 1573 832 1619 promisisti:
865 1573 1042 1618 pendente
1066 1583 1110 1609 ea
1133 1572 1277 1608 Stichus

195 1619 363 1655 decessit:
395 1619 592 1661 videamus,
626 1629 691 1662 an,
725 1618 808 1663 quia
831 1619 952 1654 novari
984 1618 1082 1664 prior
1107 1618 1276 1663 obligatio

194 1675 266 1700 non
289 1667 424 1710 potest,
457 1664 582 1716 petitio
607 1663 698 1699 servi
722 1668 901 1708 competat
924 1674 983 1706 ea,
1020 1673 1112 1716 quae
1136 1673 1276 1708 compe-

193 1712 296 1752 teret,
315 1709 347 1745 si
365 1720 438 1745 non
457 1709 718 1744 mtercessisset
736 1709 930 1754 stipulatio.
956 1708 1020 1744 sed
1032 1720 1069 1743 m
1087 1719 1189 1754 prom
1215 1708 1277 1742 ιιιΑ

195 1754 429 1791 contradictio
461 1758 517 1790 est
540 1754 752 1797 debitorem,
787 1764 869 1789 cum
897 1753 1081 1798 stipulanti
1111 1764 1170 1788 cre
1209 1753 1277 1788 tori

194 1800 260 1835 sub
286 1799 493 1836 condicione
515 1799 692 1844 promisit,
724 1809 797 1834 non
818 1798 929 1835 videri
951 1799 989 1833 in
1012 1798 1189 1834 solutione
1212 1798 1276 1834 ho-

194 1845 297 1880 minis
328 1854 503 1880 cessasse:
539 1854 622 1879 nam
650 1854 772 1879 verum
802 1847 857 1880 est
887 1854 984 1887 eum,
1019 1844 1080 1889 qui
1109 1843 1277 1888 interpel-

194 1890 288 1925 latus
311 1889 398 1925 dare
417 1889 541 1933 noluit,
566 1888 771 1925 offerentem
822 1893 922 1924 ostea
941 1889 1100 1934 periculo
1120 1888 1276 1924 liberari.

198 1938 216 1969 2
265 1934 335 1970 Sed
365 1933 451 1979 quid
480 1934 510 1970 si
540 1934 727 1979 ignorante
759 1933 803 1969 de
829 1934 918 1970 itore
951 1934 996 1969 ab
1021 1934 1091 1969 alio
1122 1933 1278 1969 creditor

194 1991 275 2015 eum
314 1979 504 2024 stipulatus
542 1979 620 2015 est?
667 1979 725 2014 hic
760 1989 902 2024 quoque
933 1978 1189 2014 existimandus
1224 1983 1279 2014 est

195 2024 356 2071 periculo
379 2023 518 2060 debitor
540 2023 724 2066 liberatus,
748 2023 1042 2069 quemadmodum
1066 2023 1097 2059 si
1121 2023 1279 2068 quolibet

195 2070 336 2105 nomine
359 2069 435 2105 eius
461 2079 600 2104 servum
620 2069 791 2104 offerente
813 2069 1003 2114 stipulator
1026 2069 1190 2114 accipere
1213 2079 1278 2104 no-

195 2118 214 2150 3
261 2115 395 2150 luisset.
443 2114 542 2149 Idem
571 2124 782 2159 responsum
806 2118 870 2158 est,
903 2113 934 2149 si
957 2114 1055 2159 quis,
1088 2124 1169 2149 cum
1192 2114 1277 2149 sub-

194 2163 317 2204 reptus
349 2159 416 2194 sibi
448 2169 569 2194 servus
600 2163 711 2202 esset,
749 2159 817 2194 sub
847 2159 1055 2195 condicione
1087 2158 1278 2204 stipulatus

193 2204 303 2239 fuerit
336 2203 505 2249 quidquid
541 2204 656 2239 furem
692 2204 776 2239 dare
799 2203 918 2239 facere
942 2207 1100 2249 oportet:
1136 2214 1218 2239 nam
1243 2207 1279 2239 et

193 2250 253 2284 fur
288 2248 512 2284 condictione
546 2249 736 2292 liberatur,
772 2248 804 2285 si
834 2249 996 2285 dominus
1028 2249 1186 2284 oblatum
1210 2248 1279 2284 sibi

195 2294 359 2339 accipere
389 2294 512 2329 noluit.
561 2294 591 2329 si
623 2297 758 2338 tamen,
791 2304 872 2329 cum
903 2293 940 2329 in
971 2293 1155 2339 provincia
1185 2293 1278 2329 forte

195 2350 317 2375 servus
350 2342 462 2381 esset,
493 2339 735 2375 intercesserit
762 2339 942 2384 stipulatio
975 2340 1026 2381 (et
1056 2338 1149 2384 finge
1177 2339 1277 2384 prius

194 2394 299 2429 quam
331 2383 538 2419 facultatem
562 2384 638 2420 eius
669 2384 936 2420 nancisceretur
958 2384 1018 2419 fur
1040 2384 1095 2419 vel
1127 2384 1276 2429 promis-

195 2440 275 2473 sor,
306 2428 502 2465 decessisse
523 2433 694 2472 servum),
724 2439 801 2465 non
826 2429 958 2475 poterit
984 2428 1134 2472 rationi,
1174 2439 1278 2474 quam

194 2483 304 2519 supra
334 2473 569 2518 reddidimus,
609 2474 710 2510 locus
741 2484 835 2510 esse:
874 2485 945 2510 non
975 2474 1068 2509 enim
1105 2484 1126 2510 ο
1152 2474 1278 2509 tulisse

195 2523 216 2555 4
262 2529 343 2555 eum
364 2530 431 2564 pro
459 2523 512 2554 ter
535 2519 733 2554 absentiam
755 2519 911 2564 intellegi
939 2521 1070 2564 potest.
1118 2485 1278 2554 Stichum

195 2567 259 2599 aut
291 2563 404 2609 Pamp
457 2575 515 2599 um
559 2564 752 2609 stipulatus
787 2574 884 2607 sum,
928 2575 1009 2599 cum
1050 2568 1145 2599 esset
1178 2574 1278 2600 meus

195 2608 421 2653 Pamphilus:
461 2619 527 2644 nec
559 2609 589 2644 si
620 2619 719 2645 meus
752 2619 832 2645 esse
868 2608 1027 2653 desierit,
1067 2609 1278 2645 liberabitur

195 2654 390 2707 promissor
412 2653 637 2698 Pamphilum
662 2653 797 2689 dando:
830 2658 995 2689 neutrum
1024 2654 1117 2689 enim
1139 2653 1278 2689 videtur

195 2709 233 2734 m
267 2698 452 2743 Pamphilo
488 2699 629 2734 homine
665 2698 867 2735 constitisse
907 2709 975 2734 nec
1009 2699 1079 2734 ob'
1127 2699 1177 2734 tio
1211 2709 1278 2735 nec

196 2742 338 2779 solutio.
393 2743 456 2778 sed
488 2743 537 2787 ei,
574 2744 634 2789 qui
666 2744 842 2779 hominem
873 2743 951 2779 dari
989 2744 1059 2789 stip
1100 2747 1180 2779 atus
1213 2748 1277 2788 est,

196 2798 307 2823 unum
326 2788 431 2823 etiam
452 2798 496 2823 ex
514 2788 581 2830 his,
606 2788 666 2833 qui
685 2793 771 2824 tunc
791 2789 1011 2834 stipulatoris
1029 2789 1121 2825 servi
1140 2791 1243 2824 erant
1253 2790 1276 2832 ⁶,

196 2832 314 2868 dando
375 2833 544 2869 romissor
579 2833 768 2870 liberatur:
806 2833 862 2869 “vi
894 2833 1035 2878 quidem
1058 2833 1138 2879 ipsa
1161 2838 1197 2869 et
1219 2834 1278 2869 liic

197 2888 240 2913 ex
263 2877 319 2913 his
389 2878 420 2912 ri
443 2878 634 2923 stipulatus
659 2882 723 2921 est,
749 2878 810 2924 qui
833 2878 908 2914 eius
932 2889 1004 2914 non
1029 2880 1163 2914 erant⁷.
1209 2878 1276 2914 fin-

195 2932 319 2967 gamus
342 2921 394 2957 ita
417 2923 641 2967 stipulatum:
679 2924 865 2959 ‘hominem
890 2933 934 2959 ex
956 2923 1028 2967 his,
1065 2934 1154 2969 quos
1179 2923 1276 2959 Sem-

198 2967 356 3012 ‘pronius
379 2967 537 3012 reliquit,
562 2967 648 3003 dare
671 2968 826 3013 spondes
835 2969 876 3011 ?’,
911 2979 992 3004 cum
1014 2973 1087 3004 tres
1112 2969 1276 3014 Sempro-

196 3013 277 3048 nius
296 3011 496 3057 reliquisset
530 3022 720 3058 eorumque
741 3013 788 3048 ali
814 3024 892 3048 uem
913 3013 1133 3058 stipulator-is
1151 3013 1276 3049 fuisse:

196 3068 281 3093 num
310 3057 460 3109 mortuis
489 3039 645 3100 duobus,
682 3059 742 3102 qui
773 3059 919 3094 aterius
948 3062 1068 3102 erant,
1101 3059 1277 3103 supererit

196 3102 270 3137 ulla
294 3101 480 3146 obhgatio,
514 3101 705 3137 videamus.
754 3108 789 3138 et
820 3104 930 3148 magis
954 3107 1009 3139 est
1039 3102 1191 3139 deficere
1214 3104 1275 3139 sti·

196 3146 430 3192 pulationem,
466 3146 534 3182 nisi
563 3150 646 3182 ante
677 3153 825 3183 mortem
857 3148 1006 3183 duorum
1033 3148 1176 3183 desierit
1198 3158 1276 3184 esse

197 3195 216 3226 5
264 3191 422 3237 reliquus
446 3201 568 3227 servus
592 3192 823 3236 stipulator-is.
872 3193 939 3238 Qui
968 3193 1144 3228 hominem
1169 3192 1275 3229 debe·

196 3237 275 3279 bat,
311 3236 487 3278 Stichum,
525 3236 583 3272 cui
617 3236 763 3273 libertas
794 3248 837 3272 ex
868 3247 978 3273 causa
1015 3237 1276 3274 fideicommissi

195 3280 412 3327 praestanda
443 3286 512 3326 est,
545 3281 667 3317 solvit:
707 3292 779 3317 non
808 3282 946 3318 videtur
974 3283 1161 3318 liberatus:
1195 3293 1276 3318 nam

196 3326 251 3361 vel
282 3326 396 3362 minus
425 3326 483 3361 hic
515 3336 654 3362 servum
683 3325 780 3361 dedit
810 3338 915 3371 quam
939 3327 1017 3370 ille,
1053 3327 1114 3372 qui
1137 3338 1275 3363 servum

196 3370 294 3406 dedit
321 3370 476 3406 nondum
508 3381 602 3406 noxa
632 3371 797 3407 solutum.
851 3382 935 3407 num
967 3382 1050 3417 ergo
1082 3376 1118 3407 et
1146 3372 1177 3407 si
1205 3372 1274 3408 vis·

196 3415 384 3460 pellionem
419 3419 482 3450 aut
510 3415 598 3451 alias
627 3418 766 3461 turpem
790 3415 926 3451 dederit
953 3417 1148 3459 hominem,
1182 3416 1276 3452 idem

196 3460 266 3496 sit?
312 3464 348 3495 et
369 3469 457 3495 sane
487 3459 608 3496 datum
632 3470 762 3506 negare
784 3471 856 3496 non
886 3471 1076 3506 possumus
1099 3466 1136 3497 et
1159 3461 1276 3497 differt

196 3504 287 3540 haec
310 3515 327 3539 s
353 3504 447 3541 ecies
471 3515 494 3540 a
515 3505 714 3551 prioribus:
739 3505 847 3541 habet
870 3506 962 3540 enim
986 3517 1135 3549 servum,
1184 3507 1220 3541 ui
1242 3507 1275 3542 ci

196 3554 217 3584 6
263 3559 309 3585 au
327 3548 397 3585 etri
429 3559 503 3585 non
535 3551 658 3596 possit.
705 3550 905 3586 Promissor
938 3551 1030 3586 servi
1061 3561 1139 3586 eum
1195 3552 1276 3587 ebet

1264 143 1352 193 752
1574 156 1578 175 ³

1516 64 1520 95 l

1551 97 1586 146 Ὗ
2010 159 2074 195 DE
2101 160 2425 196 echonomus

1346 268 1523 321 hominem
1552 269 1708 314 solvere,
1741 280 1863 316 quem,
1899 270 1931 308 si
1960 270 2043 308 velit
2070 271 2280 318 stipulator.
2313 271 2428 319 possit

1346 313 1393 349 ad
1416 313 1617 351 hbertatem
1667 315 1847 352 erducere.

1383 356 1446 411 ,7-3
1477 358 1584 395 loru
1611 360 1639 396 lo·
1680 371 1701 396 o
1725 361 1933 407 triqensimo
1957 362 2082 408 primo
2105 361 2147 398 di
2169 366 2324 399 osterum
2371 362 2426 399 Ob

1346 406 1490 448 triginta
1519 415 1683 440 nummos
1719 405 1893 451 pecuniae
1922 406 2078 443 creditae
2116 406 2142 443 fi
2166 406 2359 444 eiussorem
2388 406 2427 443 in

1346 448 1468 501 viginti
1491 448 1573 485 dedi
1597 453 1633 485 et
1653 450 1821 495 pignus⁸2
1846 461 1890 487 ex
1914 451 2111 487 venditione
2129 455 2247 488 autem
2269 452 2426 498 pignoris

1347 493 1503 529 creditor
1525 493 1647 530 decem
1671 499 1884 532 consecutus
1902 500 1971 532 est:
1998 502 2116 532 utrum
2135 507 2179 532 ex
2197 496 2427 533 universitate

1345 537 1381 572 id
1406 538 1559 581 decedit,
1584 543 1625 575 ut
1647 539 1791 584 quidam
1813 544 1961 585 putant,
1992 541 2022 577 si
2045 541 2083 576 in
2106 541 2281 578 solvendis
2305 541 2427 578 decem

1345 582 1433 617 nihil
1457 582 1597 619 debitor
1620 583 1778 628 dixisset,
1801 595 1847 620 an
1871 585 1965 621 sicut
1988 596 2052 630 ego
2076 590 2174 631 puto,
2197 586 2235 621 in
2258 587 2342 622 totis
2365 586 2426 622 de-

1347 637 1421 662 cem
1445 626 1646 664 fideiussori
1670 629 1843 674 contingit
1865 630 2053 667 liberatio?
2078 631 2161 675 quia
2184 631 2253 667 hoc
2277 631 2426 667 dicendo

1345 673 1464 718 potuit
1492 673 1562 710 hoc
1593 673 1735 710 efficere
1765 673 1923 716 debitor,
1961 680 2020 719 ut,
2052 676 2115 711 ubi
2144 686 2216 711 non
2248 675 2339 712 dixit
2389 675 2427 712 id

1346 716 1465 762 potius
1489 719 1689 754 soluturum
1712 718 1948 762 existimetur,
1983 720 2078 765 quod
2101 720 2274 757 satisdato
2297 702 2425 757 debea-

1346 762 1427 797 tur?
1473 762 1584 808 magis
1613 767 1734 799 tamen
1764 763 1925 800 existimo
1955 764 2096 802 licuisse
2124 765 2291 801 creditori
2319 765 2358 802 in
2379 765 2426 810 id,

1346 807 1441 853 quod
1464 807 1563 844 solus
1587 808 1740 844 debebat
1763 819 1856 853 reus,
1883 813 2031 855 accepto
2054 810 2199 846 referre.

1393 849 1446 889 74
1470 851 1725 889 Monsssrwvs
1745 854 1835 889 libro
1861 855 1964 890 tertio
1988 855 2196 902 regularum
2242 854 2300 899 Id,
2332 854 2427 899 quod

1346 907 1483 978 {2333
1498 897 1692 979 {¹2¹3}ssss
1723 898 1882 935 debitore
1906 903 2071 935 exactum
2094 903 2166 943 est,
2196 900 2298 936 lucro
2322 899 2428 936 debet

1518 954 1537 978 r
1689 971 1696 978 .

1393 985 1445 1025 75
1469 987 1576 1023 IDEM
1602 988 1693 1024 libro
1725 994 1850 1024 octavo
1880 999 1921 1024 re
1947 988 2090 1024 ulamm
2142 988 2242 1025 Sicut
2272 989 2425 1035 accepti-

1345 1031 1432 1085 latio
1463 1032 1523 1068 in⁹
1553 1042 1634 1068 eum
1649 1032 1756 1085 ,diem
1787 999 2040 1078 praecedentes
2077 1034 2226 1080 peremit
2255 1034 2426 1076 actiones,

1344 1080 1396 1112 ita
1445 1081 1481 1113 et
1520 1078 1698 1114 confusio:
1740 1088 1823 1113 nam
1868 1078 1899 1114 si
1941 1078 2079 1114 debitor
2120 1079 2223 1115 heres
2260 1079 2427 1115 creditori

1345 1122 1536 1201 exstiterit,
1579 1123 1742 1160 confusio
1783 1123 1990 1159 hereditatis
2024 1124 2174 1169 peremit
2206 1124 2387 1170 petitionis
2400 1126 2428 1146 ¹⁰

1345 1177 1389 1202 ac
1406 1177 1533 1203 1onem.

1394 1210 1446 1250 76
1483 1212 1592 1248 locu
1624 1212 1715 1249 libro
1754 1217 1859 1249 sexto
1897 1224 2151 1261 responsorum
2206 1214 2427 1251 Modestinus

1345 1257 1544 1302 respondit,
1578 1258 1610 1293 si
1646 1262 1730 1304 post
1767 1258 1922 1294 solutum
1959 1259 2035 1294 sine
2065 1259 2139 1295 ullo
2171 1263 2277 1305 pacto
2311 1269 2426 1302 omne,

1346 1302 1441 1348 quod
1471 1312 1516 1338 ex
1547 1313 1658 1338 causa
1687 1304 1821 1338 tutelae
1845 1303 2033 1346 debeatur,
2066 1304 2225 1341 actiones
2255 1308 2340 1351 post
2362 1304 2426 1341 ali-

1346 1347 1442 1392 quod
1461 1348 1683 1383 intervallum
1701 1358 1823 1383 cessae
1842 1348 1923 1393 sint,
1948 1348 2036 1384 nihil
2054 1359 2098 1384 ea
2118 1350 2279 1386 cessione
2296 1353 2426 1392 actum,

1346 1402 1427 1427 cum
1451 1390 1550 1427 nfflla
1573 1393 1667 1429 actio
1692 1392 1922 1438 superfuerit:
1948 1393 2043 1438 quod
2063 1393 2094 1429 si
2113 1398 2197 1430 ante
2214 1394 2427 1431 solutionem

1344 1437 1414 1472 hoc
1437 1438 1573 1473 factum
1597 1442 1650 1473 est
1672 1438 1739 1482 vel,
1764 1449 1845 1474 cum
1870 1438 2109 1483 convenisset,
2153 1444 2195 1474 ut
2217 1439 2425 1476 mandaren-

1345 1485 1404 1517 tur
1439 1483 1616 1526 actiones,
1652 1486 1739 1518 tunc
1771 1483 1899 1520 solutio
1928 1484 2027 1519 facta
2055 1485 2188 1520 esset¹¹
2219 1484 2426 1521 mandatum

1345 1527 1576 1563 subsecutum
1599 1532 1665 1571 est,
1690 1528 1805 1564 salvas
1828 1538 1907 1565 esse
1930 1529 2116 1565 mandatas
2139 1529 2316 1573 actiones,
2346 1540 2426 1566 cum

1345 1573 1534 1609 novissimo
1565 1583 1705 1619 quoque
1737 1583 1823 1609 casu
1853 1574 2007 1619 pretium
2038 1574 2150 1620 magis
2179 1574 2426 1611 mandaterum

1345 1617 1526 1697 segionum
1561 1618 1716 1654 solutum
1751 1629 1858 1664 quam
1891 1619 1986 1655 actio
2022 1629 2112 1665 quae
2146 1619 2215 1657 fuit
2243 1623 2428 1667 perempta

1344 1673 1378 1698 v1
1405 1673 1447 1697 ea
1464 1674 1517 1698 ur.

1393 1706 1443 1744 77
1476 1708 1584 1743 IDEM
1611 1709 1703 1744 libro
1734 1709 1885 1755 septimo
1920 1709 2182 1756 pandectarum
2227 1709 2269 1745 In
2299 1709 2426 1745 liberto

1345 1753 1422 1787 anti
1446 1753 1525 1788 uior
1549 1757 1755 1789 contractus
1779 1763 1969 1799 operarum
1992 1764 2070 1790 esse
2092 1764 2165 1790 non
2186 1758 2321 1800 potest,
2351 1754 2427 1791 sine

1346 1808 1416 1843 quo
1457 1798 1588 1834 'bertas
1612 1798 1645 1834 ei
1669 1798 1754 1834 data
1777 1809 1849 1834 non
1873 1803 1978 1834 esset.

1392 1840 1445 1880 78
1469 1843 1515 1879 ΙΑ
1525 1853 1694 1879 νοιΕΝυε
1714 1844 1805 1880 libro
1827 1844 2015 1880 undecimo
2034 1855 2084 1879 ex
2107 1843 2227 1879 Cassio
2263 1843 2301 1880 Si
2323 1843 2428 1879 alieni

1345 1888 1478 1923 nummi
1499 1888 1612 1924 inscio
1637 1888 1692 1924 vel
1714 1888 1823 1924 invito
1847 1888 1990 1924 domino
2019 1889 2126 1925 soluti
2149 1892 2249 1931 sunt,
2284 1893 2429 1926 manent

1345 1933 1423 1969 eius
1455 1934 1557 1969 cuius
1590 1934 1756 1969 fuerunt:
1791 1934 1822 1969 si
1844 1935 1945 1969 mixti
1968 1938 2102 1978 essent,
2137 1934 2189 1969 ita
2211 1937 2252 1969 ut
2275 1933 2427 1970 discerni

1345 1988 1418 2014 non
1451 1983 1631 2024 possent,·
1653 1979 1728 2014 eius
1761 1978 1838 2014 fieri
1870 1979 1930 2023 qui
1964 1979 2105 2025 accepit
2139 1978 2175 2014 in
2210 1978 2311 2015 libris
2348 1978 2428 2014 Gaii

1346 2025 1518 2069 scriptum
1550 2028 1620 2067 est,
1657 2024 1709 2059 ita
1737 2027 1780 2058 ut
1802 2024 1896 2060 actio
1919 2024 2061 2060 domino
2087 2034 2169 2060 cum
2190 2034 2250 2068 eo,
2282 2024 2343 2070 qui
2366 2023 2426 2060 de-

1346 2068 1465 2111 disset,
1489 2068 1576 2104 furti
1600 2072 1828 2114 competeret.

1393 2112 1446 2152 79
1483 2113 1588 2149 IDEM
1625 2114 1716 2149 libro
1753 2114 1889 2150 decimo
1929 2114 2162 2160 epistulmwm
2224 2113 2425 2157 Pecuniam,

1346 2170 1452 2204 quam
1483 2158 1569 2194 mihi
1601 2158 1725 2201 debes,
1763 2163 1827 2194 aut
1858 2158 1964 2195 aliam
2000 2169 2075 2195 rem
2104 2159 2135 2195 si
2162 2159 2200 2194 in
2231 2164 2426 2205 conspectu

1345 2215 1423 2239 meo
1458 2214 1592 2249 ponere
1619 2207 1656 2239 te
1692 2204 1851 2247 iubeam,
1886 2203 2057 2247 efficitur,
2092 2207 2134 2239 ut
2166 2207 2203 2239 et
2232 2208 2273 2239 tu
2306 2204 2426 2239 statim

1345 2249 1507 2284 libereris
1544 2253 1581 2285 et
1619 2258 1698 2284 mea
1728 2259 1808 2285 esse
1835 2249 2000 2294 incipiat:
2041 2259 2123 2284 nam
2153 2252 2246 2293 tum,
2285 2249 2380 2294 quod
2404 2260 2427 2285 a

1345 2294 1442 2329 nullo
1476 2294 1707 2338 corporaliter
1737 2294 1813 2329 eius
1842 2295 1894 2330 rei
1949 2295 2100 2331 ossessio
2130 2294 2325 2338 detinetur,
2362 2294 2424 2330 ad·

1346 2339 1475 2385 quisita
1511 2339 1596 2373 mihi
1635 2342 1671 2374 et
1707 2305 1964 2383 quodammodo
2008 2349 2115 2374 manu
2153 2339 2260 2384 longa
2295 2339 2427 2375 tradita

1346 2383 1579 2419 existimanda
1603 2387 1667 2419 est.

1391 2426 1444 2467 80
1469 2428 1697 2464 Pomomvs
1725 2428 1815 2464 libro
1847 2434 1978 2475 quarto
2002 2429 2052 2465 ad
2073 2429 2241 2471 Quintum
2264 2427 2424 2464 Mucium

1345 2474 1458 2510 Prout
1478 2473 1632 2519 quidque
1656 2477 1878 2509 contractum
1898 2480 1962 2518 est,
1986 2474 2038 2509 ita
2061 2478 2097 2509 et
2119 2474 2208 2509 solvi
2227 2473 2348 2509 debet:
2373 2478 2423 2515 ut,

1346 2530 1427 2555 cum
1457 2529 1497 2555 re
1529 2519 1827 2561 contraxerimus,
1864 2529 1903 2554 re
1934 2519 2021 2554 solvi
2052 2519 2174 2555 debet:
2207 2518 2315 2554 veluti
2343 2529 2424 2554 cum

1344 2568 1506 2599 mutuum
1530 2563 1702 2606 dedimus,
1727 2568 1768 2598 ut
1790 2567 1885 2600 retro
1909 2564 2083 2610 pecuniae
2105 2564 2312 2599 tantundem
2336 2563 2424 2599 solvi

1346 2609 1483 2645 debeat.
1530 2612 1567 2644 et
1598 2619 1678 2644 cum
1692 2609 1822 2644 *verbis
1853 2608 1986 2654 aliquid
2018 2608 2275 2650 contraximus,
2308 2608 2362 2644 vel
2383 2618 2424 2644 re

1345 2654 1399 2690 vel
1428 2654 1543 2690 verbis
1560 2654 1735 2699 obligatio
1766 2654 1855 2689 solvi
1877 2654 2032 2696 debet¹²‚
2054 2653 2188 2697 verbis,
2211 2653 2320 2689 veluti
2343 2663 2424 2689 cum

1345 2703 1531 2744 acceptum
1555 2699 1765 2743 promissori
1788 2699 1847 2743 fit,
1879 2710 1935 2740 re,
1968 2698 2076 2734 veluti
2100 2709 2180 2734 cum
2203 2697 2308 2734 solvit
2330 2698 2423 2742 quod

1344 2744 1517 2789 promisit.
1565 2754 1678 2789 aeque
1702 2755 1781 2779 cum
1805 2744 1936 2789 emptio
1960 2744 2015 2780 vel
2038 2743 2191 2779 venditio
2213 2743 2268 2778 vel
2292 2743 2422 2778 locatio

1346 2792 1532 2825 contracta
1555 2793 1625 2832 est,
1657 2788 1823 2833 quoniam
1848 2799 2023 2824 consensu
2047 2788 2142 2824 nudo
2175 2787 2336 2823 contrahi
2357 2798 2421 2834 po-

1346 2838 1425 2875 test,
1452 2834 1558 2869 etiam
1581 2834 1743 2869 dissensu
1767 2835 1946 2869 contrario
1970 2833 2114 2869 dissolvi
2163 2837 2265 2869 otest.

1391 2876 1439 2916 81
1467 2878 1574 2914 IDEM
1601 2879 1692 2914 libro
1715 2883 1820 2914 sexto
1843 2879 1893 2914 ad
1915 2878 2083 2921 Quitztum
2149 2879 2264 2913 actum
2297 2877 2336 2913 Si
2359 2878 2421 2913 sti-

1345 2925 1489 2969 pulatus
1506 2923 1571 2958 sim
1584 2924 1612 2945 ¹²
1633 2923 1720 2958 mihi
1735 2927 1798 2958 aut
1816 2923 1910 2958 Titio
1931 2923 2019 2965 dari,
2039 2923 2069 2958 si
2086 2923 2202 2958 Titius
2219 2922 2421 2965 decesserit,

1349 2973 1361 3003 1
1412 2968 1533 3004 heredi
1562 2968 1638 3004 eius
1668 2968 1804 3008 solvere
1832 2979 1904 3004 non
1935 2968 2081 3013 poteris.
2129 2967 2167 3003 Si
2194 2967 2331 3003 lancem
2360 2967 2421 3003 de-

1370 3013 1505 3049 osuerit
1521 3012 1616 3058 apud
1635 3023 1690 3048 me
1710 3013 1826 3048 Titius
1847 3019 1882 3048 et
1899 3013 2061 3059 pluribus
2081 3012 2269 3048 heredibus
2289 3011 2420 3048 relictis

1343 3025 1553 3094 Recesserit:
1586 3057 1616 3093 si
1638 3068 1723 3109 pars
1746 3058 1915 3093 heredum
1940 3068 1995 3093 me
2017 3057 2224 3102 interpellet,
2249 3057 2419 3101 optimum

1345 3103 1485 3183 qugdem
1507 3112 1651 3182 esse,ls1
1673 3106 1819 3183 praeta-r
1829 3103 1958 3183 diditus
1981 3103 2141 3138 iussisset
2162 3111 2218 3181 mie
2240 3102 2335 3182 part}
2358 3102 2419 3137 he-

1343 3159 1382 3183 re
1409 3159 1467 3183 um
1496 3157 1574 3183 eam
1616 3157 1740 3183 ancem
1806 3157 1828 3182 a
1852 3157 1911 3183 ere
1989 3158 2035 3182 uo
2065 3156 2151 3182 casu
2207 3157 2227 3182 e
2253 3157 2306 3182 osi
2364 3156 2421 3182 me

1342 3193 1487 3238 reliquis
1510 3191 1744 3228 coheredibus
1768 3202 1840 3228 non
1861 3158 1987 3228 ten'erii
2019 3191 2081 3228 sed
2104 3195 2141 3226 et
2163 3191 2195 3227 si
2218 3158 2294 3227 sline
2316 3201 2418 3236 prae-

1342 3243 1420 3273 tore
1443 3237 1520 3273 sine
1542 3236 1623 3272 dolo
1648 3237 1740 3273 malo
1764 3237 1834 3272 hoc
1856 3237 1992 3280 fecero,
2023 3236 2203 3272 liberabor.
2224 3240 2289 3271 aut
2310 3236 2420 3281 (quod

1342 3283 1458 3318 verius
1490 3285 1558 3325 est)
1590 3292 1662 3317 nou
1689 3281 1842 3317 incidam
1869 3281 1906 3317 in
1936 3281 2195 3326 obligationem.
2249 3281 2419 3327 optimum

1342 3331 1460 3363 autem
1485 3330 1540 3362 est
1560 3326 1598 3362 id
1620 3336 1685 3372 per
1707 3326 1951 3372 magistratum
1972 3325 2103 3361 facere.

1388 3368 1441 3409 82
1468 3370 1673 3406 Pnowzvs
1698 3371 1789 3407 libro
1817 3372 1941 3418 quinto
1970 3370 2204 3417 epis-talariam
2250 3369 2305 3414 Si,
2337 3380 2417 3406 cum

1343 3415 1526 3452 Cornelius
1550 3415 1697 3451 fundum
1722 3427 1825 3452 suum
1847 3416 1989 3452 nomine
2011 3414 2114 3451 Seiae
2141 3414 2216 3453 viro
2244 3414 2320 3451 eius
2344 3414 2419 3450 doti

1342 3461 1498 3497 dedisset
1519 3470 1586 3497 nec
1606 3461 1650 3496 de
1669 3471 1712 3497 eo
1731 3459 1910 3497 reddendo
1927 3460 2117 3513 quicquam
2136 3459 2298 3502 cavisset,
2321 3458 2417 3512 fecit,

1342 3511 1383 3541 ut
1411 3505 1506 3541 inter
1536 3515 1575 3541 se
1602 3505 1655 3541 vir
1692 3510 1728 3542 et
1758 3505 1840 3542 Seia
1901 3508 2157 3548 aciscerentur,
2195 3508 2237 3539 ut
2269 3504 2417 3540 divortm

1342 3550 1438 3586 facto
1453 3550 1484 3585 is
1499 3549 1632 3586 fundus
1647 3551 1811 3587 Cornelio
1826 3515 2050 3586 redderetur:
2074 3560 2146 3586 non
2162 3552 2250 3595 puto
2266 3548 2416 3586 divortio

195 3664 236 3703 (ι)
260 3662 474 3696 confirmetur
489 3663 520 3696 P
570 3665 613 3704 (2)
639 3665 686 3697 ad
700 3667 715 3702 5
731 3670 743 3697 ι
758 3664 799 3707 cti
813 3663 859 3696 D.
872 3664 927 3706 46,
940 3670 969 3705 2,
981 3670 1013 3697 u
1021 3675 1075 3706 pr.
1136 3665 1178 3704 (a)
1203 3665 1274 3697 sine
1341 3663 1494 3707 Krueqer
1561 3666 1603 3706 (η
1628 3667 1699 3698 erat
1711 3665 1747 3699 F
1802 3666 1848 3707 (s)
1872 3664 1908 3697 in
1921 3663 2029 3697 decem
2042 3665 2101 3698 ine.
2118 3663 2168 3697 F²
2231 3665 2278 3705 (ο)
2302 3663 2339 3696 in
2352 3664 2414 3697 del.

196 3706 286 3749 {dolo
298 3707 396 3751 malo]
409 3717 468 3740 sua
485 3706 539 3740 cul
565 3718 584 3740 a
603 3721 665 3742 scr.
685 3708 846 3750 (similiter
857 3707 981 3747 Noodt)

195 3752 312 3785 tumF
385 3756 430 3794 (ω
452 3752 519 3795 stip
578 3753 642 3785 tori
655 3753 839 3786 servierant
848 3751 903 3787 Γ*
1075 3711 1118 3750 ω
1141 3718 1273 3751 promp·

982 3755 1026 3795 (ο)
1051 3754 1199 3795 quamvis
1212 3755 1271 3788 im.

1341 3711 1402 3749 (ιο)
1425 3708 1575 3742 confusio
1587 3709 1780 3743 hereditatis
1790 3709 1961 3752 petitionis
1970 3709 2110 3752 peremit
2121 3721 2182 3742 aer.
2241 3710 2298 3751 (ιι)
2322 3707 2414 3750 οισι]

1341 3754 1390 3787 ent
1401 3755 1434 3787 οι
1443 3765 1505 3787 scr.
1600 3753 1659 3798 (ιι)
1684 3753 1799 3789 debeat
1812 3754 1847 3787 F
1930 3759 1986 3796 ιιι)
2009 3763 2082 3787 rum
2096 3752 2147 3787 F⁸
