2528 3918
91 146 216 195 QUOD
243 143 387 176 METUS
417 142 558 175 CAUSA

1187 123 1238 171 51

2207 128 2348 171 11112

92 260 106 290 1
156 254 289 296 solum,
321 252 417 299 quod
446 252 505 287 1110
535 250 676 295 accepit
705 251 803 285 metu
826 249 950 285 mortis
980 250 1092 285 illato.
1140 248 1179 284 Si
1247 248 1317 284 vim
1340 258 1398 284 res
1423 248 1556 284 tradita
1581 252 1654 291 est,
1686 249 1892 285 retradatur
1915 252 1952 285 et
1975 249 2020 285 de
2044 249 2127 286 dolo
2152 250 2247 285 sicut
2271 250 2348 286 dic-

88 301 119 336 is
139 299 294 344 accipiat
310 297 509 344 pecuniam,
531 296 592 341 qui
609 296 847 331 instrumenta
859 298 975 330 status
986 295 1176 331 1110110101·-

87 354 253 381 versurns
278 346 332 379 est
354 341 422 378 nisi
452 341 551 384 dem,
583 351 657 377 non
688 340 874 375 dubitatur
906 341 991 386 quin
1022 340 1176 376 maximo

88 394 186 426 metu
209 387 409 434 compellat,
434 387 556 432 utique
579 387 610 421 si
631 385 703 421 iam
725 385 764 420 in
787 385 994 421 servitutem
1015 389 1120 432 petor
1144 388 1179 421 et

88 436 158 471 illis
188 432 432 470 instrumentis
462 431 612 477 perditis
634 431 726 466 liber
748 431 974 476 pronuntiari
996 442 1070 467 non
1092 441 1177 476 pos-

89 483 108 515 2
155 489 244 516 sum.
292 476 397 522 Quod
428 476 460 513 si
492 476 631 512 dederit
661 486 707 511 ne
738 479 796 511 stu
822 486 902 511 rum
933 477 1095 522 patiatur
1125 476 1179 511 vir

87 535 151 560 seu
173 523 309 566 mulier,
334 523 404 558 1100
427 521 583 558 edictum
605 521 724 557 locum
746 521 794 556 ha
821 524 875 564 et,
901 532 983 557 cum
1005 521 1089 557 viris
1112 521 1176 557 bo-

88 573 107 604 3
153 568 208 604 nis
227 568 296 604 iste
314 571 431 603 metus
442 567 557 603 maior
568 577 675 612 quam
687 566 810 602 mortis
824 576 902 602 0330
914 567 1029 602 debet.
1065 566 1177 609 Haec,

86 623 179 660 quae
202 613 355 648 diximus
378 612 426 648 ad
450 612 606 648 edictum
628 612 824 692 pertinere,
858 611 946 647 nihil
968 612 1119 648 interest
1140 611 1178 647 in

85 669 125 695 se
148 658 227 704 quis
250 658 382 694 veritus
406 658 453 693 sit
476 667 524 693 an
546 657 583 692 in
605 657 631 692 11
658 657 727 692 0113
748 656 833 700 3013,
859 667 940 692 0010
959 668 1024 703 pro
1045 656 1178 693 affectu

85 707 252 750 parentes
275 703 386 749 magis
407 703 447 738 in
468 703 589 739 liberis
612 704 826 738 terreanturL

131 747 157 787 9
189 748 385 785 ΠιΡΙΔΝυε
410 748 501 784 libro
535 747 725 784 undecimo
760 747 811 783 ad
839 747 994 783 edictum
1039 747 1177 782 Metum

85 798 206 830 autem
253 796 454 829 raesentem
477 793 642 839 accipere
674 793 863 835 debemus,
897 803 970 828 non
1001 792 1176 838 suspicio-

85 850 166 876 nem
187 805 363 875 inferendi
386 839 480 874 eius:
506 842 542 873 et
564 839 615 873 ita
626 838 846 883 Pomponius
869 837 961 874 libro
986 838 1176 874 vicensimo

84 888 211 921 octavo
235 884 370 920 scribit.
407 884 458 919 ait
481 884 574 919 enim
597 886 731 919 metum
754 883 894 918 illatum
915 883 1175 928 accipiendum,

83 930 121 966 id
145 933 200 966 est
223 930 253 965 si
275 930 398 965 illatus
423 932 477 965 est
499 929 607 964 timor
628 929 674 964 ab
696 928 744 964 ali
769 939 827 964 uo.
866 928 947 964 deni
973 939 1018 964 ue
1030 932 1175 971 tractat,

84 975 116 1011 si
137 974 289 1010 fundum
311 985 431 1010 meum
454 974 675 1019 dereliquero
700 939 843 1016 003110,
869 984 940 1019 quo
990 974 1070 1019 quis
1095 984 1176 1009 cum

83 1021 191 1056 armis
226 1020 380 1062 veniret,
416 1029 463 1054 an
494 1019 578 1054 huic
610 1019 725 1054 edicto
758 1019 860 1054 locus
893 1020 965 1054 sit?
1000 1023 1036 1055 et
1066 1019 1177 1055 refert

83 1066 289 1101 Labeonem
313 1065 516 1101 existimare
540 1065 656 1100 edicto
679 1065 798 1100 locum
823 1075 896 1100 non
920 1075 999 1100 esse
1023 1068 1059 1100 01
1081 1064 1178 1099 00110

83 1111 118 1147 11
148 1110 379 1146 1010111101οω
410 1120 570 1153 0033010,
608 1109 776 1155 quoniam
808 1120 881 1145 non
911 1110 1035 1145 videor
1057 1110 1093 1146 vi
1116 1109 1176 1145 de-

82 1157 197 1192 iectus
214 1156 238 1198 ¹,
270 1155 332 1201 qui
355 1155 447 1191 deici
469 1166 543 1191 non
575 1155 759 1207 expectavi
791 1155 855 1190 sed
885 1155 1038 1201 profugi.
1075 1155 1178 1190 aliter

82 1205 191 1254 atque
203 1201 244 1243 si,
258 1204 493 1246 posteaquam
504 1203 633 1236 armat1
643 1200 793 1245 ingressi
805 1204 899 1243 sunt,
912 1204 999 1236 tunc
1009 1200 1175 1236 discessi:

83 1247 167 1282 11010
192 1247 285 1282 00110
309 1246 424 1282 0111010
448 1246 568 1281 locum
590 1245 721 1281 facere.
757 1246 850 1281 idem
876 1246 946 1288 ait,
971 1250 1007 1282 et
1028 1246 1059 1282 si
1081 1245 1176 1281 forte

81 1292 245 1327 adhibita
266 1302 375 1327 manu
398 1291 436 1326 in
458 1301 536 1326 meo
561 1291 637 1327 solo
661 1301 726 1336 per
748 1291 819 1326 vim
843 1291 1028 1334 aedifices,
1062 1294 1098 1327 et
1120 1291 1174 1326 in-

83 1337 273 1372 terdictum
329 1336 401 1372 0011
432 1336 467 1371 vi
497 1339 561 1371 aut
594 1336 685 1372 clam
717 1339 753 1372 et
783 1336 852 1372 hoc
877 1336 1032 1372 edictum
1054 1336 1175 1372 locum

83 1383 235 1426 habere,
267 1392 307 1418 sc
335 1382 406 1418 ’001
437 1382 606 1427 quoniam
628 1385 726 1417 metu
757 1382 876 1427 patior
906 1382 943 1417 id
972 1385 1009 1417 te
1040 1381 1173 1417 facere.

83 1427 146 1463 3011
170 1431 206 1462 01
229 1427 260 1463 31
282 1437 349 1473 per
370 1427 441 1462 vim
463 1426 529 1462 tibi
560 1427 822 1471 possessionem
853 1427 1056 1470 tradidero,
1089 1426 1176 1462 dicit

86 1476 101 1507 1
151 1472 371 1518 Pomponius
401 1472 496 1508 hoc2
519 1471 635 1507 edicto
659 1473 779 1508 locum
804 1483 892 1508 esse.
940 1472 1173 1508 Animadver-

81 1518 231 1553 tendum
263 1520 400 1560 autem,
433 1517 529 1562 quod
559 1521 704 1563 praetor
726 1518 797 1553 hoc
822 1518 938 1554 edicto
962 1517 1174 1563 generaliter

83 1567 120 1599 et
142 1563 180 1598 in
202 1573 278 1598 rem
300 1562 461 1608 loquitur
483 1573 550 1598 nec
573 1563 684 1598 adicit
706 1573 729 1598 a
752 1573 822 1609 quo
846 1567 1008 1609 gestum:
1035 1566 1070 1598 et
1091 1563 1173 1598 ideo

83 1609 156 1645 sive
180 1607 367 1653 singularis
392 1607 440 1660 sit
461 1618 635 1654 persona,
668 1618 760 1660 quae
783 1612 918 1644 metum
947 1609 1087 1651 intulit,
1118 1609 1174 1661 vel

82 1653 327 1735 ἓὲιξέἳὲαῗοοῖθέ
350 1663 437 1734 gil?
439 1663 535 1734 asad3
535 1653 733 1734 1111ῗ1ξ1111ῗ1ἔι11111
734 1654 880 1734 1110οξξο
894 1654 1175 1745 (ffrglffic’unildldg

82 1747 227 1790 praetor
251 1743 508 1789 conplectatur,
534 1743 713 1788 eleganter
735 1748 856 1780 tamen
867 1745 1087 1790 Pomponius
1111 1745 1173 1786 ait,

82 1790 114 1825 si
139 1799 215 1835 quo
245 1789 357 1834 magis
381 1792 418 1824 te
443 1788 488 1824 de
510 1788 545 1824 vi
567 1789 725 1825 hostium
748 1790 804 1825 vel
826 1790 1007 1825 latronum
1029 1789 1085 1825 vel
1108 1800 1173 1835 po-

82 1835 158 1880 puli
181 1838 301 1870 tuerer
324 1834 380 1870 vel
401 1834 607 1877 liberarem,
641 1834 775 1880 aliquid
806 1845 829 1870 a
860 1838 898 1871 te
921 1845 1095 1880 accepero
1119 1834 1174 1870 vel

83 1885 120 1915 te
144 1880 358 1924 obligavero,
381 1890 455 1914 non
478 1879 608 1914 debere
632 1890 689 1915 me
712 1880 783 1915 hoc
808 1880 924 1916 edicto
950 1880 1082 1923 teneri,
1106 1879 1175 1916 nisi

82 1925 160 1970 ipse
182 1925 276 1960 hanc
299 1925 366 1960 tibi
387 1924 457 1960 vim
481 1924 656 1960 summisi:
691 1928 847 1960 ceterum
879 1926 910 1961 si
933 1926 1070 1961 alienus
1095 1936 1174 1961 sum

82 1981 106 2006 a
129 1970 182 2013 vi,
206 1970 321 2006 teneri
342 1979 400 2005 me
422 1980 497 2005 non
520 1969 669 2012 debere,
695 1980 757 2015 ego
783 1971 876 2006 enim
900 1981 920 2006 0
949 1981 1031 2006 0100
1053 1971 1174 2016 potius

83 2018 103 2051 2
151 2025 251 2051 meae
281 2014 480 2051 mercedem
512 2015 695 2060 accepisse
717 2015 849 2051 videor.
897 2016 914 2050 I
941 2026 996 2051 0111
1018 2016 1172 2061 Pompo-

83 2060 164 2096 nius
188 2060 313 2096 scribit
335 2060 510 2105 quosdam
533 2060 624 2095 bene
647 2063 776 2105 putare
801 2061 908 2096 etiam
931 2061 1023 2097 servi
1046 2071 1172 2096 manu-

83 2106 287 2142 missionem
309 2105 366 2141 vel
389 2104 542 2140 aedificii
566 2105 843 2150 depositionem,
875 2116 984 2151 quam
1008 2106 1087 2151 quis
1113 2116 1172 2141 co-

82 2154 188 2186 actus
219 2150 325 2193 fecit,
359 2150 405 2186 ad
434 2150 696 2186 restitutionem
727 2151 834 2187 huius
860 2151 968 2187 edicti
990 2152 1172 2197 porrigen-

85 2199 105 2231 3
153 2196 235 2231 dam
269 2206 358 2231 esse.
407 2194 478 2230 Sed
508 2195 604 2240 quod
635 2199 782 2241 praetor
813 2197 865 2232 ait
895 2201 1014 2232 ratum
1039 2207 1078 2233 se
1101 2207 1174 2232 non

83 2241 307 2284 habiturum,
340 2243 517 2286 quatenus
541 2240 789 2286 accipiendum
821 2245 876 2277 est
905 2242 1100 2278 videamus.
1138 2245 1175 2277 et

82 2286 225 2331 quidem
259 2289 323 2321 aut
355 2285 564 2331 imperfecta
594 2296 652 2322 res
688 2289 761 2329 est,
796 2287 880 2323 licet
913 2291 1029 2323 metus
1063 2288 1172 2323 inter-

83 2331 228 2374 venerit,
252 2334 294 2366 ut
315 2334 404 2376 puta
427 2331 694 2376 stipulationem
717 2333 917 2368 numeratio
941 2343 1015 2368 non
1039 2336 1094 2368 est
1117 2343 1172 2368 se—

84 2380 179 2419 cuta,
203 2380 267 2412 001
283 2375 455 2422 perfecta,
480 2376 511 2412 si
528 2380 612 2421 post
630 2377 896 2422 stipulationem
916 2381 953 2414 et
972 2378 1173 2414 numeratio

83 2421 182 2457 facta
213 2424 267 2457 031
299 2425 363 2457 001
392 2431 459 2474 per
488 2425 622 2457 metum
653 2426 803 2468 accepto
837 2423 977 2459 debitor
999 2423 1173 2459 liberatus

85 2470 140 2502 est
171 2466 228 2503 101
258 2466 343 2512 quid
373 2466 486 2502 simile
518 2467 728 2512 contigerit³
759 2468 855 2513 quod
886 2468 1068 2514 negotium
1091 2479 1172 2514 per-

84 2512 218 2548 ficeret.
255 2516 292 2547 et
302 2512 521 2564 Pomponius
546 2512 671 2548 scribit
692 2512 731 2548 in
754 2513 902 2558 negotiis
927 2513 1070 2559 quidem
1091 2524 1172 2559 per-

84 2557 187 2592 fectis
207 2559 243 2592 et
262 2560 507 2603 exceptmnem
525 2557 703 2593 interdum
724 2561 759 2593 et
771 2559 949 2594 actionem
961 2563 1173 2604 competere,

19 2629 22 2632 .
84 2603 123 2637 in
144 2601 361 2647 imperfectis
385 2605 504 2637 autem
527 2602 640 2638 solam
661 2604 915 2648 exceptionem.
942 2604 1006 2640 sed
1019 2604 1172 2640 exfacto

85 2647 181 2690 scio,
215 2658 296 2683 cum
321 2646 493 2693 Campani
523 2651 620 2683 metu
645 2648 786 2683 cuidam
808 2649 908 2685 illato
941 2649 1175 2685 extorsissent

86 2692 287 2728 cautionem
309 2692 588 2738 pollicitationis,
612 2693 826 2738 rescriptum
850 2704 928 2730 esse
952 2695 997 2730 ab
1020 2694 1173 2740 impera-

85 2741 163 2773 tore
194 2741 318 2773 nostro
341 2748 448 2783 posse
472 2748 553 2773 eum
576 2748 598 2773 a
621 2741 786 2783 praetore
809 2739 846 2774 in
869 2739 943 2774 inte
1069 2739 1173 2775 resti-

85 2782 259 2818 tutionem
281 2783 475 2828 postulare,
501 2786 537 2818 et
558 2787 761 2828 praetorem
784 2794 840 2818 me
859 2784 938 2820 adsi
965 2788 1046 2820 ente
1064 2785 1173 2819 inter-

86 2827 245 2864 locutum
277 2837 373 2871 esse,
405 2832 447 2863 ut
478 2828 552 2864 sive
582 2828 723 2864 actione
745 2829 851 2864 vellet
875 2829 1045 2865 adversus
1071 2829 1173 2864 Cam-

87 2882 199 2918 panos
224 2873 387 2918 experiri,
412 2883 490 2909 esse
538 2874 743 2919 ropositam‚
769 2874 842 2910 sive
867 2875 1086 2920 exceptione,
1110 2874 1174 2909 ad-

87 2928 209 2954 versus
231 2921 392 2964 petentes
411 2929 484 2954 non
521 2928 620 2955 00330
641 2919 896 2964 exceptionem.
934 2930 978 2955 ex
997 2930 1068 2965 qua
1088 2930 1173 2955 con-

85 2962 273 2999 stitutione
297 2963 485 3008 colligitur,
509 2967 561 3007 ut,
586 2964 660 3000 sive
681 2964 845 3017 perfecta
868 2965 941 3001 sive
963 2965 1175 3010 imperfecta

87 3009 110 3042 4
155 3018 212 3044 res
235 3008 292 3051 sit,
318 3011 354 3044 et
377 3009 471 3045 actio
497 3013 532 3044 et
556 3013 718 3054 except1o
744 3010 857 3045 detur.
892 3010 1037 3046 Volenti
1056 3013 1175 3045 autem

86 3051 194 3088 datur
224 3056 260 3089 et
290 3053 327 3088 in
358 3064 434 3089 rem
467 3054 560 3089 actio
593 3058 629 3090 et
658 3055 695 3089 in
725 3065 916 3100 personam
939 3055 1091 3092 rescissa
1114 3065 1174 3090 ac-

89 3098 109 3131 5
157 3098 383 3150 ceptilatione
417 3099 474 3135 vel
508 3099 579 3134 alia
612 3099 833 3136 liberatione.
889 3101 1049 3137 Iulianus
1083 3100 1174 3136 libro

88 3144 193 3178 tertio
218 3143 433 3188 digestorum
490 3147 570 3179 utat
600 3155 701 3187 eum,
738 3145 796 3181 cui
826 3156 884 3182 res
916 3149 1030 3182 metus
1065 3155 1176 3181 causa

87 3187 222 3223 tradita
245 3192 310 3231 031,
334 3199 408 3224 000
431 3199 470 3224 30
486 3200 546 3224 0111
568 3189 728 3233 reddere,
752 3200 874 3226 verum
898 3195 934 3226 et
955 3191 998 3226 110
1017 3191 1097 3227 11010
1117 3201 1174 3226 10-

75 3226 111 3266 ‘6
155 3233 361 3277 promittere
384 3233 523 3269 debere.
570 3234 674 3270 Licet
696 3238 817 3271 tamen
839 3236 877 3271 in
899 3247 975 3272 rem
998 3236 1175 3272 actionem

90 3275 243 3327 dandam
266 3278 514 3322 existimemus,
540 3280 624 3324 quia
646 3289 703 3316 res
726 3280 765 3316 in
787 3281 890 3317 bonis
915 3285 970 3317 est
993 3282 1089 3324 0103,
1115 3281 1176 3326 qui

92 3331 158 3356 11111
206 3332 309 3358 assus
333 3326 398 3366 est,
421 3334 544 3360 verum
566 3335 640 3360 non
663 3325 739 3360 sine
757 3326 896 3362 ratione
915 3326 1064 3369 dicetur,
1089 3327 1119 3362 si
1137 3326 1175 3360 in

91 3375 162 3409 qua
206 3368 328 3412 uplum
382 3368 438 3404 uis
469 3368 598 3414 egerit,
630 3369 725 3405 finiri
754 3370 793 3406 in
822 3381 896 3407 rem
920 3372 1097 3407 actionem
1119 3371 1176 3406 vel

93 3412 110 3442 7
159 3417 293 3447 contra.
374 3424 399 3448 x
431 3414 502 3450 hoc
536 3414 652 3450 edicto
686 3416 862 3452 restitutio
895 3416 977 3452 talis
1010 3415 1176 3452 facienda

90 3458 164 3498 031,
186 3456 231 3491 111-
247 3460 301 3492 031
321 3457 359 3492 10
381 3458 556 3504 integrum
565 3459 591 3502 ⁴,
625 3459 744 3496 officio
777 3461 925 3504 iudicis,
957 3464 1018 3505 ut,
1049 3462 1080 3497 si
1109 3471 1175 3506 per

93 3568 133 3609 (1)
158 3568 352 3604 delectusF
414 3573 456 3614 (2)
481 3572 561 3606 huic
574 3574 651 3608 dett.

158 3613 167 3621 .
207 3614 215 3621 ,
721 3575 763 3617 (3)
789 3574 935 3618 contigit
945 3587 1009 3609 scr.
1069 3575 1111 3616 (4)
1136 3573 1174 3606 id

94 3615 145 3645 est
156 3623 194 3646 10
205 3617 374 3657 mtegram
387 3617 448 3650 del.
462 3617 578 3651 Keller

689 3620 731 3661 (5)
756 3619 788 3652 01
798 3620 834 3652 F
932 3620 977 3662 (6)
1001 3636 1047 3649 =
1058 3619 1101 3652 D.
1116 3619 1172 3659 48,

97 3664 124 3696 7,
138 3664 153 3691 ἰ
223 3659 265 3700 (7)
280 3659 376 3692 111103
386 3660 519 3694 Marcu·
531 3662 680 3695 decrevit
691 3664 745 3696 ius
757 3663 879 3697 crediti
891 3674 947 3697 003
958 3675 1026 3697 000
1039 3663 1172 3696 habere.

97 3703 195 3735 verba
206 3703 332 3735 decreti
343 3703 425 3736 haec
438 3710 516 3738 sunt
528 3707 574 3740 D.
589 3707 609 3740 l.
621 3720 701 3751 qem.

97 3748 302 3787 possessione
322 3746 421 3780 debet
440 3751 575 3790 morari,
595 3753 634 3784 tu
651 3752 780 3793 petitor
798 3762 846 3788 es,
869 3755 904 3786 et
923 3754 983 3787 ins.
997 3753 1044 3786 D.
1059 3753 1079 3786 l.
1091 3764 1172 3797 qem-

847 3709 891 3750 (8)
916 3709 1053 3741 interim
1065 3708 1125 3740 ille
1137 3709 1173 3740 in
1239 3719 1302 3750 pro
1316 3710 1435 3750 sponte
1452 3707 1564 3741 datam
1576 3709 1622 3742 D.
1638 3709 1658 3742 l.
1670 3722 1750 3752 yem.

1246 298 1324 329 tum
1348 298 1403 330 est
1425 293 1706 339 repromittatur,
1730 305 1777 331 ne
1800 295 1894 331 forte
1915 294 2071 331 deterior
2089 305 2148 331 res
2169 295 2216 330 sit
2234 295 2346 331 facta.

1248 343 1284 375 et
1314 339 1345 375 si
1376 339 1652 384 acceptilatione
1684 339 1847 376 liberatio
1879 341 2089 383 intervenit,
2125 340 2349 377 restituenda

1248 385 1315 420 erit
1337 384 1375 420 in
1399 384 1592 430 pristinum
1622 387 1758 420 statum
1789 385 1978 430 obligatio,
2012 396 2127 432 usque
2159 385 2271 429 adeo,
2305 390 2348 422 ut

1247 430 1407 465 Iulianus
1432 430 1568 465 scribat
1590 429 1682 465 libro
1707 434 1835 475 quarto
1861 431 2097 483 digestorum,
2130 431 2161 467 si
2191 432 2348 477 pecunia

1247 475 1370 511 debita
1391 474 1481 517 fuit,
1506 484 1599 520 quae
1623 478 1773 520 accepta
1795 485 1861 521 per
1883 487 1953 511 vun
1976 476 2076 512 facta
2100 480 2175 520 est,
2200 477 2270 512 nisi
2291 477 2347 514 vel

1247 520 1407 557 solvatur
1428 520 1485 557 vel
1508 520 1675 556 restituta
1698 520 1915 566 obligatione
1938 521 2110 557 iudicium
2133 522 2347 568 accipiatur,

1248 565 1448 611 quadruplo
1481 575 1562 601 eum
1595 565 1915 601 condemnandum.
1959 567 2022 602 sed
2054 571 2090 602 01
2120 568 2151 603 31
2182 578 2248 613 per
2277 567 2348 604 vim

1247 611 1294 647 sti
1320 611 1434 646 ulanti
1457 611 1665 656 promisero,
1690 611 1874 656 stipulatio
1900 616 2049 656 accepto
2074 612 2243 648 facienda
2267 613 2345 648 erit.

1247 622 1317 692 3011)
1343 660 1379 692 01
1410 657 1441 692 31
1471 667 1559 692 0303
1590 655 1731 692 fructus
1764 656 1821 692 vel
1851 656 2040 692 servitutes
2073 659 2226 694 amissae
2250 662 2346 702 sunt,

1249 704 1268 737 8
1315 701 1558 737 restituendae
1571 705 1686 737 erunt.
1724 701 1813 737 Cum
1837 705 1958 738 autem
1980 702 2071 738 11000
2095 704 2189 739 00110
2213 704 2251 738 10
2272 714 2348 740 1001

1247 747 1294 782 311
1318 748 1454 793 scripta
1476 757 1543 782 nec
1566 757 1758 792 personam
1780 747 1850 782 vim
1873 746 2039 783 facientis
2064 753 2247 792 coerceat,
2282 749 2348 785 sed

1247 792 1418 828 adversus
1451 802 1574 828 omnes
1598 793 1740 828 restitui
1763 793 1848 828 velit
1870 793 1968 838 quod
1991 796 2107 828 metus
2133 804 2244 829 causa
2267 794 2346 831 fac-

1246 841 1323 873 tum
1355 841 1427 873 est:
1461 848 1535 874 non
1565 837 1730 873 inmerito
1755 837 1916 873 Iulianus
1948 849 1971 873 a
1993 838 2165 874 Marcello
2198 843 2347 876 notatus

1247 887 1303 918 est
1327 883 1507 926 scribens,
1532 883 1563 918 si
1585 882 1776 919 fideiussor
1798 883 1870 919 vim
1892 883 2031 926 intulit,
2064 888 2106 918 ut
2130 888 2279 929 accepto
2303 885 2347 920 li-

1246 929 1409 971 beretur,
1444 928 1482 963 in
1512 938 1614 964 reum
1647 939 1722 963 non
1756 939 1836 964 esse
1865 929 2125 964 restituendam
2156 930 2340 975 actionem¹

1246 973 1310 1009 sed
1341 973 1606 1016 fideiussorem,
1641 974 1711 1009 nisi
1743 973 1915 1010 adversus
1939 985 2041 1010 reum
2065 985 2208 1020 quoque
2232 976 2339 1012 actio-

1246 1030 1327 1054 nem
1360 1019 1548 1062 restituat,
1585 1018 1716 1054 debere
1750 1019 1789 1054 in
1824 1019 2065 1065 quadruplum
2101 1020 2343 1056 condemnari.

1245 1064 1309 1100 sed
1334 1068 1389 1100 est
1411 1065 1545 1107 verius,
1566 1064 1664 1109 quod
1675 1064 1871 1101 Marcellus
1894 1069 2016 1101 notat:
2043 1065 2150 1101 etiam
2174 1066 2345 1101 adversus

1244 1119 1345 1145 reum
1381 1113 1584 1155 competere
1617 1110 1714 1146 hanc
1748 1110 1944 1154 actionem,
1992 1122 2074 1146 cum
2115 1111 2154 1146 in
2188 1121 2264 1146 rem
2300 1112 2346 1147 sit

1246 1155 1316 1190 scri
1342 1159 1390 1190 ta.

1295 1199 1313 1237 1
1373 1201 1497 1237 GAJUS
1506 1201 1598 1236 libro
1612 1205 1744 1247 quarto
1758 1201 1808 1237 ad
1818 1201 1973 1237 edictum
1979 1201 2210 1248 provinciale
2252 1201 2346 1237 Illud

1245 1257 1369 1281 verum
1406 1250 1478 1288 est,
1515 1246 1546 1281 si
1579 1255 1623 1281 ex
1653 1245 1753 1282 facto
1787 1246 1959 1282 debitoris
1984 1250 2118 1282 metum
2143 1247 2346 1283 adhibentis

1244 1291 1472 1327 fideiussores
1497 1291 1772 1336 acceptilatione
1794 1292 1937 1327 liberati
1960 1295 2063 1335 sunt,
2089 1292 2196 1328 etiam
2220 1292 2345 1328 adver-

1246 1347 1307 1372 sus
1331 1336 1561 1373 fideiussores
1586 1337 1643 1380 agi
1666 1347 1792 1381 posse,
1817 1341 1859 1373 ut
1882 1347 1921 1373 se
1943 1340 2122 1382 reponant
2145 1338 2184 1372 in
2207 1338 2281 1373 obli
2305 1348 2344 1373 a·

1247 1384 1263 1416 1
1289 1383 1434 1418 tionem.
1468 1384 1507 1416 b'i
1529 1384 1627 1417 metu
1651 1391 1674 1417 a
1696 1385 1734 1417 te
1756 1386 1904 1418 coactus
1918 1384 2105 1426 acceptam
2116 1382 2183 1417 tibi
2195 1382 2266 1427 stip
2306 1391 2346 1416 a-

1243 1428 1376 1462 tionem
1398 1426 1556 1470 fecerim,
1582 1426 1760 1462 arbitratu
1783 1426 1932 1470 iudicis,
1957 1426 2054 1479 apud
2079 1437 2184 1472 quem
2208 1438 2252 1462 ex
2274 1427 2345 1463 hoc

1245 1472 1360 1508 edicto
1386 1472 1522 1517 agitur,
1546 1482 1620 1507 non
1645 1473 1760 1507 solum
1784 1472 1873 1507 illud
1897 1475 2122 1515 contmetur,
2154 1475 2196 1507 ut
2218 1473 2254 1507 in
2278 1476 2342 1508 100

1244 1528 1402 1563 persona
1424 1517 1687 1562 redintegretur
1718 1517 1886 1562 obligatio
1899 1544 1909 1560 ,
1944 1517 2008 1552 3011
2040 1521 2082 1552 01
2113 1517 2343 1553 fideiussores

1244 1573 1386 1608 quoque
1408 1563 1464 1598 vel
1488 1562 1632 1598 eosdem
1655 1563 1733 1598 vel⁵
1756 1563 1846 1599 alios
1870 1573 1943 1598 non
1966 1563 2082 1598 minus
2106 1562 2255 1599 idoneos
2279 1562 2343 1599 ad-

1243 1608 1387 1644 hibeas:
1413 1612 1602 1654 praeterea
1624 1611 1666 1643 ut
1690 1611 1726 1643 et
1745 1609 1895 1653 pignora
1914 1618 2008 1653 quae
2028 1607 2179 1644 dederas
2198 1608 2236 1644 in
2259 1618 2342 1644 ean-

1244 1654 1325 1689 dem
1349 1664 1497 1689 causam
1519 1653 1700 1688 restituas.

1292 1697 1340 1736 11
1368 1698 1530 1734 Pszas
1549 1698 1641 1734 libro
1663 1701 1795 1744 quarto
1816 1698 1983 1734 IULIANI
1999 1698 2221 1746 diqestorum
2240 1701 2344 1734 notat

1244 1743 1282 1779 Si
1315 1744 1394 1790 quis
1428 1744 1521 1780 alius
1554 1743 1632 1779 sine
1663 1743 1800 1779 malitia
1830 1743 2053 1779 fideiussoris
2076 1747 2119 1779 ut
2141 1743 2345 1780 fideiussori

1243 1792 1394 1835 accepto
1418 1789 1520 1824 fieret
1541 1788 1612 1824 vim
1634 1788 1739 1832 fecit,
1771 1799 1845 1824 non
1868 1789 2049 1824 tenebitur
2070 1788 2278 1832 fideiussor,
2302 1792 2346 1824 ut

1242 1835 1295 1870 rei
1342 1845 1389 1871 uo
1415 1844 1462 1870 ue
1485 1833 1738 1879 obligationem
1762 1835 1940 1869 restituat.

1293 1845 1344 1918 13
1404 1889 1573 1915 LPIANUS
1601 1879 1692 1915 libro
1715 1879 1904 1916 undecimo
1929 1879 1980 1914 ad
2000 1879 2157 1915 edictum
2204 1879 2276 1915 Sed
2308 1882 2345 1915 et

1243 1929 1369 1971 partus
1402 1925 1614 1960 ancillarum
1638 1927 1674 1960 et
1696 1924 1793 1960 fetus
1816 1935 1988 1970 pecorum
2013 1928 2049 1960 et
2071 1924 2213 1960 fructus
2237 1924 2342 1960 resti-

1243 1971 1297 2006 tui
1322 1974 1358 2007 et
1389 1980 1530 2006 omnem
1563 1980 1711 2005 causam
1742 1973 1904 2015 oportet:
1941 1980 2008 2005 nec
2040 1970 2156 2005 solum
2188 1980 2250 2006 eos
2282 1970 2344 2016 qui

1242 2016 1405 2062 percepti
1436 2019 1540 2058 sunt,
1572 2025 1696 2051 verum
1722 2015 1753 2051 si
1775 2015 1857 2060 plus
1882 2025 1946 2060 ego
1970 2015 2157 2060 percipere
2180 2015 2284 2061 potui
2308 2018 2344 2051 et

1243 2071 1308 2107 per
1330 2064 1465 2097 metum
1495 2060 1686 2105 impeditus
1721 2070 1821 2103 sum,
1852 2061 1923 2096 hoc
1955 2070 2098 2106 quoque
2128 2060 2338 2105 praestabit.

1248 2110 1261 2141 l
1312 2106 1445 2151 Quaeri
1467 2105 1611 2151 poterit,
1636 2116 1684 2141 an
1709 2105 1816 2141 etiam
1841 2105 1874 2141 ei
1920 2106 1958 2141 ui
1980 2105 2051 2141 vim
2073 2105 2211 2141 fecerat
2233 2116 2342 2152 passo

1242 2151 1313 2187 vim
1342 2151 1484 2188 restitui
1540 2154 1662 2186 raetor
1690 2151 1775 2186 velit
1802 2160 1870 2203 per
1928 2161 1972 2187 00
2003 2151 2160 2187 0111010111
2183 2161 2227 2187 ea
2250 2161 2344 2197 quae

1243 2197 1421 2233 alienavit.
1455 2199 1492 2232 01
1500 2162 1722 2242 ssompomus
1741 2196 1868 2231 scnbit
1887 2196 1978 2232 libro
1998 2196 2190 2232 vicensimo
2214 2201 2342 2233 octavo

1243 2253 1316 2278 non
1340 2245 1508 2295 oportere
1532 2241 1565 2277 ei
1588 2245 1792 2286 praetorem
1817 2251 1922 2287 opem
1944 2241 2058 2277 ferre:
2084 2252 2168 2277 nam
2194 2252 2276 2278 cum
2298 2242 2342 2277 li-

1244 2291 1344 2331 ceat,
1367 2287 1502 2333 lnquit,
1526 2287 1597 2323 vim
1620 2287 1655 2322 vi
1676 2287 1865 2332 repellere,
1891 2286 1988 2332 quod
2010 2286 2098 2322 fecit
2120 2297 2250 2332 passus
2275 2290 2341 2323 est.

1244 2343 1355 2378 quare
1378 2333 1409 2368 si
1431 2335 1530 2367 metu
1553 2335 1590 2367 te
1614 2332 1772 2377 coegerit
1802 2332 1871 2367 sibi
1901 2332 2128 2377 promittere,
2159 2343 2243 2368 mox
2275 2342 2340 2377 ego

1244 2389 1324 2414 eum
1338 2388 1486 2423 coegero
1508 2381 1607 2413 metu
1625 2381 1663 2412 te
1682 2380 1832 2423 accepto
1853 2378 2014 2420 liberare,
2039 2377 2128 2412 nihil
2148 2388 2227 2413 esse
2269 2377 2343 2413 uod

1244 2427 1263 2458 2
1304 2423 1336 2458 ei
1356 2423 1578 2459 restituatur.
1626 2422 1786 2458 Iulianus
1806 2423 1858 2458 ait
1877 2433 1969 2466 eum,
2019 2422 2056 2457 ui
2080 2423 2150 2458 vim
2174 2422 2260 2459 adhl
2286 2422 2341 2458 uit

1243 2468 1396 2504 debitori
1419 2478 1485 2504 suo
1517 2471 1559 2503 ut
1591 2467 1623 2503 ei
1654 2468 1826 2510 solveret,
1863 2468 1933 2503 hoc
1968 2478 1987 2503 e
2026 2470 2084 2503 cto
2120 2478 2194 2503 non
2226 2467 2341 2504 teneri

1242 2517 1390 2559 propter
1413 2516 1580 2549 naturam
1604 2515 1720 2548 metus
1745 2523 1857 2548 causa
1881 2512 2032 2548 actionis
2057 2523 2150 2558 quae
2169 2513 2340 2550 damnum

1244 2559 1369 2604 exigit:
1403 2558 1563 2604 quamvis
1595 2558 1718 2603 negari
1741 2568 1815 2593 non
1837 2558 1954 2610 possit
1975 2558 2013 2592 in
2036 2557 2164 2593 Iuliam
2189 2569 2270 2594 eum
2294 2558 2339 2594 de

1242 2604 1277 2640 vi
1299 2603 1468 2639 incidisse
1491 2606 1527 2638 et
1549 2603 1605 2638 ius
1630 2603 1757 2638 crediti
1780 2602 1952 2638 0111131330.

1292 2646 1370 2687 13⁶
1397 2648 1685 2685 CALLISTRATUS
1713 2648 1806 2684 libro
1863 2649 1965 2683 uinto
1998 2647 2042 2683 de
2073 2647 2340 2693 coqnitz'onibus

1244 2695 1378 2730 Exstat
1409 2694 1503 2729 enim
1535 2693 1718 2728 decretum
1751 2692 1823 2728 divi
1887 2693 1962 2728 arci
1992 2693 2031 2728 in
2062 2692 2153 2728 11000
2184 2692 2337 2728 verba⁷z

1245 2739 1438 2784 ‘Optimum
1459 2742 1522 2781 est,
1548 2742 1598 2780 ut,
1624 2738 1654 2773 si
1679 2748 1767 2783 quas
1791 2741 1899 2783 putas
1922 2741 1959 2773 te
1982 2738 2116 2773 habere
2136 2737 2339 2782 petitiones,

1244 2784 1458 2820 ‘actionibus
1484 2794 1528 2819 ex
1555 2783 1676 2818 eriaris
1688 2785 1711 2818 ⁸.
1749 2793 1831 2818 cum
1853 2783 2061 2819 Marcianus
2086 2782 2235 2819 diceret:
2268 2783 2339 2818 vim

1245 2829 1390 2864 ‘nullam
1412 2828 1502 2871 feci,
1557 2838 1661 2863 aesar
1685 2828 1792 2863 dixit:
1817 2831 1859 2863 10
1881 2828 1952 2864 vim
1974 2832 2083 2874 putas
2108 2838 2187 2864 0330
2210 2828 2337 2871 solum,

1244 2875 1286 2910 ‘si
1305 2874 1466 2910 homines
1485 2873 1740 2909 vulnerentur?
1763 2873 1816 2909 vis
1835 2877 1891 2910 est
1909 2877 1945 2909 et
1962 2877 2062 2917 tunc,
2075 2873 2238 2919 quotiens
2259 2874 2338 2926 quis

1245 2920 1302 2962 ‘id,
1324 2919 1420 2965 quod
1440 2918 1562 2954 deberi
1581 2918 1650 2954 sibi
1660 2921 1775 2963 putat,
1795 2929 1868 2955 non
1913 2929 1952 2955 er
1969 2919 2124 2955 iudicem
2142 2922 2301 2964 reposclt
2310 2919 2335 2954 ⁹.

1244 2964 1414 3010 ‘quisquis
1436 2964 1545 3009 igitur
1567 2963 1741 3008 probatus
1764 2964 1851 2999 mihi
1890 2965 1983 3000 uerit
2004 2975 2080 3000 rem
2103 2963 2213 2999 ullam
2237 2963 2335 2999 debi-

1244 3010 1344 3045 ‘toris
1363 3009 1419 3044 vel
1438 3009 1628 3054 pecuniam
1648 3008 1805 3044 debitam
1817 3009 1846 3030 ¹⁰
1864 3020 1938 3045 non
1955 3010 2001 3045 ab
2021 3010 2099 3062 ipso
2120 3009 2188 3044 sibi
2208 3012 2338 3055 sponte

1245 3055 1378 3090 ‘datam
1392 3055 1420 3075 ¹¹
1453 3054 1531 3089 sine
1552 3054 1625 3089 ullo
1649 3053 1767 3090 iudice
1789 3057 1924 3091 temere
1946 3054 2130 3101 possldere
2152 3054 2208 3089 vel
2232 3064 2335 3090 accc-

1245 3100 1361 3180 :ffiffe’
1385 3099 1619 3180 isqfless²bs{b‚i
1642 3099 1698 3134 ius
1721 3099 1759 3134 in
1783 3109 1862 3135 eam
1883 3111 1959 3136 rem
1984 3099 2135 3136 dixisse:
2166 3099 2224 3135 ius
2258 3109 2335 3135 cre·

1343 3155 1416 3180 non
1465 3154 1487 3179 a
1514 3154 1533 3179 0
1558 3155 1571 3179 1
1589 3171 1597 3179 .

1292 3188 1343 3227 14
1375 3189 1571 3226 Uipsanas
1590 3189 1681 3225 libro
1704 3189 1893 3226 undecimo
1917 3189 1968 3226 ad
1989 3189 2144 3226 edictum
2189 3189 2281 3224 Item
2293 3189 2333 3231 si,

1245 3246 1326 3271 cum
1358 3234 1568 3279 exceptione
1599 3234 1770 3270 adversus
1800 3238 1838 3271 te
1868 3238 2044 3281 perpetua
2071 3237 2172 3270 tutus
2206 3244 2334 3276 essem,

1245 3290 1391 3325 coegero
1415 3283 1453 3315 te
1475 3283 1663 3332 acceptum
1687 3280 1774 3315 mihi
1795 3279 1936 3323 facere,
1969 3290 2111 3316 cessare
2140 3280 2211 3315 hoc
2236 3278 2331 3314 edic-

1246 3329 1261 3360 1
1310 3329 1405 3367 tum,
1431 3324 1515 3369 quia
1537 3324 1626 3360 mhil
1647 3324 1714 3360 tibi
1736 3325 1849 3361 abest.
1897 3325 1936 3361 Si
1958 3325 2037 3378 quis
2060 3335 2133 3361 non
2155 3324 2332 3365 restituat,

1243 3371 1280 3405 in
1293 3370 1532 3415 quadruplum
1543 3370 1582 3405 in
1595 3380 1675 3406 eum
1694 3370 1866 3406 iudicium
1883 3371 2090 3416 polhcetur:
2114 3368 2331 3419 quadrupla-

1244 3415 1339 3450 bitur
1351 3418 1471 3450 autem
1491 3425 1595 3451 omne
1615 3415 1863 3462 quodcumque
1882 3415 2023 3451 restitui
2041 3414 2210 3460 oportuit.
2244 3415 2332 3464 satls

1245 3460 1435 3496 clementer
1456 3471 1537 3496 cum
1554 3470 1616 3497 1,οο
1637 3464 1782 3506 praetor
1801 3462 1881 3507 egit,
1905 3464 1947 3497 ut
1967 3461 2068 3496 daret
2079 3459 2111 3495 ei
2120 3456 2332 3494 restituendi

1244 3574 1287 3614 (9)
1314 3583 1381 3605 non
1402 3576 1485 3616 puto
1497 3576 1608 3607 autem
1622 3585 1684 3607 1100
1696 3574 1919 3608 verecundiae
1932 3583 1993 3605 nec
2006 3571 2169 3615 dignitati
2181 3581 2243 3603 nec
2255 3571 2330 3613 pie-

1243 3617 1306 3650 tati
1319 3619 1397 3650 tuae
1410 3619 1782 3662 convenire,quicquam
1794 3630 1862 3652 non
1874 3619 1948 3651 iure
1961 3618 2070 3650 facere
2083 3618 2143 3650 ins.
2156 3617 2201 3649 D.
2218 3616 2237 3650 l.
2272 3628 2329 3650 em.

1243 3663 1303 3704 (10)
1327 3661 1380 3695 vel
1392 3663 1570 3706 pecuniam
1583 3664 1731 3697 debitam
1745 3677 1805 3698 om.
1819 3664 1865 3697 D.
1882 3664 1901 3696 l.
1914 3675 1995 3707 yem.
2088 3663 2142 3703 (11)
2168 3660 2329 3694 traditam

1844 3709 1903 3750 (12)
1929 3717 2069 3749 eumque
2084 3708 2156 3749 (om.
2169 3706 2222 3739 vel
2234 3716 2334 3739 acce-

1243 3751 1345 3794 pisse)
1359 3752 1405 3785 D.
1422 3752 1442 3786 l.
1453 3765 1549 3797 gem.-
1551 3755 1665 3797 fuitne
1677 3754 1816 3796 ipseque
1825 3752 1841 3784 ἲ

2006 3808 2025 3838 7
2035 3808 2056 3828 *
