2528 3918
85 114 147 158 Dr.
177 125 401 159 ruamus

90 237 196 273 edicti
228 236 364 282 ‘quanti
397 246 441 271 ea
469 245 526 270 res
559 235 637 269 erit⁷
667 244 773 269 omne
804 234 1053 268 detrimentum
1082 233 1173 268 reci-

92 286 105 318 1
157 282 269 328 piunt.
317 281 425 317 Servo
456 279 636 325 persuasi,
669 283 711 314 ut
742 278 945 323 chirografa
976 278 1174 314 debitorum

90 338 232 363 corrum
260 330 314 362 at:
355 325 517 360 videlicet
548 324 708 360 tenebor.
751 323 815 359 sed
850 324 881 359 si
916 323 1175 359 consuetudine

88 383 225 418 peccan
252 372 259 379 ‘
284 374 408 417 postea
432 374 467 404 et
488 369 645 405 rationes
670 372 789 405 cetera
814 379 860 403 ue
882 369 1010 404 similia
1040 369 1173 403 instru-

88 421 208 452 menta
230 415 445 453 subtraxerit
467 415 523 450 vel
545 414 760 450 interleverit
808 413 960 456 eleverit‚
985 413 1174 449 dicendum

87 465 106 497 2
155 462 222 497 erit
240 464 482 505 corruptorem
493 460 620 495 horum
632 459 774 495 nomine
785 470 858 494 non
869 460 993 494 teneri.
1041 459 1172 503 Quam-

87 508 137 542 vis
162 510 280 542 autem
301 516 419 540 rerum
444 505 710 540 subtractarum
733 504 875 539 nomine
898 505 989 539 servi
1014 503 1173 548 corrupti

87 554 266 596 competat
287 550 400 592 actio,
425 554 544 585 tamen
567 554 603 584 et
624 549 712 584 furti
735 559 840 594 agere
863 559 1071 594 possumus,
1105 558 1173 593 ope

87 597 178 632 enim
201 596 347 631 consilio
373 595 613 630 sollicitatoris
643 595 808 629 videntur
838 605 896 630 res
929 595 1072 630 abesse:
1105 604 1172 628 nec

85 641 240 677 sufficiet
262 640 434 676 alterutra
458 640 600 676 actione
624 640 755 685 egisse,
781 639 864 685 quia
887 640 1001 675 altera
1024 640 1172 674 alteram

85 698 156 722 non
179 686 315 721 minuit.
350 685 444 720 idem
477 689 513 721 et
543 686 581 720 in
613 695 674 727 eo,
707 686 768 730 qui
800 695 939 719 servum
970 685 1106 729 recepit
1136 689 1173 719 et

85 731 211 766 celavit
230 734 265 767 et
278 730 487 766 deteriorem
506 730 603 773 fecit,
625 730 784 765 Iulianus
805 730 948 765 scribit:
975 734 1060 765 sunt
1079 729 1172 765 enim

85 776 222 811 diversa
245 776 418 811 maleficia
441 775 532 810 furis
555 779 593 811 et
615 776 690 810 eius
714 775 776 820 qui
799 774 1009 811 deteriorem
1033 785 1172 810 servum

83 821 188 856 facit:
220 821 289 856 hoc
320 821 473 866 amplius
498 825 534 855 et
558 820 791 856 condictionis
815 821 958 856 nomine
980 820 1169 855 tenebitur.

108 867 242 901 uamvis
268 867 361 901 enim
385 866 610 901 condictione
632 866 834 908 hominem,
868 876 1021 910 poenam
1052 869 1172 900 autem

82 878 168 946 ffurti
192 912 332 946 actione
356 916 569 946 consecutus
593 911 656 953 sit,
687 915 806 945 tamen
838 915 873 946 et
905 911 1001 956 quod
1023 911 1173 946 interest

83 956 226 992 debebit
250 957 417 1001 consequi
440 956 582 992 actione
605 956 697 992 servi
721 956 891 1001 corrupti,

131 999 182 1038 12
207 1001 264 1037 ΡΑ
272 1011 367 1037 ULUS
396 1002 486 1037 libro
519 1013 615 1037 nono
646 1001 783 1037 decimo
815 1001 865 1036 ad
887 1002 1041 1037 edictum
1088 1000 1172 1046 quia

82 1051 201 1082 manet
222 1057 305 1082 reus
330 1047 507 1092 obligatus
532 1047 638 1082 etiam
661 1046 769 1082 rebus
792 1046 951 1082 redditis.

130 1089 180 1128 13
214 1091 409 1128 ULPJAst
440 1092 531 1128 libro
565 1092 756 1127 vicensimo
793 1092 898 1127 tertio
934 1091 983 1127 ad
1017 1091 1170 1127 edictum

81 1137 178 1172 Haec
202 1137 295 1172 actio
320 1142 493 1182 perpetua
517 1141 589 1180 est,
620 1148 693 1172 non
715 1137 951 1182 temporaria:
985 1141 1021 1172 et
1049 1136 1171 1171 heredi

82 1182 279 1227 ceterisque
313 1182 578 1218 successoribus
612 1183 798 1227 competit,
831 1182 869 1217 in
900 1182 1067 1217 heredem
1098 1192 1171 1216 non

84 1231 99 1262 1
150 1227 304 1269 dabitur,
330 1228 414 1273 quia
437 1227 597 1272 poenalis
622 1232 686 1263 est.
735 1226 806 1262 Sed
826 1231 862 1263 et
881 1228 911 1262 si
931 1227 1009 1272 quis
1030 1237 1170 1262 servum

80 1272 332 1308 hereditarium
356 1273 574 1317 corruperit,
605 1273 674 1308 hac
706 1273 848 1308 actione
878 1272 1073 1308 tenebitur:
1108 1272 1172 1307 sed

82 1322 117 1353 et
166 1318 310 1353 etitione
334 1318 540 1353 hereditatis
565 1318 667 1363 quasi
690 1318 823 1363 praedo
847 1318 1037 1361 tenebitur,

156 1362 181 1400 4
205 1362 262 1398 ΡΑ
270 1372 365 1398 mos
381 1363 472 1399 libro
493 1374 588 1398 nono
611 1363 747 1399 decimo
768 1363 818 1399 ad
828 1363 981 1399 edictum
1030 1366 1071 1398 ut
1089 1367 1169 1397 tan-

81 1413 156 1444 tum
178 1408 298 1443 veniat
319 1409 357 1443 in
376 1408 582 1444 hereditatis
602 1409 809 1460 petitionem
829 1412 1003 1454 quantum
1020 1409 1058 1443 in
1076 1408 1171 1443 hanc

85 1458 99 1488 1
150 1454 337 1489 actionem.
385 1453 441 1489 De
470 1453 544 1489 filio
568 1453 686 1489 fihave
707 1454 861 1489 familias
886 1454 1062 1499 corruptis
1086 1453 1171 1488 huic

82 1499 199 1534 edicto
223 1499 323 1535 locus
348 1509 421 1534 non
446 1503 517 1541 est,
550 1500 634 1543 quia
665 1499 758 1534 servi
791 1499 951 1544 corrupti
975 1499 1170 1535 constituta

82 1544 175 1580 actio
201 1548 266 1586 est,
315 1545 351 1579 ui
374 1544 411 1579 in
433 1544 647 1590 patrimonio
673 1549 796 1580 nostro
822 1549 926 1586 esset,
956 1546 1011 1580 ¹et
1034 1555 1170 1590 paupe-

81 1590 210 1625 riorem
233 1600 272 1625 se
311 1594 431 1625 actum
456 1600 532 1625 esse
556 1589 719 1625 dominus
742 1590 896 1635 probare
944 1594 1038 1625 otest
1058 1590 1170 1634 digni-

84 1639 155 1670 tate
179 1638 215 1670 et
237 1634 335 1670 fama
358 1635 484 1670 domus
507 1635 644 1680 integra
663 1639 847 1670 manente:
873 1601 941 1671 sed)
955 1635 1052 1670 utilis
1075 1646 1170 1670 com-

80 1680 169 1725 petit
182 1679 301 1715 officio
313 1680 441 1715 iudicis
455 1681 686 1723 aestimanda,
708 1681 876 1726 quoniam
887 1681 1036 1716 interest
1048 1684 1172 1716 nostra

81 1729 100 1760 2
148 1725 304 1760 animum
334 1725 527 1761 liberorum
558 1730 763 1761 nostrorum
798 1737 871 1761 non
895 1727 1084 1771 corrumpi.
1134 1725 1172 1760 Si

81 1781 201 1806 servus
234 1771 430 1805 communis
460 1781 560 1806 meus
585 1775 621 1806 et
643 1775 726 1807 tuus
749 1771 932 1816 proprium
956 1782 1073 1806 meum
1096 1781 1170 1806 ser-

80 1827 162 1851 vum
187 1816 403 1860 corruperit,
436 1815 592 1852 Sabinus
623 1827 697 1852 non
727 1827 834 1862 posse
865 1817 922 1862 agi
955 1828 1036 1852 cum
1060 1816 1170 1858 socio,

79 1860 225 1905 perinde
237 1865 346 1906 atque
358 1861 387 1896 si
405 1862 571 1913 proprius
591 1872 691 1897 meus
711 1872 832 1897 servus
854 1862 1074 1907 corrupisset
1086 1872 1171 1897 con-

81 1916 230 1941 servum.
268 1906 351 1941 item
384 1917 415 1941 sl
446 1917 568 1942 servus
594 1908 791 1942 communis
816 1911 1022 1943 extraneum
1047 1918 1170 1942 corru-

79 1951 189 1996 perit,
222 1951 412 1986 videndum
436 1956 508 1994 est,
541 1956 662 1987 utrum
693 1963 774 1987 cum
798 1952 939 1988 duobus
963 1953 1019 1998 agi
1044 1952 1173 1988 debeat

80 2007 127 2031 an
150 2001 186 2031 et
209 2007 291 2032 cum
315 1997 460 2041 singulis
485 1997 645 2042 exemplo
680 2002 878 2033 ceterarum
911 2008 1102 2033 noxarum:
1136 2001 1172 2033 et

79 2042 190 2087 magis
214 2046 279 2084 est,
303 2046 345 2077 ut
367 2043 611 2088 unusquisque
629 2043 668 2077 in
686 2042 838 2078 solidum
858 2047 1033 2086 teneatur,
1058 2043 1170 2078 altero

81 2089 100 2122 3
147 2091 265 2122 autem
298 2087 455 2122 solvente
487 2088 638 2123 alterum
669 2088 822 2123 liberari.
879 2089 917 2124 Si
947 2089 998 2131 is,
1029 2089 1066 2123 in
1100 2099 1170 2133 quo

81 2143 184 2167 usum
206 2131 365 2167 fructum
387 2132 504 2168 habeo
517 2160 526 2175 ,
551 2143 690 2168 servum
713 2143 830 2168 meum
854 2134 1071 2179 corruperit,
1106 2133 1172 2168 erit

84 2180 102 2212 4
147 2178 233 2212 mihi
266 2178 360 2213 actio
398 2189 478 2213 cum
515 2178 656 2214 domino
692 2179 935 2258 proprietatis.
983 2179 1026 2214 Pi
1050 2178 1172 2215 ιιοιιε2

81 2225 101 2257 5
148 2222 223 2258 dati
244 2223 385 2258 nomine
406 2223 545 2258 debitor
564 2223 674 2259 habet
719 2234 787 2259 ane
799 2224 988 2260 actionem.
1055 2235 1079 2259 n
1101 2224 1171 2259 hac

81 2268 220 2304 actione
251 2279 323 2304 non
354 2274 455 2304 extra
485 2279 559 2304 rem
591 2268 738 2314 duplum
770 2273 843 2305 est:
879 2269 915 2304 id
950 2270 1042 2305 enim
1075 2269 1171 2314 quod

82 2316 102 2348 6
149 2312 267 2348 damni
290 2313 413 2349 datum
437 2318 492 2349 est
523 2314 702 2359 duplatur.
748 2314 814 2350 His
847 2319 1104 2360 consequenter
1136 2319 1172 2349 et

81 2357 166 2393 illud
230 2358 398 2401 robatur,
438 2363 496 2402 ut,
530 2360 559 2395 si
595 2370 696 2395 servo
732 2370 810 2395 meo
872 2360 1087 2403 ersuaseris,
1128 2364 1170 2395 ut

83 2402 174 2439 Titio
214 2408 332 2439 urtum
353 2404 482 2446 faciat,
514 2415 586 2439 non
619 2405 734 2441 solum
764 2405 801 2440 in
831 2405 843 2440 i
891 2406 1066 2448 teneris³,
1099 2416 1169 2457 quo

83 2447 234 2484 deterior
258 2459 380 2485 servus
405 2450 553 2485 effectus
577 2454 650 2492 est,
682 2450 745 2486 sed
777 2454 813 2485 et
835 2451 872 2486 in
894 2451 932 2486 id
956 2451 1051 2503 quod
1074 2450 1169 2486 T1tio

83 2495 100 2528 '1
147 2498 395 2538 praestaturus
408 2495 484 2531 sim.
518 2496 608 2530 Item
620 2506 692 2531 non
713 2496 827 2531 solum
847 2496 878 2531 si
896 2496 983 2531 mihi
1002 2496 1170 2531 damnum

83 2538 217 2574 dederit
241 2540 388 2575 consilio
412 2544 494 2582 tuo,
527 2540 592 2576 sed
616 2541 722 2576 etiam
746 2541 776 2576 si
802 2546 988 2584 extraneo,
1014 2552 1055 2577 eo
1081 2552 1168 2587 quo-

83 2594 151 2629 que
173 2585 314 2620 nomine
337 2586 423 2620 mihi
445 2586 595 2628 teneris,
653 2586 725 2621 uod
749 2597 812 2630 ego
836 2586 914 2631 lege
936 2587 1080 2631 Aquilia
1104 2587 1168 2622 ob-

83 2629 208 2665 noxius
233 2630 318 2666 sim:
353 2635 417 2666 aut
447 2631 478 2666 si
502 2641 545 2666 ex
570 2641 636 2666 con
662 2635 746 2666 ucto
770 2635 894 2667 teneor
917 2632 1042 2674 alicui,
1074 2631 1170 2677 quod

84 2673 116 2709 ei
149 2684 287 2710 servum
321 2676 436 2711 locavi
469 2681 504 2711 et
534 2681 680 2721 propter
711 2680 748 2712 te
778 2676 932 2712 deterior
961 2677 1079 2712 factus
1113 2677 1169 2718 sit,

84 2721 104 2754 8
149 2721 325 2756 teneberis
339 2726 374 2757 et
384 2722 453 2757 hoc
466 2722 617 2763 nomine,
640 2725 676 2757 et
695 2722 725 2757 si
743 2732 814 2774 qua
833 2722 921 2757 talia
933 2722 1014 2757 sint.
1051 2722 1169 2758 Aesti-

84 2765 188 2800 matio
213 2770 331 2801 autem
355 2767 507 2802 habetur
529 2767 566 2802 in
598 2767 668 2802 hac
699 2771 859 2809 actlone,
892 2768 1016 2812 quanti
1047 2777 1169 2803 servus

86 2811 105 2843 9
150 2810 250 2846 vilior
268 2811 388 2847 factus
402 2812 459 2854 sit,
480 2812 576 2857 quod
588 2811 707 2847 officio
720 2812 847 2847 iudicis
862 2813 1085 2858 expedietur:
1109 2812 1169 2847 In-

86 2854 221 2890 terdum
243 2860 363 2892 tamen
387 2861 423 2893 et
443 2857 579 2892 inutilis
603 2857 690 2900 sit⁴,
715 2861 756 2892 ut
778 2868 851 2893 non
876 2858 1041 2903 expediat
1062 2857 1171 2893 talem

85 2908 221 2935 servum
242 2901 385 2937 habere.
421 2906 542 2937 utrum
566 2913 646 2947 ergo
672 2906 708 2938 et
730 2903 885 2947 pretium
917 2904 1054 2948 cogitur
1085 2902 1170 2938 dare

85 2944 292 2981 sollicitator
323 2951 358 2982 et
389 2958 528 2983 servum
558 2947 723 2983 dominus
752 2948 975 2990 lucrifacit⁵,
1009 2959 1056 2983 an
1086 2958 1168 2983 vero

87 2990 163 3034 cogi
185 2990 289 3026 debet
309 2992 470 3028 dominus
490 2993 678 3028 restituere
698 3003 839 3028 servum
859 2997 896 3028 et
913 2994 1066 3038 pretium
1079 2993 1171 3028 servi

86 3034 270 3080 accipere?
306 3041 342 3072 et
363 3038 481 3073 verius
508 3042 562 3073 est
586 3038 793 3074 electionem
817 3038 959 3074 domino
985 3038 1071 3081 dari,
1096 3038 1169 3074 sive

85 3087 221 3115 servum
253 3080 408 3118 detinere
441 3083 540 3128 cupit
569 3086 606 3118 et
635 3083 821 3126 damnum,
857 3084 982 3129 quanti
1017 3083 1169 3119 deterior

86 3131 207 3160 servus
229 3125 348 3162 factus
373 3132 445 3170 est,
469 3128 506 3163 in
530 3128 678 3173 duplum
702 3129 884 3174 accipere,
908 3130 964 3164 vel
987 3139 1088 3164 servo
1111 3139 1167 3163 re-

87 3169 218 3212 stituto,
242 3170 273 3206 si
296 3182 337 3207 co
364 3172 434 3207 iam
453 3173 559 3209 huius
577 3173 629 3208 rei
648 3173 790 3216 habeat,
816 3174 968 3219 pretium
988 3174 1168 3219 consequi,

86 3215 180 3265 quod
203 3215 233 3250 si
255 3226 327 3251 non
375 3217 490 3260 abeat,
514 3218 668 3263 pretium
692 3218 832 3263 quidem
856 3219 960 3254 simili
982 3219 1087 3254 modo
1108 3229 1168 3254 ac-

87 3260 242 3311 cipere⁶‚
274 3260 399 3296 cedere
430 3267 549 3299 autem
582 3263 805 3299 sollicitatori
835 3264 994 3308 periculo
1027 3264 1101 3299 eius
1126 3263 1170 3299 de

87 3301 237 3356 dominio
262 3306 352 3341 servi
375 3307 584 3343 actionibus.
622 3308 719 3353 quod
741 3312 863 3344 tamen
882 3309 926 3344 de
946 3309 1170 3344 restitutione

86 3345 234 3399 hominis
258 3349 396 3402 dicitur,
421 3356 508 3388 tunc
530 3353 650 3388 locum
672 3353 799 3396 habet,
825 3364 904 3389 cum
928 3354 1069 3389 homine
1092 3354 1169 3389 vivo

88 3396 209 3444 agitur.
245 3395 354 3439 qmd⁷
378 3401 497 3432 autem
519 3398 551 3433 si
580 3399 797 3434 manumisso
831 3409 873 3434 eo
911 3399 1063 3444 agatur?
1097 3409 1170 3434 non

87 3434 190 3489 facile
221 3439 317 3484 apud
338 3440 491 3477 iudicem
514 3442 679 3478 audietur
702 3443 852 3479 dicendo
876 3444 956 3480 ideo
981 3454 1020 3480 se
1044 3454 1169 3479 manu-

87 3490 241 3532 misisse,
275 3485 441 3529 quoniam
463 3487 596 3523 habere
618 3488 783 3524 noluerat
806 3488 918 3532 domi,
949 3493 991 3524 ut
1022 3493 1058 3525 et
1088 3498 1168 3535 pre-

87 3528 175 3562 tium
196 3527 329 3564 habeat
352 3534 388 3565 et
408 3530 584 3568 libertum.

90 3637 128 3688 (1)
152 3639 285 3691 ubi-vid.
300 3643 360 3675 ins.
373 3645 544 3678 secundum
555 3645 591 3678 B

89 3691 223 3724 pignori
235 3695 321 3718 servi
332 3699 393 3720 scr.

92 3725 134 3770 (5)
157 3727 348 3763 lucrifaciat
359 3731 404 3765 F¹

727 3647 770 3687 (2)
795 3646 933 3689 pignori
947 3659 1016 3680 cum
1029 3647 1102 3680 dett.
1117 3647 1167 3680 vel

497 3690 540 3731 (3)
563 3691 709 3723 tenearis
722 3692 795 3725 edd.
899 3694 941 3733 (4)
967 3691 1026 3733 sit]
1039 3691 1078 3724 fit
1090 3693 1165 3724 dett.

536 3735 580 3778 (6)
605 3734 703 3769 debet
715 3736 777 3771 ins.
789 3735 835 3769 F¹
950 3736 994 3779 (7)
1020 3736 1109 3780 quod
1121 3735 1165 3769 F¹

1159 107 1239 155 153

2158 107 2333 154 X13.4

1293 231 1343 269 15
1371 233 1495 268 Gams
1510 232 1602 267 libro
1620 237 1726 268 sexto
1747 243 1798 269 aa
1818 233 1972 270 edictum
1986 233 2213 280 provinciale
2248 233 2334 269 Cor-

1243 277 1421 323 rumpitur
1444 277 1583 312 animus
1607 278 1698 312 servi
1722 282 1758 313 et
1780 279 1811 314 si
1834 278 2094 324 persuadeatur
2117 279 2168 322 ei,
2200 283 2241 314 ut
2271 279 2333 314 do-

1243 323 1376 358 minum
1402 326 1653 358 contemneret.

1294 366 1345 405 16
1370 369 1554 403 ALFENUS
1575 366 1708 402 Vanus
1724 367 1815 403 libro
1836 369 1993 405 secundo
2005 369 2225 422 diqestorum
2258 369 2333 404 Do-

1243 413 1361 448 minus
1385 423 1526 448 servum
1550 411 1833 457 dispensatorem
1864 415 2087 456 manumisit,
2120 418 2246 460 postea
2276 425 2333 449 ra-

1243 458 1361 493 tiones
1386 458 1431 493 ab
1456 467 1498 492 eo
1523 458 1664 502 accepit
1687 462 1723 493 et
1747 469 1828 493 cum
1852 459 1902 493 eis
1925 470 1998 494 non
2022 464 2222 502 constaret,
2248 471 2333 495 con-

1242 503 1337 548 perit
1361 502 1458 548 apud
1482 502 1660 547 quandam
1677 503 1922 538 mulierculam
1939 505 2127 548 pecuniam
2148 515 2227 540 eum
2248 515 2332 540 con-

1243 549 1456 593 sumpsisse:
1481 547 1731 592 quaerebatur,
1753 552 1922 593 possetne
1942 559 2045 593 agere
2065 550 2156 585 servi
2177 550 2334 595 corrupti

1244 604 1325 628 cum
1350 604 1393 628 ea
1423 593 1589 635 muliere,
1624 603 1705 628 cum
1728 593 1758 628 is
1783 604 1905 629 servus
1928 594 2000 629 iam
2024 595 2113 630 liber
2137 599 2240 631 esset.
2277 606 2332 630 re-

1242 639 1370 684 spondi
1393 649 1516 684 posse,
1541 638 1605 673 sed
1629 638 1736 673 etiam
1758 637 1846 674 furti
1869 639 1914 674 de
1936 640 2115 684 pecuniis,
2148 651 2236 686 quas
2260 651 2333 676 ser-

1242 695 1306 719 vus
1332 684 1378 719 ad
1402 694 1481 718 eam
1504 683 1699 718 detulisset.

1291 727 1340 766 17
1366 728 1604 764 MAROJANUS
1624 728 1716 764 libro
1741 734 1871 774 quarto
1896 729 2108 776 reqularum
2143 730 2241 765 Servi
2255 741 2332 766 cor-

1241 775 1338 820 rupti
1360 774 1502 809 nomine
1525 778 1561 808 et
1585 778 1773 809 constante
1795 775 2021 810 matrimonio
2045 775 2172 810 marito
2196 776 2231 810 in
2255 787 2332 811 mu-

1241 819 1364 855 lierem
1388 819 1495 855 datur
1518 819 1625 862 actio,
1650 819 1714 854 sed
1732 819 1854 856 favore
1873 820 2080 865 nuptiarum
2098 820 2136 855 ιιι
2156 821 2331 866 simplum.

1726 913 1806 951 1111
1814 911 1841 951 ⁸.

1620 979 1682 1010 DE
1706 978 1950 1011 FUGITlvls.

1291 1045 1309 1082 1
1346 1044 1541 1080 ULPIANUS
1561 1045 1653 1080 libro
1670 1045 1797 1091 primo
1823 1045 1872 1080 ad
1894 1045 2051 1080 edictum
2098 1045 2132 1081 Is
2157 1046 2218 1092 qui
2241 1047 2332 1092 fugi·

1244 1094 1258 1125 1
1309 1090 1420 1125 tivum
1445 1090 1572 1125 celavit
1593 1090 1654 1124 fur
1677 1094 1741 1125 est.
1790 1090 1944 1126 Senatus
1978 1091 2134 1133 censuit,
2166 1102 2212 1127 ne
2240 1091 2332 1137 fugi-

1241 1136 1303 1171 tivi
1327 1135 1562 1170 admittantur
1584 1135 1622 1170 in
1646 1136 1760 1171 saltus
1785 1146 1901 1181 neque
1923 1140 2155 1181 protegantur
2178 1147 2200 1172 a
2223 1137 2334 1172 vilicis

1241 1181 1297 1216 vel
1320 1181 1614 1226 procuratoribus
1637 1190 1903 1226 possessorum,
1940 1185 1975 1216 et
2006 1181 2155 1216 multam
2188 1182 2332 1218 statuit:

1240 1226 1297 1261 his
1321 1230 1459 1268 autem,
1492 1226 1553 1271 qui
1584 1226 1681 1261 intra
1710 1226 1831 1271 viginti
1857 1227 1930 1261 dies
1953 1225 2118 1270 fugitivos
2142 1228 2198 1262 vel
2222 1228 2333 1263 domi-

1241 1272 1295 1307 nis
1327 1271 1566 1307 reddidissent
1595 1271 1651 1306 vel
1683 1272 1780 1317 apud
1811 1272 2041 1316 magistratus
2075 1272 2330 1315 exhibuissent,

1241 1317 1379 1352 veniam
1402 1317 1439 1351 in
1464 1323 1548 1352 ante
1572 1321 1692 1352 actum
1717 1317 1830 1352 dedit:
1864 1317 1927 1352 sed
1959 1321 1995 1352 et
2018 1317 2186 1362 deinceps
2212 1319 2333 1354 eodem

1242 1367 1388 1398 senatus
1413 1362 1576 1397 consulto
1601 1362 1794 1407 impunitas
1820 1363 1927 1397 datur
1951 1362 2001 1403 ei,
2027 1363 2087 1408 qui
2109 1363 2205 1398 intra
2228 1374 2331 1408 prae-

1241 1411 1369 1443 stituta
1390 1411 1565 1453 tempora,
1590 1418 1698 1452 quam
1721 1418 1760 1443 re
1786 1408 1879 1452 perit
1901 1408 2068 1453 fugitivos
2091 1408 2128 1443 in
2153 1419 2237 1454 agro
2256 1420 2332 1451 suo,

1242 1456 1262 1488 2
1310 1453 1453 1488 domino
1477 1453 1533 1488 vel
1556 1453 1755 1498 magistrati
1781 1464 1824 1488 us
1857 1453 2055 1488 tradiderit.
2103 1453 2182 1489 Hoc
2214 1459 2332 1489 autem

1241 1502 1387 1534 senatus
1413 1499 1614 1533 consultum
1638 1498 1773 1533 aditum
1799 1499 1905 1533 etiam
1929 1499 2027 1533 dedit
2050 1499 2151 1534 militi
2182 1500 2238 1535 vel
2267 1510 2332 1545 pa-

1240 1554 1333 1588 gano
1368 1543 1414 1579 ad
1438 1543 1721 1588 investigandum
1745 1543 1931 1589 fugitivum
1955 1544 1993 1578 in
2041 1544 2163 1580 raedia
2187 1549 2329 1581 senato-

1240 1600 1320 1624 rum
1354 1589 1409 1624 vel
1442 1599 1662 1634 paganorum
1695 1589 1765 1630 (cui
1796 1589 1848 1624 rei
1881 1590 1986 1624 etiam
2033 1600 2077 1625 ex
2100 1590 2215 1625 Fabia
2246 1601 2330 1635 pro-

1241 1640 1410 1680 spexerat
1440 1638 1476 1670 et
1499 1638 1645 1670 senatus
1670 1635 1873 1670 consultum
1895 1635 2060 1670 Modesto
2086 1636 2233 1671 consule
2255 1636 2331 1671 fac-

1240 1683 1349 1722 tum),
1391 1683 1432 1715 ut
1465 1679 1633 1724 fugitivos
1668 1680 1846 1725 inquirere
1880 1680 2079 1716 volentibus
2114 1680 2253 1717 litterae
2286 1681 2331 1716 ad

1240 1726 1469 1770 magistratus
1495 1725 1633 1767 dentur,
1657 1725 1770 1760 multa
1794 1725 1901 1760 etiam
1920 1730 2062 1760 centum
2083 1726 2277 1761 solidorum
2295 1727 2332 1761 in

1240 1771 1469 1816 magistratus
1504 1774 1659 1813 statuta,
1696 1771 1727 1805 si
1759 1770 1886 1805 litteris
1923 1771 2079 1816 acceptis
2114 1771 2332 1817 inquirentes

1241 1826 1313 1851 non
1338 1816 1516 1851 adiuvent.
1554 1815 1617 1851 sed
1649 1819 1685 1851 et
1713 1816 1752 1850 in
1784 1826 1882 1858 eum,
1917 1816 1977 1861 qui
2008 1817 2132 1861 quaeri
2165 1817 2262 1862 apud
2294 1827 2333 1852 se

1241 1861 1442 1906 prohibuit,
1476 1861 1600 1896 eadem
1649 1871 1740 1896 oena
1763 1865 1910 1896 statuta.
1949 1866 2004 1896 est
2028 1862 2134 1896 etiam
2157 1863 2332 1907 generalis

1242 1906 1394 1952 epistula
1418 1906 1576 1942 divorum
1640 1907 1716 1941 arci
1740 1911 1776 1941 et
1800 1906 2002 1949 Commodi,
2035 1917 2107 1952 qua
2130 1907 2333 1943 declaratur

1242 1956 1278 1987 et
1299 1951 1483 1997 praesides
1509 1956 1545 1987 et
1566 1952 1796 1997 magistratus
1817 1956 1852 1987 et
1871 1952 1999 1987 milites
2019 1952 2248 1988 stationarios
2268 1953 2332 1989 do-

1241 1997 1375 2032 minum
1399 1997 1568 2032 adiuvare
1592 1997 1745 2033 debere⁹
1767 1997 1987 2049 inquirendis
2018 1997 2193 2042 fugitivis,
2227 2002 2263 2033 et
2292 2004 2333 2033 ut

1240 2042 1402 2078 inventos
1426 2042 1636 2084 redderent,
1663 2046 1698 2078 et
1721 2047 1763 2077 ut
1785 2043 1841 2085 ln,
1874 2043 1971 2088 apud
1995 2054 2085 2087 quos
2110 2043 2331 2086 delitescant,

1242 2091 1261 2123 3
1308 2088 1515 2133 puniantur,
1540 2088 1570 2123 si
1595 2088 1741 2123 crimine
1766 2089 2028 2132 contingantur.
2078 2088 2260 2134 Unusquis
2286 2099 2332 2124 ue

1242 2143 1377 2175 eorum,
1403 2133 1463 2178 qui
1481 2132 1667 2178 fugitivum
1690 2133 1935 2177 adprehendit,
1960 2133 1997 2168 in
2016 2134 2199 2179 publicum
2220 2100 2331 2170 dedu—

1241 2181 1262 2213 4
1310 2188 1391 2214 cere
1415 2178 1531 2213 debet.
1579 2178 1629 2213 Et
1652 2179 1778 2214 merito
1802 2183 1992 2214 monentur
2014 2179 2244 2224 magistratus
2269 2189 2330 2214 eos

1241 2226 1260 2258 5
1310 2223 1496 2268 diligenter
1521 2223 1720 2265 custodire,
1750 2234 1795 2259 ne
1821 2223 1985 2259 evadant.
2034 2224 2237 2269 Fugitivum
2270 2235 2330 2260 ac-

1242 2269 1320 2314 cipe
1354 2273 1389 2304 et
1420 2269 1450 2304 si
1474 2269 1553 2314 quis
1578 2279 1656 2304 erro
1682 2269 1739 2304 sit.
1776 2269 1913 2314 fugitivi
1943 2273 2063 2304 autem
2094 2270 2332 2314 appellatione

1241 2325 1286 2349 ex
1307 2314 1456 2359 fugitiva
1479 2318 1604 2349 natum
1634 2325 1707 2349 non
1740 2314 1915 2350 contineri
1937 2314 2060 2349 Labeo
2093 2315 2184 2350 libro
2216 2315 2330 2360 primo

1241 2362 1261 2395 6
1308 2359 1355 2394 ad
1388 2359 1543 2395 edictum
1576 2359 1710 2394 scribit.
1759 2359 1801 2394 In
1831 2360 2014 2404 publicum
2039 2360 2167 2395 deduci
2190 2360 2327 2395 intelle-

1238 2409 1371 2450 guntur
1404 2405 1465 2450 qui
1495 2405 1760 2449 magistratibus
1791 2405 2065 2449 municipalibus
2096 2405 2218 2440 traditi
2248 2409 2331 2440 sunt

1240 2453 1258 2484 7
1307 2450 1362 2485 vel
1394 2450 1546 2495 publicis
1577 2450 1791 2485 ministeriis.
1839 2450 1997 2495 Diligens
2031 2450 2193 2485 custodia
2225 2451 2330 2485 etiam
2364 2458 2366 2460 ’

1240 2497 1259 2530 8
1307 2495 1442 2531 vincire
1481 2495 1664 2540 permittit.
1723 2495 1876 2530 Tamdiu
1911 2499 2030 2530 autem
2066 2495 2328 2538 custodiuntur,

1240 2540 1410 2585 quamdiu
1435 2540 1482 2575 ad
1504 2540 1726 2586 praefectum
1744 2541 1886 2585 vigilum
1906 2540 1960 2575 vel
1980 2540 2027 2575 ad
2046 2540 2245 2585 praesidem
2269 2541 2329 2576 de-

1240 2588 1284 2621 8a
1330 2586 1518 2621 ducantur.
1566 2585 1774 2630 Eorumque
1804 2586 1950 2620 nomina
1981 2589 2016 2620 et
2040 2589 2147 2621 notae
2171 2589 2206 2621 et
2230 2586 2330 2621 cuius

1239 2641 1278 2666 se
1302 2631 1380 2676 quis
1405 2641 1483 2666 esse
1507 2631 1604 2666 dicat
1624 2630 1670 2665 ad
1689 2641 1747 2665 ma
1772 2630 1917 2665 'stratus
1938 2629 2153 2673 deferantur,
2177 2635 2220 2666 ut
2241 2630 2329 2667 faci-

1238 2676 1306 2711 lius
1331 2676 1502 2722 adgnosci
1526 2679 1561 2711 et
1584 2675 1720 2720 percipi
1742 2641 1879 2720 tgdgitivi
1902 2676 2043 2720 possint
2068 2679 2187 2717 (notae
2211 2681 2330 2712 autem

1238 2721 1345 2757 verbo
1371 2722 1478 2756 etiam
1503 2721 1689 2756 cicatrices
1722 2721 1981 2763 continentum:
2016 2721 2110 2756 idem
2141 2721 2229 2757 iuris
2264 2727 2329 2765 est,

1238 2767 1269 2802 si
1292 2766 1382 2802 haec
1405 2767 1443 2801 in
1465 2766 1607 2811 scriptis
1627 2766 1770 2811 publice
1788 2766 1844 2801 vel
1864 2766 1900 2800 in
1920 2766 2026 2801 aedes
2043 2768 2070 2788 ¹⁰
2092 2777 2275 2812 proponas
2291 2769 2327 2802 ¹¹.

1285 2809 1310 2848 2
1339 2811 1623 2847 CALLJSTRATUS
1644 2811 1735 2846 libro
1757 2815 1863 2847 sexto
1887 2813 2131 2858 coquitz'onum
2178 2812 2329 2857 Fugitivi

1239 2856 1415 2901 simplices
1440 2856 1591 2891 dominis
1614 2855 1785 2891 reddendi
1809 2861 1911 2892 sunt:
1938 2857 2001 2892 sed
2024 2857 2054 2893 si
2072 2867 2136 2903 pro
2156 2857 2268 2894 libero
2290 2868 2329 2893 se

1237 2902 1421 2947 gesserint,
1445 2901 1587 2946 gravius
1612 2901 1769 2937 coerceri
1792 2901 1918 2937 solent.

1285 2944 1309 2984 3
1343 2946 1538 2982 ULPIANUS
1565 2946 1655 2981 libro
1686 2947 1837 2992 septimo
1869 2947 1914 2982 de
1944 2946 2070 2999 officio
2097 2948 2329 2994 proconsulis

1238 2992 1351 3027 Divus
1374 2992 1461 3026 Pius
1484 2991 1595 3026 rescri
1622 2991 1668 3026 sit
1692 3002 1789 3034 eum,
1815 2993 1875 3037 qui
1897 2991 2085 3037 fugitivum
2109 2993 2185 3028 vult
2207 2994 2325 3038 requi-

1238 3047 1317 3072 rere
1339 3037 1376 3071 in
1396 3036 1550 3082 praediis
1571 3046 1592 3071 a
1608 3037 1705 3080 'enis‚
1730 3047 1836 3082 posse
1856 3037 1954 3073 adire
1972 3038 2172 3082 praesidem
2190 3038 2328 3073 litteras

1239 3083 1270 3117 ei
1294 3082 1460 3117 daturum
1485 3086 1537 3124 et,
1570 3081 1600 3117 si
1623 3081 1675 3116 ita
1697 3093 1754 3117 res
1779 3082 1950 3127 exegerit,
1976 3083 2215 3127 apparitorem
2239 3094 2326 3128 quo-

1239 3138 1318 3173 que,
1341 3131 1383 3162 ut
1395 3128 1425 3162 ei
1435 3128 1663 3171 permittatur
1687 3127 1825 3173 ingredi
1852 3132 1887 3163 et
1913 3128 2104 3172 inquirere,
2130 3132 2165 3163 et
2175 3138 2326 3173 poenam

1239 3172 1390 3208 eundem
1421 3172 1621 3224 praesidem
1651 3171 1688 3207 in
1722 3182 1803 3207 eum
1835 3173 2069 3215 constituere,
2105 3174 2166 3218 qui
2197 3173 2326 3218 inquiri

1238 3229 1310 3253 non
1330 3217 1537 3263 permiserit.
1576 3217 1640 3252 sed
1660 3221 1696 3252 et
1708 3217 1808 3253 divus
1821 3218 1967 3253 Marcus
1981 3218 2152 3260 oratione,
2176 3228 2282 3262 quam
2296 3218 2324 3239 ¹²

1238 3263 1275 3297 in
1299 3267 1426 3297 senatu
1448 3262 1628 3305 recitavit,
1659 3261 1868 3298 facultatem
1892 3263 1990 3298 dedit
2012 3263 2229 3307 ingrediendi
2252 3267 2326 3297 tam

1239 3307 1402 3344 Caesaris
1434 3317 1541 3352 quam
1564 3312 1769 3343 senatorum
1793 3312 1828 3343 et
1850 3319 2071 3353 paganorum
2094 3308 2241 3353 praedia
2264 3317 2324 3342 vo—

1238 3353 1392 3388 lentibus
1422 3351 1590 3397 fugitivos
1621 3352 1799 3397 inquirere
1829 3354 2053 3398 scrutarique
2066 3353 2093 3374 ¹³
2118 3352 2247 3388 cubilia
2271 3356 2324 3387 at-

1239 3408 1307 3443 que
1330 3397 1477 3442 vestigia
1501 3398 1769 3433 occultantium.

1284 3441 1310 3479 4
1334 3442 1492 3477 PAULUS
1513 3442 1604 3478 libro
1622 3444 1745 3496 primo
1766 3444 2022 3478 sententiarum
2069 3440 2325 3475 Limenarchae

1238 3492 1274 3523 et
1306 3487 1506 3522 stationarii
1535 3487 1703 3533 fugit1vos
1735 3488 1974 3532 deprehensos
2006 3491 2103 3521 recte
2135 3486 2172 3520 in
2204 3489 2323 3536 custo-

1239 3533 1335 3567 diam
1366 3532 1532 3568 retinent.
1567 3534 1795 3578 magistratus
1825 3532 2057 3577 municipales
2091 3530 2137 3565 ad
2169 3529 2325 3565 officium

1282 3646 1327 3687 (8)
1351 3646 1416 3679 Ed.
1430 3653 1454 3680 1.
1468 3653 1503 3685 23
1518 3645 1600 3680 Sab.
1613 3654 1648 3685 33
1663 3646 1748 3689 Pap.
1764 3655 1790 3680 4.
1805 3655 1830 3680 5.
1844 3664 1890 3670 —
1903 3645 1986 3678 Bas.
2002 3646 2055 3683 60,
2069 3651 2098 3678 ’1.
2110 3662 2156 3668 -
2172 3643 2222 3686 Cf.
2239 3643 2314 3677 Cod.

1237 3692 1268 3729 6,
1282 3698 1295 3724 ι
1366 3692 1410 3731 (9)
1436 3691 1473 3724 in
1485 3692 1545 3725 ins.
1560 3693 1632 3725 edd.
1704 3694 1763 3734 (10)
1788 3692 1825 3723 in
1838 3691 1918 3723 aede
1931 3699 2025 3721 sacra
2036 3701 2097 3721 scr.
2166 3690 2220 3725 (ιι)
2244 3698 2323 3731 pro-

1237 3738 1367 3779 ponant
1377 3734 1433 3769 Γ*
1524 3739 1584 3781 (12)
1609 3746 1676 3780 qua
1687 3737 1722 3770 F
1807 3738 1866 3780 (13)
1891 3733 2131 3776 scrutandique
2142 3733 2224 3768 Hal.

2002 3791 2046 3826 20
