2528 3918
0 247 13 268 ‚f

0 268 12 318 ἒ

0 324 10 358 Ξ(

0 372 13 402 3

115 126 117 128 ’
139 130 452 164 ιΝεΤΙΤῦΕΝΒΙΒ

141 242 232 280 assis
255 240 495 288 appellatione
518 239 754 275 continentur.
798 238 935 274 habent
957 241 1077 275 autem
1101 240 1138 276 et
1159 240 1228 275 hae

140 291 260 335 partes
290 285 439 332 propria
472 283 618 320 nomina
652 283 698 319 ab
733 283 840 319 uncia
873 294 987 329 usque
1021 284 1068 320 ad
1098 293 1227 327 assem,

139 336 229 380 puta
250 331 359 366 haec:
392 332 538 366 sextans
569 328 749 375 quadrans
780 329 891 364 triens
915 329 1099 374 quincunx
1121 328 1227 366 semis

140 388 179 415 se
203 380 294 412 tunx
317 376 380 411 bes
405 374 560 410 dodrans
584 374 734 409 dextans
759 373 878 409 deunx
900 384 952 410 as.

213 420 238 459 2
264 418 348 465 (51)
371 419 607 455 Mmomvvs
622 419 714 455 libro
735 419 840 455 tertio
857 418 1067 465 reqularum
1102 418 1227 455 Talem

138 466 397 504 institutionem
428 464 572 510 quidam
601 464 720 500 valere
745 474 819 500 non
841 464 1036 510 putabant:
1069 463 1226 500 ‘Stichus

140 513 241 549 ‘liber
271 514 347 547 esto
382 513 436 553 et,
467 509 499 545 si
526 509 618 545 liber
646 509 731 552 erit,
762 509 865 545 heres
890 509 989 545 esto’.
1037 509 1101 545 sed
1125 509 1226 545 divus

138 558 285 594 Marcus
307 554 492 601 rescripsit
513 554 609 590 hanc
630 554 890 591 institutionem
912 555 1049 597 valere,
1078 554 1227 601 perinde

143 608 157 639 1
207 606 316 647 atque
338 601 369 636 si
391 610 466 636 non
489 603 566 636 erat
588 599 767 636 adiectum
791 599 834 636 ‘si
851 599 943 636 liber
961 599 1052 635 erit'.
1089 599 1127 635 Si
1146 599 1226 652 quis

138 649 189 684 ita
220 645 419 692 scripserit:
457 645 633 688 ‘Stichus‚
668 644 700 680 si
729 654 830 681 meus
865 645 932 680 erit
966 655 1048 681 cum
1082 655 1225 687 morior,

140 694 241 728 ‘liber
278 695 314 727 et
352 691 455 726 heres
495 691 595 733 esto’‚
634 690 809 726 alienatus
848 700 922 726 non
957 689 1091 736 poterit
1125 690 1227 732 iussu

139 737 307 784 emptoris
331 735 429 771 adire
450 735 702 778 hereditatem,
736 735 915 780 quamvis,
947 735 1016 771 etsi
1045 746 1119 772 non
1149 738 1229 771 erat

138 784 208 819 hoc
232 791 451 827 expressum,
475 791 548 816 non
571 780 661 817 alias
683 780 774 816 liber
796 784 833 816 et
854 781 958 816 heres
977 780 1056 816 fieri
1073 783 1226 827 poterat,

139 839 245 875 quam
275 827 307 863 si
336 826 527 862 mansisset
557 825 645 861 eius.
698 824 763 861 sed
797 825 828 861 si
857 825 959 861 vivus
989 835 1071 861 eum
1101 836 1226 861 manu-

138 873 284 915 miserit,
309 870 432 907 Celsus
451 871 542 907 libro
563 871 686 916 quinto
707 870 844 906 decimo
867 870 1084 916 digestorum
1103 870 1228 907 scribit

138 918 216 954 fieri
250 918 347 953 hunc
377 916 562 952 heredem:
602 926 676 952 non
706 916 799 951 enim
829 916 928 952 hunc
960 926 1085 952 casum
1115 919 1226 952 testa-

138 967 253 1000 torem
274 962 430 998 voluisse
453 960 641 997 excludere
663 961 784 1007 palam
807 964 862 997 est
884 971 1000 1007 neque
1022 961 1132 997 verba
1151 971 1227 997 om-

138 1009 223 1044 nino
247 1009 465 1053 repugnant:
499 1016 583 1042 nam
613 1006 773 1053 quamvis
803 1016 927 1042 servus
958 1006 1034 1042 eius
1063 1017 1137 1042 non
1160 1009 1226 1049 est,

139 1058 178 1089 at
202 1056 300 1089 certe
322 1052 471 1087 libertus
495 1056 561 1087 est.

186 1096 237 1137 53
264 1095 346 1141 (52)
372 1097 532 1133 Panos
552 1097 642 1133 libro
666 1096 823 1133 secundo
847 1097 1058 1144 reqularum
1098 1096 1228 1132 Servus

137 1143 375 1180 hereditarius
400 1143 503 1178 heres
526 1141 667 1178 institui
715 1145 819 1185 otest,
844 1141 876 1177 si
898 1141 1004 1178 modo
1024 1140 1229 1177 testamenti

137 1189 248 1225 factio
272 1188 342 1224 fuit
366 1198 446 1224 cum
470 1187 660 1230 defuncto,
708 1187 777 1223 'cet
804 1197 886 1223 cum
908 1186 1040 1223 herede
1062 1186 1227 1222 instituto

138 1246 212 1270 non
236 1234 293 1270 sit.

185 1278 239 1317 54
264 1276 347 1321 (53)
371 1277 612 1313 Minturnas
639 1277 729 1313 libro
760 1277 945 1325 sinyulari
971 1287 1013 1312 re
1059 1287 1228 1312 omorum

139 1325 273 1361 Lucius
294 1324 409 1359 Titius
430 1322 510 1359 Seio
535 1327 571 1358 et
595 1322 801 1368 Sempronio
827 1333 871 1358 ex
894 1322 1033 1358 semissi
1058 1332 1101 1357 us
1124 1322 1227 1357 here-

140 1370 244 1406 dibus
276 1368 449 1404 institutis
480 1371 516 1404 et
547 1368 674 1403 ceteris
708 1368 931 1404 exheredatis
954 1367 1103 1404 invicem
1125 1367 1227 1403 here-

140 1415 221 1451 dem
255 1413 458 1456 substituit,
501 1413 627 1448 deinde
666 1414 784 1466 legata
823 1417 860 1448 et
895 1413 1080 1449 libertates
1119 1412 1227 1455 dedit,

138 1463 266 1506 postea
287 1459 339 1495 ita
362 1458 531 1494 subiecit:
558 1458 755 1494 ‘Cornehus
779 1461 816 1494 et
837 1458 1028 1494 Sallustius
1053 1461 1089 1493 et
1111 1457 1227 1493 Varro

139 1505 274 1551 ‘aequis
306 1503 471 1550 partibus
501 1503 650 1539 heredes
672 1507 806 1546 -sunto,
839 1514 930 1550 quos
960 1503 1111 1539 invicem
1142 1503 1227 1538 sub-

139 1550 293 1586 ‘stituo':
326 1559 471 1595 quaero,
504 1552 677 1595 quantum
699 1549 756 1584 vel
778 1549 915 1595 priores
940 1548 1011 1585 duo
1035 1558 1082 1584 ex
1104 1548 1228 1584 semis-

139 1595 238 1632 sibus
260 1594 415 1631 instituti
437 1594 493 1629 vel
515 1594 732 1639 posteriores
755 1595 889 1630 habere
912 1594 1077 1630 debeant.
1128 1593 1227 1628 Mar-

139 1641 250 1677 cellus
281 1639 464 1684 respondit
493 1640 531 1674 in
555 1640 708 1675 obscuro
733 1650 831 1683 esse,
865 1638 1067 1675 Cornelium
1091 1642 1126 1675 et
1150 1638 1227 1674 Sal-

137 1685 285 1722 lustium
316 1689 353 1720 et
384 1685 582 1720 Varronem
619 1685 734 1730 primo
767 1695 814 1720 an
846 1685 1004 1721 secundo
1036 1685 1093 1720 vel
1122 1684 1227 1719 tertio

137 1730 252 1776 gradu
293 1730 442 1766 heredes
484 1730 671 1766 instituere
709 1730 877 1766 voluerit:
927 1730 990 1766 sed
1032 1729 1229 1765 secundum

139 1777 354 1821 scripturam
385 1775 609 1817 testamenti,
641 1785 734 1821 quae
763 1779 1043 1821 proponeretur,
1076 1775 1229 1811 alterum

139 1831 258 1857 assem
281 1820 405 1856 datum
430 1820 481 1856 eis
503 1819 625 1856 videri.

184 1865 238 1904 55
271 1864 355 1910 (54)
395 1865 602 1901 ΝΕΒᾼΤιυε
643 1866 734 1902 libro
771 1866 895 1912 primo
938 1865 1229 1901 membranarum

138 1911 248 1948 Pater
277 1911 350 1947 filio
378 1910 555 1957 impuberi
579 1921 720 1946 servum
742 1910 910 1945 heredem
933 1909 1118 1946 substituit
1140 1909 1228 1945 libe·

138 1966 287 2002 rumque
327 1966 405 1991 esse
442 1956 564 1991 iussit:
607 1966 688 1991 eum
725 1956 882 2001 pupillus
921 1955 1080 1991 vendidit
1113 1954 1226 1990 Titio:

139 2001 254 2037 Titius
289 2012 368 2037 eum
398 2001 471 2036 iam
500 2001 614 2046 primo
647 2004 862 2036 testamento
885 2000 984 2036 facto
1008 2001 1047 2036 in
1069 1999 1228 2036 secundo

141 2050 352 2082 testamento
376 2047 528 2081 liberum
551 2045 789 2091 heredemque
813 2056 891 2081 esse
912 2045 1028 2082 iussit.
1064 2045 1228 2091 superius

138 2095 392 2128 testamentum
409 2091 494 2126 Titii
508 2095 655 2137 ruptum
663 2097 735 2143 est,
761 2091 844 2137 quia
866 2091 898 2127 is
922 2101 1046 2127 servus
1071 2094 1107 2126 et
1125 2091 1228 2126 heres

138 2141 278 2234 {³323th
291 2146 369 2217 5⁸55
391 2139 1229 2234 {t’stffiuissssfttz*Zitssesseffssmauffipffi

139 2230 296 2273 potuerit
329 2237 373 2262 ex
405 2237 445 2262 eo
478 2227 582 2263 heres
614 2230 776 2263 existere.
824 2227 922 2272 quod
949 2226 995 2262 ad
1017 2237 1087 2262 vim
1110 2229 1229 2262 autem

139 2273 214 2308 eius
237 2271 471 2308 institutionis
494 2272 660 2317 pertinet,
683 2272 735 2307 ita
754 2282 793 2308 se
808 2282 866 2307 res
881 2272 1002 2315 habet,
1027 2275 1079 2315 ut,
1104 2281 1228 2317 quam-

139 2318 200 2353 diu
223 2317 356 2363 pupillo
381 2327 427 2352 ex
451 2327 492 2352 ea
516 2317 770 2353 substitutione
791 2318 895 2353 heres
919 2321 1040 2362 potest
1063 2326 1152 2359 esse,
1186 2326 1230 2352 ex

139 2363 224 2398 Titii
254 2366 467 2398 testamento
498 2362 699 2398 libertatem
729 2362 1032 2407 hereditatemque
1058 2361 1230 2408 consequi

138 2419 210 2444 non
234 2408 365 2453 possit:
398 2408 429 2443 si
459 2408 615 2460 pupillus
646 2408 684 2443 in
716 2418 819 2443 suam
844 2408 994 2444 tutelam
1017 2408 1227 2453 pervenerit,

137 2453 285 2499 perinde
317 2463 362 2488 ex
385 2452 471 2487 Titii
504 2456 716 2489 testamento
748 2453 839 2489 liber
861 2454 1037 2498 heresque
1061 2453 1106 2488 sit
1130 2463 1174 2488 ac
1198 2453 1229 2488 si

137 2498 274 2544 pupillo
299 2498 516 2534 substitutus
540 2508 614 2533 non
635 2497 781 2534 fuisset:
814 2499 845 2534 si
876 2499 1013 2544 pupillo
1037 2499 1141 2534 heres
1166 2508 1227 2533 ex-

138 2543 240 2586 stitit,
270 2543 419 2588 propius
432 2545 442 2564 ¹
467 2546 532 2586 est,
564 2546 605 2578 ut
628 2543 722 2579 Titio
756 2554 908 2589 quoque,
942 2544 972 2579 si
998 2543 1093 2587 velit,
1124 2544 1228 2579 heres

139 2599 217 2624 esse
267 2587 365 2624 ossit.

185 2600 264 2671 56p
274 2632 357 2677 (55)
389 2632 445 2668 ΡΛ
453 2642 549 2668 orus
580 2633 671 2669 libro
699 2634 824 2679 primo
860 2633 910 2669 ad
944 2633 1058 2680 leqem
1088 2633 1228 2669 Aeliam

138 2678 300 2715 sentiam
354 2678 392 2713 Si
429 2678 459 2713 is
500 2678 561 2723 qui
598 2678 766 2714 solvendo
805 2689 879 2714 non
918 2682 972 2714 est
1001 2679 1115 2724 primo
1146 2679 1226 2715 loco

139 2724 320 2766 Stichum,
352 2723 510 2759 secundo
543 2734 624 2759 eum
657 2723 716 2759 cui
747 2734 791 2758 ex
822 2723 1087 2759 fideicommissi
1118 2734 1228 2759 causa

137 2769 338 2804 libertatem
363 2769 468 2804 debet
490 2769 640 2804 liberum
664 2772 700 2804 et
722 2769 889 2804 heredem
912 2769 1124 2812 instituerit,
1154 2768 1227 2804 Ne-

138 2814 252 2849 ratius
275 2813 432 2849 secundo
457 2813 536 2849 loco
561 2813 734 2859 scriptum
757 2814 924 2850 heredem
946 2813 1025 2849 fore
1049 2814 1111 2857 ait,
1144 2814 1228 2859 quia

139 2870 212 2911 non
241 2858 379 2894 videtur
411 2859 627 2894 creditorum
657 2859 940 2895 fraudandorum
968 2869 1078 2895 causa
1099 2870 1226 2895 manu-

138 2914 279 2939 m1ssus.

185 2946 238 2986 57
265 2946 348 2992 (56)
372 2948 480 2983 IDEM
507 2949 597 2984 libro
629 2949 814 2996 sinqulari
837 2950 881 2985 de
904 2949 1072 2985 secundis
1095 2948 1228 2985 tabulis

138 2994 262 3029 Potest
293 2994 371 3038 quis
395 2994 446 3028 ita
469 2993 635 3029 heredem
658 2994 862 3030 instituere:
897 2995 939 3030 ‘si
968 2995 1065 3029 intra
1096 3004 1228 3029 annum

139 3038 448 3091 ‘septuagesimum
472 3039 669 3082 decessero,
693 3040 753 3075 ille
775 3040 860 3075 mihi
883 3040 987 3075 heres
1013 3039 1120 3074 esto':
1153 3049 1227 3075 non

140 3094 233 3119 enim
255 3094 321 3129 pro
344 3087 447 3129 parte
470 3087 622 3120 testatus
645 3085 801 3129 intellegi
825 3085 942 3127 debet,
967 3085 1030 3120 sed
1052 3085 1119 3121 sub
1140 3095 1225 3120 con-

140 3129 280 3164 dicione
302 3129 508 3164 instituisse.

186 3172 239 3211 58
273 3172 355 3218 (57)
392 3173 499 3210 IDEM
531 3174 623 3210 libro
658 3176 957 3222 quinquaqesimo
992 3175 1143 3221 septimo
1179 3174 1229 3209 ad

140 3218 293 3255 edictum
347 3218 386 3254 Si
419 3219 450 3254 is
483 3220 544 3265 qui
579 3220 747 3256 solvendo
783 3231 855 3256 non
887 3225 942 3256 est
972 3230 1113 3255 servum
1145 3230 1226 3255 cum

140 3263 303 3298 libertate
333 3263 501 3299 heredem
530 3265 724 3301 instituerit
754 3269 791 3301 et
815 3266 965 3301 liberum
989 3265 1225 3307 substituerit,

141 3312 224 3343 ante
255 3308 493 3353 incipiendum
524 3310 591 3345 erit
621 3320 644 3345 a
673 3310 888 3346 substituto:
919 3311 978 3346 lex
1010 3310 1103 3345 enim
1125 3310 1227 3345 Aelia

142 3352 264 3388 Sentia
278 3354 349 3404 'ita
383 3354 524 3389 demum
557 3355 609 3397 ei,
649 3355 709 3400 qui
742 3355 780 3391 in
813 3355 976 3391 fraudem
1011 3355 1227 3391 creditorum

141 3398 244 3433 heres
275 3398 459 3434 institutus
491 3403 546 3434 est
577 3405 765 3436 conservat
796 3400 1014 3443 libertatem,
1057 3401 1087 3436 si
1122 3411 1226 3436 nemo

142 3443 232 3478 alius
257 3453 302 3477 ex
324 3453 366 3478 eo
389 3447 599 3480 testamento
623 3445 728 3481 heres
753 3455 830 3482 esse
852 3449 981 3491 potest.

188 3485 241 3524 59
267 3484 348 3530 (58)
380 3487 484 3522 IDEM
513 3489 603 3524 libro
636 3495 767 3535 quarto
800 3491 850 3526 ad
885 3491 1065 3526 Vitellium
1111 3490 1224 3526 Nemo

142 3531 281 3567 dubitat
304 3536 401 3567 recte
424 3532 476 3567 ita
497 3533 663 3569 heredem
686 3536 887 3580 nuncupari
909 3545 1016 3581 posse
1047 3535 1118 3571 ‘hic
1141 3535 1227 3570 mihi

144 3579 160 3611 1
210 3578 323 3612 ‘heres
347 3577 448 3618 esto',
480 3587 560 3613 cum
583 3579 630 3613 sit
653 3590 784 3623 coram,
815 3581 876 3625 qui
900 3580 1109 3616 ostenditur.
1159 3580 1227 3625 Qui

143 3735 182 3771 (i)
208 3735 365 3776 proprius
381 3736 409 3766 F
498 3738 540 3775 (2)
565 3734 728 3777 discripto
740 3749 802 3769 scr.

1219 113 1305 162 385

896 3741 937 3777 (3)
963 3739 998 3770 id
1012 3739 1053 3770 ad
1066 3738 1214 3771 edictum
1227 3738 1261 3770 F

2139 119 2330 162 XXVIII
2359 124 2384 162 5

1293 238 1410 275 frater
1440 249 1514 276 non
1545 242 1617 282 est,
1651 240 1679 274 si
1711 239 1870 275 fraterna
1904 239 2054 276 caritate
2084 239 2256 286 diligitur,
2288 245 2385 277 recte

1297 294 1378 320 cum
1409 284 1552 321 nomine
1582 294 1648 320 suo
1680 284 1747 320 sub
1781 285 2020 329 appellatione
2050 284 2172 322 fratris
2202 286 2306 322 heres
2330 286 2383 321 in-

1295 330 1466 366 stituitur.

1342 373 1394 413 60
1428 373 1511 418 (59)
1551 373 1697 411 emas
1728 374 1819 411 libro
1851 378 1956 410 sexto
1993 375 2128 412 decimo
2163 375 2384 423 diqestorum

1293 419 1404 456 Liber
1425 420 1532 456 homo
1558 430 1639 455 cum
1661 419 1727 455 tibi
1750 419 1916 462 serviret,
1948 420 2051 456 heres
2075 421 2261 457 institutus
2283 421 2385 457 iussu

1294 468 1358 501 tuo
1383 465 1481 501 adiit.
1519 465 1711 500 Trebatius
1736 474 1815 501 esse
1839 474 1919 500 eum
1942 465 2126 501 heredem:
2150 466 2273 502 Labeo
2297 470 2385 503 tunc

1292 520 1368 548 non
1392 521 1470 546 esse
1493 509 1670 553 heredem,
1695 509 1726 545 si
1748 509 1962 546 necessitate
1980 510 2017 545 id
2036 510 2172 555 fecerit,
2195 522 2269 547 non
2288 512 2385 558 quod

1299 558 1313 590 1
1363 555 1520 601 alioquin
1543 554 1649 591 vellet
1671 554 1833 600 obligari.
1881 554 1920 590 Si
1943 555 2022 600 quis
2051 555 2103 591 ita
2133 556 2299 593 heredem
2330 558 2386 593 in-

1294 599 1468 637 stituerit:
1506 600 1634 636 ‘Titius
1671 611 1743 646 qua
1779 610 1823 635 ex
1856 602 1961 645 parte
1993 600 2079 635 mihi
2113 602 2232 637 socius
2265 606 2319 638 est
2348 602 2386 638 in

1294 645 1469 690 ‘vectigali
1500 646 1712 688 salinarum,
1743 656 1809 690 pro
1844 655 1887 681 ea
1917 648 2021 697 parte
2047 645 2134 681 mihi
2155 646 2259 683 heres
2283 648 2385 691 esto',

1295 690 1439 736 quidam
1462 694 1609 735 putant,
1645 690 1675 726 si
1705 700 1787 727 asse
1814 689 2020 735 descripto2
2041 690 2080 726 id
2102 691 2305 728 adiectum³
2327 693 2385 736 sit,

1294 738 1336 771 ut
1366 736 1520 771 maxime
1550 735 1671 771 socius
1697 735 1806 771 fuerit
1829 735 1964 778 Titius,
1996 745 2069 771 non
2100 746 2178 772 esse
2206 737 2385 781 heredem,

1294 780 1360 817 sed
1382 781 1414 817 si
1437 790 1509 826 qua
1531 791 1617 826 pars
1640 790 1755 816 vacua
1778 780 1904 816 relicta
1925 779 2046 823 fuerit,
2071 790 2115 816 ex
2136 791 2180 817 ea
2196 782 2387 819 heredem⁴

1295 835 1384 862 esse.
1432 825 1530 871 quod
1560 829 1677 861 totum
1706 829 1741 861 et
1763 825 1925 871 ineptum
1949 828 1985 861 et
2006 825 2174 862 vitiosum
2198 831 2269 863 est:
2302 827 2388 874 quid

1296 871 1390 907 enim
1421 874 1520 906 vetat
1551 881 1632 906 asse
1661 871 1866 916 descripto2
1888 870 2022 906 utiliter
2045 871 2179 906 Titium
2210 881 2254 908 ex
2284 876 2388 918 parte

1294 916 1390 953 forte
1413 919 1553 962 quarta,
1580 926 1624 951 ex
1647 926 1719 961 qua
1742 916 1862 952 socius
1887 919 1975 959 erat,
1999 916 2166 952 heredem
2186 917 2388 954 institutum

1294 964 1316 997 2
1364 962 1468 997 esse?
1504 961 1632 996 ‘Titius
1649 962 1752 996 heres
1768 966 1864 997 esto:
1891 960 1993 997 Seius
2010 965 2045 996 et
2059 961 2222 998 Maevius
2239 962 2387 999 heredes

1295 1007 1439 1043 ‘sunto’.
1475 1016 1599 1042 verum
1623 1010 1678 1041 est
1701 1006 1795 1052 quod
1809 1006 1962 1042 Proculo
1979 1006 2100 1051 placet
2116 1006 2206 1043 duos
2223 1008 2388 1045 semisses

1297 1055 1317 1088 3
1348 1097 1356 1105 .
1366 1062 1455 1094 esse,
1480 1062 1636 1104 quorum
1647 1052 1738 1087 alter
1754 1051 1972 1104 coniunctim
1987 1052 2129 1104 duobus
2146 1052 2263 1105 datur.
2301 1053 2390 1106 Cum

1295 1100 1699 1185 ffitffisussifflnffssssas
1709 1097 2390 1197 tants,⁰3352¹13¹3⁰03212133203s

1323 1188 1524 1223 ortionibus
1545 1187 1767 1222 hereditariis
1787 1186 1974 1230 adcrescit,
1998 1197 2115 1240 neque
2128 1188 2250 1232 refert,
2273 1200 2389 1235 primo

1311 1244 1377 1269 oco
1410 1233 1487 1278 quis
1518 1233 1704 1268 institutus
1736 1242 1784 1268 an
1814 1232 1922 1268 alicui
1953 1232 2170 1269 substitutus
2199 1234 2303 1270 heres
2333 1235 2387 1270 sit.

1297 1281 1319 1313 4
1366 1277 1405 1314 Si
1435 1278 1539 1313 heres
1572 1277 1759 1313 institutus
1791 1277 1971 1313 scribendi
2002 1279 2206 1314 testamenti
2230 1283 2391 1326 tempore

1298 1323 1384 1359 civis
1415 1323 1601 1358 Romanus
1632 1322 1720 1365 fuit,
1761 1322 1888 1358 deinde
1921 1322 1954 1358 ei
1985 1333 2080 1369 aqua
2111 1328 2147 1359 et
2176 1324 2250 1370 igni
2279 1325 2389 1361 inter-

1298 1369 1433 1404 dictum
1457 1373 1523 1411 est,
1546 1368 1650 1404 heres
1674 1368 1726 1411 fit,
1749 1368 1781 1404 si
1803 1368 1898 1403 intra
1921 1368 2008 1403 illud
2032 1372 2173 1415 tempus
2190 1380 2260 1415 quo
2278 1373 2389 1406 testa·

1297 1418 1355 1450 tor
1390 1414 1546 1449 decessit
1579 1413 1724 1448 redierit
1757 1416 1840 1456 aut,
1876 1413 1906 1448 si
1941 1414 2008 1449 sub
2046 1414 2256 1451 condicione
2286 1416 2390 1451 heres

1297 1459 1481 1495 institutus
1506 1462 1579 1500 est,
1612 1469 1682 1504 quo
1714 1462 1874 1504 tempore
1906 1459 2069 1495 condicio
2100 1460 2249 1496 exsistit.
2297 1461 2391 1497 idem

1298 1508 1317 1540 5
1365 1508 1403 1540 et
1424 1504 1462 1539 in
1485 1503 1610 1549 legatis
1632 1507 1667 1539 et
1682 1503 1719 1538 in
1735 1504 1912 1539 bonorum
1927 1505 2224 1549 possessionibus.
2263 1506 2390 1542 ‘Titius

1298 1553 1356 1585 ‘ex
1387 1549 1532 1586 semisse
1563 1549 1667 1585 heres
1699 1553 1795 1585 esto:
1837 1548 1940 1585 Seius
1975 1559 2020 1584 ex
2054 1550 2255 1595 quadrante
2286 1552 2390 1587 heres

1299 1598 1407 1631 ‘estoz
1449 1594 1565 1630 Titius
1601 1594 1633 1629 si
1666 1594 1703 1629 in
1734 1594 1950 1640 Capitolium
1985 1595 2204 1639 ascenderit,
2240 1606 2285 1632 ex
2318 1597 2389 1632 alio

1298 1639 1510 1686 ‘quadrante
1533 1640 1636 1675 heres
1660 1639 1762 1675 esto'.
1809 1642 2002 1685 antequam
2026 1639 2239 1685 Capitolium
2263 1651 2389 1678 ascen-

1298 1686 1361 1721 dat
1391 1686 1422 1721 si
1451 1695 1518 1731 pro
1550 1684 1682 1720 herede
1705 1688 1824 1730 gerat,
1856 1694 1902 1720 ex
1932 1685 2078 1721 semisse
2109 1686 2213 1722 heres
2242 1687 2327 1723 erit:
2360 1687 2391 1723 si

1298 1730 1512 1776 Capitolium
1544 1729 1764 1773 ascenderit,
1801 1733 1836 1765 et
1868 1740 1912 1765 ex
1945 1730 2146 1776 quadrante
2176 1732 2279 1768 heres
2311 1732 2390 1775 erit,

1297 1787 1365 1812 nec
1398 1776 1465 1811 erit
1497 1776 1530 1811 ei
1562 1785 1711 1810 necesse
1740 1785 1807 1821 pro
1839 1775 1970 1811 herede
2000 1786 2122 1821 gerere
2157 1777 2289 1823 quippe
2320 1778 2391 1813 iam

1298 1825 1318 1857 6
1366 1820 1500 1856 heredi.
1549 1820 1588 1855 Si
1618 1820 1670 1855 ita
1700 1820 1873 1865 scriptum
1903 1819 2031 1856 fuerit:
2065 1821 2193 1857 ‘Titius
2222 1832 2266 1857 ex
2314 1828 2392 1858 arte

1299 1867 1425 1909 ‘tertia‚
1450 1866 1611 1901 Maevius
1636 1876 1680 1901 ex
2293 1868 2390 1911 ltine,

1299 1912 1342 1947 ‘si
1371 1912 1467 1946 intra
1497 1911 1623 1946 tertias
1654 1911 1704 1945 ka
1719 1910 1828 1946 endas
1860 1911 1959 1946 navis
1984 1921 2029 1946 ex
2051 1912 2140 1947 Asia
2162 1912 2315 1956 venerit,
2347 1923 2392 1948 ex

1298 1957 1447 2002 ‘reliqua
1469 1959 1572 2001 parte
1596 1956 1699 1991 heres
1725 1956 1832 1992 esto’:
1866 1955 2067 1999 videamus,
2099 1967 2145 1992 ne
2169 1957 2285 1993 Titius
2316 1962 2390 1994 sta-

1296 2002 1362 2037 tim
1386 2012 1431 2037 ex
1455 2002 1601 2036 semisse
1624 2000 1727 2036 heres
1751 2001 1816 2036 sit:
1854 2011 1937 2036 nam
1969 2001 2040 2037 duo
2064 2002 2213 2038 heredes
2236 2003 2391 2039 instituti

1298 2050 1401 2089 sunt,
1434 2047 1498 2082 sed
1521 2046 1638 2082 Titius
1670 2049 1734 2081 aut
1766 2056 1811 2082 ex
1842 2047 1989 2082 semisse
2022 2052 2087 2082 aut
2118 2058 2162 2083 ex
2185 2048 2307 2084 besse:
2338 2049 2392 2084 ita

1298 2096 1444 2129 sextans
1475 2092 1600 2137 utique
1632 2091 1700 2126 erit
1729 2091 1766 2126 in
1797 2091 1968 2136 pendenti
1999 2095 2052 2135 et,
2086 2093 2117 2128 si
2141 2094 2303 2130 condicio
2329 2104 2389 2130 ex-

1297 2137 1448 2180 stiterit,
1481 2148 1526 2172 ex
1556 2137 1661 2172 besse
1691 2137 1797 2172 heres
1821 2137 1906 2179 erit,
1939 2137 1970 2172 si
2001 2148 2074 2173 non
2104 2138 2299 2182 exstiterit,
2331 2139 2391 2175 ille

1297 2186 1444 2219 sextans
1471 2182 1611 2217 Maevio
1643 2181 1840 2217 adcrescet.
1889 2182 1950 2217 sed
1981 2183 2012 2218 si
2043 2182 2238 2219 decesserit
2260 2184 2389 2228 Titius,

1298 2231 1490 2273 antequam
1514 2227 1676 2263 condicio
1695 2227 1855 2269 exsistat,
1881 2227 2007 2263 deinde
2024 2228 2186 2265 condicio
2203 2229 2389 2273 exstiterit,

1296 2278 1418 2308 tamen
1441 2273 1500 2308 ille
1524 2277 1670 2308 sextans
1694 2282 1767 2307 non
1792 2272 1877 2307 Titii
1900 2272 2041 2316 heredi,
2073 2274 2137 2309 sed
2160 2275 2301 2310 Maevio
2326 2275 2388 2311 ad-

1298 2322 1453 2354 crescet:
1491 2328 1575 2353 nam
1610 2328 1692 2353 cum
1727 2317 1846 2353 adhuc
1882 2317 2029 2353 dubium
2064 2323 2175 2362 esset,
2213 2320 2309 2356 Titio
2342 2330 2389 2356 an

1297 2364 1438 2399 Maevio
1473 2364 1503 2398 is
1536 2367 1680 2398 sextans
1713 2362 1819 2398 datus
1851 2367 1962 2406 esset,
1997 2363 2112 2399 Titius
2145 2364 2298 2400 decessit
2321 2375 2388 2401 nec

1296 2412 1416 2454 potest
1438 2408 1594 2452 intellegi
1618 2408 1724 2443 datus
1749 2408 1782 2443 ei
1806 2408 1867 2453 qui
1889 2412 1962 2443 tem
1989 2419 2051 2444 ore
2078 2409 2187 2444 dandi
2208 2410 2246 2445 in
2269 2421 2389 2446 rerum

1297 2458 1315 2489 7
1364 2458 1497 2490 natura
1520 2464 1594 2488 non
1615 2453 1695 2488 fuit.
1736 2453 1773 2488 Si
1796 2454 1917 2488 Attius
1974 2453 2076 2489 itium
2100 2458 2136 2490 et
2151 2455 2330 2491 Maevium
2353 2459 2390 2491 et

1297 2499 1417 2535 Seium
1433 2499 1557 2544 aequis
1575 2498 1740 2544 partibus
1756 2498 1904 2534 heredes
1921 2498 2085 2541 instituit,
2111 2499 2229 2536 Titius
2247 2500 2389 2536 interim

1297 2545 1395 2581 solus
1428 2544 1517 2579 adiit
1546 2544 1781 2579 hereditatem
1805 2547 1840 2579 et
1865 2543 1984 2578 Seium
2007 2544 2198 2580 heredem⁵
2220 2545 2387 2589 instituit,

1296 2589 1429 2635 poterit
1453 2589 1556 2625 Seius
1581 2589 1666 2624 Titii
1690 2588 1788 2624 adire
1811 2588 2063 2631 hereditatem,
2095 2590 2187 2625 Attii
2209 2590 2264 2626 vel
2288 2591 2388 2627 adire

1296 2635 1352 2671 vel
1375 2634 1557 2670 omittere:
1583 2634 1647 2670 sed
1661 2634 1774 2676 Attio,
1800 2638 1991 2679 antequam
2015 2633 2121 2670 adeat
2143 2635 2223 2671 vel⁶
2247 2636 2388 2672 omittat

1297 2680 1372 2716 eius
1402 2680 1655 2722 hereditatem,
1689 2689 1734 2714 ex
1765 2679 1911 2714 semisse
1940 2679 2043 2714 heres
2074 2680 2152 2716 erit.
2201 2681 2232 2717 si
2260 2681 2390 2717 adierit

1297 2725 1399 2761 Seius
1423 2725 1514 2760 Attii
1536 2724 1789 2764 hereditatem,
1823 2723 1939 2759 Titius
1971 2734 2015 2759 ex
2047 2725 2178 2761 triente
2200 2726 2389 2763 dumtaxat

1296 2770 1400 2806 heres
1435 2770 1503 2805 erit
1534 2774 1570 2805 et
1599 2779 1664 2815 per
1694 2768 1926 2804 hereditatem
1951 2768 2036 2804 Titii
2066 2771 2176 2806 triens
2201 2771 2389 2807 dumtaxat

1296 2815 1343 2851 ad
1367 2815 1486 2851 Seium
1508 2815 1708 2860 perveniet,
1740 2813 1893 2849 alterum
1923 2813 2088 2850 trientem
2120 2826 2164 2851 ex
2194 2826 2262 2852 sua
2284 2817 2386 2853 insti-

1295 2860 1435 2896 tutione
1449 2860 1607 2895 habebit.
1643 2858 1728 2904 quid
1745 2869 1841 2904 ergo,
1866 2859 1896 2894 si
1916 2859 1962 2895 ab
1978 2860 2079 2896 Attio
2097 2860 2214 2897 Titius
2232 2866 2267 2898 et
2284 2862 2386 2898 Seius

1295 2905 1444 2940 heredes
1460 2905 1615 2940 instituti
1633 2908 1726 2946 sunt,
1747 2903 1862 2939 Titius
1879 2904 2006 2940 adierit
2020 2905 2266 2950 hereditatem,
2291 2907 2385 2943 Titio

1296 2950 1399 2986 Seius
1437 2950 1540 2985 heres
1582 2949 1780 2984 exstiterit?
1825 2953 1991 2994 potestne
2024 2951 2115 2987 Attii
2153 2952 2386 2988 hereditatem

1295 2995 1458 3031 omittere
1482 3005 1529 3030 an
1553 2994 1754 3030 necessario
1781 2994 1814 3030 ei
1838 3005 1879 3029 ex
1903 3005 1985 3031 asse
2007 2995 2111 3032 heres
2136 2998 2215 3033 est?
2255 2998 2386 3050 quippe

1295 3051 1378 3077 cum
1411 3040 1502 3075 alius
1533 3049 1637 3075 nemo
1669 3039 1773 3075 heres
1803 3039 1989 3076 institutus
2017 3044 2091 3084 est,
2147 3053 2230 3078 uam
2252 3043 2284 3078 is
2308 3053 2386 3087 ipse

1296 3086 1358 3132 qui
1382 3095 1426 3120 ex
1449 3085 1570 3130 aliqua
1591 3088 1694 3129 parte
1716 3084 1788 3120 iam
1809 3085 1913 3121 heres
1938 3089 2002 3129 est,
2027 3087 2129 3131 perin
2156 3097 2175 3123 e
2192 3091 2256 3130 est,
2282 3087 2385 3132 quasi

1296 3141 1388 3166 unus
1412 3131 1514 3165 heres
1538 3140 1603 3175 per
1626 3129 1761 3165 Titium
1784 3130 1969 3166 institutus
1993 3131 2051 3166 sit.

1341 3173 1390 3212 61
1428 3172 1511 3218 (60)
1547 3174 1692 3210 CELSUS
1720 3174 1811 3211 libro
1846 3177 2012 3211 vicesimo
2044 3188 2139 3212 nono
2164 3177 2384 3222 dz'qestorum

1295 3221 1364 3266 Qui
1387 3219 1553 3256 solvendo
1578 3230 1652 3254 non
1674 3223 1763 3263 erat,
1788 3230 1928 3256 servum
1952 3221 2065 3266 primo
2085 3222 2164 3257 loco
2182 3225 2217 3256 et
2235 3221 2384 3256 alterum

1295 3276 1435 3302 servum
1466 3264 1624 3300 secundo
1655 3265 1735 3301 loco
1767 3265 1916 3301 heredes
1947 3266 2101 3312 scripsit.
2148 3266 2245 3301 solus
2269 3266 2299 3300 is
2323 3266 2384 3310 qui

1294 3311 1408 3357 primo
1433 3310 1512 3345 loco
1537 3309 1692 3355 scriptus
1717 3314 1772 3346 est
1794 3311 2027 3347 hereditatem
2051 3312 2165 3356 capit:
2198 3320 2281 3345 nam
2307 3310 2384 3355 lege

1295 3356 1397 3391 Aelia
1429 3354 1553 3390 Sentia
1582 3355 1635 3395 ita
1666 3359 1832 3399 cavetur,
1871 3360 1930 3399 ut,
1971 3357 2003 3392 si
2036 3356 2105 3391 duo
2140 3355 2306 3400 pluresve
2339 3365 2383 3390 ex

1296 3400 1419 3436 eadem
1451 3410 1561 3435 causa
1591 3400 1740 3436 heredes
1772 3401 1897 3446 scripti
1923 3401 2013 3443 sint,
2045 3401 2098 3436 uti
2128 3400 2278 3445 quisque
2308 3400 2382 3445 pri·

1296 3456 1374 3480 mus
1400 3445 1554 3489 scriptus
1578 3445 1635 3488 sit,
1659 3446 1764 3481 heres
1788 3446 1846 3481 sit.

1341 3488 1395 3527 62
1430 3489 1514 3534 (61)
1547 3490 1803 3526 ΜουΕεΤιΝσε
1837 3491 1927 3526 libro
1967 3494 2091 3526 octavo
2126 3500 2382 3535 responsorum

1295 3535 1363 3579 Qui
1393 3535 1536 3570 volebat
1566 3535 1674 3571 filiam
1707 3535 1939 3577 exheredare,
1971 3535 2023 3570 sic
2045 3538 2259 3570 testamento
2284 3544 2381 3569 com-

1294 3579 1499 3626 prehendit:
1526 3583 1573 3616 ‘te
1596 3584 1727 3624 autem,
1751 3580 1835 3623 filia,
1859 3580 1938 3615 ideo
1964 3579 2185 3621 exheredavi‚
2214 3579 2381 3624 quoniam

1729 1870 1807 1900 arte
1822 1865 1928 1901 tertia
1945 1866 2093 1901 heredes
2109 1870 2236 1903 sunto:

1348 3739 1390 3778 (4)
1416 3749 1489 3771 eum
1503 3740 1562 3772 ins.
1580 3740 1628 3772 F²
1720 3741 1761 3778 (5)
1787 3737 2052 3770 hereditatemF
2110 3740 2122 3749 ⁰
2139 3738 2182 3777 (θ)
2210 3737 2239 3768 si
2253 3737 2312 3769 ins.

2063 3794 2106 3825 49
