2528 3918
102 116 321 156 Aornum(

100 228 138 263 Si
162 237 282 262 servus
307 234 452 261 servave
474 223 605 258 iniuria
629 222 770 257 occisus
796 222 959 257 occisave
982 222 1110 264 fuerit,
1135 222 1194 257 lex

98 272 242 324 Aquilia
277 272 396 306 locum
431 269 550 304 habet.
599 267 729 302 iniuria
760 267 919 302 occisum
953 278 1031 303 esse
1064 268 1190 303 merito

99 318 269 353 adicitur:
302 327 374 351 non
399 315 491 350 enim
515 312 650 348 sufficit
673 313 850 355 occisum,
886 313 949 348 sed
973 317 1116 358 oportet
1138 313 1192 348 in-

99 363 190 398 iuria
214 362 250 397 id
274 372 352 397 esse
374 360 546 395 factum¹.

144 407 170 445 4
199 407 321 443 0111113
338 406 429 441 libro
449 404 600 449 septimo
620 403 670 438 ad
688 403 842 438 ecliocum
856 403 1086 448 provinciale
1120 404 1192 438 Ita-

123 464 167 489 ue
191 453 221 488 si
245 461 384 487 servum
408 454 510 484 tuum
533 449 709 484 latronem
732 448 962 483 insidiantem
986 449 1072 483 mihi
1097 449 1192 484 occi-

123 509 195 541 ero,
221 506 368 533 securus
393 506 472 530 ero:
498 505 581 529 nam
605 494 775 529 adversus
825 493 996 529 ericulum
1019 494 1193 529 naturalis

102 548 115 579 l
166 543 256 578 ratio
281 540 455 587 permittit
479 550 518 575 se
543 539 744 574 defendere.
828 549 870 574 ex
884 539 1073 574 duodecim
1086 540 1190 574 tabu-

99 590 213 624 larum
235 587 350 622 furem
375 589 484 621 noctu
518 585 779 630 deprehensum
811 584 976 619 occidere
1007 585 1191 629 permittit,

98 640 137 670 ut
161 638 280 668 tamen
303 632 340 667 id
363 632 480 676 ipsum
506 641 588 666 cum
609 630 764 665 clamore
783 630 1012 665 testificetur:
1038 630 1193 665 interdiu

98 684 215 715 autem
240 678 501 722 deprehensum
524 676 576 710 ita
607 676 781 720 permittit
813 675 995 717 occidere,
1031 676 1061 711 si
1092 676 1122 710 is
1156 686 1194 710 se

97 725 166 760 telo
201 723 389 765 defendat,
425 726 467 757 ut
500 725 620 756 tamen
653 731 765 766 aeque
799 732 880 755 cum
914 721 1068 756 clamore
1092 721 1191 756 testi-

98 771 235 805 ficetur.

142 815 165 852 5
180 815 195 835 ²
226 814 421 850 ULPIANUS
442 813 532 848 libro
558 815 682 847 octavo
708 811 844 846 decimo
867 811 917 846 ad
933 811 1087 846 edictum
1123 810 1194 846 Sed

96 865 132 897 et
155 861 209 896 si³
234 869 491 912 quemcumque
516 857 625 892 alium
655 856 751 892 ferro
785 867 824 891 se
859 860 1040 901 petentem
1077 856 1155 901 quis
1168 857 1192 877 ³¹

96 906 276 947 occiderit,
302 915 375 939 non
396 903 572 939 videbitur
586 902 717 937 iniuria
736 902 955 937 occidisse⁴z
982 905 1018 936 et
1042 902 1072 936 si
1095 906 1193 936 metu

96 953 174 997 quis
199 951 348 986 mortis⁵
370 949 487 984 furem
511 948 700 990 occiderit,
726 958 800 982 non
822 947 1046 982 dubitabitur
1057 948 1080 989 ⁰,
1108 947 1193 992 quin

96 999 172 1042 lege
204 995 349 1042 Aquilia
381 1006 454 1030 non
487 997 661 1029 teneatur.
707 993 762 1028 sin
798 997 918 1027 autem
955 1004 1035 1027 cum
1070 996 1193 1037 posset

95 1041 380 1088 adprehendere,
413 1040 538 1075 maluit
571 1039 752 1080 occidere,
786 1039 896 1083 magis
922 1042 976 1072 est
1001 1042 1040 1072 ut
1063 1038 1193 1073 iniuria

99 1092 112 1123 1
163 1087 290 1123 fecisse
315 1086 496 1121 videatur:
523 1095 605 1129 ergo
631 1085 690 1119 et⁷
715 1083 881 1119 Cornelia
904 1084 1094 1118 tenebitur.
1133 1084 1191 1118 In-

96 1133 223 1168 iuriam
248 1136 367 1167 autem
391 1132 449 1166 hic
475 1131 664 1175 accipere⁸
688 1140 753 1164 nos
786 1133 931 1174 oportet
962 1140 1035 1164 non
1069 1140 1191 1174 quem-

95 1178 286 1214 admodum
299 1178 394 1213 circa
405 1177 615 1212 iniuriarum
628 1175 806 1210 actionem
817 1175 1068 1209 contumeliam
1079 1186 1191 1219 quan-

95 1225 196 1266 dam,
222 1223 286 1259 sed
310 1224 406 1268 quod
430 1233 503 1257 non
525 1222 602 1256 iure
624 1220 762 1256 factum
787 1225 859 1262 est,
893 1221 961 1255 hoc
988 1224 1042 1255 est
1067 1224 1193 1255 contra

94 1271 168 1312 ius,
192 1270 229 1304 id
253 1272 307 1304 est
330 1269 361 1303 si
386 1268 492 1312 culpa
517 1268 595 1312 quis
621 1266 811 1302 occiderit:
848 1270 883 1300 et
906 1266 986 1301 ideo
1012 1266 1192 1300 interdum

96 1320 244 1360 utraque
269 1315 362 1349 actio
388 1313 571 1349 concurrit
594 1316 629 1347 et
661 1312 748 1356 legis
773 1311 940 1356 Aquiliae
972 1315 1008 1345 et
1040 1311 1189 1345 iniuria-

94 1371 190 1402 rum,
216 1360 279 1395 sed
304 1360 395 1394 duae
420 1362 524 1394 erunt
548 1357 834 1398 aestimationes,
862 1356 932 1391 alia
957 1356 1096 1398 damni,
1123 1357 1193 1391 alia

95 1405 341 1441 contumeliae.
378 1405 485 1449 igitur
508 1404 674 1438 iniuriam
697 1402 756 1437 hic
781 1401 951 1436 damnum
976 1402 1192 1446 accipiemus

95 1455 113 1486 2
163 1451 269 1495 culpa
294 1451 416 1485 datum
442 1450 549 1484 etiam
573 1449 617 1483 ab
645 1459 705 1490 eo,
732 1448 792 1492 qui
816 1457 946 1482 nocere
970 1448 1094 1482 noluit.
1145 1448 1193 1482 Et

93 1497 171 1533 ideo
198 1497 410 1542 quaerimus,
436 1496 466 1530 si
488 1495 646 1529 furiosus
672 1493 839 1528 damnum
865 1493 1012 1535 dederit,
1040 1503 1086 1527 an
1105 1493 1192 1537 legis

93 1543 257 1588 Aquiliae
290 1542 382 1577 actio
417 1541 488 1576 sit?
524 1544 560 1575 et
591 1540 751 1584 Pegasus
783 1539 941 1583 negavit:
975 1549 1067 1582 quae
1101 1539 1193 1573 enim

94 1590 130 1623 in
156 1600 196 1623 eo
224 1588 329 1632 culpa
353 1587 409 1628 sit,
437 1597 517 1621 cum
542 1596 629 1620 suae
652 1585 780 1619 mentis
800 1595 872 1619 non
892 1584 964 1619 sit?
991 1588 1025 1618 et
1046 1584 1116 1618 hoc
1140 1588 1194 1619 est

94 1634 324 1669 verissimum.
363 1632 518 1667 cessabit
541 1631 648 1675 igitur
671 1630 837 1674 Aquiliae
872 1629 987 1671 actio,
1022 1630 1192 1674 quemad-

97 1679 260 1721 modum,
286 1679 315 1713 si
340 1677 543 1723 quadrupes
570 1676 739 1711 damnum
764 1675 921 1717 dederit,
947 1675 1091 1719 Aquilia
1117 1685 1192 1710 ces-

94 1730 160 1766 sat,
186 1728 249 1759 aut
273 1724 303 1758 si
326 1723 445 1768 tegula
470 1722 648 1757 ceciderit.
686 1721 749 1756 sed
774 1724 809 1755 et
830 1721 860 1755 si
880 1720 1000 1754 infans
1023 1720 1193 1755 damnum

95 1770 249 1812 dederit,
275 1769 368 1804 idem
394 1769 460 1803 erit
485 1767 685 1802 dicendum.
725 1766 877 1811 quodsi9
901 1766 1054 1810 inpubes
1080 1766 1117 1801 id
1140 1766 1192 1801 fe-

95 1816 193 1858 cerit,
218 1815 341 1849 Labeo
367 1814 427 1856 ait,
454 1814 537 1858 quia
560 1812 648 1847 furti
671 1815 825 1854 tenetur,
850 1811 964 1846 teneri
989 1815 1023 1846 et
1048 1811 1194 1856 Aquilia

95 1872 192 1896 eum:
227 1865 262 1896 et
285 1860 354 1895 hoc
378 1863 465 1904 puto
490 1870 632 1900 verum,
665 1858 695 1892 si
720 1857 767 1892 sit
789 1857 862 1891 iam
885 1857 1038 1892 iniuriae
1065 1867 1191 1902 capax.

95 1910 113 1942 3
163 1906 200 1941 Si
232 1906 399 1950 magister
430 1905 466 1939 in
499 1903 687 1948 disciplina
711 1902 950 1937 vulneraverit
974 1912 1115 1937 servum
1139 1903 1194 1937 vel

94 1952 273 1994 occiderit,
300 1961 345 1985 an
358 1950 501 1995 Aquilia
516 1951 542 1970 ¹0
566 1952 741 1990 teneatur,
766 1948 869 1993 quasi
883 1947 1052 1982 damnum
1064 1948 1194 1983 iniuria

94 1997 254 2032 dederit?
291 2001 325 2030 et
348 1996 508 2030 Iulianus
533 1994 659 2029 scribit
681 1993 826 2038 Aquilia
849 1993 962 2028 teneri
995 2004 1075 2028 eum
1089 2021 1098 2036 ,
1133 1993 1194 2038 qui

95 2043 318 2078 eluscaverat
342 2041 556 2085 discipulum
575 2040 613 2074 in
634 2039 837 2083 disciplina:
864 2039 976 2073 multo
997 2039 1109 2084 magis
1129 2039 1192 2083 igi-

93 2093 153 2123 tur
175 2088 212 2122 in
237 2087 354 2122 occiso
380 2086 474 2121 idem
499 2086 565 2120 erit
589 2084 789 2119 dicendum.
825 2084 1039 2129 proponitur
1075 2088 1194 2119 autem

94 2133 190 2178 apud
215 2143 294 2167 eum
319 2132 455 2177 species
480 2131 580 2165 talis:
608 2134 719 2172 sutor,
749 2129 878 2174 inquit,
904 2139 1016 2174 puero
1043 2129 1194 2165 discenti

93 2180 245 2223 ingenuo
270 2178 343 2212 filio
368 2177 541 2218 familias,
575 2186 703 2220 parum
727 2175 817 2210 bene
841 2174 989 2209 facienti
1013 2175 1108 2220 quod
1133 2175 1193 2210 de-

94 2224 354 2264 monstraverit,
375 2222 491 2257 forma
513 2221 624 2256 calcei
645 2221 816 2256 cervicem
837 2220 1025 2264 percussit,
1046 2225 1087 2255 ut
1107 2231 1192 2256 ocu-

95 2270 150 2304 lus
173 2279 285 2314 puero
317 2267 646 2312 perfunderetur¹¹.
685 2266 772 2301 dicit
803 2266 912 2310 igitur
945 2266 1105 2301 lulianus
1138 2266 1192 2300 in-

93 2315 265 2350 iuriarum
290 2313 431 2365 quidem
456 2315 634 2348 actionem
658 2322 731 2346 non
756 2316 977 2356 competere,
1012 2311 1096 2356 quia
1121 2322 1194 2347 non

93 2359 281 2395 faciendae
304 2359 455 2393 iniuriae
480 2368 591 2393 causa
614 2357 852 2402 percusserit,
879 2357 942 2391 sed
966 2357 1135 2392 monendi
1159 2361 1194 2392 et

95 2405 246 2441 docendi
267 2415 393 2440 causa:
421 2415 466 2438 an
487 2415 531 2439 ex
550 2403 681 2444 locato,
704 2402 855 2444 dubitat,
878 2402 962 2447 quia
982 2403 1067 2438 levis
1089 2402 1189 2437 dum-

94 2455 195 2486 taxat
220 2450 407 2495 castigatio
434 2459 607 2484 concessa
632 2452 686 2483 est
711 2448 870 2483 docenti:
897 2447 961 2483 sed
984 2448 1061 2492 lege
1079 2448 1191 2493 Aqui-

94 2497 143 2531 lia
166 2506 273 2541 posse
297 2496 355 2540 agi
380 2506 453 2530 non
478 2495 622 2529 dubito:

141 2539 165 2579 6
202 2541 364 2576 Panos
403 2541 493 2576 libro
529 2539 721 2574 vicensimo
757 2539 915 2574 secundo
953 2539 1003 2574 ad
1037 2539 1192 2574 edictum

94 2587 338 2632 praeceptoris
371 2586 463 2621 enim
495 2584 604 2619 nimia
636 2584 785 2619 saevitia
819 2584 877 2619 cul
904 2594 946 2619 ae
971 2584 1191 2629 adsignatur.

142 2630 165 2668 7
199 2632 394 2668 ULPJANUS
416 2631 506 2666 libro
532 2633 657 2665 octavo
682 2629 817 2665 decimo
843 2640 881 2664 ac
915 2629 1069 2665 edictum
1115 2629 1194 2674 Qua

96 2679 236 2713 actione
271 2681 411 2721 patrem
447 2679 725 2711 consecuturum
762 2675 830 2716 ait,
868 2674 964 2719 quod
995 2675 1112 2710 minus
1150 2685 1193 2710 ex

95 2724 212 2769 operis
237 2722 300 2757 filii
322 2723 379 2757 sui
402 2725 548 2767 propter
571 2721 735 2755 vitiatum
760 2720 904 2755 oculum
924 2720 971 2755 sit
990 2720 1190 2762 habiturus,

98 2773 112 2803 1
165 2773 199 2803 et
221 2767 411 2812 impendia,
437 2777 529 2812 quae
553 2777 618 2811 pro
634 2766 719 2809 ‚eius
742 2765 927 2800 curatione
947 2765 1083 2800 fecerit.
1123 2765 1191 2800 Oc-

100 2815 214 2850 cisum
236 2817 355 2848 autem
376 2813 540 2857 accipere
561 2811 741 2853 debemus,
762 2811 835 2846 sive
854 2810 972 2855 gladio
991 2811 1064 2845 sive
1085 2811 1193 2845 etiam

96 2860 190 2895 fuste
212 2859 267 2894 vel
291 2859 360 2893 alio
384 2858 455 2893 telo
479 2858 535 2892 vel
558 2857 722 2892 manibus
758 2856 801 2896 (si
831 2856 925 2891 forte
957 2856 1193 2900 strangulavit

97 2909 189 2943 011111)
224 2904 278 2938 vel
303 2904 402 2938 calce
424 2903 528 2948 petiit
552 2902 607 2937 vel
632 2902 749 2947 capite
772 2901 827 2936 vel
852 2901 1003 2946 qualiter
1028 2901 1190 2946 qualiter.

97 2953 116 2985 2
166 2949 236 2985 Sed
251 2949 278 2969 ¹²
301 2949 332 2983 si
356 2949 433 2993 quis
457 2949 538 2993 plus
570 2948 664 2982 iusto
699 2952 867 2982 oneratus
901 2946 1068 2982 deiecerit
1102 2956 1192 2981 onus

98 3000 133 3030 et
157 3005 298 3030 servum
323 2993 513 3035 occiderit,
539 2993 683 3038 Aquilia
706 2993 826 3027 locum
848 2992 976 3027 habet:
1007 2992 1076 3026 fuit
1100 2991 1193 3026 enim

98 3042 133 3075 in
145 3041 258 3085 ipsius
272 3039 417 3074 arbitrio
438 3039 491 3073 ita
511 3048 549 3073 se
569 3049 642 3073 non
663 3048 824 3073 onerare.
861 3048 944 3072 nam
965 3041 1000 3072 et
1020 3038 1049 3073 si
1069 3037 1192 3082 lapsus

98 3086 225 3130 aliquis
250 3095 392 3120 servum
415 3084 570 3119 alienum
593 3093 701 3118 onere
731 3083 920 3127 presserit,
952 3083 1111 3128 Pegasus
1144 3082 1194 3116 ait

98 3133 173 3175 lege
196 3130 341 3175 Aquilia
365 3140 446 3164 eum
469 3129 583 3164 teneri
606 3129 657 3163 ita
681 3128 833 3170 demum,
859 3129 890 3163 si
913 3130 968 3163 vel
993 3129 1073 3173 plus
1096 3128 1191 3162 iusto

99 3187 137 3211 se
161 3175 360 3211 oneraverit
375 3176 403 3196 ¹³
426 3175 480 3210 vel
504 3174 745 3219 neglegentius
770 3184 832 3218 per
863 3174 1042 3209 lubricum
1074 3177 1191 3208 trans-

99 3225 118 3256 3
165 3221 256 3256 ierit.
304 3220 461 3255 Proinde
492 3220 523 3255 si
555 3220 633 3264 quis
667 3219 812 3254 alterius
845 3219 990 3264 inpulsu
1025 3219 1192 3254 damnum

101 3266 254 3307 dederit,
280 3266 456 3301 Proculus
482 3265 607 3300 scribit
630 3275 746 3309 neque
771 3275 851 3299 eum
875 3264 935 3309 qui
966 3264 1106 3309 impulit
1139 3268 1191 3298 te-

102 3382 140 3420 (1)
166 3379 311 3411 Proinde
324 3379 353 3411 si
367 3380 442 3421 quis
456 3390 587 3411 servum
599 3379 766 3411 latronem
778 3379 952 3418 occiderit,
965 3378 1039 3419 lege
1053 3377 1193 3419 Aquilia

101 3435 169 3455 non
189 3426 330 3465 tenetur,
351 3425 431 3466 quia
443 3436 510 3456 non
532 3425 686 3465 [iniuria]
699 3424 827 3456 occidit
840 3425 934 3457 addit
950 3423 1029 3459 Goll.
1045 3425 1128 3456 inter
1142 3423 1161 3454 l.
1177 3430 1193 3456 3

102 3476 133 3502 et
145 3477 161 3502 5
207 3469 251 3509 (2)
261 3481 315 3511 pr.
331 3473 347 3507 §
362 3477 429 3503 1=
441 3470 556 3502 Collat.
569 3471 600 3509 7,
611 3477 638 3510 3,
649 3478 676 3503 2.
687 3477 713 3503 3.
725 3477 759 3508 43
772 3482 841 3503 cum
858 3474 902 3508 §3
912 3471 954 3512 cf.
965 3470 1011 3502 D.
1025 3469 1076 3507 19,
1087 3475 1193 3508 2,13‚4

103 3516 145 3555 (3)
171 3513 200 3545 si
214 3526 272 3546 om.
288 3513 368 3546 C'oll.
468 3515 522 3556 (3⁸)
548 3515 607 3556 qui
625 3515 704 3548 coll.
819 3516 861 3557 (4)
885 3514 1031 3546 Proinde
1045 3514 1074 3545 si
1087 3513 1193 3545 furem

103 3561 315 3597 nocturnum,
331 3568 428 3600 quem
439 3558 494 3590 lex
507 3559 683 3592 duodecim
696 3559 888 3592 tabularum
901 3559 992 3591 omni
1006 3558 1104 3590 modo
1118 3568 1192 3600 per-

103 3603 212 3635 mittit
224 3603 387 3645 occidere,
400 3606 458 3635 aut
470 3603 639 3644 diurnum,
653 3615 751 3646 quem
765 3615 869 3646 aeque
880 3605 935 3636 lex
948 3604 1126 3646 permittit,
1137 3603 1194 3634 sed

103 3648 153 3680 ita
166 3648 307 3688 demum,
321 3647 350 3679 si
364 3658 398 3680 se
411 3647 478 3680 telo
490 3648 658 3688 defendat,
672 3649 843 3681 videamus
857 3660 899 3681 an
913 3650 986 3691 lege
1000 3648 1138 3690 Aquilia
1147 3651 1195 3680 te-

104 3692 247 3724 neatur?
261 3695 294 3725 et
307 3693 514 3735 Pomponius
527 3693 672 3733 dubitat,
685 3705 767 3726 num
780 3695 862 3726 haec
874 3694 929 3725 lex
941 3705 1009 3725 non
1024 3694 1069 3725 sit
1082 3694 1118 3724 in
1131 3704 1195 3725 usu

105 3739 164 3770 ins.
172 3737 252 3770 0011.
312 3738 355 3779 (5)
379 3740 470 3769 metu
483 3738 560 3779 quis
572 3738 704 3779 mortis]
718 3739 793 3780 quis
806 3742 911 3771 noctu
928 3738 1007 3772 coll.
1068 3740 1112 3780 (6)
1134 3738 1194 3769 du-

1195 97 1272 144 125

2183 100 2302 142 VIIII
2333 101 2357 140 2

1264 223 1352 265 neri,
1366 223 1449 268 quia
1461 234 1533 258 non
1548 223 1688 265 occidit,
1702 234 1746 258 ne
1773 234 1818 259 ue
1832 234 1912 259 eum
1925 222 1986 269 qui
1998 222 2172 268 impulsus
2186 225 2250 264 est,
2299 222 2358 256 uia

1264 268 1432 303 damnum
1456 268 1586 303 iniuria
1610 279 1681 303 non
1707 235 1820 303 dedit:
1853 268 2050 303 secundum
2082 268 2178 313 quod
2212 268 2249 302 in
2297 278 2357 302 ae-

1263 318 1284 348 4
1332 318 1407 348 tum
1433 314 1526 349 actio
1551 313 1617 348 erit
1641 313 1761 347 danda
1785 314 1821 347 in
1843 325 1922 348 eum
1943 314 2004 359 qui
2023 314 2173 359 impulit.
2222 312 2259 348 Si
2304 313 2358 348 uis

1263 360 1300 393 111
1337 359 1590 394 colluctatione
1623 359 1676 394 vel
1707 358 1744 393 in
1774 359 1981 403 pancratio,
2019 359 2072 394 vel
2104 358 2239 404 pugiles
2300 369 2359 394 um

1264 404 1356 439 inter
1379 415 1417 439 se
1442 407 1652 440 exercentur
1677 404 1767 438 alius
1792 404 1901 439 alium
1926 404 2118 446 occiderit,
2152 404 2183 439 si
2215 403 2358 449 quidem

1263 450 1299 484 in
1332 449 1476 494 publico
1511 449 1704 484 certamine
1736 449 1826 484 alius
1859 449 1968 483 alium
2008 449 2198 492 occiderit,
2241 452 2359 485 cessat

1263 495 1425 539 Aquilia,
1452 495 1537 540 quia
1560 495 1695 540 gloriae
1720 505 1831 530 causa
1856 498 1892 528 et
1914 495 2073 537 virtutis,
2107 506 2179 530 non
2210 495 2360 530 iniuriae

1262 540 1379 585 gratia
1409 540 1549 575 videtur
1581 540 1747 575 damnum
1780 540 1912 574 datum.
1951 540 2020 574 hoc
2053 544 2173 575 autem
2196 540 2233 574 in
2258 550 2358 575 servo

1264 596 1335 621 non
1360 586 1535 630 procedit,
1561 585 1729 630 quoniam
1753 585 1895 629 ingenui
1916 585 2031 619 solent
2049 589 2203 621 certare:
2229 586 2266 620 in
2286 585 2358 620 filio

1263 631 1418 666 familias
1442 631 1627 666 vulnerato
1654 630 1828 675 procedit.
1865 630 1973 675 plane
2005 631 2035 664 si
2068 630 2251 665 cedentem
2282 631 2358 666 vul-

1264 676 1459 718 neraverit,
1495 677 1561 711 erit
1584 676 1749 721 Aquiliae
1781 676 1902 718 locus,
1936 680 2000 710 aut
2031 675 2062 710 si
2086 687 2157 710 non
2181 676 2218 710 in
2243 679 2358 711 certa-

1263 722 1356 756 mine
1380 733 1521 756 servum
1547 722 1688 763 occidit,
1716 721 1784 756 nisi
1809 721 1839 756 si
1864 721 2005 756 domino
2032 722 2273 756 committente
2290 721 2359 756 hoc

1264 770 1282 801 5
1331 767 1467 802 factum
1499 768 1563 802 sit:
1598 770 1685 802 tunc
1719 767 1811 802 enim
1834 767 1979 811 Aquilia
2010 769 2137 801 cessat.
2187 766 2297 801 Sed¹⁴
2331 766 2360 801 si

1264 813 1342 857 quis
1367 823 1508 847 servum
1533 816 1716 857 aegrotum
1738 812 1862 847 leviter
1880 812 2096 857 percusserit
2117 815 2152 846 et
2171 812 2201 846 is
2222 812 2359 853 obierit,

1263 862 1360 893 recte
1383 858 1507 893 Labeo
1534 858 1619 893 dicit
1641 858 1718 902 lege
1742 858 1887 902 Aquilia
1912 869 1992 892 eum
2011 857 2135 899 teneri,
2162 857 2245 902 quia
2265 857 2360 892 aliud

1264 907 1283 938 6
1332 903 1393 938 3111
1416 903 1639 938 mortiferum
1664 914 1741 939 esse
1766 904 1866 939 solet.
1917 903 2042 938 Celsus
2068 906 2187 937 autem
2211 903 2360 937 multum

1262 949 1435 984 interesse
1460 949 1556 991 dicit,
1583 948 1754 984 occiderit
1779 959 1824 983 an
1850 949 1972 983 mortis
1999 958 2145 983 causam
2169 949 2355 992 praestite-

1262 994 1319 1036 rit,
1344 998 1385 1029 ut
1410 995 1469 1039 qui
1494 994 1618 1030 mortis
1644 1005 1790 1029 causam
1811 994 1999 1038 praestitit,
2026 1004 2098 1028 non
2118 993 2272 1038 Aquilia,
2299 993 2361 1028 sed

1262 1040 1300 1074 in
1334 1040 1473 1074 factum
1509 1040 1650 1075 actione
1686 1043 1862 1075 teneatur.
1911 1039 2007 1074 unde
2039 1038 2156 1073 adfert
2188 1049 2268 1074 eum
2301 1039 2361 1082 qui

1262 1096 1436 1120 venenum
1469 1096 1533 1130 pro
1559 1085 1816 1120 medicamento
1844 1085 1940 1120 dedit
1965 1089 2000 1119 et
2024 1084 2074 1119 ait
2099 1094 2243 1119 causam
2267 1094 2360 1118 mor-

1263 1131 1309 1166 tis
1343 1131 1584 1176 praestitisse,
1619 1131 1916 1176 quemadmodum
1941 1141 2022 1165 eum
2047 1129 2108 1174 qui
2131 1129 2263 1164 furenti
2286 1129 2360 1173 gla-

1264 1177 1360 1211 dium
1392 1177 1570 1222 porrexit:
1608 1187 1691 1211 nam
1724 1187 1790 1211 nec
1823 1177 1919 1211 hunc
1951 1176 2029 1220 lege
2061 1174 2203 1220 Aquilia
2235 1174 2360 1217 teneri,

1264 1226 1281 1256 7
1332 1222 1395 1257 sed
1429 1222 1466 1257 in
1500 1222 1647 1257 factum.
1697 1221 1767 1257 Sed
1803 1222 1833 1256 si
1869 1221 1947 1266 quis
1985 1221 2028 1256 de
2063 1224 2173 1265 ponte
2209 1220 2361 1265 aliquem

1263 1268 1531 1313 praecipitavit,
1558 1267 1680 1302 Celsus
1706 1267 1774 1309 ait,
1808 1267 1881 1302 sive
1912 1267 1990 1311 ipso
2022 1266 2097 1302 ictu
2129 1266 2274 1310 perierit
2298 1268 2361 1300 aut

1264 1313 1434 1348 continuo
1459 1313 1665 1348 submersus
1691 1317 1745 1348 est
1770 1317 1833 1347 aut
1855 1312 2010 1347 lassatus
2036 1311 2069 1346 vi
2101 1310 2256 1346 fluminis
2289 1311 2360 1346 vic-

1263 1363 1322 1393 tus
1355 1359 1520 1403 perierit,
1554 1359 1629 1403 lege
1660 1359 1804 1403 Aquilia
1835 1358 1967 1399 teneri,
2003 1356 2300 1402 quemadmodum
2332 1356 2363 1391 si

1264 1406 1283 1439 8
1333 1404 1411 1448 quis
1436 1415 1586 1449 puerum
1612 1415 1699 1439 saxo
1725 1404 1906 1439 inlisisset.
1944 1403 2120 1438 Proculus
2146 1402 2206 1444 ait,
2233 1402 2263 1437 si
2287 1412 2358 1436 me-

1264 1449 1365 1484 dicus
1391 1460 1530 1484 servum
1554 1450 1717 1494 imperite
1742 1449 1915 1490 secuerit,
1948 1448 2002 1484 vel
2028 1459 2071 1483 ex
2094 1448 2212 1483 locato
2239 1448 2293 1482 vel
2319 1457 2362 1482 ex

1263 1495 1339 1539 lege
1363 1495 1507 1540 Aquilia
1532 1500 1734 1540 competere
1758 1495 1948 1530 actionem.

1311 1538 1334 1578 8
1376 1540 1499 1576 GAJUS
1539 1541 1629 1576 libro
1674 1541 1825 1585 septimo
1862 1540 1912 1575 ad
1946 1539 2100 1575 edictum
2130 1538 2361 1584 provinciale

1263 1586 1362 1621 Idem
1385 1586 1472 1620 iuris
1498 1590 1563 1628 est,
1589 1586 1619 1621 si
1642 1586 1901 1621 medicamento
1922 1594 2111 1630 perperam
2132 1594 2220 1619 usus
2241 1583 2354 1621 fuerit.

1263 1632 1327 1667 sed
1363 1636 1398 1666 et
1434 1631 1494 1676 qui
1525 1631 1617 1667 bene
1649 1631 1805 1667 secuerit
1838 1634 1873 1666 et
1909 1629 2097 1674 dereliquit
2130 1629 2362 1671 curationem,

1269 1680 1281 1709 l
1333 1686 1480 1711 securus
1504 1678 1671 1718 nouerit,
1697 1677 1759 1712 sed
1776 1677 1902 1721 culpae
1918 1686 2001 1711 reus
2018 1674 2245 1719 intellegitur.
2281 1673 2362 1708 Mu-

1263 1723 1394 1757 lionem
1419 1732 1579 1766 quoque,
1613 1723 1643 1756 si
1666 1732 1730 1766 per
1754 1721 1966 1766 imperitiam
1990 1721 2160 1764 impetum
2185 1719 2363 1753 mularum

1263 1768 1415 1802 retinere
1439 1777 1511 1802 non
1534 1767 1709 1811 potuerit,
1743 1767 1773 1802 si
1807 1777 1868 1801 eae
1901 1766 2055 1800 alienum
2086 1764 2264 1799 hominem
2299 1763 2361 1798 ob-

1263 1813 1426 1847 triverint
1439 1813 1477 1854 ¹⁵,
1502 1813 1606 1857 vulgo
1634 1812 1764 1847 dicitur
1790 1812 1917 1856 culpae
1941 1810 2083 1845 nomine
2107 1809 2231 1844 teneri.
2269 1808 2362 1843 idem

1264 1858 1394 1893 dicitur
1419 1862 1454 1892 et
1478 1858 1508 1893 si
1532 1862 1679 1903 propter
1702 1857 1944 1892 infirmitatem
1977 1856 2153 1891 sustinere
2184 1854 2363 1889 mularum

1262 1904 1434 1948 impetum
1459 1914 1532 1938 non
1556 1903 1731 1948 potuerit:
1765 1914 1831 1938 nec
1863 1902 2002 1937 videtur
2033 1901 2213 1946 iniquum,
2247 1899 2277 1935 si
2309 1899 2362 1935 in-

1263 1949 1414 1983 firmitas
1440 1949 1567 1993 culpae
1592 1948 1865 1990 adnumeretur,
1900 1958 1981 1982 011111
2014 1946 2184 1981 affectare
2209 1946 2359 1991 quisque

1264 2005 1336 2029 non
1361 1994 1499 2036 debeat,
1524 1995 1562 2028 in
1587 2005 1656 2039 quo
1682 1994 1736 2029 vel
1760 1993 1932 2038 intellegit
1955 1992 2011 2028 vel
2031 1992 2236 2036 intellegere
2258 1991 2364 2027 debet

1262 2040 1504 2075 infirmitatem
1518 2050 1620 2074 suam
1633 2040 1693 2074 alii
1705 2039 1945 2084 periculosam
1957 2038 2127 2073 futuram.
2161 2037 2255 2072 idem
2275 2037 2363 2072 iuris

1266 2090 1319 2120 est
1342 2085 1379 2120 in
1403 2096 1559 2130 persona
1584 2086 1677 2127 eius,
1704 2085 1765 2130 qui
1787 2085 1959 2129 impetum
1984 2084 2084 2128 equi,
2110 2093 2181 2128 quo
2207 2082 2361 2117 veheba-

1263 2136 1333 2173 tur,
1358 2135 1506 2175 propter
1529 2131 1743 2175 imperitiam
1766 2130 1822 2165 vel
1845 2129 2087 2164 infirmitatem
2112 2128 2266 2163 retinere
2291 2138 2362 2162 non

1290 2177 1408 2211 oterit.

1264 2188 1287 2222 P
1311 2219 1336 2258 9
1369 2221 1565 2257 ULPJANUS
1587 2221 1677 2256 libro
1702 2225 1827 2256 octavo
1853 2220 1989 2255 decimo
2015 2219 2064 2254 ad
2081 2219 2237 2254 edictum
2274 2218 2363 2252 Item

1264 2267 1294 2302 si
1331 2267 1505 2302 obstetrix
1540 2266 1836 2301 medicamentum
1873 2265 2009 2300 dederit
2045 2268 2079 2299 et
2113 2263 2196 2298 inde
2238 2263 2364 2298 mulier

1263 2312 1431 2357 perierit,
1457 2312 1580 2346 Labeo
1606 2311 1810 2356 distinguit,
1844 2315 1902 2353 ut,
1929 2310 1959 2345 si
1983 2310 2124 2355 quidem
2149 2309 2223 2344 suis
2248 2308 2360 2342 mani-

1263 2359 1331 2392 bus
1357 2358 1556 2402 supposuit,
1582 2357 1747 2392 videatur
1771 2356 1964 2391 occidisse:
1991 2355 2046 2390 3111
2070 2365 2153 2390 vero
2180 2353 2296 2396 dedit,
2324 2357 2364 2388 ut

1264 2403 1332 2438 sibi
1353 2403 1479 2438 mulier
1499 2403 1652 2444 offerret,
1672 2403 1708 2436 in
1727 2402 1864 2437 factum
1885 2401 2062 2436 actionem
2083 2399 2250 2441 dandam,
2272 2409 2364 2443 quae

1264 2449 1442 2484 sententia
1454 2459 1539 2483 vera
1553 2453 1625 2483 est:
1648 2447 1759 2492 magis
1774 2447 1867 2482 enim
1881 2457 2026 2482 causam
2038 2445 2162 2481 mortis
2184 2444 2364 2489 praestitit

1267 2498 1281 2528 1
1333 2504 1440 2539 quam
1464 2493 1607 2529 occidit.
1657 2493 1694 2527 Si
1719 2493 1797 2537 quis
1822 2503 1886 2537 per
1909 2492 1979 2526 vim
2003 2491 2058 2526 vel
2082 2500 2228 2525 suasum
2252 2489 2362 2524 medi-

1265 2543 1468 2574 camentum
1492 2538 1600 2573 alicui
1623 2538 1781 2573 infundit
1795 2539 1822 2559 ¹⁶
1857 2537 1912 2572 vel
1946 2547 2008 2572 ore
2039 2535 2093 2571 vel
2126 2536 2277 2581 clystere
2307 2535 2363 2570 vel

1264 2585 1294 2620 si
1331 2595 1412 2620 eum
1447 2584 1551 2619 unxit
1585 2584 1678 2619 malo
1714 2594 1868 2624 veneno,
1902 2582 1979 2626 lege
2013 2580 2157 2626 Aquilia
2193 2591 2273 2615 eum
2310 2584 2361 2615 te-

1263 2630 1362 2672 neri,
1399 2628 1697 2674 quemadmodum
1741 2627 1916 2663 obstetrix
1960 2636 2165 2678 supponens
2208 2629 2362 2660 tenetur.

1265 2679 1284 2710 2
1334 2675 1371 2710 Si
1384 2675 1462 2719 quis
1484 2675 1663 2710 hominem
1682 2674 1777 2708 fame
1794 2672 1983 2715 necaverit,
2007 2683 2044 2706 111
2062 2671 2200 2706 factum
2221 2671 2363 2706 actione

1265 2723 1284 2756 3
1331 2721 1446 2755 teneri
1469 2720 1638 2755 Neratius
1664 2719 1724 2753 ait.
1773 2718 1811 2753 Si
1835 2729 1976 2753 servum
2000 2727 2118 2752 meum
2144 2716 2363 2761 equitantem

1265 2766 1445 2800 concitato
1480 2776 1570 2810 equo
1598 2764 1757 2799 effeceris
1781 2764 1818 2798 in
1843 2763 1975 2798 flumen
1999 2761 2230 2807 praecipitari
2255 2765 2363 2806 atque

1261 2811 1341 2845 ideo
1366 2811 1473 2845 homo
1498 2810 1654 2855 perierit,
1678 2810 1716 2844 in
1739 2808 1876 2844 factum
1902 2818 1979 2843 esse
2005 2807 2160 2843 dandam
2184 2807 2362 2842 actionem

1263 2856 1388 2891 Ofilius
1414 2856 1557 2890 scribit:
1585 2854 1879 2899 quemadmodum
1904 2854 1934 2889 si
1958 2864 2081 2889 servus
2101 2863 2200 2888 meus
2223 2853 2268 2887 ab
2292 2852 2361 2887 alio

1262 2904 1283 2935 4
1330 2901 1367 2935 in
1390 2901 1538 2935 insidias
1561 2900 1749 2942 deductus,
1775 2900 1819 2934 ab
1842 2899 1912 2934 alio
1933 2902 2026 2934 esset
2047 2898 2199 2934 occisus.
2231 2899 2258 2919 ¹⁷
2291 2897 2361 2932 Sed

1262 2946 1292 2981 si
1315 2956 1380 2990 per
1399 2947 1518 2980 lusum
1538 2945 1778 2980 iaculantibus
1799 2955 1922 2980 servus
1942 2944 2052 2979 fuerit
2071 2943 2224 2985 occisus,
2250 2943 2361 2987 Aqui-

1260 2992 1330 3026 liae
1353 2991 1454 3027 locus
1479 2994 1551 3025 est:
1585 2990 1648 3025 sed
1681 2990 1710 3025 si
1743 3001 1824 3025 cum
1856 2990 1915 3024 alii
1947 2990 1984 3024 in
2010 2999 2135 3034 campo
2159 2989 2360 3024 iacularen-

1261 3041 1332 3079 tur,
1358 3047 1480 3071 servus
1505 3047 1570 3080 per
1595 3046 1675 3071 eum
1698 3036 1818 3071 locum
1841 3035 2033 3077 transierit,
2059 3034 2204 3079 Aquilia
2229 3037 2358 3074 cessat,

1262 3082 1346 3127 quia
1370 3092 1442 3116 non
1474 3081 1597 3116 debuit
1628 3091 1693 3126 per
1726 3091 1890 3125 campum
1921 3080 2172 3115 iaculatorium
2205 3079 2273 3114 iter
2306 3078 2360 3113 in-

1261 3127 1470 3172 tempestive
1503 3126 1635 3161 facere.
1685 3126 1746 3171 qui
1780 3130 1901 3161 tamen
1937 3126 2022 3160 data
2057 3135 2168 3170 opera
2202 3124 2240 3159 in
2275 3134 2356 3159 eum

1261 3173 1440 3208 iaculatus
1465 3175 1530 3214 est,
1555 3172 1679 3216 utique
1702 3172 1847 3216 Aquilia
1869 3171 2067 3206 tenebitur:

1311 3216 1361 3255 10
1394 3217 1555 3253 PAULUS
1583 3217 1674 3252 libro
1707 3218 1898 3252 vicensimo
1930 3217 2088 3252 secundo
2120 3215 2172 3250 ad
2203 3214 2359 3250 edictum

1262 3273 1346 3298 nam
1369 3263 1469 3298 lusus
1494 3272 1637 3307 quoque
1660 3262 1790 3298 noxius
1814 3262 1853 3296 in
1877 3262 1983 3306 culpa
2008 3265 2076 3297 est.

1261 3378 1408 3409 bitamus
1425 3377 1504 3410 Coll.
1611 3375 1653 3417 (7)
1680 3378 1725 3416 et]
1741 3377 1842 3408 etiam
1854 3375 1928 3417 lege
1947 3375 2025 3408 Coll.

1261 3423 1317 3454 hic
1335 3422 1413 3455 Call.
1521 3423 1566 3464 (9)
1593 3432 1675 3464 quos
1689 3421 1723 3454 F
1822 3422 1880 3457 (10)
1906 3420 2023 3461 aliqua
2035 3420 2069 3451 F

1262 3469 1397 3499 deretur
1409 3467 1455 3500 D.
1471 3467 1491 3500 ἱ.
1505 3479 1586 3511 yem.
1700 3468 1758 3506 (12)
1784 3466 1841 3498 sed
1855 3468 1888 3497 et
1902 3466 1973 3498 edd.
2081 3465 2138 3503 (13)
2164 3462 2316 3493 onaverit
2333 3460 2365 3493 F

1264 3515 1320 3553 (14)
1347 3512 1405 3544 sed
1417 3515 1450 3544 et
1461 3512 1543 3546 Hal.
1638 3512 1696 3553 (15)
1723 3511 1951 3543 obtribuerint
1960 3509 2012 3542 F²
2105 3508 2163 3548 (16)
2189 3505 2317 3537 infudit
2329 3505 2359 3538 S

1263 3558 1321 3598 (17)
1348 3559 1536 3590 exciderunt
1553 3557 1677 3590 similia
1697 3558 1739 3590 iis
1759 3569 1842 3599 quae
1864 3556 2012 3598 lequntur
2033 3553 2113 3586 Inst.
2137 3553 2167 3593 4,
2179 3559 2206 3590 3,
2218 3558 2245 3592 4,
2271 3551 2354 3583 talia

1255 3604 1352 3646 fere:
1373 3603 1402 3634 si
1423 3602 1529 3642 miles,
1552 3603 1611 3644 qui
1624 3602 1746 3634 iaculis
1759 3601 1962 3633 exercitatur
1973 3600 2008 3630 in
2023 3607 2151 3638 camp0,
2175 3595 2235 3627 ubi
2249 3595 2356 3627 solent

1264 3647 1450 3687 exercitari,
1465 3650 1695 3680 transeuntem
1705 3657 1835 3679 servum
1845 3649 1940 3677 tuum
1950 3642 2133 3681 traiecerit,
2149 3640 2245 3673 nulla
2259 3640 2359 3683 culpa

1265 3693 1338 3725 eius
1350 3692 1564 3735 intellegitur

2133 3374 2176 3414 (8)
2203 3372 2355 3412 accipere

2169 3421 2223 3456 (11)
2250 3417 2356 3448 effun-
