2528 3918
188 94 500 139 xxxm4.5

187 232 232 258 ca
289 234 299 258 ε
324 224 335 242 ‘
367 231 449 257 ucio
517 223 568 257 tio
742 231 834 267 meo,
862 233 920 259 cui
943 232 1114 259 maximas
1136 227 1272 269 gratias

231 221 283 258 vit
335 221 366 257 L
416 220 425 230 ’
473 220 518 256 'ri
534 220 544 230 ⁹
590 221 720 259 marito
909 223 919 232 '
1027 222 1036 231 ’
1220 223 1228 232 “

186 270 278 312 ‘ago,
302 266 380 302 dari
394 266 475 302 volo
491 275 600 318 super
615 266 745 311 dotem,
765 277 872 314 quam
886 268 918 304 ei
935 268 1027 311 dedi,
1048 272 1103 304 tot
1118 270 1271 305 aureos’.

186 321 332 358 quaero,
356 321 438 347 cum
459 311 615 347 instituit
629 311 782 349 Lucium
800 313 934 349 Titium
958 313 1146 350 convenire
1161 314 1270 359 Quin-

185 362 244 392 tus
268 356 411 392 Mucius
437 366 482 392 ex
505 356 679 402 stipulatu
701 358 844 395 actione
855 360 878 402 ¹,
906 369 957 394 au
987 359 1161 404 repellere
1190 369 1271 395 eum

186 402 334 437 marinis
392 401 481 437 ossit
510 410 556 437 ex
584 402 701 439 verbis
731 403 945 439 testamenti.
1000 403 1202 449 respondit,
1240 404 1271 440 si

185 446 337 491 Quintus
393 446 494 482 ucius
518 446 711 484 mandante
733 448 816 484 Seia
838 459 911 484 non
934 448 1136 485 donationis
1161 459 1271 485 causa

184 491 376 544 stipulatus
400 494 465 534 est,
497 492 688 530 heredibus
711 493 867 530 mulieris
891 503 972 529 eum
994 494 1109 529 teneri
1132 498 1169 530 et
1189 494 1270 530 ideo

279 540 356 572 tum
370 536 532 572 Mucium
553 538 763 591 exceptione
785 538 1031 584 repellendum
1050 549 1140 575 esse.
1175 539 1271 592 quod

185 591 216 617 si
239 581 441 618 donationis
465 591 578 618 causa
604 583 687 619 Seia
709 584 874 629 stipulari
895 584 1131 629 permisisset,
1160 584 1271 620 wderi

184 636 265 662 eum
280 626 319 662 in
333 636 415 662 eum
431 637 566 671 casum,
590 628 652 674 qui
668 633 784 665 morte
802 629 959 665 mulieris
979 629 1117 665 exstitit
1124 630 1151 673 ²,
1174 639 1269 665 mor-

184 671 230 707 tis
253 681 364 707 causa
386 672 614 718 stipulatum:
639 678 675 709 et
696 674 777 710 ideo
800 673 886 710 fidei
908 674 985 710 eius
1009 675 1181 711 committi
1203 685 1268 721 po·

183 716 295 753 tuisse
315 717 355 753 in
378 727 459 753 eum
482 727 606 754 casum
629 718 817 755 dicendum
840 718 930 756 fore.

231 759 284 799 12
307 761 512 798 Seuerou
532 763 623 800 libro
643 765 748 800 tertio
767 774 1022 812 responsorum
1063 763 1133 809 Qui
1152 763 1270 800 dotem

183 806 219 842 in
248 807 404 860 pecunia
433 812 621 861 numerata
637 812 688 862 ‘et
717 809 913 863 aestimatis
935 810 1044 863 rebus
1068 813 1269 855 acceperat,

182 862 287 961 3²¹3
309 852 1183 944 333²..13303n33m00
1199 864 1269 953 3

182 942 350 1042 «Ἢωέξ
363 943 801 1043 ρῗωῗαὲἒξῖζὶῃῗῑὲω,
775 955 860 1026 33
884 945 1271 1044 ἒῶῗῗίἐὲῗΐὲηέῗίἓέ

182 998 359 1069 ‘genanos
377 1033 557 1087 decem’²·.
595 1039 795 1089 quaesitum
814 1039 881 1079 est,
905 1046 987 1072 cum
1008 1046 1067 1072 res
1089 1047 1127 1071 in
1150 1036 1269 1088 dotem

181 1077 288 1131 datae
325 1078 447 1159 {³2⁰¹oe
484 1090 563 1146 ispso
598 1090 669 1116 usu
698 1080 821 1116 finitae
850 1086 972 1134 essent
999 1091 1067 1134 nec
1097 1084 1270 1134 moriente

181 1127 309 1159 manto
376 1127 479 1159 erant
503 1151 513 1169 ,
542 1135 588 1160 an
611 1125 716 1171 quasi
738 1126 805 1162 sub
827 1126 875 1161 im
902 1127 1038 1163 ossibili
1061 1126 1270 1162 condicione

179 1168 336 1214 legatum
359 1169 482 1222 datum
506 1169 691 1206 debeatur.
737 1181 869 1217 respon
896 1171 904 1179 ‘
928 1171 1041 1207 videri
1068 1171 1270 1207 condicioni

179 1214 347 1267 paritum,
376 1224 408 1250 si
430 1214 528 1260 quod
550 1225 596 1251 ex
616 1215 726 1252 rebus
748 1216 787 1252 in
810 1215 930 1252 dotem
953 1216 1047 1252 datis
1070 1220 1267 1262 supererat,

178 1270 217 1295 m
287 1262 453 1295 testatem
475 1259 618 1296 heredis
640 1261 812 1306 pervenit.

227 1269 286 1342 1Ρὲ
302 1303 436 1340 Lamo
459 1304 550 1340 libro
566 1306 691 1352 primo
741 1305 949 1342 {thanorum
972 1318 996 1343 a
1014 1306 1134 1343 Paulo
1157 1308 1269 1354 epito-

178 1353 356 1384 matorum
411 1348 586 1386 was:
616 1350 649 1386 si
729 1361 772 1387 us
803 1351 976 1395 familias,
1008 1362 1157 1388 uxorem
1188 1363 1269 1388 cum

178 1394 346 1437 haberet,
370 1394 490 1430 dotem
513 1395 560 1430 ab
583 1404 628 1431 ea
650 1405 738 1432 acce
763 1399 859 1440 erat,
887 1396 1016 1433 deinde
1037 1400 1143 1443 pater
1164 1396 1268 1433 fami-

176 1439 244 1475 lias
266 1439 385 1476 factus
410 1439 529 1475 dotem
552 1440 586 1476 ei
616 1444 658 1476 ut
688 1451 729 1478 so
745 1445 782 1478 et
802 1441 950 1487 legavit:
983 1443 1143 1488 quamvis
1173 1442 1270 1489 patri

177 1484 282 1520 heres
305 1495 378 1520 non
400 1485 480 1528 erit,
503 1489 625 1521 tamen
647 1485 685 1522 id
707 1487 864 1533 legatum
887 1487 1088 1524 debebitur.

226 1527 278 1567 14
317 1528 522 1566 ScAEVOLA
564 1530 658 1567 libro
726 1533 829 1568 uinta
867 1532 1004 1568 decimo
1046 1532 1268 1579 diqestorum

177 1574 432 1627 Theopompus
464 1578 679 1612 testamento
727 1580 810 1613 acto
843 1577 933 1613 duas
963 1577 1057 1614 filias
1088 1580 1126 1614 et
1154 1577 1268 1613 filium

176 1629 300 1665 aequis
318 1620 485 1666 partibus
500 1620 658 1657 instituit
674 1622 823 1659 heredes
840 1625 877 1658 et
893 1622 1065 1659 codicillis
1082 1623 1136 1658 ita
1155 1623 1267 1659 cavit:

173 1662 464 1722 :ffpvyoe‘w'ea
485 1679 556 1710 μου
577 1669 799 1714 Κρισπίναν,
832 1666 880 1712 ἣν
908 1663 1068 1725 ηὗζῦμην
1089 1665 1265 1722 ἐκδρῦναι,

173 1723 220 1764 (φ
261 1723 324 1766 αν,
344 1723 381 1745 οι
418 1709 519 1756 φησι
528 1725 611 1766 ,μου
649 1715 711 1747 καὶ
734 1712 773 1748 οἱ
798 1757 807 1768 ³
901 1726 990 1771 egeae
1031 1711 1264 1770 Boxceaoam'a,

173 1753 960 1879 εξεδξεψημέψ
980 1771 1153 1858 3330?
1163 1772 1269 1847 ,νεε-

174 1844 660 1945 ,ᾘρζῑῖἒοίωέἒᾞέἲὲῖἱ
689 1850 1105 1931 ,ἶῃᾱεῖωιῗωῐέἱὶῗέἓέ
1127 1853 1267 1932 3¹²3?

174 1939 247 1972 tem
285 1945 450 1982 accipere
488 1941 596 1974 et1am
634 1938 807 1975 minorem
887 1940 977 1983 ‘am‚
1018 1951 1125 1986 quam
1155 1941 1270 1977 maior

174 1981 383 2027 accepisset.
455 1992 586 2026 uaero,
619 1994 667 2019 an
697 1985 848 2021 eandem
879 1996 1054 2021 summam
1085 1986 1178 2022 dotis
1202 1996 1266 2022 no-

174 2026 269 2062 mine
292 2027 402 2062 coher
447 2037 486 2063 es
510 2031 614 2064 extra
636 2033 776 2074 partem
795 2030 1004 2067 hereditatis
1025 2031 1153 2067 minori
1172 2030 1269 2068 filiae

173 2074 361 2124 praestare
391 2072 557 2108 debeant.
611 2075 799 2120 respoudit
832 2086 913 2111 eum
949 2076 1050 2112 cuius
1081 2077 1180 2113 notio
1212 2081 1269 2113 est

173 2120 456 2161 aestimaturum,
479 2121 522 2153 ut
544 2118 669 2154 eadem
693 2120 874 2166 quantitas
899 2131 943 2157 ex
964 2122 1142 2157 communi
1160 2132 1265 2168 prae-

174 2162 282 2208 cipua
304 2162 432 2198 minori
453 2162 551 2199 filiae
574 2163 668 2200 dotis
691 2165 835 2201 nomine
858 2165 975 2202 detur.

222 2205 273 2244 15
310 2206 436 2244 aava
467 2207 560 2245 libr-0
594 2210 753 2246 secundo
791 2210 837 2246 dc
867 2211 998 2258 leqatis
1032 2210 1083 2246 ad
1112 2211 1266 2247 edictum

171 2253 354 2305 praetoris·
405 2252 511 2289 Licet
531 2253 676 2299 placeat
697 2255 902 2300 pigneratas
924 2266 983 2292 res
1005 2256 1062 2291 vel
1084 2256 1122 2291 in
1137 2256 1264 2337 {mbu-

173 2307 255 2333 cum
278 2297 455 2343 obhgatas
476 2298 657 2342 heredem,
681 2300 742 2345 qui
765 2300 852 2337 dare
874 2301 994 2337 iussus
1017 2304 1083 2344 est,
1110 2301 1137 2336 li
1163 2311 1266 2337 erare

173 2342 323 2386 debere,
355 2346 477 2379 tamen
508 2344 539 2379 si
569 2344 601 2380 is
632 2345 695 2390 qui
724 2345 817 2381 tales
839 2356 899 2382 res
921 2346 959 2381 in
982 2346 1101 2382 dotem
1125 2346 1267 2392 accepit

172 2387 291 2422 dotem
312 2388 573 2434 praelegaverit
581 2390 607 2433 ⁷,
630 2400 705 2426 non
724 2394 873 2437 cogetur
891 2391 996 2427 heres
1015 2391 1170 2428 liberare
1190 2402 1263 2435 eas,

171 2432 241 2468 uisi
263 2432 362 2468 aliud
385 2434 589 2479 specialiter
610 2438 764 2471 testator
786 2435 927 2472 dixerit.

221 2474 272 2515 16
297 2477 355 2513 ΡΑ
362 2487 458 2514 vsvs
477 2479 569 2515 lt'bro
592 2480 751 2517 secundo
772 2481 823 2517 ad
841 2481 1022 2518 Vitellium
1060 2482 1130 2526 Qui
1145 2481 1264 2518 dotem

172 2533 195 2558 a
217 2527 332 2559 matre
355 2524 477 2560 uxoris
496 2529 693 2578 acceperat
715 2526 963 2579 etstipulanti
985 2526 1019 2563 ei
1038 2527 1262 2580 promiserat,

171 2569 1265 2668 ..²⁶⁸”mugiwassi‘ffiffffl‘ffiffitqffi&siffssgpiffiiz

171 2658 343 2738 Sgdaglvola
357 2669 430 2712 uon
444 2659 557 2712 viden
573 2661 653 2697 dari
666 2661 784 2705 uxori,
808 2662 905 2707 quod
927 2672 1075 2699 necesse
1093 2662 1142 2698 sit
1156 2664 1263 2699 matri

170 2713 190 2738 r
273 2730 282 2738 .
330 2703 421 2740 alias
452 2714 504 2741 sic

170 2758 264 2784 uxor
293 2747 477 2785 docuisset
506 2760 585 2786 eam
614 2752 781 2788 testantis
811 2752 1031 2788 voluntatem
1059 2752 1190 2797 fuisse,
1221 2756 1264 2789 ut

170 2803 321 2829 onerare
341 2794 491 2831 heredes
515 2795 651 2842 duplici
673 2797 918 2843 praestatione
941 2797 1034 2834 dotis
1057 2798 1175 2835 vellet.

219 2836 270 2876 17
296 2837 500 2875 Seuerou
524 2840 615 2878 libro
639 2843 745 2878 tertio
767 2853 1024 2897 responsorum
1075 2843 1189 2880 Uxori
1210 2843 1263 2879 ita

169 2883 315 2929 legavit:
352 2887 457 2920 ‘uxor
486 2896 567 2922 mea
597 2887 769 2933 quidquid
800 2898 832 2924 ei
864 2888 1069 2934 comparavi
1098 2891 1136 2925 et
1166 2889 1262 2935 quod

170 2928 271 3009 ‘mihil
299 2928 416 2996 dedit,
444 2940 468 2983 e
497 2930 613 2967 medio
645 2932 715 2968 sibi
750 2934 899 2987 sumat’:
932 2943 1086 2987 quaero,
1117 2943 1166 2970 an
1195 2934 1260 2970 dos

168 2975 622 3075 333323333
652 2978 1193 3077 ..32333331232‘0
1221 2990 1260 3059 ⁰5

172 3068 188 3100 1
225 3067 435 3102 testatorem
449 3065 606 3102 voluisse
619 3068 846 3113 probaretur.
883 3069 1012 3106 ‘Titiae
1026 3069 1133 3106 uxori
1147 3080 1259 3113 meae,

169 3112 317 3163 ‘quanta
336 3110 493 3165 pecunia
514 3110 562 3147 ad
584 3123 641 3148 me
663 3113 744 3149 inve
766 3114 813 3150 sti
838 3114 1033 3151 ulationem
1065 3114 1160 3151 dotis
1183 3115 1259 3151 eius

169 3157 325 3192 ‘nomme
345 3159 516 3210 pervenit,
540 3167 632 3202 quae
651 3157 716 3193 dos
737 3162 793 3194 est
836 3159 992 3196 otalibus
1011 3159 1154 3196 duobus
1173 3170 1259 3196 con-

170 3200 330 3247 ‘signatis
351 3202 597 3238 instrumentis
617 3204 784 3239 centum⁹
807 3205 1023 3241 aureorum'.
1058 3205 1259 3251 quaesitum

168 3248 235 3300 est,
263 3255 312 3282 an
332 3249 524 3301 utramque
544 3257 720 3283 summam
743 3250 915 3296 consequi
935 3250 1063 3297 possit.
1109 3260 1258 3296 respon-

168 3290 222 3327 dit
243 3291 333 3328 nihil
353 3301 519 3339 proponi,
543 3302 610 3329 cur
631 3303 703 3329 non
726 3294 854 3339 possit.

641 2706 721 2742 ndit
741 2717 816 2743 non
836 2707 959 2751 videri,
983 2707 1052 2743 nisi
1074 2707 1264 2744 manifeste

169 3497 209 3538 (ι)
233 3496 400 3530 actionem
414 3495 451 3530 F
581 3496 626 3539 (2)
649 3496 858 3540 permisisset
869 3498 906 3530 in
918 3508 994 3531 eum
1006 3508 1117 3532 casum
1131 3498 1191 3542 qui
1210 3522 1218 3531 .
1229 3523 1239 3534 .
1248 3523 1256 3530 .

170 3541 311 3582 exstitit,
325 3540 432 3574 videri
444 3551 520 3574 eum
532 3553 595 3576 ser.
688 3542 745 3584 (ι’)
769 3541 944 3575 denarium
957 3544 1070 3577 decem
1081 3543 1180 3577 milia
1192 3556 1255 3578 scr.

170 3587 213 3628 (s)
231 3589 343 3619 essent
354 3597 416 3619 nec
428 3586 592 3619 moriente
603 3586 726 3620 marito
738 3586 884 3628 fueraut]
897 3597 958 3620 nee
971 3591 1083 3621 essent
1093 3589 1258 3622 moriente

169 3631 291 3663 marito
301 3643 365 3665 ser.
422 3631 469 3674 (⁴)
494 3632 532 3665 id
541 3638 609 3666 est.-
628 3631 737 3664 Filiae
744 3641 836 3665 meae
845 3631 1031 3675 crispinae,
1042 3643 1140 3676 quam
1154 3633 1257 3667 collo·

170 3675 241 3708 cari
253 3675 430 3719 cupiebam
441 3676 514 3710 viro
526 3677 644 3710 amicis
652 3677 872 3720 cognatisque
881 3677 1032 3720 probato,
1041 3678 1257 3712 collocandae
1324 3684 1446 3713 ηψπ.
1457 3695 1502 3701 -
1519 3678 1604 3712 Bas.
1616 3678 1671 3718 44,
1684 3684 1702 3712 8

1270 95 1356 144 466

2140 112 2203 146 DE
2233 115 2430 149 ot‘nomr.

1838 229 1930 270 V¹·.

1429 292 1491 325 DE
1515 293 1712 328 OPTIONE
1735 295 1827 329 vm.
1853 294 2118 329 ELEC'VIONR
2141 296 2334 330 mean.

1388 356 1406 394 1
1441 356 1637 396 emam
1651 360 1742 398 libro
1761 362 1919 398 secundo
1938 362 1990 397 ad
2003 360 2177 398 Sabinum
2210 361 2324 399 Divus
2337 363 2423 400 Pius

1340 401 1494 439 Caecilio
1517 403 1671 442 Proculo
1693 407 1805 442 rescri
1830 407 1878 442 sit
1900 417 1991 449 eum,
2021 407 2079 442 cui
2102 417 2285 443 servorum
2306 408 2423 455 legata

1339 448 1387 483 sit
1409 447 1547 492 electio,
1570 452 1643 486 tres
1665 461 1773 497 posse
1830 452 1838 459 '
1904 462 1935 488 e.

1385 490 1411 529 2
1432 492 1541 546 Jossu
1560 494 1651 531 libro
1674 497 1838 533 vicesimo
1861 497 1912 533 ad
1928 496 2102 534 Sabinum
2143 497 2314 542 Quotiens
2333 500 2424 535 servi

1339 537 1464 574 electio
1487 539 1543 575 vel
1565 540 1662 586 optio
1686 540 1802 585 datur,
1826 542 2019 588 legatarius
2039 543 2180 588 optabit
2198 554 2302 589 quem
2321 545 2422 580 velit:

1345 586 1354 617 1
1407 582 1478 619 Sed
1493 587 1530 619 et
1544 584 1687 622 homine
1704 588 1917 632 generaliter
1934 588 2051 632 legato
2072 588 2258 624 arbitrium
2277 589 2424 635 eligendi

1340 630 1359 662 2
1407 638 1512 674 quem
1535 631 1713 676 acciperet
1735 631 1782 667 ad
1804 632 2014 678 legatarium
2036 634 2201 685 pertinet.
2241 634 2338 669 Data
2359 635 2423 679 igi-

1338 675 1399 708 tur
1432 674 1579 719 optione
1612 676 1644 711 si
1678 677 1755 722 quis
1790 678 1967 723 optaverit
2000 678 2153 714 ahenum
2193 689 2333 714 servum
2369 680 2424 715 vel

1338 718 1515 754 hominem
1545 719 1714 764 liberum,
1752 722 1941 758 videndum
1973 727 2045 766 est,
2085 734 2133 759 an
2164 725 2426 777 consumpserit

1340 766 1360 798 3
1407 764 1606 810 optionem:
1636 770 1673 802 et
1693 770 1781 813 puto
1805 778 1877 803 non
1903 768 2072 804 consumi.
2120 768 2233 812 Eum,
2259 780 2318 805 cui
2341 780 2423 805 cen-

1338 812 1415 844 tum
1438 810 1690 855 amphorarum
1712 812 1838 848 electio
1863 813 1949 848 data
1971 813 2036 856 sit,
2067 818 2208 849 acetum
2239 815 2424 860 eligentem

1338 864 1412 890 non
1434 864 1642 892 consumere
1663 858 1854 903 optionem,
1878 858 1910 893 si
1932 858 1969 893 id
1988 862 2128 894 acetum
2148 859 2304 904 elegerit,
2329 860 2425 905 quod

1338 899 1409 934 vini
1430 910 1579 936 numero
1601 905 1706 947 pater
1727 902 1880 938 familias
1903 914 1974 938 nou
1998 903 2142 939 habuit:

1385 941 1410 982 3
1434 944 1543 980 Imm
1560 946 1651 982 libro
1674 948 1839 984 vicesimo
1863 949 1968 983 tertio
1995 948 2045 983 ad
2067 947 2240 984 Sabinum
2286 949 2425 984 scilicet

1339 989 1370 1025 si
1401 993 1484 1025 ante
1515 991 1783 1036 exhibitionem,
1823 993 1894 1029 hoc
1934 996 1990 1028 est
2026 997 2111 1029 ante
2144 993 2424 1038 degustationem

1338 1038 1479 1070 acetum
1503 1035 1655 1081 elegerit.

1382 1078 1408 1117 4
1434 1079 1594 1117 Paows
1620 1082 1710 1118 libro
1740 1083 1844 1118 tertio
1876 1082 1927 1118 ad
1947 1081 2121 1119 Sabinum
2168 1082 2300 1136 Scyphi
2331 1084 2419 1120 elec-

1337 1124 1435 1160 tione
1467 1125 1554 1161 data
1583 1126 1615 1162 si
1645 1137 1717 1163 non
1746 1128 1909 1163 omnibus
1933 1128 2078 1173 scyphis
2101 1128 2266 1164 exhibitis
2289 1129 2423 1210 ¹⁶52?-

1336 1170 1412 1206 rius
1443 1170 1477 1207 el
1522 1171 1530 1179 '
1551 1175 1626 1214 set,
1658 1172 1829 1217 integram
1861 1173 1894 1208 ei
1925 1173 2104 1218 optionem
2133 1183 2277 1209 manere
2300 1185 2331 1226 p
2390 1178 2426 1210 et

1337 1215 1419 1296 giliiisi
1442 1180 1565 1305 εκθῖξε
1588 1216 1775 1253 dumtaxat
1796 1218 1926 1263 eligere
1947 1218 2128 1261 voluisset,
2153 1229 2234 1254 cum
2257 1223 2367 1255 sciret
2390 1224 2426 1255 et

1386 1271 1427 1296 os
1450 1271 1530 1297 esse
1554 1275 1563 1295 ε

1382 1305 1408 1343 5
1433 1307 1659 1343 AmloAst
1673 1307 1764 1343 libro
1807 1308 1908 1343 uinto
1926 1309 2176 1354 quaestionum
2222 1319 2288 1344 nec
2309 1309 2424 1345 solum

1338 1351 1375 1431 ⁸‹i1
1398 1350 1527 1387 fraude
1556 1352 1716 1396 heredis,
1749 1363 1788 1389 se
1843 1353 1949 1389 etiam
1980 1353 2011 1389 si
2037 1353 2109 1389 alia
2131 1353 2292 1399 qualibet
2315 1364 2426 1391 causa

1337 1397 1349 1432 i
1397 1397 1564 1432 evenerit.

1383 1439 1409 1479 6
1433 1441 1663 1478 Poupomvs
1689 1442 1780 1479 libro
1803 1448 1909 1479 sexto
1933 1444 1983 1479 ad
2004 1443 2179 1480 Sabinum
2224 1444 2424 1491 Mancipic-

1337 1497 1416 1522 rum
1439 1487 1566 1524 electio
1590 1487 1709 1533 legata
1731 1491 1796 1524 est.
1843 1498 1890 1524 ne
1912 1489 2086 1533 venditio,
2118 1490 2333 1535 quandoque
2361 1490 2423 1526 eli-

1336 1535 1442 1577 gente
1457 1532 1643 1577 legatario,
1662 1532 1919 1579 interpelletur,
1940 1534 2131 1571 decernere
2147 1535 2253 1570 debet
2266 1539 2423 1581 praetor,

1337 1577 1406 1612 nisi
1427 1577 1523 1613 intra
1545 1581 1685 1624 tempus
1709 1578 1756 1614 ab
1774 1579 1852 1626 ipso
1868 1580 2097 1626 praefinitum
2113 1580 2287 1625 elegisset,
2310 1581 2422 1616 actio-

1337 1632 1418 1658 nem
1439 1622 1637 1675 legatorum
1661 1623 1693 1658 ei
1715 1634 1789 1659 non
1812 1630 2024 1670 competere.
2096 1625 2158 1660 uid
2303 1626 2334 1661 si
2365 1626 2423 1661 die

1335 1671 1548 1748 praeterito,
1579 1668 1643 1703 sed
1674 1672 1863 1714 antequam
1894 1670 2062 1706 venderet
2116 1680 2214 1713 eres,
2244 1671 2424 1706 vindicare

1351 1713 1529 1757 egatarius
1560 1713 1669 1750 velit?
1737 1715 1798 1750 uia
1831 1726 1904 1751 non
1943 1719 1999 1751 est
2036 1715 2204 1751 damnum
2242 1716 2423 1752 subiturus

1336 1757 1451 1800 heres,
1475 1762 1623 1805 propter
1645 1769 1715 1804 quo
1764 1760 1955 1796 decernere
1968 1763 1994 1783 ¹¹
2017 1765 2163 1813 praetor
2185 1761 2222 1796 id
2246 1761 2347 1797 solet.
2387 1765 2424 1797 et

1337 1802 1421 1848 quid
1444 1803 1474 1838 si
1498 1803 1556 1840 die
1580 1804 1794 1850 praeterito,
1829 1815 1933 1851 quem
1964 1805 2096 1841 fimerit
2125 1810 2288 1851 praetor,
2319 1807 2423 1842 heres

1336 1848 1476 1894 aliquos
1514 1859 1559 1885 ex
1599 1849 1708 1885 servis
1743 1850 1799 1886 vel
1833 1861 1954 1886 omnes
1992 1851 2261 1886 manumiserit?
2306 1862 2424 1887 nonne

1335 1897 1482 1974 praetor
1501 1904 1625 1930 eorum
1641 1895 1801 1930 tuebitur
1819 1895 2045 1932 libertatem?
2076 1906 2160 1941 ergo
2177 1896 2307 1932 totiens
2327 1897 2421 1932 actio

1361 1939 1546 1984 eneganda
1568 1950 1641 1975 non
1665 1943 1736 1983 est,
1768 1940 1800 1976 si
1830 1942 1950 1976 omnia
1979 1941 2017 1976 in
2038 1941 2176 1986 integro
2201 1941 2283 1977 sint.
2329 1941 2420 1979 idem

1336 1987 1393 2020 est
1422 1989 1459 2020 et
1487 1985 1518 2020 si
1547 1985 1687 2031 pignori
1719 1985 1856 2031 aliquos
1881 1997 1925 2022 ex
1947 1987 2004 2022 his
2027 1987 2137 2022 servis
2159 1987 2264 2022 heres
2287 1986 2423 2023 dederit

1334 2033 1420 2075 post
1442 2030 1534 2066 diem
1557 2031 1613 2066 vel
1635 2030 1843 2066 vendiderit.

1383 2072 1407 2112 7
1432 2075 1593 2111 Panas
1612 2075 1704 2112 libro
1729 2076 1865 2112 decimo
1889 2077 2138 2122 quaestionum
2183 2076 2295 2113 Immo
2326 2080 2362 2112 et
2391 2078 2423 2113 si

1335 2120 1508 2166 quosdam
1532 2130 1653 2156 servos
1677 2120 1859 2164 distraxit,
1883 2121 2056 2167 quosdam
2078 2122 2242 2164 retinuit,
2272 2132 2345 2158 non
2367 2126 2424 2158 est

1335 2165 1533 2201 audiendus
1556 2165 1769 2211 legatarius,
1801 2167 1832 2202 si
1861 2166 1948 2202 velit
1977 2170 2104 2212 optare
2134 2177 2179 2202 ex
2204 2168 2351 2204 retentis
2374 2168 2421 2203 ab

1334 2210 1476 2252 herede,
1501 2221 1581 2246 cum
1604 2211 1675 2246 iam
1699 2211 1915 2257 disposuerit
1937 2211 2108 2247 familiam
2130 2213 2245 2248 heres.

1380 2253 1406 2294 8
1437 2255 1667 2292 Poupomvs
1700 2257 1791 2292 libro
1826 2262 1931 2292 sexto
1968 2257 2019 2292 ad
2047 2256 2221 2293 Sabinum
2285 2257 2323 2293 Si
2356 2258 2421 2294 tibi

1335 2301 1462 2338 electio
1485 2301 1577 2336 servi
1598 2304 1636 2336 et
1658 2301 1743 2336 mihi
1766 2301 1893 2346 reliqui
1914 2302 2022 2346 legati
2043 2306 2136 2345 sunt,
2161 2302 2420 2339 decernendum

1334 2349 1390 2381 est
1412 2356 1435 2381 a
1456 2349 1641 2398 praetore,
1673 2346 1742 2381 nisi
1773 2347 1868 2382 intra
1899 2351 2036 2382 certum
2064 2350 2205 2393 tempus
2228 2349 2419 2393 optaveris,

1336 2393 1352 2426 1
1399 2391 1607 2437 petltionem
1630 2391 1696 2427 tibi
1718 2402 1790 2427 non
1813 2392 1899 2427 datu
1922 2392 1977 2427 iri.
2025 2392 2063 2428 Si
2094 2402 2139 2428 ex
2169 2397 2340 2438 quattuor
2367 2393 2418 2428 vi-

1332 2435 1431 2471 riolis
1455 2435 1566 2478 duae,
1601 2447 1690 2481 quas
1714 2436 1915 2481 elegissem,
1947 2437 2032 2472 mihi
2061 2437 2201 2491 legatae
2224 2438 2315 2481 sint,
2347 2439 2420 2474 sive

1333 2480 1427 2517 duae
1458 2481 1558 2517 solae
1590 2481 1739 2517 relictae
1773 2482 1845 2517 sint
1880 2482 1954 2518 sive
1991 2483 2037 2517 ab
2068 2482 2169 2518 initio
2200 2482 2293 2519 duae
2321 2484 2419 2519 solae

1333 2529 1353 2562 2
1399 2525 1549 2569 fuerint,
1586 2526 1681 2562 valet
1713 2527 1881 2571 legatum.
1936 2526 2049 2563 Unius
2086 2528 2237 2563 hominis
2268 2529 2353 2564 mihi
2383 2533 2419 2564 et

1331 2571 1398 2607 tibi
1434 2571 1532 2617 optio
1572 2571 1658 2607 data
1692 2575 1765 2607 est:
1812 2582 1893 2608 cum
1930 2582 1995 2617 ego
2033 2578 2231 2618 optassem,
2275 2574 2307 2609 si
2346 2584 2418 2609 nou

1331 2620 1525 2652 mutassem
1554 2617 1791 2660 voluntatem,
1823 2617 1950 2653 deinde
1976 2621 2016 2653 tu
2047 2618 2198 2653 eundem
2228 2619 2417 2663 optaveris,

1331 2662 1518 2714 utriusque
1547 2666 1709 2698 nostrum
1749 2672 1889 2698 servum
1925 2662 2097 2698 futurum.
2147 2663 2243 2708 quod
2273 2663 2304 2699 si
2334 2667 2419 2700 ante

1332 2707 1563 2743 decessissem
1600 2707 1656 2743 vel
1695 2706 1852 2743 furiosus
1887 2707 2006 2744 factus
2043 2718 2172 2751 essem,
2212 2719 2286 2744 non
2318 2708 2416 2745 futu-

1330 2763 1410 2788 rum
1441 2762 1680 2794 communem,
1722 2753 1807 2798 quia
1838 2763 1911 2788 non
1944 2753 2068 2789 videor
2100 2754 2317 2796 consentire,
2356 2754 2417 2800 qui

1330 2797 1462 2834 sentire
1486 2808 1559 2834 non
1580 2798 1733 2843 possim:
1766 2798 1955 2833 humanius
1987 2802 2107 2834 autem
2138 2799 2222 2842 erit,
2253 2803 2295 2834 ut
2320 2803 2357 2834 et
2379 2799 2415 2834 in

1329 2843 1399 2879 hoc
1423 2851 1511 2879 casu
1534 2843 1638 2888 quasi
1661 2842 1770 2878 semel
1793 2843 1965 2878 electione
1986 2843 2085 2879 facta
2114 2843 2179 2878 fiat
2206 2844 2414 2879 communis.

1331 2891 1350 2924 3
1399 2887 1437 2923 Si
1458 2895 1579 2923 rerum
1602 2887 1844 2933 depositarum
1867 2888 1992 2923 electio
2016 2889 2100 2923 mihi
2127 2889 2253 2924 relicta
2283 2889 2347 2930 sit,
2379 2893 2413 2924 et

1329 2932 1378 2968 ad
1408 2932 1644 2969 exhibendum
1675 2943 1756 2968 cum
1783 2942 1844 2975 eo,
1878 2943 1899 2968 a
1925 2933 1974 2968 ud
1997 2943 2100 2978 quem
2126 2933 2309 2979 depositae
2331 2934 2410 2977 sint,

1329 2988 1435 3024 agere
1465 2981 1591 3024 potero
1624 2981 1660 3013 et
1691 2988 1772 3013 cum
1803 2978 1868 3013 her
1914 2988 1934 3013 e
1964 2987 2088 3023 agere,
2127 2981 2168 3013 ut
2200 2979 2231 3014 is
2263 2978 2414 3024 depositi

1329 3022 1467 3069 agendo
1490 3023 1698 3059 facultatem
1721 3023 1806 3058 mihi
1830 3023 1979 3068 eligendi
1999 3027 2170 3068 praestet.

1374 3066 1400 3106 9
1430 3067 1458 3104 I
1459 3077 1624 3104 vmfflvs
1658 3067 1749 3104 libro
1785 3069 1969 3114 triqesimo
1999 3068 2157 3104 secundo
2192 3068 2413 3115 diqestorum

1329 3113 1418 3166 Cum
1447 3113 1500 3149 ita
1528 3113 1685 3158 legatur:
1716 3112 1823 3166 ‘Titio
1842 3112 2014 3166 ‚Stichum
2030 3112 2090 3165 ‚do
2119 3113 2216 3158 lego,
2240 3114 2279 3166 si
2307 3114 2412 3168 Pam:

1327 3158 1503 3239 {BR-¹¹0&
1510 3168 1590 3238 {¹12¹}
1605 3157 1951 3248 333203312.
1967 3157 2413 3249 ἓέξοωξιῗέἓῗέῧεμῗ

1326 3254 1404 3284 tum
1430 3247 1576 3283 fuisset:
1610 3248 1717 3283 ‘Titio
1741 3247 1900 3283 Stichum
1931 3251 1996 3283 aut
2016 3248 2259 3294 Pamphilum,
2292 3253 2411 3285 utrum

1329 3297 1345 3330 1
1394 3296 1528 3329 ‘eorum
1550 3292 1657 3336 volet,
1681 3292 1727 3329 do
1750 3293 1851 3339 lego’.
1898 3292 2105 3337 Quaesitum
2128 3298 2193 3337 est,
2217 3293 2250 3329 si
2267 3293 2411 3330 Stichus

1326 3338 1393 3375 sub
1425 3338 1633 3374 condicione
1661 3338 1752 3374 liber
1786 3347 1864 3373 esse
1896 3337 2016 3373 iussus
2050 3339 2097 3374 sit
2131 3342 2168 3374 et
2195 3338 2280 3374 mihi
2311 3339 2410 3384 optio

1326 3383 1418 3420 servi
1440 3382 1527 3419 data
1551 3387 1646 3419 esset
1668 3383 1723 3419 vel
1746 3393 1867 3419 servus
1895 3383 2107 3428 generaliter
2135 3383 2274 3429 legatus
2303 3388 2409 3427 esset,

1326 3497 1524 3531 condicione
1536 3508 1602 3540 qua
1614 3497 1715 3531 etiam
1728 3507 1872 3530 sororem
1885 3497 1957 3530 eius
1970 3497 2142 3532 collocavi.
2231 3500 2273 3538 (5)
2298 3501 2409 3531 autem

1325 3543 1387 3577 ins.
1399 3542 1450 3577 F·
1541 3547 1584 3582 (o)
1609 3553 1629 3575 a
1640 3542 1705 3576 del.
1717 3549 1775 3576 aut
1783 3554 1846 3576 ser.
1863 3552 1884 3575 a
1897 3542 2018 3575 marito
2031 3543 2162 3585 puellae
2174 3542 2409 3585 interpellatus

1325 3589 1369 3630 (τ)
1392 3587 1592 3630 relegaverit
1602 3600 1664 3622 aer.
1712 3589 1757 3629 (8)
1781 3586 2002 3630 relegatam.
2049 3590 2095 3630 (9)
2119 3591 2334 3622 centenorum
2344 3601 2407 3622 scr.

1369 3633 1430 3674 (ιο)
1456 3632 1538 3666 Sub.
1558 3639 1635 3667 1...s.
1657 3639 1765 3673 s...12;
1789 3631 1853 3666 Ed.
1875 3640 1993 3672 13...17;
2021 3632 2106 3685 Pap.
2128 3641 2154 3666 τ.
2175 3640 2218 3667 18.
2240 3640 2294 3673 1⁹3
2317 3633 2406 3677 App.

1818 3679 1875 3721 (ιι)
1900 3678 1950 3711 ita
1970 3678 2108 3720 placuit,
2130 3678 2324 3722 permittere
2343 3679 2405 3713 im.

170 3720 363 3762 providebit
381 3721 568 3768 Pollianus,
586 3722 646 3766 qui
665 3721 871 3756 voluntatem
891 3732 996 3755 meam
1016 3724 1123 3763 novit,
1143 3723 1256 3757 eadem
1326 3726 1382 3763 (¹2)
1406 3722 1514 3756 eidem
1586 3721 1726 3765 elegerit
1737 3721 1778 3765 S,
1790 3734 1850 3757 om.
1863 3723 1899 3756 F
