2528 3918
119 120 181 179 ni:
210 147 455 180 vaanomm
484 146 851 180 siemrica'riona

118 259 198 296 ius¹
229 258 412 295 Valentini
447 263 483 296 et
512 259 691 296 Licitani2
727 259 879 296 habent:
919 258 1203 295 Barcinonenses

123 308 135 339 1
187 314 328 357 quoque
346 304 479 341 ibidem
498 305 672 341 immunes
690 308 784 341 sunt.
820 304 1079 357 Lugdunenses
1099 304 1202 348 Galli,

117 349 202 385 item
233 350 453 386 Viennenses
490 350 528 386 in
563 349 791 395 Narbonensi
826 350 915 386 iuris
955 350 1070 384 Italici
1108 353 1201 385 sunt.

119 397 138 430 2
186 395 228 430 In
253 395 445 430 Germania
472 395 639 430 inferiore
662 395 941 440 Agrippinenses
970 394 1058 430 iuris
1087 394 1203 429 Italici

118 442 138 475 3
185 443 280 476 sunt.
328 440 500 476 Laodicia.
527 440 566 475 in
590 440 694 486 Syria
722 444 760 476 et
783 442 933 486 Berytos
964 439 1001 474 in
1024 439 1203 475 Phoenice

118 488 138 519 4
185 485 274 521 iuris
296 485 414 522 Italici
436 488 521 522 sunt
542 489 579 520 et
602 486 718 521 solum
741 496 875 521 earum.
919 484 1092 527 Eiusdem
1114 484 1201 520 iuris

118 533 155 565 et
178 530 366 576 Tyriorum
391 530 514 566 civitas
538 541 561 566 a
584 530 672 566 divis
693 530 823 566 Severo
846 534 881 566 et
899 530 1081 565 Antonino
1105 530 1204 565 facta

118 578 138 610 5
185 579 250 612 est.
299 575 411 612 Divus
435 575 639 611 Antoninus
662 576 923 612 Antiochenses
948 575 1094 610 colonos
1118 575 1204 610 fecit

119 624 139 655 6
186 620 294 657 salvis
320 621 475 656 tributis.
523 621 722 667 Imperator
743 624 866 657 noster
888 621 1092 656 Antoninus
1117 620 1200 655 civi-

117 669 228 702 tatem
257 666 508 702 Emisenorum
544 666 720 702 coloniam
759 670 795 701 et
829 665 918 701 iuris
952 665 1070 700 Italici
1105 665 1202 701 fecit.

118 714 136 745 7
185 710 297 747 Divus
317 710 561 757 Vespasianus
579 711 828 748 Caesarienses
853 711 999 747 colonos
1023 710 1109 746 fecit
1130 721 1202 746 non

117 755 275 800 adiecto,
309 759 352 791 ut
381 759 418 792 et
444 756 533 792 iuris
554 756 672 792 Italici
694 760 831 798 essent,
865 755 928 792 sed
950 756 1124 791 tributum
1146 756 1203 791 his

116 800 253 837 remisit
275 801 422 847 capitis:
449 801 512 837 sed
536 801 637 838 divus
653 801 755 837 Titus
780 801 887 837 etiam
911 801 1026 837 solum
1047 801 1204 836 immune

116 845 251 883 factum
283 845 540 892 interpretatus
569 850 634 883 est.
683 846 815 883 similes
843 847 900 882 his
931 846 1203 892 Capitulenses³

117 894 153 940 8·
186 902 264 928 esse
280 891 455 928 videntur.
488 892 530 927 In
570 891 727 928 rovincia
741 892 955 928 Macedonia
969 891 1201 938 Dyrracheni,

117 935 402 974 Cassandrenses
412 938 438 980 ⁴,
482 937 511 972 P
566 937 600 982 ‘p
627 947 749 982 enses,
792 937 964 980 Dienses,
1008 937 1202 972 Stobenses

117 984 138 1017 9
184 982 274 1019 iuris
303 982 420 1018 Italici
448 986 542 1018 sunt.
609 993 634 1017 n
663 982 849 1028 provincia
875 982 964 1018 Asia
994 981 1087 1018 duae
1118 985 1203 1018 sunt

119 1031 161 1063 10
206 1027 295 1064 iuris
318 1027 451 1070 Italici,
483 1027 599 1064 Troas
621 1031 659 1064 et
680 1027 838 1064 Parium.
885 1028 928 1063 In
951 1027 1086 1063 Pisidia
1109 1027 1202 1063 eius-

118 1075 157 1108 11
207 1072 287 1108 dem
308 1072 397 1108 iuris
421 1075 478 1108 est
500 1072 642 1109 colonia
664 1073 970 1110 Antiochensium.
1011 1073 1055 1108 In
1077 1072 1203 1108 Africa

117 1116 316 1163 Carthago,
346 1118 453 1154 Utica
463 1119 488 1161 ⁵,
519 1118 573 1154 Le
598 1118 645 1153 fis
675 1129 804 1164 magna
835 1130 858 1155 a
888 1118 977 1155 divis
1008 1118 1137 1154 Severo
1167 1121 1204 1153 et

114 1163 296 1200 Antonino
319 1163 409 1200 iuris
432 1162 550 1199 Italici
589 1166 693 1200 actae
715 1168 811 1201 sunt.

595 1325 691 1366 XVI
699 1323 727 1365 ⁶.

286 1401 348 1435 DE
371 1401 624 1436 VERBORUM
647 1385 1035 1436 SIGNIFIGATIONE.

163 1476 182 1515 1
216 1476 412 1516 mmm
432 1479 523 1516 libro
544 1480 665 1526 primo
689 1479 740 1515 ad
761 1478 915 1516 edictum
952 1478 1113 1514 Verbum
1131 1478 1202 1514 hoc

113 1523 156 1560 ‘si
179 1523 270 1569 quis'
294 1527 369 1560 tam
391 1525 571 1560 masculos
596 1535 702 1570 quam
725 1524 876 1560 feminas
901 1535 980 1560 com
1005 1523 1160 1559 lectitur.

159 1566 185 1623 2
210 1567 369 1606 Patmos
389 1570 480 1606 libro
496 1570 621 1616 primo
646 1570 697 1605 ad
718 1570 872 1606 edictum
919 1535 1050 1606 ‘Urssis’
1077 1569 1200 1623 appel·

112 1614 199 1650 latio
230 1614 359 1659 muris,
393 1615 553 1651 ‘Romae’
582 1618 702 1651 autem
734 1615 998 1651 continentibus
1030 1614 1200 1650 aedificiis

115 1663 130 1695 1
179 1658 321 1704 finitur,
354 1660 450 1706 quod
476 1660 585 1697 latius
613 1664 724 1705 patet.
773 1660 965 1705 ‘Cuiusque
995 1659 1065 1696 diei
1087 1659 1201 1696 maior

113 1704 220 1751 ‘pars’
245 1709 300 1741 est
317 1706 488 1742 horarum
507 1709 643 1752 septem
661 1706 859 1751 primarum
879 1705 960 1748 diei,
985 1716 1057 1741 non
1076 1715 1199 1750 supre-

111 1760 261 1786 marum.

158 1793 183 1833 3
215 1795 411 1832 Urmiws
447 1795 537 1832 libro
571 1796 730 1833 secundo
766 1796 817 1832 ad
849 1795 1002 1832 edictum
1058 1795 1200 1831 ‘Itinere

112 1840 289 1878 ‘faciendo
328 1841 473 1887 viginti⁷
516 1841 614 1877 milia
648 1851 823 1886 passuum
847 1840 885 1876 in
919 1840 995 1877 dies
1041 1841 1199 1886 singulos

111 1889 121 1906 ‘
149 1886 338 1931 eragenda'
376 1886 429 1923 sic
462 1890 547 1922 sunt
574 1886 803 1932 accipienda,
842 1890 898 1929 ut,
935 1886 966 1922 si
994 1890 1078 1932 post
1105 1887 1199 1922 hanc

112 1897 431 1968 ‹Enumerationem
462 1931 580 1968 minus
612 1943 718 1978 quam
741 1931 865 1986 viginti
887 1931 984 1967 inilia
1008 1932 1198 1977 supersint,

111 1977 288 2023 integrum
318 1977 411 2013 diem
442 1981 629 2023 occupent.
676 1977 787 2013 veluti
818 1976 942 2021 viginti
967 1988 1079 2012 unum
1102 1976 1200 2012 milia

111 2026 196 2058 sunt
218 2023 392 2076 passus⁸:
426 2022 575 2058 biduum
604 2022 655 2059 eis
685 2023 939 2059 adtribuetur.>
970 2032 1064 2068 quae
1094 2021 1198 2058 dinu-

111 2072 261 2104 meratio
284 2067 337 2103 ita
360 2067 502 2104 demum
525 2068 691 2104 facienda
710 2068 788 2111 erit,
813 2068 844 2103 si
868 2067 911 2104 de
935 2067 993 2103 die
1015 2078 1089 2103 non
1113 2078 1197 2103 con-

115 2117 130 2148 1
179 2113 308 2149 veniat.
355 2113 466 2156 Eius,
491 2113 552 2158 qui
574 2113 672 2159 apud
693 2114 816 2149 hostes
842 2113 1011 2156 decessit,
1044 2113 1114 2149 dici
1135 2113 1198 2149 he-

111 2157 245 2194 reditas
269 2168 343 2194 non
365 2162 496 2204 potest,
521 2158 630 2204 quia⁹
653 2169 776 2195 servus
801 2158 966 2194 decessit.

157 2202 184 2240 4
210 2203 264 2239 ΡΑ
273 2213 369 2239 ULUS
389 2204 479 2240 libro
497 2205 621 2257 primo
646 2204 695 2239 ad
717 2203 869 2240 edictum
918 2203 1103 2239 ‘Nominis'
1134 2214 1197 2249 ap-

111 2249 304 2294 pellatione
327 2259 403 2284 rem
426 2249 454 2285 s'
545 2249 621 2285 cari
643 2249 820 2285 Proculus
844 2248 907 2284 ait.

158 2292 183 2331 5
208 2293 316 2329 [osu
334 2294 426 2330 libro
445 2295 603 2330 secundo
623 2294 674 2330 ad
690 2294 845 2330 edictum
892 2293 980 2330 ‘Rei'
1005 2294 1198 2340 appellatio

110 2339 219 2375 latior
235 2343 291 2375 est
309 2349 416 2385 quam
439 2338 648 2384 ‘pecuniae',
674 2339 759 2385 quia
777 2339 884 2375 etiam
903 2350 958 2382 ea,
983 2350 1074 2385 quae
1098 2343 1200 2375 extra

112 2384 414 2430 computationem
436 2385 642 2430 patrimonii
665 2385 779 2421 nostri
802 2388 896 2428 sunt,
923 2384 1093 2427 continet,
1118 2396 1199 2421 cum

111 2429 285 2476 pecuniae
309 2429 521 2474 significatio
546 2430 593 2466 ad
616 2440 660 2466 ea
681 2430 875 2473 referatur,
909 2440 1001 2476 quae
1024 2430 1063 2466 in
1085 2431 1197 2476 patri-

114 2479 129 2510 1
179 2475 297 2511 monio
323 2478 416 2511 sunt.
466 2475 595 2520 ‘Opere
617 2476 736 2511 locato
761 2475 970 2512 conducto':
1001 2475 1057 2511 his
1081 2476 1198 2512 verbis

111 2520 233 2556 Labeo
267 2520 462 2565 significari
497 2521 548 2555 ait
582 2521 620 2556 id
655 2531 764 2566 opus,
807 2521 904 2566 quod
939 2521 1067 2556 Graeci
1104 2517 1197 2556 ἀπο-

110 2564 260 2609 τέλεσμα
289 2569 437 2618 vocant,
474 2576 548 2601 non
579 2568 698 2612 ἔργον,
731 2566 769 2601 id
799 2570 855 2602 est
885 2576 930 2602 ex
962 2576 1070 2611 opere
1100 2566 1197 2602 facto

112 2610 412 2708 coffugtsslllssxg}
449 2611 657 2691 ἱῗξῗοτᾞῗὶὸ
681 2656 732 2692 ad
753 2655 907 2692 edictum
954 2656 1138 2692 ‘Nominis‘
1163 2660 1199 2693 et

110 2701 183 2736 ‘rei’
213 2701 406 2746 appellatio
439 2700 485 2736 ad
516 2711 656 2737 omnem
686 2705 911 2737 contractum
941 2705 979 2738 et
1009 2702 1196 2755 obligatio-

117 2749 130 2781 1
179 2756 260 2781 nem
290 2746 456 2791 pertinet.
503 2746 662 2782 Verbum
691 2749 748 2782 ‘ex
769 2747 918 2792 legibus’
943 2747 995 2783 sic
1019 2747 1197 2792 accipien-

111 2791 196 2826 dum
218 2794 291 2827 est:
320 2794 396 2826 tam
418 2801 464 2827 ex
485 2791 603 2837 legum
626 2792 802 2827 sententia
825 2802 932 2836 quam
956 2802 1000 2828 ex
1022 2793 1150 2828 verbis.

158 2834 181 2872 7
215 2835 374 2872 Panos
408 2836 499 2873 libro
534 2837 692 2873 secundo
727 2837 777 2872 ad
813 2837 967 2873 edictum
1021 2837 1196 2883 ‘Sponsio'

111 2881 313 2927 appellatur
343 2892 417 2917 non
445 2882 559 2917 solum
592 2892 683 2934 quae
714 2892 779 2935 per
811 2893 965 2928 sponsus
999 2882 1196 2928 interroga-

109 2928 242 2962 tionem
264 2925 320 2969 fit,
345 2926 409 2962 sed
431 2928 546 2963 omnis
569 2931 616 2963 sti
641 2927 752 2963 ulatio
776 2927 1044 2973 promissioque.

157 2969 182 3010 8
207 2970 315 3007 IDEM
342 2971 432 3007 libro
457 2973 560 3008 tertio
582 2939 640 3008 ad)
654 2973 809 3009 edictum
853 2972 1012 3008 Verbum
1040 2976 1195 3019 ‘oporte-

111 3017 187 3053 ‘bit'
201 3018 228 3038 ¹⁰
250 3020 326 3052 tam
347 3027 519 3062 praesens
538 3028 645 3062 quam
664 3017 826 3053 futurum
846 3021 986 3063 tempus
1007 3018 1194 3063 significat.

115 3066 127 3097 1
181 3061 366 3098 ‘Actionis'
390 3062 499 3098 verbo
522 3073 595 3098 non
618 3062 821 3099 continetur
844 3063 1018 3109 exceptio.

157 3105 182 3145 9
213 3107 408 3143 Urmws
436 3107 526 3143 libro
559 3108 684 3154 quinto
716 3108 766 3143 ad
795 3108 949 3144 edictum
1001 3108 1196 3145 Marcellus

111 3152 208 3197 apud
238 3152 416 3188 Iulianum
450 3155 552 3187 notat
584 3153 692 3188 verbo
723 3153 882 3199 ‘perisse’
913 3156 948 3189 et
976 3154 1129 3190 scissum
1161 3158 1196 3190 et

110 3197 266 3232 fractum
289 3197 463 3233 contineri
486 3201 524 3233 et
544 3198 578 3232 vi
601 3207 642 3232 ra
667 3201 755 3234 tum.

161 3241 211 3280 10
235 3242 343 3278 IDEM
367 3243 458 3279 libro
482 3246 588 3278 sexto
612 3254 635 3277 a
683 3243 837 3279 edictum
884 3243 1109 3279 ‘Creditores’
1134 3254 1194 3280 ac-

112 3287 293 3332 cipiendos
316 3298 396 3323 esse
420 3291 563 3324 constat
584 3297 664 3331 eos,
696 3288 825 3333 quibus
856 3288 1006 3324 debetur
1038 3299 1083 3324 ex
1106 3300 1193 3334 qua-

111 3342 262 3377 cumque
285 3334 426 3369 actione
449 3333 505 3368 vel
527 3332 792 3378 persecutione,
821 3334 878 3369 vel
898 3333 977 3369 iure
1001 3334 1096 3369 civili
1118 3334 1195 3370 sine

110 3377 184 3412 ulla
214 3377 434 3422 exceptionis
466 3381 661 3424 perpetuae
689 3378 885 3414 remotione
915 3379 972 3414 vel
1002 3379 1193 3415 honorario

109 3422 166 3469 vel
190 3422 470 3460 extraordinario
483 3425 521 3466 ¹¹,
554 3423 628 3459 sive
656 3433 747 3469 pure
775 3424 849 3459 sive
870 3423 909 3459 in
932 3423 1025 3460 diem
1048 3424 1104 3460 vel
1126 3425 1193 3460 sub

111 3467 329 3504 condicione.
377 3469 473 3514 quod
496 3469 527 3505 si
549 3471 680 3505 natura
703 3468 886 3513 debeatur,
909 3479 983 3506 non
1005 3474 1090 3506 sunt
1112 3469 1193 3505 loco

110 3582 149 3621 (ι)
174 3580 211 3612 in
223 3580 463 3614 Tarraconensi
476 3582 535 3615 ins.
607 3583 650 3620 (2)
674 3581 825 3614 Ilicitani
842 3581 994 3616 Cuiacius
1063 3583 1105 3623 (3)
1131 3581 1194 3614 Ca-

109 3625 302 3668 pitoliensea
313 3637 376 3659 scr.
469 3627 514 3669 (4)
538 3626 775 3660 cassasdrenses
787 3627 821 3659 F
909 3628 952 3669 (5)
977 3628 1087 3660 uticea
1100 3627 1136 3660 F

156 3672 203 3713 (6)
226 3671 291 3704 Ed.
310 3678 409 3706 imas.
431 3679 572 3711 93...1⁵e;
598 3672 678 3705 Sub.
700 3679 747 3706 se.
767 3680 816 3706 90.
836 3679 988 3706 159...217.
1007 3679 1080 3711 242;
1107 3672 1192 3714 Pap.

112 3723 154 3749 ei.
177 3724 224 3749 92.
244 3723 407 3757 218...239;
432 3717 519 3759 App.
541 3724 606 3750 240.
628 3724 688 3750 241.
712 3724 868 3751 243...246.
883 3736 925 3741 —
948 3718 1033 3750 Bas.
1058 3718 1089 3759 2,
1108 3723 1193 3749 2.-

115 3761 164 3805 C'f.
183 3761 261 3795 Cod.
281 3763 313 3803 6,
332 3768 369 3796 38
484 3763 529 3804 (τ)
553 3762 670 3795 vicena
687 3774 749 3795 scr.
871 3763 918 3802 (8)
942 3772 1098 3804 passuum
1118 3762 1192 3795 edd.

1196 131 1279 180 857

2142 145 2175 186 L
2212 148 2272 188 15.
2303 150 2350 188 16

1272 258 1498 294 creditorum.
1553 260 1615 295 sed
1630 262 1657 283 ¹²
1687 262 1717 298 si
1749 274 1819 299 non
1854 265 1898 299 sit
1927 270 2049 302 mutua
2078 268 2247 313 pecunia,
2289 269 2350 305 sed

1273 308 1492 347 contractus,
1519 305 1711 357 creditores
1736 309 1979 355 accipiuntur:

1321 348 1380 402 11·
1406 350 1528 385 GAIUS
1565 350 1656 385 labro
1692 355 1814 405 primo
1854 356 1902 390 ad
1940 356 2090 392 edictum
2126 360 2351 404 provinciale

1272 394 1511 446 ‘creditorum'
1536 396 1771 440 appellatione
1798 411 1868 434 non
1892 401 1929 435 hi
1951 404 2090 436 tantum
2116 403 2350 449 accipiuntur,

1271 451 1332 492 qui
1352 440 1539 484 pecuniam
1559 441 1795 486 crediderunt,
1820 445 1883 480 sed
1901 456 2031 490 omnes,
2053 448 2179 492 quibus
2199 459 2243 484 ex
2262 459 2350 495 qua-

1270 485 1357 520 libet
1381 495 1492 520 causa
1515 484 1683 521 debetur:

1320 527 1371 566 12
1403 529 1597 566 Urmzws
1626 530 1715 566 libro
1747 537 1850 568 sexto
1881 534 1930 570 ad
1958 536 2110 571 edictum
2162 541 2202 572 ut
2232 538 2263 574 si
2293 540 2350 574 cui

1271 585 1315 610 ex
1339 578 1458 620 empto
1482 575 1537 610 vel
1561 585 1605 610 ex
1628 575 1746 612 locato
1770 578 1824 613 vel
1845 589 1888 614 ex
1910 580 1977 615 alio
1998 581 2070 616 ullo
2093 582 2251 618 debetur.
2288 585 2350 619 sed

1270 623 1307 656 et
1329 620 1360 655 si
1384 630 1429 655 ex
1453 619 1582 655 delicto
1607 620 1796 666 debeatur,
1828 624 1913 658 mihi
1944 625 2082 661 videtur
2105 638 2211 671 posse
2235 629 2349 663 credi-

1269 665 1357 718 toris
1381 665 1463 701 loco
1487 664 1612 717 accipi.
1661 667 1757 711 quod
1786 668 1816 702 si
1847 679 1890 703 ex
1921 670 2084 715 populari
2109 682 2235 713 causa,
2268 678 2351 708 ante

1269 710 1343 745 litis
1369 714 1664 746 contestationem
1688 716 1785 747 recte
1809 713 1945 749 dicetur
1969 715 2152 751 creditoris
2176 718 2254 752 loco
2280 729 2349 753 non

1274 759 1287 790 1
1339 765 1429 798 esse,
1454 759 1580 800 postea
1603 766 1693 792 esse.
1739 757 1859 793 Minus
1883 759 2005 802 solvit,
2037 761 2095 805 qui
2119 762 2255 797 tardius
2280 763 2346 798 sol⁴

1271 801 1337 836 vit:
1364 811 1447 835 nam
1470 803 1507 836 et
1529 803 1687 846 tempore
1711 802 1828 838 minus
1846 803 2003 839 solvitur.

1321 844 1369 883 13
1396 845 1504 880 IDEM
1523 846 1614 882 libro
1638 848 1789 894 septimo
1814 848 1863 883 ad
1885 848 2036 884 edictum
2084 851 2264 887 ‘Mulieris'
2289 863 2352 898 ap-

1275 894 1289 926 1
1340 891 1533 936 pellatione
1557 891 1662 926 etiam
1685 892 1782 937 virgo
1806 893 1998 938 viripotens
2023 896 2234 931 continetur.
2281 897 2352 933 Res

1273 936 1423 972 ‘abesse'
1455 936 1619 972 videntur
1649 939 1704 980 (ut
1727 937 1881 974 Sabinus
1913 938 1963 973 ait
1993 943 2029 974 et
2051 940 2180 976 Pedius
2212 942 2352 986 probat)

1272 981 1380 1017 etiam
1403 981 1482 1025 hae,
1508 992 1658 1027 quarum
1683 993 1813 1028 corpus
1837 988 1965 1027 manet,
1989 983 2106 1020 forma
2125 989 2262 1022 mutata
2282 992 2352 1023 est:

1273 1030 1309 1062 et
1339 1026 1420 1062 ideo
1446 1026 1477 1062 si
1501 1031 1692 1072 corruptae
1716 1028 1875 1063 redditae
1899 1029 1970 1064 sint
1992 1030 2047 1065 vel
2070 1030 2351 1076 transfiguratae,

1270 1072 1380 1107 videri
1404 1072 1541 1116 abesse,
1567 1073 1735 1117 quoniam
1759 1074 1967 1127 plerumque
1989 1075 2070 1119 plus
2093 1080 2147 1110 est
2169 1075 2207 1111 in
2228 1087 2352 1112 manus

1272 1120 1292 1152 2
1339 1117 1472 1162 pretio,
1511 1128 1621 1198 guam
1649 1118 1687 1153 in
1718 1129 1768 1154 re.
1826 1119 2020 1155 ‘Desinere'
2061 1124 2179 1156 autem
2209 1122 2353 1157 ‘abesse'

1271 1172 1329 1199 res
1359 1166 1447 1215 tunc
1476 1162 1510 1197 vi
1536 1166 1636 1215 etur,
1668 1174 1749 1198 cum
1779 1163 1832 1199 sic
1863 1164 1956 1199 redit
1983 1165 2020 1199 in
2050 1169 2281 1210 potestatem,
2310 1177 2355 1202 ne

1272 1211 1292 1243 3
1339 1211 1503 1243 amittere
1537 1218 1613 1243 eius
1643 1209 1907 1253 possessionem
1941 1210 2129 1255 possimus.
2186 1211 2241 1247 Ob
2275 1212 2355 1255 hoc,

1272 1253 1367 1299 quod
1396 1253 1494 1288 furto
1525 1253 1664 1299 pridem
1696 1255 1883 1290 subtracta
1912 1258 1981 1299 est,
2014 1255 2116 1291 abest
2147 1259 2184 1292 et
2213 1266 2257 1292 ea
2286 1268 2355 1299 res,

1273 1308 1365 1344 quae
1387 1299 1425 1333 in
1447 1299 1556 1334 rebus
1580 1298 1745 1334 humanis
1769 1310 1842 1335 non
1865 1303 1931 1335 est.

1322 1342 1373 1380 14
1397 1343 1558 1379 PAULUS
1586 1344 1677 1380 libro
1707 1345 1861 1392 septimo
1891 1345 1941 1380 ad
1970 1345 2122 1381 edictum
2168 1346 2291 1382 Labeo
2322 1350 2358 1382 et

1272 1388 1427 1425 Sabinus
1450 1388 1666 1432 existimant,
1691 1390 1722 1425 si
1744 1389 1991 1426 vestimentum
2015 1391 2165 1427 scissum
2188 1391 2357 1427 reddatur

1270 1434 1326 1470 vel
1348 1444 1406 1470 res
1431 1437 1603 1479 corrupta
1625 1434 1765 1470 reddita
1789 1435 1852 1478 sit,
1876 1435 1986 1472 veluti
2009 1436 2136 1482 scyphi
2159 1436 2271 1472 collisi
2295 1440 2358 1472 aut

1270 1479 1397 1514 tabula
1426 1489 1511 1515 rasa
1539 1480 1701 1525 pictura,
1739 1480 1850 1516 videri
1886 1491 1961 1516 rem
1993 1481 2153 1524 ‘abesse',
2192 1481 2356 1526 quoniam

1269 1535 1394 1560 earum
1416 1535 1536 1560 rerum
1559 1525 1713 1578 pretium
1738 1536 1810 1561 non
1832 1525 1870 1561 in
1894 1526 2103 1570 substantia,
2133 1526 2196 1562 sed
2218 1527 2256 1562 in
2274 1531 2357 1562 ‘arte

1270 1570 1318 1606 sit
1346 1570 1514 1616 positum.
1561 1574 1647 1606 item
1679 1571 1710 1606 si
1742 1571 1904 1607 dominus
1931 1582 2022 1615 reni,
2055 1582 2146 1616 quae
2169 1571 2265 1608 furto
2289 1572 2356 1608 sibi

1270 1616 1413 1659 aberat,
1445 1615 1615 1660 ignorans
1647 1616 1788 1660 emerit,
1825 1620 1922 1652 recte
1957 1617 2087 1652 dicitur
2121 1627 2179 1653 res
2219 1617 2357 1660 abesse,

1270 1660 1410 1696 etiamsi
1440 1664 1567 1706 postea
1595 1660 1633 1696 id
1663 1661 1715 1696 ita
1745 1672 1825 1698 esse
1855 1662 1994 1705 scierit,
2027 1662 2111 1707 quia
2137 1661 2277 1698 videtur
2300 1672 2357 1699 res

1273 1709 1286 1740 1
1339 1706 1371 1741 ei
1394 1706 1538 1750 abesse,
1564 1706 1623 1742 cui
1645 1707 1800 1752 pretium
1823 1707 1935 1744 abest.
1985 1707 2086 1743 ‘Rem
2109 1708 2281 1743 amisisse'
2305 1707 2356 1743 vi-

1270 1751 1399 1831 deturil
1414 1752 1485 1833 {uit
1499 1752 1670 1788 adversus
1693 1752 1831 1788 nullum
1854 1752 1929 1789 eius
1952 1753 2220 1798 persequendae
2244 1753 2356 1789 actio·

1269 1806 1351 1832 nem
1401 1807 1423 1832 a
1448 1807 1468 1832 e
1487 1824 1494 1832 .

1317 1840 1367 1879 15
1396 1841 1592 1878 ULPIANUS
1611 1842 1702 1879 libro
1722 1842 1858 1878 decimo
1879 1842 1929 1878 ad
1946 1843 2098 1879 edictum
2145 1843 2247 1878 Bona
2271 1843 2355 1879 civi-

1267 1887 1352 1922 tatis
1377 1887 1524 1923 abusive
1548 1888 1714 1933 ‘publica’
1739 1887 1836 1923 dicta
1859 1891 1959 1924 sunt:
1990 1889 2067 1924 sola
2098 1888 2192 1924 enim
2224 1898 2267 1923 ea
2288 1899 2355 1935 pu-

1268 1932 1365 1968 blica
1387 1935 1482 1977 sunt,
1507 1943 1600 1978 quae
1623 1933 1748 1979 populi
1770 1933 1924 1969 Romani
1947 1937 2040 1969 sunt.

1318 1976 1368 2015 16
1391 1978 1515 2014 θΛΙυΒ
1532 1978 1624 2014 libro
1645 1979 1749 2014 tertio
1769 1979 1820 2014 ad
1836 1978 1991 2014 edictum
2001 1978 2232 2025 provinciale
2262 1978 2354 2014 Eum

1268 2023 1329 2068 qui
1352 2023 1504 2068 vectigal
1526 2023 1653 2069 populi
1671 2023 1824 2060 Romani
1844 2023 2059 2068 conductum
2082 2024 2201 2066 habet,
2227 2024 2354 2069 ‘publi-

1268 2069 1421 2104 ‘canum’
1454 2069 1689 2114 appellamus.
1740 2079 1823 2104 nam
1856 2071 1864 2087 ‘
1891 2069 2021 2104 ublica’
2036 2070 2064 2090 ¹³
2095 2068 2286 2114 appellatio
2318 2069 2355 2104 iii

1269 2114 1512 2159 compluribus
1547 2114 1665 2150 causis
1696 2114 1743 2150 ad
1770 2125 1816 2160 po
1882 2125 1941 2149 um
1964 2114 2166 2150 Romanum
2189 2114 2352 2160 respicit:

1268 2159 1429 2195 civitates
1454 2159 1547 2195 enim
1570 2159 1790 2205 privatorum
1828 2170 1893 2195 oco
1917 2160 2106 2196 habentur.

1317 2203 1367 2241 17
1409 2204 1606 2241 Urmzvos
1644 2205 1736 2241 libro
1777 2205 1914 2241 decimo
1957 2205 2007 2240 ad
2047 2205 2201 2240 edictum
2258 2204 2355 2240 Inter

1268 2250 1436 2295 ‘publica’
1467 2250 1642 2292 habemus
1671 2261 1744 2286 non
1767 2260 1872 2286 sacra
1896 2260 1961 2286 nec
1985 2250 2150 2295 religiosa
2172 2260 2239 2285 nec
2263 2260 2354 2295 quae

1266 2295 1421 2340 publicis
1444 2296 1570 2332 usibus
1595 2295 1774 2332 destinata
1798 2299 1900 2331 sunt:
1926 2295 1989 2331 sed
2012 2295 2043 2331 si
2067 2305 2137 2339 qua
2161 2298 2245 2331 sunt
2269 2295 2353 2330 civi-

1266 2340 1396 2376 tatium
1418 2341 1516 2376 velut
1538 2341 1645 2377 bona.
1694 2340 1757 2376 sed
1787 2340 1930 2386 peculia
1953 2351 2135 2376 servorum
2160 2340 2353 2375 civitatium

1270 2389 1282 2420 1
1335 2386 1463 2431 procul
1494 2386 1603 2422 dubio
1661 2385 1782 2422 ublica
1808 2386 1998 2421 habentur.
2047 2385 2219 2420 ‘Publica'
2243 2384 2352 2420 vecti-

1266 2431 1360 2476 galia
1391 2431 1597 2476 intellegere
1652 2431 1813 2472 ebemus,
1845 2441 1889 2466 ex
1920 2430 2048 2476 quibus
2072 2430 2222 2475 vectigal
2244 2429 2352 2465 fiscus

1268 2477 1382 2521 capit:
1418 2477 1523 2522 quale
1547 2481 1603 2512 est
1624 2476 1774 2522 vectigal
1798 2479 1923 2521 portus
1947 2476 2001 2511 vel
2024 2475 2200 2510 venalium
2223 2485 2352 2517 rerum,

1266 2522 1351 2557 item
1374 2522 1570 2558 salinarum
1595 2526 1630 2557 et
1653 2522 1877 2557 metallorum
1901 2524 1938 2556 et
1960 2520 2187 2566 picariarum.

1316 2564 1366 2604 18
1392 2567 1551 2602 PAULUS
1580 2568 1670 2603 libro
1699 2577 1795 2602 nono
1825 2566 1875 2601 ad
1903 2566 2054 2602 edictum
2109 2565 2264 2600 ‘Munus’
2289 2565 2351 2600 tri·

1266 2612 1334 2648 bus
1366 2611 1481 2648 modis
1514 2612 1645 2648 dicitur
1657 2613 1702 2647 ¹⁴:
1739 2622 1811 2647 uno
1844 2611 1993 2653 donum,
2026 2613 2063 2646 et
2092 2609 2175 2645 inde
2205 2620 2352 2645 munera

1267 2657 1337 2693 dici
1360 2657 1439 2693 dari
1461 2657 1596 2693 mittive
1610 2659 1647 2692 ²⁵.
1695 2657 1806 2692 altero
1832 2667 1938 2699 onus,
1968 2655 2064 2700 quod
2089 2666 2169 2690 cum
2192 2655 2350 2691 remitta-

1266 2706 1343 2746 tur,
1375 2703 1597 2738 vacationem
1621 2702 1765 2737 militiae
1789 2702 2015 2746 munerisque
2038 2704 2199 2746 praestat
2212 2701 2239 2722 ¹⁶
2269 2700 2351 2735 inde

1265 2748 1525 2783 immunitatem
1545 2748 1730 2793 appellari.
1767 2747 1873 2783 tertio
1899 2746 2066 2788 officium,
2091 2745 2184 2781 unde
2204 2755 2351 2797 munera

1264 2793 1431 2828 militaria
1456 2797 1492 2828 et
1515 2793 1688 2838 quosdam
1711 2792 1838 2827 milites
1863 2791 2088 2826 munificos¹⁷
2117 2790 2253 2826 vocari:
2286 2789 2349 2835 igi-

1264 2842 1326 2873 tur
1347 2838 1544 2883 municipes
1569 2838 1651 2880 dici,
1676 2837 1772 2883 quod
1794 2846 1942 2872 munera
1967 2835 2081 2870 civilia
2105 2835 2259 2880 capiant.

1315 2881 1366 2920 19
1398 2883 1593 2919 ULPIANUS
1621 2883 1711 2918 libro
1738 2882 1926 2917 undecimo
1957 2881 2006 2916 ad
2028 2881 2180 2916 edictum
2226 2879 2348 2914 Labeo

1265 2929 1356 2964 libro
1388 2928 1502 2973 primo
1516 2929 1543 2949 ¹⁸
1573 2928 1750 2973 praetoris
1783 2927 1910 2962 urbani
1941 2925 2080 2967 definit,
2115 2924 2209 2969 quod
2240 2933 2348 2969 quae-

1265 2974 1347 3009 dam
1377 2973 1563 3018 ‘agantur'‚
1600 2972 1774 3018 quaedam
1810 2972 2010 3016 ‘gerantur’‚
2047 2969 2218 3014 quaedam
2251 2972 2346 3003 ‘con-

1265 3019 1498 3053 ‘trahantur’z
1531 3022 1568 3053 et
1595 3021 1717 3053 actum
1741 3016 1882 3062 quidem
1903 3015 2067 3061 generale
2091 3014 2234 3049 verbum
2259 3022 2345 3053 esse,

1264 3064 1336 3099 sive
1359 3064 1476 3099 verbis
1501 3063 1574 3099 sive
1597 3073 1636 3098 re
1660 3062 1746 3107 quid
1767 3065 1904 3106 agatur,
1929 3060 2024 3095 utin
2045 3058 2273 3109 stipulatione
2292 3057 2346 3108 vel

1264 3108 1528 3144 numeratione:
1564 3111 1788 3143 contractum
1813 3110 1931 3141 autem
1955 3105 2048 3139 ultro
2074 3109 2233 3147 citroque
2256 3102 2346 3137 obli-

1262 3154 1458 3199 gationem,
1499 3152 1595 3198 quod
1631 3152 1760 3188 Graeci
1799 3149 2023 3195 συνάλλαγμα
2057 3151 2201 3198 vorant,
2238 3146 2346 3182 veluti

1264 3199 1477 3244 emptionem
1490 3197 1740 3240 venditionem,
1762 3195 1972 3231 locationem
1987 3192 2269 3244 conductionem,
2287 3201 2343 3226 so-

1265 3244 1446 3281 cietatem:
1478 3246 1617 3288 gestum
1642 3252 1717 3277 rem
1741 3240 1938 3285 significare
1962 3238 2038 3273 sine
2061 3237 2175 3272 verbis
2199 3235 2342 3270 factam.

1310 3286 1362 3326 20
1387 3288 1493 3323 IDEM
1514 3288 1605 3324 libro
1625 3287 1835 3322 duodecimo
1855 3284 1904 3319 ad
1920 3283 2071 3318 edictum
2106 3280 2227 3316 Verba
2247 3285 2342 3315 ‘con-

1264 3333 1472 3368 ‘traxerunt'
1497 3332 1705 3377 ‘gesserunt’
1733 3341 1805 3366 non
1828 3328 2005 3374 pertinent
2026 3326 2075 3379 ad
2098 3325 2250 3378 testandi
2273 3324 2341 3360 ius.

1309 3377 1358 3415 21
1389 3377 1548 3413 PAULvs
1575 3377 1668 3413 libro
1691 3375 1878 3411 undecimo
1902 3372 1951 3407 ad
1972 3372 2125 3406 edzotum
2171 3369 2343 3414 Princeps

1263 3424 1381 3459 ‘bona’
1417 3421 1644 3459 concedendo
1680 3420 1819 3456 videtur
1855 3418 1960 3453 etiam
1991 3414 2222 3460 obligationes
2257 3424 2341 3450 con-

1263 3468 1400 3504 cedere.

2012 3573 2068 3614 (ιι)
2094 3569 2351 3604 exordinarioF
2391 3559 2393 3561 ¹

1263 3582 1308 3621 (9)
1334 3580 1392 3622 qui
1407 3581 1442 3614 F
1535 3580 1594 3621 (10)
1619 3578 1748 3620 oportet
1764 3576 1916 3609 Cuiacz'us
2299 3615 2305 3621 ι

1264 3627 1323 3668 (12)
1349 3627 1383 3659 et
1395 3627 1454 3659 ins.
1470 3626 1543 3659 dett.
1651 3625 1709 3662 (13)
1732 3619 1860 3663 publici
1874 3619 2086 3652 Sennetonius
2192 3615 2251 3656 (14)
2275 3614 2342 3647 dici

1267 3670 1400 3704 Grotius
1459 3673 1516 3711 (15)
1541 3667 1630 3701 mitti
1642 3666 1695 3699 vel
1707 3664 1760 3697 F²
1815 3666 1876 3705 (16)
1900 3663 2044 3705 praestat
2057 3661 2119 3694 del.
2182 3661 2245 3702 (ιἰ)
2269 3669 2341 3691 ιιιιι-

1262 3715 1376 3749 nifices
1387 3716 1548 3749 Budaeus
1640 3714 1699 3753 (18)
1723 3710 1765 3743 ad
1778 3709 1921 3743 edictum
1934 3710 1993 3741 ins.

2010 3809 2070 3841 108
