2528 3918
121 128 179 157 DE
210 127 292 158 USU
321 126 493 157 FRUCTU
521 125 673 155 EARUM
703 124 855 154 RERUM

118 238 212 273 mino
237 236 462 282 proprietatis
486 234 769 275 usufructuario,
793 233 1002 268 liberabitur
1026 232 1198 268 confusa¹

117 282 285 318 servitute
309 291 373 326 pro
400 280 534 316 rietatis
560 279 836 322 comparatione.

164 325 215 363 28
243 326 347 361 loru
378 325 454 360 ibro
479 325 582 358 tertio
607 324 741 359 decemo
764 322 814 358 ad
835 322 1019 358 Plautium
1060 322 1097 357 Si
1113 332 1198 356 usus

115 371 256 407 fructus
281 370 425 405 alternis
449 368 550 403 annis
574 369 720 412 legetur,
743 378 816 403 non
839 378 946 413 posse
970 378 1042 402 non
1067 366 1196 402 utendo

116 427 195 452 eum
219 415 342 457 amitti,
367 415 451 459 quia
473 413 577 458 plura
600 417 684 448 sunt
707 413 834 458 legata.

163 459 215 498 29
247 460 440 496 [Inpurus
474 458 565 493 libro
595 468 634 493 se
662 458 746 492 timo
777 458 914 492 decimo
945 457 995 492 ad
1025 456 1197 492 Sabinum

116 504 332 550 Pomponius
365 502 520 548 quaerit,
561 503 590 537 51
638 502 770 536 undum
803 512 824 536 a
854 512 910 536 1110
967 501 1197 546 roprietarius

115 550 325 587 conduxerit
357 558 505 593 eumque
537 548 684 583 fundum
714 547 910 582 vendiderit
948 547 1013 582 ’010
1039 558 1111 582 11011
1135 546 1195 581 dc·

113 596 222 631 ducto
254 605 321 629 usu
351 593 489 635 fructu,
521 603 568 627 an
598 603 702 628 usum
731 592 888 627 fructum
918 602 983 636 per
1007 596 1198 636 emptorem

114 640 294 676 retineam.
331 642 367 673 et
397 639 465 680 ait,
497 638 580 672 licet
603 637 860 682 proprietarius
884 637 968 671 mihi
991 637 1198 681 pensionem

112 684 277 725 solverit,
302 687 420 718 tamen
443 693 546 718 usum
569 682 726 717 fructum
750 682 881 723 amitti,
915 682 998 726 quia
1022 692 1093 716 non
1117 691 1195 715 meo

114 730 274 771 nomine,
310 728 373 763 sed
409 738 472 763 suo
506 727 636 762 fruitus
669 730 724 762 est
755 731 908 771 emptor:
945 727 1057 761 teneri
1091 726 1197 770 plane

113 775 196 809 mihi
221 784 263 808 ex
285 773 404 808 locato
429 772 710 818 proprietarium,
736 772 860 816 quanti
880 782 959 806 mea
979 770 1140 806 interfuit
1160 770 1196 805 id

111 819 247 854 factum
283 828 356 853 non
390 828 478 853 esse.
526 827 739 862 quamquam
774 817 805 851 si
836 827 857 851 a
892 826 948 851 me
981 816 1197 851 conductum

113 875 216 898 usum
239 863 395 898 fructum
419 862 497 907 quis
518 862 577 897 alii
596 862 775 904 locaverit,
800 861 974 896 retinetur
996 872 1081 896 usus
1100 860 1196 912 fruc-

110 913 187 943 tus:
222 908 285 943 sed
315 907 346 942 si
375 907 631 953 proprietarius
664 918 744 942 eum
775 907 931 942 locasset
955 917 1019 941 suo
1045 916 1196 947 nomme,

110 953 300 988 dicendum
331 953 462 987 amitti:
495 963 568 987 non
593 952 684 987 enim
716 962 793 987 meo
818 952 958 986 nomine
981 951 1112 986 fruitur
1137 961 1196 985 co-

115 1003 129 1033 1
179 998 294 1033 lonus,
342 996 413 1032 Sed
437 997 466 1032 si
490 1001 647 1042 emptum
671 1007 694 1031 a
717 1007 772 1032 me
797 1007 899 1031 usum
922 997 1080 1031 fructum
1113 1006 1195 1040 pro-

110 1043 300 1089 prietarius
313 1042 538 1084 vendidisset,
559 1042 754 1077 amitterem
773 1052 875 1076 usum
895 1041 1063 1083 fructum,
1087 1051 1195 1085 quae-

109 1088 259 1123 rendum
284 1091 348 1122 est.
387 1091 423 1122 et
446 1090 532 1132 puto
557 1087 688 1129 amitti,
722 1087 888 1131 quoniam
921 1091 956 1121 et
978 1087 1037 1121 hic
1062 1097 1133 1120 non
1157 1089 1197 1120 ut

112 1136 131 1168 2
180 1143 201 1167 a
224 1143 279 1167 me
304 1137 420 1176 empto
445 1132 576 1166 fruitur
598 1131 701 1166 fundi
725 1136 873 1176 emptor.
922 1132 1017 1166 Idem
1042 1132 1195 1175 Pompo-

110 1178 189 1213 nius
215 1177 370 1222 quaerit,
403 1177 433 1212 si
456 1177 611 1222 legatum
634 1177 719 1212 mihi
742 1188 846 1211 usum
870 1177 1026 1211 fructum
1051 1180 1195 1220 rogatus

107 1223 176 1258 sim
200 1223 266 1257 tibi
287 1223 485 1265 restituere,
510 1232 556 1257 an
579 1232 643 1266 per
665 1226 701 1256 te
724 1222 794 1256 frui
818 1222 938 1257 videar
962 1232 1027 1256 nec
1052 1222 1193 1256 amitta-

107 1272 169 1303 tur
187 1278 274 1302 usus
294 1267 445 1302 fructus.
479 1270 515 1302 et
534 1267 585 1301 ait
605 1267 768 1302 dubitare
781 1277 819 1302 se
832 1267 875 1301 de
886 1268 955 1302 hac
969 1267 1194 1311 quaestione:

107 1312 173 1347 sed
197 1316 251 1347 est
273 1312 400 1354 verius,
426 1312 521 1357 quod
541 1312 734 1347 Marcellus
755 1316 867 1354 notat,
892 1312 978 1346 nihil
1002 1313 1096 1346 110110
1121 1322 1195 1346 10111

107 1357 435 1392 fideicommissario
479 1367 624 1392 nocere:
669 1368 733 1392 suo
770 1358 862 1392 enim
897 1357 1039 1392 nomine
1074 1357 1195 1391 utilem

106 1402 285 1438 actionem
310 1412 389 1437 eum
413 1402 628 1437 habiturum.

159 1444 211 1484 30
247 1447 369 1482 GAJUs
399 1447 490 1481 libro
525 1449 674 1493 septimo
707 1447 756 1481 ad
787 1447 940 1483 edictum
969 1447 1196 1493 provinciale

107 1491 202 1526 Caro
241 1496 275 1526 et
310 1492 444 1526 corium
479 1492 609 1527 mortui
639 1492 778 1536 pecoris
810 1493 846 1527 111
878 1493 999 1527 fructu
1031 1503 1103 1527 11011
1129 1496 1193 1533 051,

106 1538 192 1582 quia
216 1540 355 1571 mortuo
381 1546 421 1571 eo
447 1547 532 1572 usus
555 1537 720 1572 1111011152
744 1538 841 1572 extin
867 1538 972 1572 uitur.

157 1580 206 1619 31
234 1581 465 1616 POMPONIUS
492 1582 582 1617 libro
615 1585 745 1627 quarto
769 1583 819 1617 ad
841 1548 1010 1625 &uinctum
1035 1581 1194 1617 Mucium

106 1626 198 1661 Cum
220 1627 334 1671 gregis
358 1637 445 1661 usus
468 1626 606 1662 fructus
630 1627 766 1671 legatus
791 1631 845 1662 est
868 1631 904 1662 et
926 1637 1038 1671 usque
1063 1637 1104 1662 eo
1129 1639 1194 1661 nu-

106 1682 238 1750 merusf
250 1671 408 1716 pervenit
429 1672 555 1716 gregis,
580 1676 620 1706 ut
643 1682 728 1716 grex
751 1683 823 1707 non
847 1673 1080 1717 intellegatur,
1105 1673 1196 1717 perit

107 1727 197 1752 usus
237 1721 371 1751 ructus.

615 1808 685 1848 V³.

143 1875 203 1907 DE
229 1874 317 1907 USU
341 1873 518 1906 FRUCTU
542 1875 701 1907 EARUM
726 1875 897 1914 RERUM,
923 1875 1044 1910 QUAE
1071 1875 1158 1907 USU

269 1919 608 1952 CONSUMUNTUR.
633 1920 724 1952 VEL
750 1920 1035 1952 MINUUNTUR.

158 1985 176 2022 1
211 1985 406 2021 ULPIANUS
425 1985 515 2021 libro
540 1989 665 2021 octavo
690 1985 826 2021 decimo
850 1986 900 2021 ad
922 1986 1094 2022 Sabinum
1131 1987 1193 2022 Se-

107 2035 215 2066 natus
240 2031 396 2072 censuit,
428 2034 469 2065 ut
493 2030 648 2065 omnium
672 2041 807 2073 rerum,
841 2042 930 2076 quas
962 2032 998 2066 in
1023 2033 1194 2077 cuiusque

108 2076 320 2120 patrimonio
346 2085 423 2110 esse
447 2079 638 2118 constaret,
662 2086 748 2111 usus
771 2075 910 2111 fructus
935 2077 1044 2121 legari
1060 2078 1191 2122 possit:

106 2132 178 2166 quo
214 2124 359 2155 senatus
392 2121 553 2155 consulto
585 2120 771 2155 inductum
803 2121 960 2164 videtur,
997 2126 1037 2156 ut
1072 2134 1193 2157 earum

108 2176 237 2207 rerum,
286 2175 352 2200 uae
376 2175 444 2200 usu
467 2166 641 2200 tolluntur
659 2166 715 2201 vel
733 2165 950 2207 minuuntur,
976 2167 1089 2211 possit
1108 2178 1192 2203 usus

107 2210 247 2245 fructus
286 2212 390 2254 egari.

154 2253 179 2292 2
207 2254 329 2291 Galus
341 2255 433 2290 libro
451 2256 602 2301 septimo
623 2255 673 2290 ad
691 2255 845 2291 edictum
859 2257 1088 2302 provinciale
1124 2258 1193 2292 Sed

104 2300 152 2335 de
175 2300 327 2345 pecunia
351 2303 447 2335 recte
478 2301 594 2334 caveri
626 2311 645 2335 o
674 2304 767 2335 ortet
797 2301 871 2343 his,
904 2311 926 2336 a
958 2303 1085 2346 quibus
1118 2303 1192 2337 eius

113 2348 125 2379 1
175 2345 348 2390 pecuniae
378 2355 465 2380 usus
488 2344 627 2380 fructus
666 2350 788 2390 egatus
813 2346 890 2381 erit.
939 2346 1015 2390 Quo
1048 2352 1192 2382 senatus

104 2390 270 2425 consulto
295 2400 366 2424 non
388 2390 425 2424 id
448 2389 612 2424 effectum
636 2395 700 2433 est,
725 2394 765 2425 ut
788 2391 961 2435 pecuniae
985 2403 1070 2427 usus
1095 2392 1191 2428 fruc-

106 2439 167 2469 tus
191 2435 334 2479 proprie
358 2438 452 2469 esset
477 2438 555 2474 (nec
586 2435 679 2470 enim
710 2436 883 2471 naturalis
914 2436 1004 2471 ratio
1037 2439 1191 2472 auctori-

104 2483 180 2514 tate
204 2484 348 2514 senatus
382 2480 591 2514 commutari
621 2481 768 2532 potuit),
801 2481 863 2515 sed
894 2482 1048 2516 remedio
1080 2483 1191 2518 intro-

104 2525 214 2559 ducto
241 2525 357 2569 coepit
381 2525 482 2569 quasi
505 2535 591 2560 usus
614 2526 753 2560 111101115
776 2526 910 2560 11011011.

153 2567 177 2606 3
210 2569 404 2604 Uzpmws
417 2570 507 2604 libro
525 2575 649 2604 octavo
671 2570 805 2604 decimo
826 2572 874 2605 act
893 2570 1065 2607 Sabinum
1105 2572 1191 2608 Post

104 2614 203 2658 quod
228 2614 384 2649 omnium
407 2625 525 2649 rerum
549 2625 633 2649 usus
657 2615 796 2649 fructus
827 2616 936 2660 legari
966 2617 1108 2661 poterit.
1145 2628 1192 2652 an

106 2663 144 2693 et
168 2659 373 2694 nominum?
416 2658 535 2694 Nerva
558 2660 718 2703 negavit:
755 2660 817 2694 sed
849 2665 903 2695 est
926 2662 1060 2703 verius,
1096 2663 1191 2706 quod

104 2703 251 2738 Cassius
284 2707 319 2738 et
347 2704 522 2739 Proculus
554 2705 775 2746 existimant,
807 2715 913 2750 posse
944 2706 1063 2750 legari.
1100 2707 1192 2742 idem

106 2753 226 2783 tamen
249 2748 367 2784 Nerva
389 2749 460 2800 ipsi
483 2759 623 2794 quoque
646 2749 798 2784 debitori
821 2760 926 2794 posse
959 2762 1061 2786 usum
1092 2751 1190 2787 fruc-

103 2798 183 2827 tum
205 2793 315 2838 legari
338 2794 463 2828 scribit
486 2798 522 2828 et
544 2794 774 2829 remittendas
799 2796 854 2829 014
878 2806 1017 2830 11511105.

153 2837 179 2874 4
202 2837 259 2872 ΡΑ
267 2848 362 2874 ULUS
381 2839 471 2874 libro
488 2839 612 2884 primo
636 2839 686 2874 ad
708 2839 898 2874 Neratium
944 2841 1039 2885 Ergo
1073 2842 1190 2877 cautio

103 2884 213 2918 etiam
238 2884 282 2918 ab
306 2884 375 2919 hoc
400 2883 570 2928 exigenda
594 2884 670 2919 erit.

154 2927 178 2964 5
210 2927 405 2963 Utmmss
424 2928 514 2963 libro
534 2933 659 2964 octavo
681 2929 816 2965 decimo
837 2929 886 2964 acl
904 2929 1077 2965 Sabinum
1112 2931 1191 2966 Hoc

104 2976 252 3007 senatus
278 2973 479 3008 consultum
502 2984 575 3008 non
599 2974 713 3009 solum
737 2974 783 3009 ad
815 2985 895 3009 eum
926 2976 1097 3019 pertinet,
1131 2976 1191 3020 qui

106 3018 280 3061 pecuniae
313 3028 417 3053 usum
447 3018 605 3053 fructum
635 3019 690 3053 vel
723 3023 920 3054 ceterarum
953 3030 1070 3055 rerum
1102 3031 1190 3065 quas

112 3066 125 3095 1
174 3062 301 3097 habuit
330 3063 477 3107 legavit,
515 3074 637 3098 verum
669 3067 704 3098 et
734 3064 763 3098 si
794 3065 927 3099 fuerint
958 3066 1105 3100 alienae.
1155 3066 1191 3100 Si

106 3107 280 3150 pecuniae
311 3108 356 3142 sit
379 3118 465 3142 usus
487 3107 627 3143 fructus
651 3109 788 3153 legatus
812 3110 865 3144 vel
889 3110 1038 3145 aliarum
1061 3121 1189 3153 rerum,

132 3161 199 3186 uae
220 3152 259 3186 in
283 3153 397 3187 abusu
422 3153 630 3196 consistunt,
655 3164 721 3188 nec
746 3155 864 3189 cautio
888 3155 1116 3198 interveniat,
1140 3157 1190 3190 vi-

133 3196 278 3239 endum,
303 3197 402 3232 finito
427 3208 495 3232 usu
518 3197 639 3233 fructu
663 3209 709 3233 an
733 3200 884 3243 pecunia
908 3210 1000 3244 quae
1024 3200 1109 3234 data
1132 3201 1189 3242 sit,

108 3240 162 3274 vel
186 3245 324 3276 ceterae
347 3252 423 3284 res,
458 3253 549 3286 quae
580 3243 618 3277 in
642 3244 889 3288 absumptione
914 3249 1015 3285 sunt,
1052 3245 1191 3280 condici

106 3285 255 3327 possint.
298 3286 385 3321 sed⁵
408 3287 438 3321 si
462 3288 602 3331 quidem
626 3288 743 3323 adhuc
768 3293 955 3324 constante
980 3301 1046 3324 usu
1070 3290 1190 3324 fructu

106 3330 308 3380 cautionem
333 3331 410 3375 quis
433 3332 516 3366 velit
540 3333 745 3375 condicere,
778 3333 847 3368 dici
879 3338 998 3385 potest
1022 3335 1190 3369 omissam

106 3376 308 3409 -cautmnem
357 3386 437 3411 osse
461 3377 601 3412 condici
630 3378 757 3412 incerti
789 3378 1031 3414 condlctione:
1066 3379 1129 3414 sed
1161 3380 1191 3414 si

109 3416 208 3452 finito
233 3429 299 3453 usu
322 3387 442 3455 tinctu
465 3421 580 3465 ipsam
611 3423 864 3466 quantitatem,
899 3423 1055 3458 Sabinus
1087 3428 1191 3468 putat

107 3471 214 3505 posse
238 3463 392 3498 condici:
425 3476 531 3509 quam
563 3468 774 3502 sententiam
805 3472 841 3502 et
865 3467 988 3503 Celsus
1013 3469 1103 3503 libro
1129 3480 1190 3503 oc·

107 3509 190 3540 tavo
216 3507 348 3542 decimo
374 3508 586 3552 digestorum
610 3513 758 3556 probat:
793 3522 884 3557 quae
916 3513 1000 3548 mihi
1032 3524 1106 3548 non
1137 3514 1190 3548 in-

1190 106 1269 155 107

2167 112 2246 154 VH
2276 115 2357 156 4.5

1269 234 1288 265 2
1338 234 1463 276 arguta
1485 231 1635 266 videtur.
1673 233 1772 277 Quae
1792 232 1827 267 in
1849 244 1915 268 usu
1936 233 2057 268 fructu
2076 233 2250 279 pecuniae
2269 233 2359 270 dixi-

1268 287 1345 311 mus
1366 276 1422 311 vel
1444 279 1641 311 ceterarum
1664 287 1794 319 rerum,
1813 288 1903 322 quae
1924 283 2008 313 sunt
2026 279 2063 314 in
2084 279 2210 322 abusu,
2235 279 2359 314 eadem

1268 325 1303 356 et
1326 322 1363 355 in
1387 331 1455 355 usu
1480 321 1632 356 dicenda
1655 326 1757 364 sunt,
1790 334 1872 357 nam
1908 324 1999 358 idem
2037 324 2219 359 continere
2253 334 2358 359 usum

1267 366 1440 410 pecuniae
1464 370 1500 401 et
1523 376 1627 401 usum
1648 366 1805 402 fructum
1827 372 1862 402 01
1881 368 2039 403 Ι1111011115
2061 369 2186 404 scribit
2205 368 2357 404 111Ρο111-

1267 411 1395 455 ponius
1419 411 1509 446 libro
1534 414 1660 446 octavo
1686 412 1730 447 de
1754 413 2053 457 stipulationibus.

1313 453 1337 492 6
1362 455 1557 491 IULIANUS
1577 456 1667 492 libro
1690 459 1897 503 trz'qensimo
1918 459 2042 503 quinto
2064 459 2285 505 diqestorum
2321 458 2359 493 Si

1266 501 1331 535 tibi
1351 500 1474 535 decem
1493 500 1589 535 milia
1607 501 1725 546 legata
1743 501 1886 544 fuerint,
1912 503 1997 537 mihi
2021 503 2212 538 eorundem
2236 503 2358 539 decem

1267 546 1400 580 milium
1430 556 1517 581 usus
1547 546 1709 589 fructus,
1742 547 1828 581 fient
1859 548 2000 592 quidem
2031 554 2095 582 tua
2125 553 2203 584 tota
2236 548 2358 584 decem

1267 590 1381 626 milia:
1407 591 1470 626 sed
1493 591 1579 625 mihi
1603 592 1760 637 quinque
1791 593 1971 627 numerari
2003 593 2183 628 debebunt
2213 594 2285 636 ita,
2317 598 2359 628 ut

1267 635 1332 669 tibi
1364 645 1510 671 caveam
1543 640 1703 681 tempore
1735 638 1857 672 mortis
1883 648 1984 672 meae
2008 642 2071 672 aut
2096 639 2221 683 capitis
2247 638 2357 674 demi-

1268 680 1423 716 nutionis
1448 681 1651 716 restitutum
1675 682 1728 716 iri.
1767 693 1849 717 nam
1882 686 1915 717 et
1949 683 1979 717 si
2009 683 2141 718 fundus
2172 684 2238 718 tibi
2260 684 2356 729 lega—

1267 730 1324 759 tus
1348 725 1476 760 fuisset
1501 730 1536 761 et
1559 727 1644 761 mihi
1669 727 1824 762 eiusdem
1849 727 1952 762 fundi
1982 738 2069 763 usus
2100 728 2259 772 fructus,
2290 730 2357 764 ha-

1267 771 1370 805 beres
1395 774 1435 805 tu
1460 771 1602 815 quidem
1626 773 1736 807 totius
1760 772 1862 807 fundi
1887 773 2160 818 proprietatem,
2185 773 2250 809 sed
2272 784 2356 819 par-

1267 819 1339 850 tem
1364 825 1445 850 cum
1470 827 1538 851 usu
1561 817 1694 859 fructu,
1719 822 1857 862 partem
1883 819 1959 852 sine
1983 828 2051 852 usu
2074 818 2207 860 fructu,
2233 823 2269 854 et
2284 830 2357 854 non

1272 864 1283 894 1
1335 860 1470 903 1101οᾶ1,
1497 862 1559 896 sed
1582 862 1647 896 tibi
1672 872 1830 897 caverem
1856 863 1939 897 boni
1962 863 2028 898 viri
2052 863 2238 898 arbitratu.
2287 863 2357 899 Sed

1266 905 1296 940 si
1321 905 1461 940 duobus
1494 907 1686 942 eorundem
1719 907 1840 942 decem
1873 908 2005 943 milium
2029 919 2116 943 usus
2140 908 2280 943 fructus
2305 910 2356 944 le-

1265 954 1370 995 gatus
1394 950 1519 993 fuerit,
1546 952 1656 996 quina
1680 953 1776 987 milia
1800 953 1980 998 accipient
2004 957 2039 988 et
2062 954 2212 988 invicem
2236 957 2271 988 et
2293 954 2355 989 110-

1266 995 1342 1030 redi
1365 996 1603 1031 satisdabunt.

1312 1038 1335 1077 7
1365 1041 1488 1076 GAIUS
1508 1042 1599 1077 libro
1623 1043 1773 1088 septimo
1799 1042 1849 1077 ad
1872 1042 2026 1078 edictum
2046 1042 2272 1089 provinciale
2319 1043 2357 1078 Si

1266 1085 1337 1120 vini
1360 1086 1428 1121 olei
1451 1086 1622 1122 frumenti
1645 1097 1731 1122 usus
1756 1087 1896 1122 fructus
1921 1088 2058 1132 legatus
2085 1088 2170 1130 erit,
2194 1088 2355 1133 proprie-

1265 1135 1320 1165 tas
1346 1130 1393 1165 ad
1417 1131 1627 1176 legatarium
1658 1132 1845 1167 transferri
1879 1133 1985 1167 debet
2016 1136 2052 1167 et
2083 1134 2127 1168 ab
2162 1143 2202 1168 eo
2236 1134 2355 1168 cautio

1266 1175 1499 1211 desideranda
1531 1182 1603 1220 est,
1636 1181 1695 1220 ut,
1731 1177 1943 1223 quandoque
1967 1179 1997 1213 is
2022 1182 2182 1213 mortuus
2207 1182 2272 1213 aut
2295 1188 2355 1213 ca-

1265 1221 1338 1265 pite
1363 1221 1565 1258 deminutus
1590 1223 1647 1265 sit,
1675 1223 1831 1258 eiusdem
1856 1223 2037 1268 qualitatis
2057 1234 2114 1258 res
2135 1223 2354 1266 restituatur,

1265 1270 1329 1300 aut
1352 1267 1548 1302 aestimatis
1572 1269 1680 1303 rebus
1709 1272 1828 1303 certae
1852 1269 2025 1313 pecuniae
2052 1269 2194 1303 nomine
2226 1279 2354 1304 caven-

1265 1311 1348 1345 dum
1373 1315 1445 1354 est,
1480 1313 1575 1357 quod
1608 1317 1643 1348 et
1674 1313 1892 1348 commodius
1920 1317 1984 1348 est.
2021 1313 2113 1348 idem
2145 1313 2281 1348 scilicet
2312 1314 2356 1348 de

1264 1357 1390 1436 peteris
1416 1368 1557 1402 quoque
1581 1360 1708 1401 rebus,
1740 1369 1830 1404 quae
1854 1360 1948 1393 115116
1974 1359 2219 1401 continentur,
2251 1359 2355 1394 intel-

1279 1412 1430 1446 egemus.

1312 1444 1335 1483 8
1362 1447 1610 1483 PAPJNIANUS
1639 1448 1729 1482 libro
1760 1449 1910 1494 septimo
1943 1448 2079 1484 decimo
2105 1450 2354 1495 quaestionum

1266 1492 1395 1527 Tribus
1420 1493 1608 1527 heredibus
1633 1493 1804 1528 institutis
1832 1504 1934 1529 usum
1965 1494 2123 1529 fructum
2155 1494 2355 1539 quindecim

1265 1537 1420 1571 milium⁷
1446 1538 1539 1573 Titio
1564 1538 1693 1582 legavit
1719 1542 1753 1573 et
1780 1538 1870 1574 duos
1892 1549 1936 1573 ex
1954 1539 2146 1574 heredibus
2164 1540 2269 1575 iussit
2287 1550 2352 1584 pro

1265 1582 1432 1626 legatario
1458 1583 1651 1618 satisdare:
1676 1583 1844 1627 placebat
1864 1584 1950 1619 utile
1969 1594 2047 1619 esse
2068 1584 2242 1620 cautionis
2264 1595 2352 1630 quo-

1267 1638 1335 1671 que
1357 1628 1511 1672 legatum
1536 1639 1602 1663 nec
1633 1629 1806 1673 refragari
1838 1634 1982 1664 senatus
2016 1630 2237 1672 consultum,
2270 1630 2355 1674 quia

1266 1672 1383 1707 0011110
1409 1683 1480 1707 11011
1496 1673 1735 1717 impediretur,
1762 1678 1797 1708 et
1817 1684 1894 1709 esse
1915 1674 2065 1709 alterum
2084 1675 2239 1719 legatum
2258 1675 2355 1709 velut

1266 1718 1371 1760 certi,
1407 1718 1558 1752 alterum
1589 1719 1725 1753 incerti.
1770 1729 1857 1754 usus
1890 1718 2029 1754 fructus
2059 1720 2181 1764 itaque
2211 1720 2354 1755 nomine

1264 1766 1399 1807 partem
1423 1763 1596 1807 pecuniae
1620 1763 1811 1808 petendam
1836 1764 1881 1798 ab
1907 1775 1966 1807 eo,
2002 1765 2063 1809 qui
2095 1765 2182 1800 satis
2214 1765 2354 1810 accepit

1264 1818 1286 1842 a
1310 1808 1494 1850 coherede,
1520 1809 1716 1853 incertique
1741 1819 1821 1843 cum
1845 1809 1967 1844 eodem
1992 1810 2185 1854 agendum,
2211 1810 2242 1845 si
2265 1810 2352 1845 satis

1265 1864 1336 1887 non
1356 1853 1519 1888 dedisset.
1558 1863 1638 1888 eum
1658 1864 1752 1896 vero,
1775 1854 1835 1898 qui
1855 1855 1943 1889 satis
1963 1855 2141 1899 praestitit
2153 1865 2196 1890 ac
2208 1859 2355 1900 propter

1263 1908 1399 1932 moram
1431 1898 1616 1934 coheredis
1650 1899 1738 1933 satis
1770 1909 1842 1933 non
1875 1900 2032 1944 accepit,
2065 1910 2181 1945 neque
2211 1900 2352 1935 fructus

1263 1943 1404 1977 nomine
1427 1943 1567 1978 interim
1591 1944 1705 1978 teneri
1728 1948 1873 1988 propter
1897 1949 2042 1979 senatus
2069 1945 2270 1980 consultum
2289 1956 2352 1980 ne-

1263 1998 1332 2033 que
1367 1988 1507 2023 actione
1540 1989 1684 2030 incerti,
1718 1989 1802 2033 quia
1834 1990 2000 2024 coheredi
2031 1990 2228 2025 satisdedit.
2265 1991 2353 2025 illud

1263 2033 1369 2067 etiam
1392 2033 1495 2068 nobis
1519 2034 1638 2078 placet
1661 2034 1871 2078 legatarium
1904 2035 2100 2079 cogendum
2132 2035 2349 2080 promittere.

1262 2078 1362 2113 finito
1388 2082 1505 2113 autem
1530 2089 1598 2113 usu
1622 2079 1743 2113 fructu
1767 2079 1797 2113 51
1822 2080 2012 2115 coheredes
2045 2090 2089 2115 ex
2120 2091 2231 2115 causa
2263 2080 2351 2116 fide-

1262 2123 1415 2158 iussoria
1436 2124 1719 2164 convenirentur,
1741 2135 1801 2159 eos
1821 2125 1980 2159 mandati
1999 2136 2071 2160 11011
2091 2129 2253 2160 acturos:
2279 2136 2349 2161 non

1264 2168 1355 2202 enim
1379 2169 1580 2213 suscepisse
1610 2169 1836 2211 mandatum,
1870 2170 1932 2204 sed
1964 2170 2139 2205 voluntati
2169 2171 2349 2216 paruisse:

1263 2213 1415 2257 denique
1446 2214 1621 2248 cautionis
1652 2214 1768 2258 legato
1800 2215 1982 2250 liberatos.
2027 2215 2070 2250 de
2100 2216 2159 2250 illo
2192 2226 2258 2250 nec
2290 2216 2351 2251 diu

1262 2258 1491 2293 tractandum
1514 2259 1582 2293 fuit
1607 2259 1802 2293 secundum
1826 2260 1999 2304 legatum,
2024 2261 2060 2295 id
2085 2265 2138 2295 est
2162 2261 2349 2303 cautionis,

1263 2313 1334 2338 non
1349 2303 1520 2338 heredum
1541 2304 1660 2344 videri,
1684 2304 1747 2339 sed
1767 2305 1853 2347 eius,
1876 2305 1932 2340 cui
1952 2306 2126 2351 pecuniae
2144 2316 2231 2341 usus
2252 2305 2349 2340 fruc-

1262 2353 1320 2382 tus
1351 2348 1496 2383 relictus
1529 2353 1583 2384 est
1614 2349 1741 2393 cuique
1772 2353 1925 2384 testator
1949 2351 2154 2395 prospicere
2177 2351 2288 2386 voluit
2313 2355 2348 2385 et

1263 2393 1364 2428 cuius
1388 2394 1557 2429 interesse
1582 2394 1731 2429 credidit
1755 2394 1980 2430 fideiussores
2004 2406 2075 2430 non
2099 2406 2164 2431 suo
2188 2395 2348 2440 periculo

1262 2448 1443 2483 quaerere.

1308 2481 1333 2520 9
1357 2483 1518 2518 PAULUS
1545 2483 1635 2518 libro
1662 2484 1784 2529 primo
1817 2485 1866 2518 azl
1889 2483 2076 2518 Neratium
2123 2485 2165 2519 In
2197 2485 2348 2530 stipula·

1263 2528 1360 2563 tione
1383 2528 1427 2562 de
1447 2528 1627 2563 reddendo
1649 2539 1716 2563 usu
1735 2529 1856 2563 fructu
1876 2529 2047 2572 pecuniae
2062 2529 2133 2564 duo
2154 2530 2221 2565 soli
2242 2541 2348 2566 casus

1260 2573 1544 2617 interponuntur,
1570 2574 1693 2608 mortis
1718 2577 1752 2608 et
1776 2574 1901 2617 capitis
1926 2573 2188 2617 deminutionis,

1311 2617 1385 2655 10⁶
1416 2618 1609 2653 ULPIANUS
1631 2619 1722 2653 libro
1746 2619 2034 2663 septuaqensimo
2059 2630 2154 2655 nono
2179 2620 2229 2655 ad
2253 2620 2347 2656 edic-

1262 2666 1335 2697 tum
1382 2663 1548 2707 quoniam
1572 2663 1744 2707 pecuniae
1768 2673 1853 2697 usus
1879 2663 1981 2697 aliter
2005 2664 2121 2698 amitti
2138 2675 2211 2700 non
2230 2669 2349 2709 potest

1264 2711 1278 2741 1
1330 2718 1436 2752 quam
1460 2708 1514 2742 his
1540 2708 1692 2742 casibus.
1741 2707 1779 2742 Si
1811 2718 1898 2742 usus
1930 2712 2069 2743 tantum
2100 2710 2274 2753 pecuniae
2296 2711 2346 2745 le-

1259 2757 1363 2796 gatus
1389 2753 1445 2794 sit,
1471 2753 1554 2797 quia
1577 2752 1614 2786 in
1637 2753 1706 2787 hac
1731 2753 1849 2796 specie
1873 2763 1959 2787 usus
1981 2754 2220 2798 appellatione
2242 2755 2348 2790 etiam

1260 2798 1417 2831 fructum
1442 2797 1616 2831 contineri
1639 2796 1751 2841 magis
1776 2797 2020 2841 accipiendum
2055 2802 2128 2842 est,
2162 2800 2345 2845 stipulatio

1259 2843 1330 2876 ista
1362 2842 1427 2876 erit
1457 2842 1725 2886 interponenda.
1775 2846 1810 2876 et
1845 2843 1987 2886 quidam
2028 2843 2129 2879 aiunt
2159 2856 2232 2880 11011
2264 2850 2347 2880 01110

1260 2887 1353 2921 110110
1376 2887 1554 2930 interponi
1579 2886 1861 2931 stipulationem,
1894 2898 2000 2932 quam
2033 2889 2119 2924 data
2150 2890 2260 2925 fuerit
2283 2900 2344 2935 pe-

1262 2932 1384 2966 cunia:
1419 2942 1482 2975 ego
1508 2935 1627 2966 autem
1650 2936 1756 2976 puto,
1790 2932 1862 2966 sive
1886 2937 1991 2967 antea
2015 2934 2086 2968 sive
2109 2936 2260 2979 postea⁹
2283 2945 2345 2980 pe-

1261 2976 1367 3011 cunia
1391 2976 1476 3010 data
1500 2977 1554 3017 sit,
1580 2980 1700 3011 tenere
1724 2977 1997 3021 stipulationem.

1310 3020 1355 3056 11
1385 3021 1492 3055 IDEM
1511 3021 1600 3056 libro
1625 3025 1750 3057 octavo
1774 3022 1912 3057 decimo
1936 3023 1986 3057 ad
2009 3022 2184 3058 Sabinum
2231 3023 2269 3058 Si
2292 3024 2344 3058 la-

1261 3076 1327 3100 nae
1360 3066 1467 3099 alicui
1497 3066 1635 3110 legatus
1667 3066 1713 3100 sit
1742 3076 1828 3101 usus
1861 3067 1999 3102 fructus
2031 3068 2086 3103 vel
2117 3068 2265 3103 odorum
2290 3069 2345 3103 vel

1260 3115 1476 3152 aromatum,
1511 3111 1628 3145 nullus
1660 3111 1798 3146 videtur
1828 3122 1913 3147 usus
1945 3112 2084 3148 fructus
2108 3113 2244 3148 inistis
2268 3114 2344 3148 iure

1261 3156 1494 3196 constitutus,
1527 3155 1589 3190 sed
1621 3156 1667 3190 ad
1698 3160 1843 3191 senatus
1876 3158 2076 3192 consultum
2109 3157 2174 3192 erit
2198 3158 2342 3193 descen-

1260 3200 1426 3239 dendum,
1451 3200 1547 3244 quod
1571 3200 1614 3235 de
1638 3202 1801 3236 cautione
1825 3212 1946 3236 eorum
1970 3203 2136 3247 loquitur.

1311 3243 1358 3280 12
1385 3244 1620 3279 MARCIANUS
1647 3246 1738 3281 libro
1770 3248 1919 3298 septimo
1945 3248 2207 3282 institutionum
2255 3246 2342 3281 Cum

1259 3290 1412 3334 pecunia
1436 3294 1511 3323 erat
1535 3290 1659 3325 relicta
1683 3291 1776 3326 Titio
1800 3296 1868 3333 110,
1901 3295 1941 3326 111
1972 3296 2054 3337 post
2076 3296 2224 3326 mortem
2247 3291 2341 3334 lega-

1259 3335 1343 3368 tarii
1367 3334 1414 3368 ad
1437 3334 1615 3369 Maevium
1637 3336 1780 3377 rediret,
1805 3347 2018 3381 quamquam
2041 3336 2259 3380 adscriptum
2283 3336 2339 3375 sit,

1259 3383 1299 3413 ut
1323 3390 1426 3413 usum
1451 3380 1526 3414 eius
1551 3380 1666 3415 Titius
1690 3381 1855 3422 haberet,
1889 3383 2142 3425 proprietatem
2167 3386 2284 3414 tamen
2309 3380 2341 3414 ei

1259 3424 1410 3467 legatam
1434 3429 1470 3458 et
1493 3435 1579 3459 usus
1603 3426 1815 3460 mentionem
1838 3426 1989 3468 factam,
2022 3426 2105 3470 quia
2139 3428 2215 3459 erat
2237 3425 2340 3459 resti-

1259 3468 1392 3502 tuenda
1416 3469 1461 3503 ab
1486 3479 1526 3504 eo
1550 3471 1702 3514 pecunia
1720 3474 1802 3514 post
1820 3476 1970 3506 mortem
1990 3471 2076 3511 eius,
2101 3469 2169 3503 divi
2190 3469 2340 3503 Severus

1260 3517 1296 3547 et
1319 3513 1520 3548 Antoninus
1544 3515 1813 3559 rescripserunt.

105 3617 148 3655 (1)
175 3627 316 3651 concusa
330 3619 364 3650 F
451 3622 493 3659 (2)
518 3632 596 3654 usus
610 3623 721 3656 fructu
734 3625 769 3656 F

155 3663 196 3702 (3)
222 3662 568 3706 Sab.1.3.5.6.11.12;
590 3668 797 3707 Ed.2.7.10;
818 3670 1023 3712 Pap.4.s.9.
1039 3688 1080 3694 —
1105 3670 1190 3702 Bas.

110 3706 190 3744 16,5
256 3706 299 3746 (4)
324 3708 465 3741 sicF¹S
475 3722 541 3742 cum
555 3712 601 3753 B,
616 3713 686 3744 eius
700 3712 752 3744 F²
819 3715 860 3753 (5)
887 3718 919 3746 et
933 3716 1006 3747 edd.

1068 3716 1110 3755 (6)
1136 3715 1192 3745 ab·

1261 3636 1324 3657 usu
1337 3626 1418 3658 Hal.
1432 3638 1500 3659 cum
1513 3627 1548 3659 B
1643 3630 1684 3667 (7)
1711 3627 1840 3658 milium
1855 3627 1916 3658 del.
1930 3625 1982 3657 F2
2082 3627 2126 3666 (8)
2153 3626 2171 3658 l.
2186 3632 2219 3659 10
2227 3637 2281 3668 pr.
2295 3640 2341 3653 ==

1262 3671 1307 3702 D.
1318 3671 1349 3710 7,
1359 3678 1388 3710 9,
1399 3678 1449 3711 7,1
1544 3673 1586 3712 (9)
1613 3674 1728 3713 postea
1742 3672 1780 3711 S,
1794 3674 1909 3712 postea
1922 3681 1960 3702 ea
1972 3670 2006 3702 F

2007 3769 2070 3803 14*
