2528 3918
1238 101 1322 150 416

1511 3 1581 79 {px

1570 81 1579 133 ί
2122 119 2184 150 ΒΕ
2213 119 2400 152 LEGATIS

932 385 935 388 ’
1006 380 1186 431 LIBER
1213 379 1583 431 TRIGESMUS.

317 563 380 596 DE
405 563 601 597 LEGATIS
625 563 684 596 ΕΤ
708 563 1111 597 FIDEICOMMlSSIS1.

223 628 242 667 1
277 628 473 666 Ulmum
492 629 583 666 libro
605 631 832 677 seoeaqesimo
855 630 1006 675 septimo
1030 629 1081 665 ad
1102 628 1255 665 edictum

172 674 245 710 Per
266 674 385 710 omnia
407 679 606 720 exaequata
627 679 711 711 sunt
733 675 849 719 legata
872 673 1164 710 fideicommissis.

220 717 246 756 2
270 718 376 754 Ins-u
395 718 487 756 libro
543 720 635 755 rim0
663 720 1018 765 fideicommissorum
1065 717 1256 755 Sciendum

173 767 229 799 est
251 774 313 800 eos
337 763 478 800 demum
527 763 809 800 deicommissum
831 774 938 809 posse
960 763 1171 809 relinquere,
1195 763 1257 808 qui

174 807 332 845 testandi
353 809 410 845 ius
433 809 578 846 habent.

218 852 243 891 3
270 853 377 889 Ivnu
402 853 493 890 libro
532 858 662 900 quarto
701 853 751 889 ad
780 852 953 889 Sabinum
1013 853 1114 890 Haec
1147 852 1257 889 verba

172 898 373 934 testatoris:
414 903 423 918 ⁴
448 899 583 944 uisquis
627 898 712 933 mihi
743 909 787 934 ex
822 909 934 944 supra
970 898 1112 944 scriptis
1151 898 1255 933 heres

174 943 264 979 ‘erit’
289 946 353 979 aut
375 909 544 980 ‘siffieres
561 943 628 979 erit
641 943 754 979 Seius’
778 943 834 979 vel
857 943 899 979 ‘si
922 943 1153 979 hereditatem
1178 942 1254 977 adi·

174 987 263 1023 ‘erit’
295 987 494 1024 subiectum
516 989 671 1033 legatum
694 988 750 1024 vel
772 987 1082 1024 fideicommissum
1104 998 1177 1023 non
1200 986 1254 1022 fa-

173 1033 272 1068 ciunt
295 1032 549 1069 condicionale.

219 1077 245 1115 4
268 1077 375 1113 Imm
395 1078 486 1114 libro
510 1079 634 1124 quinto
658 1078 708 1113 ad
722 1076 896 1113 Sabinum
943 1076 982 1113 Si
1021 1077 1077 1113 uis
1100 1077 1139 1112 in
1154 1075 1256 1111 fundi

172 1122 347 1158 vocabulo
379 1123 510 1158 erravit
544 1126 581 1159 et
612 1122 860 1158 Cornelianum
890 1132 956 1167 pro
1023 1121 1255 1167 emproniano

172 1168 377 1210 nominavit,
395 1167 582 1204 debebitur
597 1167 891 1212 Sempronianus:
917 1166 981 1202 sed
997 1166 1028 1203 si
1050 1167 1088 1202 in
1105 1176 1256 1211 corpore

172 1212 315 1254 erravit,
338 1223 410 1247 non
434 1212 632 1248 debebitur.
680 1212 775 1256 quod
798 1211 829 1247 si
846 1211 936 1256 quis,
961 1222 1042 1246 cum
1059 1211 1164 1247 vellet
1177 1221 1254 1246 ves-

171 1260 243 1293 tem
266 1257 299 1293 le
324 1267 396 1298 are,
421 1268 463 1292 su
515 1256 699 1293 ellectilem
723 1256 924 1301 adscripsit,
950 1256 1034 1291 dum
1075 1260 1154 1291 utat
1169 1266 1255 1301 sup-

171 1302 285 1347 pellec
330 1302 338 1310 '
382 1312 474 1346 appe
501 1301 620 1337 atione
649 1305 782 1337 vestem
815 1301 1008 1343 contineri,
1071 1301 1256 1354 omponius

172 1346 317 1391 scripsit
347 1351 480 1382 vestem
511 1357 583 1381 non
614 1346 754 1388 deberi,
790 1345 1084 1390 quemadmodum
1116 1357 1147 1381 ει
1177 1346 1255 1390 quis

170 1395 273 1437 putet
296 1391 375 1426 auri
393 1391 630 1436 appellatione
650 1391 821 1426 electrum
840 1391 896 1427 vel
911 1391 1154 1426 aurichalcum
1170 1401 1255 1426 con-

170 1435 278 1471 tineri
299 1436 366 1478 vel,
384 1435 479 1481 quod
495 1440 550 1471 est
565 1435 709 1471 stultius
720 1437 745 1478 2,
769 1435 877 1472 vestis
893 1435 1132 1481 appellatione
1151 1435 1257 1471 etiam

171 1484 357 1560 argffiiltitgm
381 1480 567 1568 (ιοιιιιίΙιιιθπὶΣ
613 1480 856 1561 rerumtgzssiiilrin
886 1481 1062 1561 vogabula
1093 1481 1251 1561 iffmuga-

347 1536 415 1561 sun
499 1536 654 1561 ommum
678 1537 737 1561 mu
840 1536 872 1561 a.
954 1537 966 1560 1
1021 1537 1074 1561 uis
1132 1536 1255 1562 erees

170 1569 365 1605 instituerit
387 1574 424 1606 et
445 1569 497 1605 ita
518 1570 705 1615 legaverit:
739 1570 910 1615 ‘quisquis
941 1537 1029 1605 mihli
1052 1570 1256 1606 Gallicana-

171 1617 260 1650 ‘rum
283 1624 403 1650 rerum
414 1615 518 1651 heres
535 1615 612 1658 erit,
637 1615 784 1651 damnas
801 1620 876 1651 esto
895 1615 1004 1657 dare',
1029 1615 1075 1651 ab
1092 1615 1256 1651 omnibus

170 1659 362 1695 heredibus
388 1659 497 1695 videri
518 1660 683 1704 legatum,
708 1660 873 1705 quoniam
896 1659 943 1695 ad
966 1670 1089 1695 omnes
1112 1670 1174 1696 eos
1198 1670 1256 1696 res

172 1703 379 1740 Gallicanae
401 1704 592 1749 pertinent.

216 1747 241 1786 5
266 1748 324 1784 ΡΑ
331 1758 426 1785 Ubus
445 1749 537 1786 libro
546 1750 671 1796 primo
688 1749 738 1785 ad
753 1748 927 1785 Sabinum
967 1748 1067 1785 Servi
1083 1749 1256 1785 electione

174 1796 188 1828 1
238 1793 356 1839 legata
378 1793 488 1830 semel
509 1794 695 1830 dumtaxat
726 1797 852 1839 optare
881 1804 1084 1839 possumus.
1131 1794 1254 1830 Labeo

170 1838 230 1878 ait,
256 1849 337 1874 cum
361 1842 460 1875 certa
482 1849 541 1875 res
564 1843 627 1875 aut
648 1849 802 1884 persona
817 1839 956 1884 legatur
970 1839 1040 1874 ita:
1066 1839 1139 1884 ‘qui
1155 1849 1254 1875 meus

171 1883 251 1919 ‘erit
275 1893 356 1918 cum
378 1883 519 1926 moriar,
543 1884 646 1920 heres
670 1883 766 1919 dato’
790 1888 827 1920 et
850 1883 1041 1919 communis
1058 1884 1116 1926 sit,
1140 1887 1255 1919 totum

170 1927 304 1964 deberi.
362 1927 569 1964 Trebatium
600 1939 684 1964 vero
707 1928 934 1974 respondisse
963 1932 1102 1974 partem
1133 1928 1256 1965 deberi

170 1975 191 2008 2
240 1972 385 2009 Cassius
410 1973 565 2019 scripsit,
590 1973 686 2019 quod
702 1978 739 2010 et
760 1973 878 2010 verius
895 1977 961 2009 est.
1010 1973 1098 2009 Cum
1121 1973 1253 2010 fundus

171 2018 367 2054 communis
382 2017 521 2062 legatus
539 2018 585 2054 sit
600 2029 672 2054 non
689 2018 828 2054 adiecta
842 2018 1016 2064 portione,
1040 2018 1103 2055 sed
1115 2019 1253 2055 ‘meum’

170 2062 414 2105 nominaverit,
437 2063 637 2108 portionem
661 2063 783 2100 deberi
806 2067 958 2099 constat.

217 2106 241 2144 6
266 2107 459 2143 IULIANUS
478 2108 570 2144 libro
587 2109 771 2154 trz'qesimo
788 2109 892 2143 tertio
905 2108 1125 2154 diqestorum
1171 2108 1253 2145 ‘Sti-

170 2152 300 2195 ⁴chum,
324 2152 386 2197 qui
408 2163 507 2188 meus
524 2153 593 2188 erit
615 2163 696 2188 cum
724 2153 866 2195 moriar,
894 2152 997 2188 heres
1013 2163 1113 2189 meus
1137 2153 1253 2190 dato':

169 2197 284 2242 magis
309 2195 555 2233 condicionem
577 2197 694 2243 legato
710 2197 873 2234 iniecisse
890 2207 994 2242 quam
1011 2197 1254 2235 demonstrare

169 2241 323 2278 voluisse
345 2245 484 2287 patrem
507 2241 660 2279 familias
676 2243 850 2288 apparet³
873 2252 915 2278 eo
933 2242 1038 2287 quod.
1063 2242 1094 2278 si
1109 2242 1253 2279 demon-

169 2286 308 2323 strandi
339 2296 451 2322 causa
482 2286 573 2323 haec
607 2287 722 2323 oratio
752 2290 964 2333 poneretur.
997 2287 1048 2322 ita
1080 2292 1254 2333 concepta

169 2336 264 2368 esset
287 2331 442 2367 ‘Stichus
466 2332 526 2376 qui
549 2342 650 2368 meus
665 2333 742 2374 est'‚
766 2343 838 2367 non
855 2332 926 2377 ‘qui
941 2342 1041 2367 meus
1057 2332 1146 2368 erit’.
1191 2333 1255 2368 sed

170 2375 331 2412 condicio
355 2376 437 2412 talis
460 2376 576 2430 accipi
599 2377 706 2413 debet
729 2380 916 2421 ‘quatenus
952 2387 1050 2413 meus
1075 2377 1165 2419 erit‘,
1202 2381 1253 2420 ut,

170 2421 200 2457 si
223 2425 338 2457 totum
361 2421 578 2465 alienaverit,
604 2421 761 2467 legatum
783 2422 1023 2466 extinguatur,
1047 2421 1079 2458 si
1101 2426 1253 2467 partem,

169 2476 234 2546 pli-0
252 2476 302 2545 {a
322 2469 426 2511 parte
437 2465 621 2509 debeatur,
645 2477 736 2512 quae
750 2466 933 2503 testatoris
952 2465 1078 2502 mortis
1094 2471 1254 2513 tempore

210 2521 262 2546 eri
280 2538 289 2546 .

216 2553 239 2591 7
266 2554 424 2592 Panos
450 2555 542 2593 libro
575 2555 733 2592 secundo
772 2556 822 2592 ad
852 2555 1026 2592 Sabinum
1078 2556 1252 2601 Legatum

169 2611 270 2636 servo
295 2600 452 2637 delatum
475 2600 638 2637 dominus
661 2604 782 2646 potest
804 2600 1005 2647 repudiare.

215 2642 239 2682 8
265 2644 492 2681 Poupomm
522 2646 613 2681 libro
643 2645 801 2682 secundo
834 2645 884 2682 ad
914 2645 1088 2682 Sabinum
1146 2644 1184 2682 Si
1207 2656 1252 2681 ex

167 2693 244 2725 toto
268 2689 379 2725 fundo
402 2689 519 2735 legato
534 2694 690 2726 testator
729 2694 841 2726 artem
856 2690 1056 2733 alienasset,
1081 2690 1252 2736 reliquam

169 2733 353 2769 dumtaxat
374 2738 513 2779 partem
537 2735 659 2771 deberi
689 2746 714 2781 p
752 2739 827 2778 cet,
859 2735 944 2781 quia
973 2735 1079 2771 etiam
1103 2735 1135 2771 si
1158 2735 1252 2771 adie-

169 2778 277 2815 cisset
299 2778 433 2824 aliquid
457 2779 489 2815 ei
511 2779 634 2822 fundo,
659 2784 886 2825 augmentum
900 2780 1071 2826 legatario
1096 2779 1249 2816 cederet.

171 2826 185 2858 1
237 2823 275 2858 Si
296 2823 348 2858 ita
371 2823 543 2869 scriptum
559 2824 625 2860 sit:
651 2824 796 2861 ‘Lucius
814 2824 929 2861 Titius
951 2825 1054 2861 heres
1071 2835 1172 2861 meus
1188 2829 1252 2861 aut

169 2867 340 2904 ‘Maevius
370 2868 475 2904 heres
505 2879 604 2905 meus
635 2869 757 2906 decem
788 2869 868 2906 Seio
901 2869 1016 2912 dato‘,
1057 2880 1137 2905 cum
1166 2873 1250 2906 utro

167 2912 262 2955 velit,
287 2911 388 2948 Seius
406 2916 496 2957 aget,
521 2917 571 2956 ut,
596 2914 627 2950 si
644 2925 725 2951 cum
742 2925 811 2950 uno
829 2919 948 2950 actum
968 2914 1016 2951 sit
1031 2918 1067 2951 et
1082 2914 1250 2957 solutum,

168 2957 260 2994 alter
280 2957 470 2999 liberetur,
501 2959 603 3003 quasi
625 2959 657 2995 si
680 2959 750 2995 duo
774 2960 827 2995 rei
855 2959 1085 3005 promittendi
1105 2959 1144 2995 in
1166 2959 1249 2996 soli-

168 3002 252 3038 dum
276 3002 423 3082 ᾳδῐίἳξιί
444 3002 605 3039 fuissent.
651 3004 736 3049 quid
759 3015 842 3049 ergo
859 3005 892 3040 si
913 3005 959 3040 ab
983 3004 1094 3040 altero
1111 3007 1249 3050 partem

193 3047 334 3083 etient?
384 3046 507 3083 berum
533 3049 612 3083 cui⁴¹
637 3049 704 3084 erit
726 3050 772 3085 ab
796 3046 967 3085 alterutro
990 3049 1163 3102 reliquum
1185 3059 1248 3094 pe-

235 3096 322 3128 tere.
367 3091 461 3127 idem
492 3093 559 3128 erit
590 3097 625 3128 et
648 3094 679 3129 si
702 3094 792 3130 alter
822 3098 959 3140 partem
990 3094 1163 3130 solvisset.
1211 3094 1249 3130 Si

166 3136 219 3172 ita
241 3137 396 3182 legatum
420 3136 483 3173 sit:
509 3136 743 3174 ‘lecticarios⁵
766 3143 847 3175 octo
871 3142 934 3174 aut
948 3149 1014 3184 pro
1039 3139 1092 3175 his
1125 3141 1160 3174 in
1182 3139 1247 3174 ho-

168 3181 291 3218 ‘mines
322 3181 480 3227 singulos
513 3186 645 3217 certam
676 3183 882 3235 pecuniam,
907 3187 1025 3219 utrum
1055 3182 1247 3229 legatarius

167 3226 285 3269 volet’,
309 3237 381 3262 non
403 3230 523 3272 potest
544 3226 735 3271 legatarms
758 3233 896 3273 partem
920 3239 1103 3264 servorum
1133 3227 1245 3264 vindi-

168 3281 261 3313 care,
284 3281 351 3317 pro
374 3274 477 3316 parte
499 3282 661 3307 nummos
685 3277 816 3317 petere,
841 3273 924 3317 quia
946 3284 1056 3308 unum
1079 3273 1117 3308 in
1139 3273 1246 3309 alter-

167 3320 249 3351 utra
272 3326 383 3351 causa
404 3315 559 3361 legatum
582 3316 639 3358 sit,
664 3317 957 3361 quemadmodum
982 3317 1013 3354 si
1035 3317 1105 3353 olei
1126 3317 1245 3363 pondo

167 3361 422 3406 quinquaginta
444 3364 508 3396 aut
528 3360 566 3396 in
589 3361 746 3406 singulas
770 3362 879 3398 libras
905 3366 1041 3399 certum
1065 3372 1125 3398 aes
1149 3362 1245 3407 lega-

210 3475 251 3514 (ι)
275 3473 357 3507 Sab.
370 3481 467 3508 ³...1o.
488 3480 604 3508 nmen.
618 3480 665 3508 28.
678 3480 796 3507 eomas.
811 3481 851 3507 ιι.
867 3481 982 3508 43...45.
996 3481 1112 3508 47...5o.
1128 3481 1248 3508 διψῶ.

168 3525 213 3551 59.
230 3525 278 3552 60.
292 3525 340 3552 62.
353 3526 472 3553 0⁴...82.
487 3526 534 3553 84.
550 3525 598 3552 86.
613 3525 661 3553 88.
676 3525 725 3553 ⁸⁹.
739 3525 782 3552 91.
797 3526 843 3552 92.
859 3526 903 3552 94.
922 3526 1066 3558 96...128;
1085 3518 1151 3553 Ed.
1161 3526 1186 3553 1.
1200 3525 1245 3553 2¹1.

166 3569 212 3596 29.
225 3570 269 3595 4⁰.
282 3569 329 3597 63.
340 3570 387 3598 8³.
399 3570 454 3603 85;
476 3563 561 3607 Pop.
572 3570 599 3598 2.
614 3570 653 3597 11.
664 3569 711 3597 ⁴0.
725 3570 770 3597 ⁴2.
785 3570 827 3596 51.
841 3570 889 3597 58.
903 3570 945 3597 61.
960 3571 1007 3597 87.
1021 3570 1069 3597 90.
1084 3570 1130 3598 98.
1145 3570 1247 3598 95.-

168 3607 253 3640 Βαε.
266 3613 312 3641 44.
325 3625 370 3632 -—
388 3608 437 3646 Cf.
451 3608 534 3642 Inet.
547 3609 579 3649 2,
592 3614 641 3642 πο.
655 3613 700 3641 24.
716 3606 794 3641 cod.
807 3609 838 3646 6,
852 3614 898 3641 ³⁷.
914 3615 959 3641 ⁴2.
972 3614 1019 3642 ⁴3.
1112 3609 1154 3648 (3)
1180 3610 1245 3641 est·

166 3651 271 3683 ultius
285 3652 321 3685 F·
380 3653 424 3693 (3)
437 3652 624 3696 appellaret
638 3652 674 3686 F
733 3653 777 3694 (4)
789 3652 858 3693 oui]
871 3652 988 3694 utiquo
1000 3665 1062 3686 scr.
1120 3656 1164 3692 (5)
1178 3652 1245 3686 leo·

166 3695 317 3727 ticiarios
331 3697 364 3729 F
449 3700 493 3737 (ο)
519 3699 644 3730 certum
659 3699 709 3730 est
720 3708 782 3730 ser.
868 3697 910 3737 (7)
936 3707 1002 3729 non
1018 3697 1053 3730 F
1119 3698 1163 3737 (s)
1189 3704 1246 3731 aut

1322 497 1399 529 tum
1421 493 1486 529 sit:
1519 503 1564 530 ne
1594 492 1698 530 aliter
1728 494 1999 532 observantibus
2030 495 2135 532 etiam
2166 506 2238 532 uno
2261 496 2403 533 homine

1322 538 1439 583 legato
1471 538 1595 575 divisio
1627 538 1854 575 concedatur.
1907 551 1973 576 nec
2008 541 2174 583 interest,
2214 540 2327 577 divisa
2360 552 2403 579 ea

1323 593 1460 619 summa
1482 593 1529 618 an
1550 583 1673 619 iuncta
1694 588 1865 630 ponatur:
1900 589 1936 621 et
1959 589 2055 622 certe
2063 588 2075 603 ‘¹'
2100 589 2182 621 octo
2206 586 2315 622 servis
2340 591 2404 622 aut

1348 638 1388 663 ro
1413 627 1576 664 omnibus
1601 631 1699 664 certa
1719 629 1872 674 pecunia
1894 629 2010 675 legata
2033 641 2104 666 non
2126 640 2233 683 posse
2254 630 2403 667 invitum

1322 639 1489 709 Beredem
1499 676 1638 719 partem
1644 673 1827 718 pecuniae,
1836 678 1975 720 partem
1990 675 2105 711 manci
2131 686 2246 710 lorum
2260 675 2402 712 debere.

1369 714 1395 755 9
1419 716 1528 753 IDEM
1553 717 1644 754 libro
1676 719 1780 754 tertio
1812 719 1862 754 ad
1891 718 2063 756 Sabinum
2128 719 2151 755 d
2182 719 2277 764 quod
2308 721 2403 766 apud

1325 762 1447 815 hostes
1470 765 1526 798 est
1546 762 1659 816 legari
1691 773 1797 808 posse
1822 762 2021 800 Octavenus
2053 764 2196 810 scripsit
2219 769 2256 801 et
2277 765 2401 811 postli-

1325 817 1424 842 mmu
1445 807 1523 843 iure
1547 811 1750 844 consistere.

1375 850 1424 890 10
1450 852 1608 888 PAULUS
1634 851 1725 888 libro
1754 852 1911 889 secundo
1946 852 1996 888 ad
2018 851 2190 889 Sabinum
2244 854 2402 891 Iulianus

1324 906 1391 932 nec
1414 907 1438 932 a
1460 896 1531 932 filio
1554 896 1704 934 familias
1728 898 1803 933 sine
1825 897 1926 933 iussu
1941 897 2053 942 patris
2077 899 2194 944 optari
2207 909 2315 944 posse
2337 910 2403 935 nec

1324 946 1407 977 ante
1430 941 1564 977 aditam
1586 941 1817 978 hereditatem
1839 946 1952 987 putat,
1978 942 2073 987 quod
2096 947 2151 978 est
2172 953 2306 980 verum.

1373 985 1417 1023 11
1447 986 1693 1023 Pammenes
1728 987 1819 1023 libro
1854 987 1973 1022 ηοηο·ι
2011 988 2259 1032 quaestionum
2316 989 2403 1024 Cum

1323 1030 1396 1067 filio
1420 1030 1574 1067 familias
1603 1031 1658 1068 vel
1688 1042 1789 1067 servo
1813 1031 1928 1067 alieno
1960 1031 2117 1076 legatum
2147 1032 2203 1068 vel
2225 1033 2403 1069 hereditas

1325 1075 1441 1119 datur,
1459 1075 1543 1112 fidei
1558 1076 1730 1113 committi
1743 1076 1855 1122 patris
1872 1076 1927 1112 vel
1943 1075 2074 1112 domini
2088 1079 2218 1122 potest,
2233 1088 2277 1113 ac
2288 1078 2301 1099 ⁸
2318 1082 2403 1114 tunc

1324 1120 1465 1156 demum
1505 1132 1550 1157 ex
1586 1132 1741 1167 persona
1770 1121 1930 1166 ipsorum
1964 1120 2273 1158 fideicommissum
2311 1123 2403 1159 vires

1325 1165 1432 1211 capit,
1457 1176 1539 1202 cum
1560 1166 1573 1202 i
1599 1165 1658 1209 sis,
1683 1177 1748 1212 per
1771 1177 1860 1211 quos
1884 1165 2106 1202 commodum
2120 1166 2327 1204 hereditatis
2350 1169 2405 1204 vel

1323 1210 1431 1256 legati
1452 1211 1549 1256 patri
1596 1211 1756 1247 ominove
1779 1210 1979 1264 quaeritur,
2015 1210 2324 1248 fideicommissum
2348 1223 2403 1248 re-

1324 1255 1505 1300 linquitur.
1553 1256 1702 1301 denique
1726 1256 1883 1291 Iuhanus
1907 1266 1980 1292 non
1994 1256 2157 1302 insuptili
2171 1257 2309 1293 ratione
2329 1268 2403 1294 mo·

1323 1304 1382 1336 tus
1431 1304 1554 1343 atrem,
1581 1301 1682 1337 cuius
1705 1301 1799 1337 filius
1834 1301 1937 1336 heres
1960 1300 2144 1338 institutus
2176 1305 2251 1342 est.
2282 1306 2404 1338 extero

1324 1345 1384 1390 qui
1410 1356 1466 1381 em
1489 1345 1613 1381 habita
1642 1345 1780 1381 ratione
1809 1345 1896 1390 legis
1919 1345 2102 1382 Falcidiae
2131 1346 2319 1383 restituere
2341 1347 2403 1383 he·

1323 1389 1508 1426 reditatem
1532 1390 1731 1436 respondit,
1762 1391 1927 1436 quoniam
1956 1400 2002 1426 ex
2057 1401 2186 1427 ersona
2214 1390 2278 1427 filii
2306 1395 2403 1428 tene-

1323 1438 1434 1479 retur,
1457 1435 1528 1481 ipsi
1549 1446 1632 1472 vero
1656 1435 1729 1472 filio
1752 1446 1825 1471 non
1847 1435 2003 1471 admissa
2057 1435 2202 1478 alcidia,
2238 1436 2404 1482 quoniam

1324 1490 1368 1515 ex
1390 1490 1546 1525 persona
1569 1491 1636 1516 sua
1651 1480 1720 1516 sibi
1734 1480 1829 1516 filius
1854 1480 2003 1526 obligari
2017 1491 2091 1516 non
2132 1485 2229 1517 osset
2244 1491 2287 1517 ac
2302 1487 2405 1526 pater

1324 1535 1396 1560 non
1418 1529 1460 1560 ut
1482 1525 1605 1569 heres,
1640 1525 1704 1562 sed
1727 1529 1767 1561 ut
1789 1528 1893 1571 pater
1922 1525 2041 1570 rogari
2070 1492 2165 1561 viget
2211 1553 2219 1561 .
2266 1530 2302 1562 et
2323 1526 2403 1562 ideo

1324 1569 1355 1605 si
1377 1568 1452 1606 filio
1475 1573 1621 1623 rogatus
1644 1570 1692 1606 sit
1714 1574 1817 1615 pater
1838 1573 1922 1615 post
1943 1573 2093 1606 mortem
2109 1580 2222 1612 suam,
2247 1571 2342 1616 quod
2358 1572 2403 1606 ad

1324 1623 1363 1649 se
1385 1618 1546 1659 pervemt
1568 1624 1613 1650 ex
1635 1614 1752 1660 legato
1775 1614 1831 1650 vel
1853 1614 2050 1651 hereditate
2072 1614 2146 1651 filio
2169 1615 2314 1658 relictis,
2347 1626 2402 1652 re-

1324 1658 1471 1694 stituere
1493 1659 1595 1704 isque
1617 1660 1695 1695 vivo
1719 1664 1821 1705 patre
1844 1658 2004 1701 decedat,
2041 1659 2241 1696 omnimodo
2264 1665 2403 1706 patrem

1323 1703 1360 1738 id
1382 1707 1622 1756 retenturum,
1654 1704 1821 1749 quoniam
1843 1703 2154 1740 fideicommissum
2184 1715 2229 1741 ex
2250 1715 2405 1751 persona

1322 1752 1436 1793 patris
1459 1748 1552 1785 vires
1575 1749 1764 1795 acceperit.

1372 1790 1423 1829 12
1448 1792 1678 1829 Pom-omos
1705 1793 1795 1830 libro
1832 1794 1935 1828 tertio
1967 1793 2017 1829 ad
2038 1792 2210 1830 Sabinum
2258 1793 2297 1830 Si
2318 1794 2404 1830 mihi

1323 1841 1360 1873 et
1382 1837 1448 1874 tibi
1471 1838 1593 1874 eadem
1615 1849 1674 1875 res
1696 1839 1814 1884 legata
1836 1838 1955 1880 fuerit,
1986 1837 2112 1874 deinde
2136 1838 2192 1875 die
2214 1838 2322 1884 legati
2346 1850 2403 1876 ce-

1324 1882 1429 1918 dente
1452 1883 1556 1919 heres
1579 1883 1646 1919 tibi
1668 1884 1855 1926 exstitero,
1890 1882 2041 1918 liberum
2071 1883 2157 1919 mihi
2178 1893 2258 1920 esse
2279 1884 2403 1921 Labeo

1322 1927 1384 1970 ait,
1408 1938 1452 1963 ex
1475 1938 1553 1964 meo
1569 1927 1685 1973 legato
1709 1939 1755 1964 an
1778 1938 1823 1964 ex
1845 1939 1898 1970 eo,
1915 1927 2011 1973 quod
2034 1927 2099 1964 tibi
2120 1928 2224 1965 heres
2240 1928 2317 1973 sim,
2341 1929 2403 1965 ad·

1323 1972 1459 2017 quiram
1483 1972 1655 2018 legatum:
1683 1974 1715 2009 si
1736 1973 1893 2016 voluero,
1918 1983 1997 2008 eam
2020 1983 2095 2009 rem
2118 1983 2163 2009 ex
2185 1983 2263 2010 meo
2286 1973 2403 2020 legato

1323 2016 1370 2052 ad
1392 2028 1447 2053 me
1470 2018 1660 2063 pertinere,
1685 2022 1726 2053 ut
1747 2022 1826 2054 tota
1847 2028 1927 2054 mea
1941 2018 1999 2060 sit,
2025 2018 2092 2054 ”ex
2114 2017 2329 2055 hereditario
2352 2019 2402 2056 le-

1326 2065 1339 2096 1
1389 2065 1473 2107 gato
1515 2067 1637 2108 petere
1670 2074 1746 2099 eam
1805 2073 1895 2099 osse.
1951 2062 2127 2099 Proculus
2161 2063 2229 2105 ait,
2261 2063 2293 2100 si
2324 2064 2401 2110 quis

1322 2117 1443 2143 servos
1476 2118 1565 2152 quos
1600 2108 1759 2145 Gadibus
1817 2108 1940 2144 aberet
1969 2118 2011 2144 eo
2042 2111 2272 2151 testamento,
2309 2109 2403 2154 quod

1321 2151 1458 2187 Romae
1489 2153 1641 2189 moriens
1673 2153 1817 2195 fecerit,
1848 2152 1967 2188 triduo
1999 2163 2069 2197 quo
2100 2156 2260 2189 mortuus
2296 2153 2403 2190 fuerit

1321 2195 1488 2232 heredem
1511 2197 1597 2233 dare
1619 2198 1706 2233 mihi
1735 2197 1969 2235 damnaverit.
2000 2201 2117 2233 ratum
2147 2207 2226 2234 esse
2248 2197 2261 2233 l
2327 2202 2402 2234 tum

1323 2244 1342 2276 2
1390 2245 1426 2276 et
1449 2252 1494 2277 an
1545 2242 1632 2278 stias
1644 2242 1815 2288 temporis
1833 2242 1921 2277 nihil
1942 2242 2060 2287 legato
2075 2251 2216 2278 nocere.
2262 2208 2403 2288 Quia

1320 2285 1408 2321 iuris
1434 2286 1467 2321 ci
1490 2287 1498 2294 ”
1516 2287 1524 2294 “
1568 2291 1633 2329 est,
1665 2298 1756 2333 quae
1779 2287 1906 2327 efficit,
1937 2291 1978 2321 ut
2031 2287 2136 2323 uibus
2166 2287 2253 2332 ipsis
2284 2288 2403 2333 legare

1321 2331 2399 2421 3⁰⁸ffl¹²32¹¹gaffii⁰2¹z¹31s3ffiz¹zcmi-afflat⁰⁸33}¹¹33·

2177 2402 2186 2419 ‚
2386 2398 2399 2404 -

1320 2419 1391 2455 tari
1414 2430 1524 2456 causa
1545 2421 1790 2466 praecedentis
1821 2421 1927 2466 legati
1956 2420 2012 2456 vel
2035 2420 2092 2456 die
2114 2420 2170 2456 vel
2193 2421 2400 2458 condicione

1321 2464 1376 2500 vel
1391 2463 1430 2499 in
1451 2468 1567 2500 totum
1582 2465 1807 2511 ademptione
1817 2469 1945 2511 potest.
1990 2465 2053 2502 sed
2066 2465 2097 2501 si
2119 2465 2186 2501 sub
2199 2465 2271 2501 alia
2283 2470 2318 2502 et
2329 2467 2399 2502 alia

1322 2507 1530 2546 condicione
1545 2510 1699 2555 legatum
1715 2511 1917 2556 ademptum
1932 2514 1997 2555 est,
2021 2509 2212 2546 novissima
2222 2510 2399 2557 ademptio

1321 2554 1516 2599 spectanda
1539 2559 1605 2591 est.
1651 2555 1831 2591 interdum
1864 2559 1983 2590 tamen
2013 2555 2051 2590 in
2072 2554 2198 2600 legatis
2221 2565 2294 2591 non
2341 2566 2399 2592 os-

1319 2599 1447 2640 terior,
1480 2599 1544 2636 sed
1575 2600 1793 2645 praecedens
1823 2600 2002 2646 scriptura
2031 2598 2143 2635 valet:
2175 2609 2258 2636 nam
2349 2601 2400 2636 ita

1320 2643 1517 2689 scripsero:
1552 2645 1660 2690 ‘quod
1683 2645 1777 2681 Titio
1807 2644 1902 2681 infra
1923 2645 2104 2690 legavero,
2138 2644 2176 2680 id
2206 2654 2321 2690 neque
2353 2645 2399 2682 do

1321 2692 1445 2734 ‘neque
1461 2689 1564 2734 lego’,
1580 2689 1676 2735 quod
1686 2690 1780 2726 infra
1792 2690 1947 2735 legatum
1958 2689 2035 2731 erit,
2052 2699 2125 2725 non
2139 2689 2281 2726 valebit.
2315 2700 2399 2726 nam

1319 2737 1356 2769 et
1378 2743 1459 2769 eum
1482 2744 1692 2777 sermonem,
1717 2746 1786 2780 quo
1802 2734 2004 2780 praesentia
2023 2734 2140 2779 legata
2154 2733 2239 2770 data
2252 2734 2291 2770 in
2306 2734 2398 2771 diem

1318 2778 1563 2824 proferuntur,
1580 2779 1626 2815 ad
1640 2783 1767 2825 postea
1805 2789 1922 2825 uoque
1938 2779 2073 2833 scripta
2087 2779 2206 2824 legata
2219 2779 2398 2825 pertinere

1318 2823 1473 2903 placuit.l
1512 2824 1675 2903 {oluntas
1688 2835 1772 2870 ergo
1799 2825 1880 2864 acit,
1893 2823 1988 2870 quod
2003 2835 2040 2860 m
2055 2827 2267 2860 testamento
2284 2824 2397 2870 εει-ἰρ-

1335 2879 1394 2903 ιιιιι
1417 2878 1460 2903 va
1475 2878 1517 2904 ea
1535 2896 1543 2904 .

1367 2910 1416 2951 13
1441 2913 1548 2948 lom!
1567 2913 1657 2950 libro
1681 2918 1811 2959 quarto
1835 2913 1885 2948 ad
1906 2912 2079 2949 Sabinum
2127 2912 2215 2948 Cum
2237 2912 2395 2949 incertus

1317 2958 1424 2994 homo
1445 2958 1459 2993 1
1503 2962 1584 2994 atus
1607 2957 1674 2994 tibi
1689 2962 1791 3000 esset,
1816 2958 1917 2994 heres
1942 2957 2101 2993 Stichum
2116 2966 2219 2993 servo
2242 2961 2305 2993 tuo
2321 2960 2395 2993 tra-

1317 3002 1417 3038 didit.
1499 3003 1631 3039 eratius
1655 3003 1857 3048 respondit,
1890 3003 1920 3038 si
1950 3002 2132 3039 voluntate
2166 3001 2299 3038 domini
2321 3006 2395 3038 tra·

1317 3047 1406 3083 didit
1428 3048 1483 3083 vel
1506 3052 1623 3083 ratum
1646 3047 1715 3083 hoc
1739 3047 1900 3083 dominus
1924 3046 2106 3088 habuerit,
2140 3045 2288 3092 perinde
2311 3057 2393 3082 eum

1315 3093 1515 3135 liberatum,
1540 3096 1646 3138 atque
1669 3092 1700 3128 si
1724 3092 1865 3129 Stichus
1879 3094 1906 3115 ¹¹
1929 3092 2064 3137 legatus
2088 3093 2193 3127 esset.

1365 3135 1415 3174 14
1447 3136 1640 3173 [liptanas
1671 3137 1762 3173 libro
1797 3138 1922 3190 quinto
1964 3136 2099 3173 decimo
2134 3135 2184 3171 ad
2222 3134 2394 3172 Sabinum

1316 3182 1354 3218 Si
1373 3182 1424 3217 ita
1441 3181 1489 3217 sit
1507 3181 1744 3227 adscriptum:
1769 3185 1811 3218 ‘s1
1827 3181 1885 3218 cui
1895 3181 2056 3227 legavero
2073 3180 2140 3222 bis,
2165 3180 2274 3217 semel
2291 3181 2394 3217 heres

1315 3227 1361 3264 ‘ei
1383 3226 1478 3262 dato'
1502 3226 1557 3262 vel
1580 3230 1632 3261 ‘ut
1655 3227 1764 3263 semel
1779 3226 1972 3267 debeatur’,
1997 3228 2033 3260 et
2049 3225 2162 3261 eidem
2178 3225 2266 3262 duas
2284 3236 2393 3271 quan-

1313 3272 1434 3308 titates
1457 3270 1689 3324 adscripserit
1711 3272 1766 3308 vel
1787 3271 1877 3307 duos
1899 3269 2041 3312 fundos,
2065 3279 2112 3305 an
2127 3273 2317 3315 utrumque
2333 3269 2393 3306 de·

1313 3316 1465 3353 beatur?
1489 3319 1525 3351 et
1548 3320 1598 3351 ait
1613 3316 1734 3353 Aristo
1750 3326 1860 3352 unum
1874 3314 1985 3351 videri
2003 3314 2177 3360 legatum:
2201 3324 2283 3350 nam
2299 3314 2394 3368 quod

1314 3361 1516 3406 ademptum
1541 3364 1606 3403 est,
1631 3371 1697 3397 nec
1720 3361 1841 3396 datum
1871 3359 1982 3395 videri
2013 3359 2208 3395 secundum
2232 3358 2327 3395 coln
2359 3363 2395 3395 et

1315 3487 1377 3508 ser.
1391 3477 1426 3506 at
1434 3486 1497 3517 pro
1510 3484 1548 3507 ao
1562 3482 1619 3508 aut
1631 3481 1705 3508 ante
1717 3484 1756 3507 ao
1767 3473 1938 3507 secundum
1953 3472 2096 3507 Graecos
2108 3473 2213 3507 insere
2224 3472 2307 3506 talia
2315 3485 2327 3506 .-
2339 3482 2392 3504 ce·

1315 3522 1423 3552 terum
1435 3518 1725 3552 fideicommissum
1734 3522 1891 3551 extraneo
1904 3518 1952 3549 ita
1961 3517 2113 3550 relictum
2122 3517 2209 3550 vires
2218 3517 2311 3560 oepit
2323 3527 2391 3549 nou

1315 3574 1354 3597 ex
1367 3563 1515 3607 ipsorum
1528 3574 1671 3607 persona
1679 3589 1689 3607 ‚
1712 3573 1852 3606 quorum
1872 3562 1948 3595 fidei
1966 3562 2180 3595 commissum
2193 3565 2259 3601 est,
2282 3561 2339 3594 sed
2351 3570 2393 3594 ex

1314 3618 1455 3651 persona
1467 3608 1530 3641 filii
1542 3608 1688 3642 familias
1700 3607 1752 3641 vel
1764 3608 1849 3640 servi
1921 3610 1964 3648 (9)
1989 3610 2045 3639 sed
2059 3610 2091 3639 et
2105 3608 2165 3640 ins.
2234 3607 2296 3647 (ιο)
2314 3616 2392 3649 pos·

1313 3653 1415 3686 simus
1427 3665 1489 3687 ser.
1582 3654 1638 3695 (u)
1663 3652 1810 3686 sctichus
1825 3653 1857 3685 F
