2528 3918
190 98 396 143 XXI-113

191 224 213 258 ὅ
261 230 403 266 quoque
425 217 637 265 proiecticia
659 217 808 254 videtur.
856 217 894 254 Si
916 221 1020 264 pater
1042 217 1285 264 repudiaverit

192 266 427 303 hereditatem
462 263 555 299 dotis
590 262 864 300 constituendae
898 273 1010 299 causa
1048 262 1154 303 (forte
1188 262 1285 309 quod

190 311 339 348 maritus
363 312 442 346 erat
463 307 679 344 substitutus
710 311 774 344 aut
803 308 864 355 qui
944 308 1013 344 tuit
1043 308 1089 344 ab
1112 308 1283 344 intestato

190 355 424 393 hereditatem
446 353 654 397 vindicare),
676 353 795 389 dotem
825 364 890 399 pro
908 353 1070 389 ecticiam
1100 364 1174 389 non
1205 363 1284 390 esse

190 401 349 437 Iulianus
381 400 443 435 ait.
475 398 540 435 sed
570 401 606 434 et
635 398 668 435 si
694 398 850 444 legatum
880 398 917 434 in
950 397 1021 434 hoc
1043 398 1285 444 repudiaverit

190 450 305 492 pater,
340 449 382 480 ut
414 443 512 490 apud
552 453 720 489 generum
763 443 929 480 heredem
962 447 1148 480 remaneat
1191 443 1283 480 dotis

191 489 462 527 constituendae
485 498 608 533 causa,
630 487 790 524 Iulianus
821 488 953 534 probat
983 499 1056 524 non
1088 498 1166 525 esse
1198 499 1282 535 pro-

188 535 326 572 fectum
347 535 386 571 id
409 535 453 570 de
475 534 591 578 bonis,
615 533 701 587 quia
723 534 810 569 nihil
834 533 990 578 erogavit
1010 533 1055 570 de
1078 544 1144 570 suo
1168 537 1283 580 pater,

191 584 211 618 6
258 580 322 617 sed
355 590 429 616 non
464 578 662 626 adquisivit.
722 578 760 614 Si
820 582 898 613 ater
931 588 1004 614 non
1035 579 1138 625 quasi
1168 583 1282 625 pater,

190 625 276 662 sed¹
301 625 371 661 alio
396 625 516 661 dotem
564 624 768 661 romittente
792 590 817 658 ξ

189 671 308 707 iussor
341 670 506 714 solverit,
577 670 709 706 eratius
745 669 795 704 ait
826 678 898 704 non
929 678 1009 705 esse
1038 668 1284 715 profecticiam

190 716 321 759 dotem,
346 715 505 762 quamvis
555 718 633 751 ater
664 724 806 750 servare
837 723 860 749 a
890 724 952 749 reo
983 713 1022 749 id
1052 714 1150 767 quod
1179 714 1286 750 solvit

190 764 209 796 7
257 772 330 797 non
353 760 479 807 possit.
532 760 587 797 'ed
609 760 640 796 si
663 763 766 805 pater
789 758 909 794 dotem
932 759 1096 804 promisit
1126 762 1162 795 et
1195 759 1283 795 fide-

188 806 363 843 iussorem
385 806 442 842 vel
463 816 564 842 reum
579 816 645 851 pro
666 815 705 840 se
730 804 837 846 dedit,
859 814 922 849 ego
935 807 1023 850 puto
1039 804 1285 850 profecticiam

190 861 269 888 esse
292 851 430 888 dotem:
462 850 598 887 sufficit
627 850 738 892 enim,
795 849 869 885 uod
899 853 1004 895 pater
1037 849 1085 885 sit
1107 850 1284 894 obligatus

190 899 210 932 8
258 897 331 933 sive
353 906 416 933 reo
440 896 514 932 sive
536 895 747 932 fideiussori.
810 894 823 930 i
845 893 940 930 filius
962 893 1117 930 familias
1140 898 1283 930 mutua-

188 946 248 978 tus
281 941 492 978 creditorem
523 940 713 993 delegavit,
745 943 800 992 ut·
817 939 918 975 daret
947 950 1013 993 pro
1046 939 1121 975 filia
1152 940 1283 983 dotem,

187 987 243 1023 vel
267 987 375 1023 etiam
397 987 475 1068 iffe
498 990 639 1032 accepit
662 988 698 1020 et
722 984 829 1028 dedit,
853 985 964 1020 videri
998 984 1116 1020 dotem
1146 985 1191 1021 ab
1216 996 1282 1021 avo

818 623 967 659 deiussit
990 627 1026 659 et
1060 623 1164 670 quasi
1195 624 1283 659 fide-

187 1031 387 1114 grofectam
446 1032 579 1067 eratius
603 1031 654 1066 ait
677 1030 867 1083 hactenus,
886 1033 1062 1083 quatenus
1083 1041 1171 1083 avus
1189 1034 1284 1084 esset

213 1081 377 1114 otaturus
412 1087 458 1112 ne
483 1081 556 1112 tem
585 1086 710 1111 suam:
751 1075 789 1110 ld
812 1086 905 1110 emm
935 1086 973 1110 ιιι
996 1086 1072 1111 rem
1095 1085 1152 1111 avi
1176 1076 1285 1111 videri

188 1125 209 1159 9
254 1133 408 1158 versum.
481 1122 494 1157 i
518 1121 596 1167 quis
621 1125 756 1156 certam
780 1120 1018 1165 quantitatem
1049 1121 1145 1166 patri
1169 1121 1281 1156 dona-

186 1168 278 1204 verit
306 1168 369 1210 ita,
401 1172 442 1203 ιιι
472 1167 567 1203 hanc
598 1176 665 1212 pro
697 1165 771 1201 filia
803 1165 923 1208 daret,
956 1176 1029 1201 non
1061 1175 1139 1201 esse
1163 1166 1282 1201 dotem

186 1212 433 1259 profecticiam
452 1212 611 1247 Iulianus
630 1211 722 1246 libro
742 1211 892 1256 septimo
915 1210 1051 1246 decimo
1065 1210 1282 1256 digestorum

187 1258 258 1294 scri
284 1258 349 1293 sit:
380 1257 575 1293 obstrictus
596 1260 650 1292 est
670 1256 762 1292 enim
781 1259 823 1290 ut
835 1256 895 1291 det
908 1259 983 1298 aut,
996 1255 1027 1291 si
1046 1267 1119 1291 non
1132 1256 1280 1299 dederit,

187 1313 256 1339 con
284 1303 413 1339 'ctione
439 1306 588 1338 tenetur.
623 1302 694 1337 hoc
730 1305 765 1336 et
795 1301 833 1336 in
867 1305 981 1336 matre
1004 1301 1092 1336 iuris
1117 1311 1195 1337 esse
1218 1302 1281 1345 ait,

187 1348 219 1384 si
241 1348 335 1384 forte
357 1348 425 1383 sub
451 1358 494 1383 ea
518 1346 727 1383 condicione
750 1357 843 1382 uxor
866 1346 994 1382 marito
1028 1346 1107 1389 det,
1140 1350 1183 1382 ut
1213 1357 1280 1392 pro

185 1393 260 1429 filia
282 1403 413 1439 genero
437 1393 475 1427 in
499 1392 618 1428 dotem
635 1391 748 1431 daret,
769 1401 834 1426 nec
854 1391 966 1427 videri
984 1402 1133 1427 uxorem
1152 1392 1280 1428 marito

186 1439 341 1474 donasse
371 1438 569 1473 rectissime
593 1437 701 1483 ergo2
725 1437 793 1479 ait,
827 1440 868 1471 ut
898 1447 971 1472 non
1011 1437 1058 1472 sit
1091 1437 1282 1473 interdicta

186 1483 332 1519 donatio
356 1483 434 1519 iure
459 1482 569 1518 civili:
609 1493 682 1518 non
717 1481 809 1517 enim
841 1481 888 1516 ad
911 1482 981 1517 hoc
1006 1481 1115 1525 dedit,
1139 1486 1182 1517 ut
1203 1482 1281 1528 ipse

185 1529 328 1571 habeat,
354 1528 418 1564 sed
440 1532 482 1564 ut
503 1538 633 1573 genero
658 1538 724 1572 pro
748 1526 823 1561 filia
847 1526 1045 1572 expendat:
1072 1526 1154 1563 deni
1179 1537 1226 1563 ue
1249 1527 1280 1563 si

184 1584 258 1609 uon
282 1573 438 1615 dederit,
471 1572 698 1609 condictione
732 1575 885 1607 tenetur.
922 1582 1001 1607 esse
1031 1572 1140 1617 igitur
1186 1576 1281 1608 otem

191 1622 228 1654 10
275 1619 380 1654 istam
405 1618 641 1654 adventiciam
663 1617 822 1652 Iulianus
847 1617 915 1652 ait:
940 1621 976 1653 et
994 1617 1046 1652 ita
1064 1617 1207 1653 utimur.
1244 1617 1282 1653 Si

187 1663 281 1699 filius
303 1663 459 1699 familias
483 1663 602 1699 dotem
626 1663 829 1709 promiserit
863 1662 924 1698 et⁸
955 1662 1011 1698 sui
1042 1662 1130 1698 iuris
1160 1662 1281 1699 factus

185 1709 333 1752 dederit,
357 1709 605 1754 profecticiam
629 1718 707 1744 esse
730 1707 868 1743 dotem:
892 1718 967 1743 non
986 1707 1080 1743 enim
1098 1718 1163 1754 pro
1178 1708 1280 1743 here-

186 1754 298 1790 ditate
321 1755 434 1799 patris
455 1764 516 1790 aes
537 1754 692 1788 alienum
714 1753 828 1795 solvit,
843 1752 906 1788 sed
926 1763 1030 1788 suum
1050 1763 1111 1788 aes
1127 1753 1282 1788 alienum

185 1810 289 1835 susce
314 1804 391 1834 tum
404 1826 413 1842 ‚
446 1799 531 1835 dum
562 1799 656 1834 filius
687 1798 841 1833 familias
874 1802 978 1840 esset,
998 1801 1106 1850 pater
1127 1798 1281 1834 familias

190 1848 225 1879 11
291 1849 394 1880 actus
419 1844 634 1880 exoneravit.
683 1843 720 1879 Si
742 1847 846 1888 pater
868 1853 934 1888 pro
957 1842 1032 1878 fiha
1056 1843 1281 1889 emancipata

185 1889 304 1925 dotem
336 1889 491 1932 dederit,
515 1888 762 1934 profecticiam
785 1888 894 1924 nihilo
918 1888 1035 1924 minus
1060 1888 1179 1924 dotem
1204 1899 1281 1924 esse

185 1935 316 1970 nemini
340 1935 487 1970 dubium
511 1939 574 1977 est,
601 1934 685 1979 quia
707 1944 780 1969 non
803 1934 859 1969 ius
882 1933 1097 1978 potestatis,
1129 1934 1192 1970 sed
1214 1944 1279 1979 pa-

184 1981 296 2015 rentis
338 1990 468 2015 nomen
511 1980 650 2014 dotem⁴
708 1978 929 2014 rofecticiam
959 1978 1068 2014 facit:
1130 1979 1194 2014 sed
1228 1979 1280 2014 ita

185 2025 346 2066 demum,
379 2026 410 2060 si
441 2028 482 2059 ut
512 2035 643 2069 parens
701 2024 830 2059 ederit:
864 2027 1020 2059 ceterum
1045 2024 1086 2066 si,
1112 2035 1194 2060 cum
1218 2024 1279 2059 de-

184 2070 286 2105 beret
308 2069 413 2112 filiae,
440 2069 624 2105 voluntate
649 2070 724 2104 eius
748 2068 857 2111 dedit,
882 2069 1082 2104 adventicia
1116 2069 1180 2105 dos
1212 2073 1277 2105 est.

187 2118 229 2150 12
277 2114 499 2160 Papinianus
529 2115 621 2149 libro
654 2114 790 2149 decimo
823 2114 1072 2159 quaestionum
1103 2114 1165 2156 ait,
1198 2125 1279 2149 cum

184 2163 290 2206 pater
314 2164 460 2195 curator
483 2170 571 2195 suae
594 2159 688 2194 filiae
710 2159 797 2194 iuris
822 2159 878 2194 sui
902 2158 1051 2194 effectae
1071 2158 1190 2194 dotem
1214 2170 1278 2204 pro

185 2215 230 2241 ea
260 2205 521 2246 constituisset,
553 2205 664 2249 magis
696 2214 776 2239 eum
809 2203 913 2249 quasi
944 2207 1083 2249 patrem
1112 2204 1150 2239 id
1197 2215 1280 2239 uam

187 2253 229 2286 13
277 2250 381 2295 quasi
417 2253 617 2285 curatorem
651 2249 794 2291 fecisse
814 2248 937 2284 videri.
996 2249 1155 2284 Iulianus
1203 2249 1279 2285 'bro

184 2306 279 2332 nono
306 2295 442 2330 decimo
467 2294 502 2330 di
527 2298 684 2330 estorum
715 2293 922 2339 adoptivum
954 2304 1097 2346 quoque
1127 2298 1278 2339 patrem,

184 2340 228 2420 113i4
244 2341 323 2421 ipsse
354 2339 474 2392 dotem
531 2339 603 2419 e<liiit
611 2341 636 2381 ⁵,
661 2339 795 2419 lfflerg
814 2338 909 2420 tgius
941 2339 1186 2419 repetitiotnertn
1217 2340 1277 2375 ait.

302 2396 316 2420 1
362 2395 417 2420 uis
467 2396 508 2421 ro
534 2395 555 2420 a
583 2395 650 2420 ena
725 2394 747 2419 a
791 2394 812 2419 ο
850 2395 885 2419 ιιι
934 2394 1094 2419 romisen
1134 2395 1154 2420 e
1193 2395 1277 2429 pro-

183 2430 324 2466 missori
339 2396 471 2475 qpateli·
510 2430 614 2465 heres
658 2429 855 2471 exstiterit,
908 2429 1051 2464 ulianus
1094 2429 1279 2475 distinguit

183 2475 366 2518 interesse,
398 2479 482 2511 ante
512 2475 657 2520 nuptias
684 2478 788 2520 pater
813 2474 918 2509 heres
946 2474 1122 2510 exstiterit
1151 2478 1187 2510 et
1215 2474 1277 2510 do·

183 2525 256 2556 tem
290 2520 428 2556 dederit
458 2531 506 2556 an
529 2524 676 2565 postea:
708 2519 739 2555 si
762 2522 865 2562 ante,
890 2518 1000 2555 videri
1023 2519 1141 2555 dotem
1164 2520 1210 2555 ab
1236 2530 1278 2555 eo

183 2565 382 2611 profectam
418 2566 548 2611 (potuit
582 2565 674 2600 enim
708 2565 873 2600 nuntium
914 2564 1127 2600 remittendo
1167 2565 1277 2600 resol-

183 2620 266 2690 tvere
300 2610 451 2653 dotem),
487 2610 584 2656 quod
619 2611 650 2646 si
683 2614 767 2655 post
801 2610 957 2655 nuptias,
990 2620 1063 2645 non
1087 2619 1165 2646 esse
1193 2620 1277 2656 pro-

200 2656 373 2691 ecticiam.

231 2697 256 2737 6
282 2699 511 2736 POMPONIUS
542 2700 633 2736 libro
670 2703 801 2745 quarto
846 2699 983 2736 decimo
1019 2698 1069 2733 ad
1103 2697 1278 2734 Sabinum

184 2744 268 2780 Iure
291 2755 501 2781 succursum
526 2749 580 2780 est
603 2745 708 2790 patri,
732 2748 774 2780 ut
795 2744 870 2780 filia
894 2745 1026 2780 amissa
1049 2743 1174 2779 solacii
1196 2743 1276 2779 loco

186 2789 338 2831 cederet,
363 2790 393 2825 si
416 2790 623 2825 redderetur
647 2789 680 2826 ei
704 2789 769 2825 dos
793 2790 839 2825 ab
863 2790 941 2835 ipso
965 2789 1149 2835 profecta,
1173 2799 1219 2824 ne
1243 2792 1279 2824 et

188 2838 204 2871 1
254 2834 349 2870 filiae
380 2836 532 2870 amissae
563 2840 598 2870 et
629 2835 804 2880 pecuniae
834 2834 1004 2870 damnum
1034 2834 1192 2869 sentiret.
1240 2833 1278 2869 Si

184 2883 289 2925 pater
320 2879 473 2914 alienum
506 2880 658 2915 fundum
687 2880 785 2915 bona
815 2879 885 2915 fide
916 2883 1074 2925 emptum
1097 2879 1135 2914 in
1159 2879 1278 2915 dotem

185 2928 206 2960 2
255 2924 362 2966 dedit,
387 2924 433 2959 ab
457 2926 535 2969 ipso
559 2925 744 2970 profectus
775 2925 1001 2970 intellegitur.
1058 2923 1096 2959 Si
1126 2924 1163 2959 in
1194 2924 1278 2960 dote

186 2969 305 3006 danda
328 2969 587 3005 circumventus
611 2970 658 3005 sit
681 2970 861 3012 alteruter,
887 2970 993 3006 etiam
1016 2969 1143 3005 maiori
1173 2969 1277 3005 annis

186 3014 307 3060 viginti
325 3014 482 3065 quinque
502 3014 782 3050 succurrendum
802 3018 868 3057 est,
887 3015 972 3060 quia
990 3015 1085 3050 bono
1107 3017 1143 3049 et
1161 3024 1204 3050 ae
1229 3024 1276 3050 uo

185 3070 259 3095 non
282 3062 472 3095 conveniat
495 3063 557 3094 aut
579 3059 713 3095 lucrari
735 3060 888 3105 aliquem
913 3071 995 3096 cum
1026 3059 1156 3095 damno
1224 3063 1277 3095 te-

185 3105 259 3140 rius
283 3108 347 3140 aut
370 3103 538 3139 damnum
563 3105 693 3139 sentire
714 3115 781 3157 per
804 3105 951 3140 alterius
975 3105 1126 3140 lucrum.

231 3146 255 3186 7
288 3148 483 3185 mmmm
490 3149 581 3184 libro
595 3150 776 3195 triqeszmo
781 3151 905 3196 primo
918 3149 1149 3186 adSabinum
1171 3149 1277 3185 Dotis

184 3194 342 3230 fructum
373 3193 421 3229 ad
450 3193 617 3228 maritum
647 3195 826 3238 pertinere
858 3195 988 3231 debere
1010 3194 1171 3239 aequitas
1195 3204 1276 3239 sug-

184 3240 292 3284 gerit:
313 3249 396 3274 cum
407 3238 501 3274 enim
519 3238 598 3318 gilae
618 3248 728 3274 onera
740 3240 955 3276 matrimonii
973 3239 1110 3282 subeat,
1124 3249 1277 3284 aequum

188 3288 202 3319 1
242 3288 297 3320 est
309 3294 390 3319 eum
401 3284 507 3319 etiam
579 3287 657 3318 ctus
670 3285 768 3328 perci
796 3294 863 3320 ere.
890 3284 928 3320 Si
939 3283 1080 3320 fructus
1089 3287 1277 3320 constante

185 3329 411 3365 matrimonio
441 3327 602 3374 percepti
632 3328 720 3370 sint,
777 3330 845 3365 otis
878 3340 952 3365 non
975 3334 1099 3366 erunt:
1140 3329 1171 3365 si
1193 3339 1276 3365 vero

185 3378 269 3410 ante
292 3373 436 3420 nuptias
459 3372 619 3419 percepti
640 3372 784 3415 fuerint,
808 3375 846 3409 in
870 3375 988 3410 dotem
1009 3377 1275 3410 convertuntur.

185 3419 254 3455 nisi
275 3418 371 3455 forte
394 3418 554 3464 aliquid⁶
587 3417 680 3453 inter
703 3418 868 3454 maritum
906 3419 1069 3455 futurum
1099 3422 1135 3454 et
1167 3417 1276 3454 desti·

184 3467 307 3500 natam
330 3474 478 3499 uxorem
501 3462 684 3499 convenit:
716 3466 803 3498 tunc
828 3464 919 3499 enim
951 3464 1054 3509 quasi
1084 3463 1276 3499 donatione

185 3511 206 3544 2
251 3508 352 3545 facta
375 3508 518 3544 fructus
542 3518 615 3544 non
637 3506 848 3543 redduntur.
897 3508 934 3544 Si
965 3519 1052 3544 usus
1074 3508 1216 3544 fructus
1238 3508 1276 3544 in

805 3622 849 3661 (2)
874 3631 953 3663 ergo
966 3622 1029 3655 del.

843 3667 887 3707 (5)
911 3666 1042 3699 dederit
1053 3666 1107 3699 F²
1229 3668 1273 3708 (6)

877 3712 921 3751 (8)
946 3711 1059 3743 statim
1080 3711 1152 3745 eius
1172 3712 1274 3745 etiam

186 3623 226 3663 (ι)
250 3632 315 3654 ιιοιι
331 3622 425 3665 quasi
441 3624 538 3664 pater
548 3620 607 3655 sed
619 3621 681 3655 ἀεὶ.

186 3666 230 3708 (4)
255 3666 405 3700 debitum
419 3668 453 3700 F
459 3667 480 3707 ¹,
495 3666 642 3700 dobitem
656 3665 714 3700 F*

185 3710 281 3743 suad
293 3712 374 3745 Ηαι.
493 3715 535 3754 (τ)
560 3711 672 3745 dotem
684 3712 759 3746 aaa

1275 93 1360 144 3⁰0

1130 3624 1171 3662 (8)
1197 3625 1236 3655 ut
1246 3622 1282 3656 F

2246 111 2308 144 nn
2335 113 2442 152 mm}

1353 217 1473 254 dotem
1503 216 1609 255 datus
1637 218 1703 262 sit,
1733 218 1936 263 videamus,
1960 223 2080 256 utrum
2102 219 2244 257 frum
2267 221 2442 259 reddendi

1352 265 1438 299 sunt
1467 273 1534 299 nec
1563 273 1620 300 ne.
1652 267 1689 300 et
1713 262 1837 301 Celsus
1868 265 1959 301 libro
1989 264 2127 301 decimo
2152 265 2367 311 digestorum
2391 268 2443 303 ait

1351 308 1534 351 interesse,
1557 308 1655 362 quid·
1666 309 1738 345 acti
1761 309 1819 362 sit,
1843 314 1880 346 et
1901 310 1970 346 nisi
1993 314 2169 356 appareat
2186 310 2285 347 aliud
2308 316 2441 356 actum,

1351 356 1481 434 {utare
1503 362 1543 389 se
1564 363 1622 390 ius
1644 364 1762 399 ipsum
1783 365 1822 390 ιιι
1845 355 1928 391 dote
1952 365 2041 398 esse,
2066 365 2139 391 non
2163 356 2270 392 etiam
2301 355 2442 394 fructus

1421 397 1482 451 qui
1503 398 1772 444 percipiuntur.';
1796 398 1835 435 Si
1856 410 1914 436 res
1937 401 1974 436 in
1998 400 2106 436 dote⁷
2130 399 2269 443 dentur,
2292 405 2381 447 puto
2404 403 2443 438 in

1352 442 1454 479 bonis
1477 443 1596 479 mariti
1618 443 1696 479 fieri
1718 444 2029 491 accessionemque
2050 446 2222 491 temporis
2245 447 2372 482 marito
2398 458 2442 483 ex

1351 497 1508 533 persona
1525 488 1681 525 mulieris
1700 489 1975 526 concedendam.
1995 489 2087 526 fiunt
2106 494 2225 526 autem
2243 501 2301 527 res
2314 492 2440 535 mariti,

1352 532 1384 585 si
1407 536 1595 569 constante
1618 534 1843 571 matrimonio
1865 535 1904 571 in
1928 535 2046 571 dotem
2070 535 2210 571 dentur.
2236 536 2322 581 quid
2346 547 2438 582 ergo,

1352 588 1383 613 ει
1406 582 1491 630 ante
1513 578 1799 616 matrimonium?
1829 580 1861 617 si
1883 581 2025 626 quidem
2048 580 2100 616 sic
2123 580 2220 616 dedit
2240 581 2377 623 mulier,
2402 584 2438 619 ut

1352 626 1474 658 statim
1504 623 1581 659 eius
1604 623 1705 667 fiant,
1729 623 1975 661 efficiuntur⁸t
2001 625 2177 662 enimvero
2209 626 2240 661 si
2262 626 2332 662 hac
2357 637 2441 662 con-

1353 667 1493 704 dicione
1517 668 1624 712 dedit,
1648 673 1690 704 ut
1712 672 1798 706 tunc
1822 669 2036 713 efficiantur,
2062 681 2144 706 cum
2166 671 2341 716 nupserit,
2366 672 2443 707 sine

1353 712 1462 749 dubio
1498 713 1657 749 dicemus
1688 717 1776 751 tunc
1807 715 1883 751 eius
1915 715 2013 758 fieri,
2039 726 2120 751 cum
2143 716 2290 761 nuptiae
2311 715 2444 752 fuerint

1353 762 1510 794 secutae.
1557 758 1708 804 proinde
1748 760 1780 796 si
1821 760 1916 796 forte
1959 761 2107 806 nuptiae
2139 771 2214 797 non
2247 765 2445 807 sequantur

1352 803 1476 856 nuntio
1500 804 1660 847 remisso,
1684 805 1716 840 si
1738 805 1879 850 quidem
1903 805 1955 841 sic
1979 805 2076 841 dedit
2098 805 2234 848 mulier,
2258 810 2301 842 ut
2323 806 2444 842 statim

1352 858 1418 884 vm
1451 859 1509 884 res
1544 847 1653 892 fiant,
1690 850 1876 886 condicere
1906 860 1967 886 eas
1998 850 2142 886 debebit
2163 851 2273 887 misso
2296 851 2442 887 nuntio:

1353 893 1529 930 enimvero
1565 894 1597 929 si
1632 894 1684 930 sic
1718 894 1834 938 dedit,
1869 899 1911 931 ut
1945 895 2078 931 secutis
2112 906 2162 931 nu
2188 895 2246 932 tiis
2270 896 2445 942 incipiant

1353 948 1443 981 esse,
1467 939 1593 975 nuntio
1617 939 1764 976 remisso
1795 940 1918 976 statim
1942 950 2003 976 eas
2026 940 2168 976 vindica
2192 941 2231 976 it.
2265 940 2329 977 sed
2359 944 2445 977 ante

1352 984 1517 1020 nuntium
1557 985 1743 1020 remissum
1784 985 1815 1021 si
1852 985 2066 1029 vindicabit,
2104 986 2266 1031 exceptio
2309 986 2445 1040 poterit

1352 1039 1483 1065 nocere
1506 1029 1702 1066 vindicanti
1725 1034 1789 1066 aut
1813 1030 1886 1066 doli
1908 1035 1972 1066 aut
1995 1031 2034 1066 in
2054 1030 2210 1067 factum:
2244 1031 2320 1067 dou
2351 1032 2444 1068 enim

1353 1074 1531 1110 destinata
1555 1085 1628 1110 non
1651 1075 1832 1111 debebunt
1854 1076 2037 1111 vindicari.

1398 1115 1422 1156 8
1451 1119 1738 1156 CALLISTRATUS
1765 1121 1856 1156 libro
1887 1121 2044 1157 secundo
2077 1121 2327 1167 quaestionum
2373 1120 2445 1157 Sed

1350 1164 1420 1200 nisi
1442 1164 1513 1200 hoc
1537 1164 1716 1201 evidenter
1748 1170 1869 1201 actum
1898 1165 2026 1209 fuerit,
2059 1165 2274 1202 credendum
2297 1170 2352 1202 est
2373 1166 2444 1203 hoc

1351 1209 1418 1255 agi,
1443 1213 1485 1245 ut
1507 1210 1629 1246 statim
1650 1220 1709 1246 res
1728 1211 1850 1257 sponsi
1868 1210 1960 1246 fiant
1978 1214 2024 1254 et,
2044 1211 2113 1247 nisi
2132 1211 2277 1257 nuptiae
2298 1215 2446 1248 secutae

1351 1254 1496 1298 fuerint,
1520 1255 1728 1291 reddantur.

1397 1297 1422 1338 9
1453 1299 1650 1337 Uipsanas
1683 1301 1775 1337 libro
1811 1301 1995 1348 triqesae‘mo
2030 1301 2154 1348 primo
2189 1300 2240 1337 ad
2269 1299 2444 1337 Sabinum

1351 1344 1390 1380 Si
1413 1355 1476 1391 ego
1502 1344 1604 1381 Seiae
1626 1356 1684 1382 res
1704 1345 1848 1389 dedero,
1868 1350 1910 1382 ut
1927 1346 2007 1392 ipsa
2027 1356 2092 1382 suo
2105 1346 2247 1382 nomine
2265 1346 2303 1381 in
2323 1346 2443 1382 dotem

1351 1390 1421 1434 det,
1447 1390 1648 1426 efficientur
1679 1391 1774 1434 eius,
1806 1391 1891 1427 licet
1913 1402 1987 1427 non
2017 1391 2055 1426 in
2079 1391 2198 1427 dotem
2221 1391 2292 1426 sint
2317 1390 2441 1427 datae:

1350 1435 1414 1471 sed
1446 1436 1671 1472 condictione
1700 1436 1890 1472 tenebitur.
1927 1436 2023 1482 quod
2055 1436 2086 1472 si
2115 1447 2182 1482 pro
2215 1446 2259 1472 ea
2287 1446 2346 1472 res
2378 1446 2443 1482 ego

1351 1480 1443 1524 dem,
1468 1481 1499 1517 si
1522 1481 1663 1526 quidem
1686 1485 1770 1517 ante
1787 1482 1944 1527 nuptias,
1967 1482 2117 1517 interest
2140 1492 2211 1527 qua
2232 1481 2443 1518 condicione

1351 1525 1444 1569 dedi,
1480 1530 1602 1561 utrum
1635 1530 1677 1562 ut
1711 1527 1833 1562 statim
1865 1526 1955 1562 fiant
1989 1527 2198 1572 accipientis
2230 1537 2278 1562 an
2309 1527 2442 1563 secutis

1349 1571 1501 1617 nuptiis:
1535 1571 1566 1607 si
1589 1571 1722 1614 statim,
1747 1572 1871 1607 nuntio
1902 1572 2010 1608 misso
2043 1571 2246 1607 condicam:
2279 1571 2335 1607 sin
2358 1581 2441 1608 vero

1350 1627 1422 1652 non
1458 1616 1589 1659 statim,
1624 1620 1750 1662 potero
1785 1617 1986 1660 vindicare,
2023 1617 2107 1662 quia
2139 1627 2240 1653 meae
2262 1627 2320 1652 res
2344 1620 2439 1652 sunt.

1350 1672 1462 1707 quare
1485 1665 1521 1697 et
1544 1662 1575 1697 si
1598 1662 1699 1707 sequi
1722 1662 1869 1707 nuptiae
1886 1673 1959 1698 non
1982 1665 2135 1708 possunt
2153 1665 2301 1708 propter
2318 1662 2442 1697 matri-

1349 1707 1459 1743 monii
1490 1706 1795 1750 interdictionem,
1827 1718 1872 1743 ex
1909 1707 2107 1760 posteriore
2138 1717 2225 1743 casu
2253 1717 2311 1743 res
2342 1717 2443 1743 meae

1353 1755 1368 1787 1
1417 1752 1664 1788 remanebunt.
1713 1751 1752 1787 Si
1783 1762 1841 1788 res
1872 1752 1980 1788 ahcui
2007 1752 2206 1794 tradidero,
2238 1756 2279 1787 ut
2308 1752 2442 1798 nuptiis

1350 1798 1481 1833 secutis
1505 1797 1599 1832 dotis
1624 1796 1838 1840 efficiantur,
1860 1801 1895 1833 et
1914 1801 1999 1833 ante
2017 1797 2162 1842 nuptias
2179 1797 2378 1840 decessero,
2395 1807 2441 1832 an

1350 1843 1483 1878 secutis
1518 1842 1652 1888 nuptiis
1684 1842 1778 1878 dotis
1811 1853 1889 1878 esse
1919 1843 2118 1888 incipiant?
2157 1846 2194 1878 et
2223 1852 2365 1885 vereor,
2398 1853 2444 1878 ne

1349 1898 1422 1923 non
1455 1887 1596 1933 possint
1628 1888 1666 1922 in
1701 1887 1855 1924 dominio
1882 1888 1957 1923 eius
1993 1887 2087 1924 effici
2121 1887 2180 1923 cui
2211 1887 2317 1923 datae
2348 1892 2442 1930 sunt,

1350 1933 1434 1978 quia
1456 1936 1540 1978 post
1562 1936 1713 1968 mortem
1735 1933 1884 1978 incipiat
1908 1933 2103 1969 dominium
2122 1932 2304 1968 discedere
2327 1932 2373 1968 ab
2398 1943 2441 1969 eo

1350 1978 1411 2023 qui
1435 1977 1559 2020 dedit⁹‚
1585 1978 1669 2022 quia
1690 1978 1824 2023 pendet
1847 1978 1992 2014 donatio
2011 1977 2154 2013 indiem
2177 1978 2383 2023 nuptiarum
2406 1981 2443 2014 et

1350 2033 1432 2058 cum
1456 2023 1617 2068 sequitur
1642 2023 1805 2059 condicio
1829 2023 2046 2069 nuptiarum,
2069 2023 2141 2058 iam
2163 2022 2304 2058 heredis
2328 2022 2441 2059 domi-

1349 2068 1446 2103 nium
1466 2072 1532 2111 est,
1557 2077 1580 2102 a
1599 2079 1670 2113 quo
1690 2067 1874 2104 discedere
1893 2079 2012 2104 rerum
2031 2078 2105 2103 non
2123 2078 2230 2114 posse
2248 2067 2441 2103 dominium

1347 2113 1456 2148 invito
1482 2123 1523 2149 eo
1546 2112 1733 2148 fatendum
1757 2117 1822 2149 est.
1849 2114 1913 2149 sed
1935 2113 2123 2158 benignius
2146 2117 2200 2148 est
2228 2112 2352 2148 favore
2377 2112 2440 2149 do·

1348 2158 1437 2193 tium
1460 2158 1712 2194 necessitatem
1734 2158 1869 2211 imponi
1898 2158 2022 2194 heredi
2053 2157 2253 2194 consentire
2284 2158 2315 2193 ei
2346 2157 2441 2203 quod

1349 2203 1540 2239 defunctus
1563 2203 1650 2239 fecit
1673 2207 1747 2246 aut,
1772 2214 1804 2239 si
1826 2203 2004 2239 distulerit
2026 2203 2082 2239 vel
2106 2203 2212 2245 absit,
2246 2203 2352 2238 etiam
2375 2213 2438 2238 no-

1347 2248 1444 2284 lente
1466 2248 1523 2284 vel
1546 2248 1695 2283 absente
1719 2259 1761 2284 eo
1786 2248 1980 2285 dominium
2003 2248 2050 2284 ad
2072 2249 2239 2283 maritum
2260 2248 2339 2294 ipso
2363 2248 2440 2284 iure

1349 2296 1369 2328 2
1416 2292 1626 2335 transferri,
1662 2303 1707 2329 ne
1748 2293 1875 2329 mulier
1908 2296 2052 2329 maneat
2090 2293 2264 2328 indotata.
2335 2292 2440 2328 Dotis

1349 2341 1467 2374 autem
1488 2348 1598 2374 causa
1618 2337 1704 2373 data
1727 2339 1891 2391 accipere
1911 2338 2080 2375 debemus
2094 2348 2146 2380 ea,
2160 2348 2251 2383 quae
2270 2338 2307 2372 in
2321 2337 2440 2374 dotem

1348 2386 1368 2419 3
1416 2383 1558 2419 dantur.
1596 2382 1761 2419 Ceterum
1784 2393 1816 2419 si
1837 2393 1895 2419 res
1917 2383 2045 2419 dentur
2066 2383 2104 2418 in
2124 2393 2178 2425 ea,
2198 2393 2289 2428 quae
2307 2382 2438 2418 Graeci

1346 2427 1840 2509 zitiffiffifflfflef
1857 2428 2006 2509 iffi
2018 2428 2235 2508 ’ὲξθέὲῗῇἶῗ
2247 2428 2439 2525 ἷῗιῗὲἒῗᾪ

1537 2499 1547 2515 ,
2149 2500 2157 2508 .

1347 2519 1399 2554 sic
1423 2518 1553 2554 dentur
1575 2522 1617 2553 ut
1640 2518 1739 2561 fiant,
1765 2518 1860 2554 effici
1882 2518 2022 2561 mariti,
2055 2522 2091 2554 et
2122 2529 2203 2554 cum
2227 2517 2439 2554 distractum

1346 2563 1456 2599 fuerit
1479 2563 1754 2606 matrimonium,
1778 2575 1852 2600 non
1874 2563 2047 2599 vindicari
2078 2573 2099 2599 o
2127 2566 2239 2606 ortet,
2264 2562 2328 2599 sed
2352 2573 2438 2598 con·

1347 2608 1429 2651 dici,
1453 2618 1520 2644 nec
1544 2608 1638 2644 dotis
1658 2608 1800 2645 actione
1818 2609 1904 2654 peti,
1927 2612 1969 2644 ut
1987 2608 2089 2644 divus
2146 2618 2252 2644 arcus
2273 2612 2309 2643 et
2326 2608 2438 2654 impe·

1346 2658 1446 2690 rator
1469 2657 1592 2690 noster
1616 2665 1697 2690 cum
1719 2658 1823 2700 patre
1841 2654 2111 2699 rescripserunt.
2136 2653 2243 2699 plane
2265 2653 2297 2689 si
2319 2663 2439 2689 rerum

1345 2699 1486 2735 libellus
1508 2699 1637 2735 marito
1670 2699 1791 2742 detur,
1823 2702 1864 2734 ut
1887 2698 2023 2735 Romae
2178 2697 2256 2733 fieri
2278 2698 2439 2734 videmus

1348 2748 1444 2786 (nam
1466 2744 1592 2780 mulier
1614 2754 1683 2787 res,
1708 2754 1797 2790 quas
1822 2743 1913 2780 solet
1946 2744 1984 2779 in
2015 2753 2085 2779 usu
2141 2743 2249 2779 abere
2270 2742 2308 2779 in
2332 2742 2437 2779 domo

1346 2789 1465 2825 mariti
1487 2799 1604 2842 neque
1625 2789 1664 2825 in
1687 2789 1806 2825 dotem
1831 2789 1904 2832 dat,
1927 2789 1965 2824 in
1987 2788 2146 2825 libellum
2164 2788 2255 2824 solet
2276 2788 2438 2824 conferre

1347 2845 1498 2887 eumque
1531 2834 1690 2870 libellum
1731 2833 1858 2870 marito
1894 2834 2041 2876 offerre,
2076 2837 2117 2869 ut
2157 2833 2189 2869 is
2223 2833 2438 2876 subscribat,

1347 2889 1450 2925 quasi
1472 2889 1530 2915 res
1554 2879 1742 2925 acceperit,
1768 2882 1804 2914 et
1826 2879 1922 2915 velut
1946 2878 2220 2924 chirographum
2243 2878 2319 2914 eius
2345 2888 2438 2914 uxor

1346 2925 1476 2960 retinet
1497 2934 1555 2960 res
1580 2934 1672 2970 quae
1693 2923 1813 2960 libello
1839 2924 2067 2960 continentur
2079 2924 2107 2945 ¹²
2130 2924 2166 2959 in
2190 2923 2332 2959 domum
2357 2923 2434 2959 eius

1346 2980 1385 3005 se
1403 2969 1598 3013 intulisse):
1629 2969 1700 3005 hae
1717 2969 1824 3014 igitur
1841 2979 1900 3005 res
1919 2979 1966 3005 an
1983 2969 2102 3004 mariti
2123 2968 2223 3011 fiant,
2242 2968 2435 3004 videamus.

1346 3019 1382 3051 et
1405 3026 1478 3051 non
1500 3017 1600 3060 puto,
1623 3024 1697 3050 non
1729 3014 1825 3059 quod
1856 3025 1928 3050 non
1952 3014 1984 3050 ei
2007 3013 2198 3049 traduntur
2222 3013 2320 3065 (quid
2344 3013 2437 3049 enim

1345 3060 1505 3102 interest,
1529 3058 1729 3095 inferantur
1752 3059 1892 3095 volente
1922 3069 1964 3095 eo
1995 3059 2031 3094 in
2065 3059 2208 3094 domum
2233 3068 2307 3094 ems
2332 3068 2379 3093 an
2404 3059 2436 3093 ei

1346 3105 1570 3145 tradantur‘b
1584 3129 1594 3147 ‚
1626 3103 1690 3139 sed
1720 3104 1804 3149 quia
1827 3115 1900 3140 non
1947 3107 2010 3140 uto
2033 3104 2104 3140 hoc
2128 3104 2185 3149 agi
2206 3103 2299 3139 inter
2322 3103 2435 3139 virum

1346 3154 1382 3186 et
1404 3159 1570 3192 uxorem,
1606 3152 1647 3184 ut
1677 3149 1871 3185 dominium
1901 3159 1924 3185 a
1980 3159 2060 3185 eum
2090 3148 2346 3190 transferatur,
2371 3147 2435 3183 sed

1345 3194 1457 3240 magis
1488 3198 1530 3229 ut
1564 3198 1701 3229 certum
1736 3194 1782 3229 sit
1815 3194 1852 3230 in
1876 3193 2019 3230 domum
2043 3194 2118 3229 eius
2140 3193 2239 3228 illata
2253 3193 2291 3235 ¹⁸,
2323 3203 2379 3235 ne,
2404 3192 2435 3228 si

1346 3238 1561 3286 quandoque
1602 3239 1781 3284 separatio
1823 3239 1905 3282 fiat,
1948 3242 2114 3284 negetur:
2159 3241 2195 3273 et
2228 3237 2435 3283 plerumque

1346 3283 1546 3321 custodiam
1577 3294 1699 3319 earum
1740 3284 1889 3320 maritus
1926 3283 2157 3330 repromittit,
2193 3283 2261 3318 nisi
2295 3282 2435 3334 mulieri

1346 3329 1556 3366 commissae
1586 3329 1667 3364 sint.
1700 3329 1895 3365 videbimus
1926 3328 2054 3364 harum
2083 3338 2201 3364 rerum
2225 3328 2375 3367 nomine,
2392 3337 2434 3379 'si

1345 3385 1418 3410 uon
1441 3373 1655 3416 reddantur,
1688 3378 1807 3409 utrum
1836 3384 1955 3410 rerum
1987 3377 2185 3409 amotarum
2208 3383 2255 3408 an
2279 3372 2431 3417 deposui

1344 3429 1392 3454 an
1412 3418 1573 3454 mandati
1596 3419 1721 3454 mulier
1744 3429 1847 3464 agere
1867 3418 1991 3464 possit.
2015 3421 2050 3454 et
2073 3418 2103 3454 si
2123 3418 2286 3453 custodia
2305 3417 2431 3452 marito

1346 3463 1587 3506 committitur,
1608 3463 1760 3509 depositi
1776 3464 1831 3499 vel
1850 3463 2009 3498 mandati
2021 3463 2076 3508 agi
2089 3463 2236 3508 poteritz
2261 3462 2431 3513 siminus,

1344 3512 1469 3555 agetur
1492 3518 1611 3544 rerum
1635 3513 1846 3551 amotarum,
1870 3508 1900 3544 si
1924 3508 2040 3543 animo
2066 3507 2259 3543 amoventis
2283 3510 2431 3542 maritus

2099 3627 2102 3629 '
2126 3622 2171 3662 (9)
2196 3619 2276 3662 quia
2288 3623 2431 3662 post...

1345 3624 1524 3663 antequam
1545 3621 1686 3663 nuptiae
1710 3621 1793 3653 fiant
1812 3633 1875 3655 sec.
1897 3621 1934 3654 B
1949 3623 2007 3654 ins.
2337 3667 2347 3703 )
2367 3663 2428 3696 ar·

2294 3672 2330 3705 (ιι
2402 3674 2429 3697 ιι

1344 3666 1439 3700 dedit
1451 3666 1512 3700 del.
1607 3667 1666 3707 (10)
1693 3666 1730 3699 id
1740 3673 1786 3699 est
1798 3676 1883 3708 quae
1896 3670 1990 3699 extra
2002 3665 2112 3698 dotem
2127 3668 2206 3698 sunt

1342 3724 1398 3746 scr
1489 3713 1548 3753 (12)
1561 3710 1797 3744 contineturF
1861 3711 1918 3753 (13)
1933 3710 2044 3744 illatas
2054 3712 2126 3744 edd.
