2528 3918
99 174 157 204 mc
188 171 282 203 ACT.
316 171 410 200 ΗΕΒ..
443 168 576 201 ΑΜΟΤ.

97 285 275 324 tationem,
302 282 415 317 donec
440 281 470 315 ei
494 279 664 315 satisfiat:
690 289 761 314 non
783 278 875 313 enim
907 278 983 322 ipso
1005 279 1081 312 iure
1105 286 1184 312 cor-

122 339 233 370 orum,
258 327 321 362 sed
345 326 437 361 dotis
462 325 503 359 fit
526 324 732 359 deminutio.
772 323 835 357 ubi
860 333 940 367 ergo
966 322 1184 358 admittimus

96 342 368 410 Seminationem
391 370 483 405 dotis
504 370 581 413 ipso
602 369 678 403 iure
702 368 804 403 fieri?
829 368 889 403 ubi
909 379 981 402 non
1000 371 1085 403 sunt
1105 377 1183 402 cor-

120 420 224 459 ora¹‚
257 416 321 452 sed
351 415 521 461 pecunia:
564 424 646 448 nam
677 413 713 448 in
737 413 890 458 pecunia
913 413 1004 448 ratio
1030 412 1185 447 admittit

95 431 367 499 deminutionem
390 459 478 494 fieri.
520 458 669 503 proinde
700 458 731 493 si
755 458 943 492 aestimata
967 467 1120 502 corpora
1146 457 1183 491 in

95 509 211 544 dotem
246 506 332 541 data
367 505 457 545 sint,
492 504 503 538 i
531 515 570 538 so
606 504 683 539 iure
707 503 771 538 dos
797 503 1019 538 deminuetur
1043 512 1107 547 per
1129 502 1182 536 in-

94 562 222 599 pensas
246 550 476 586 necessarias.
541 559 584 584 oc
616 548 660 583 de
690 548 746 583 his
778 548 934 593 inpensis
961 548 1093 582 dietum
1118 551 1183 588 est,

94 607 185 643 quae
208 597 244 631 in
265 595 384 631 dotem
406 595 521 646 ipsam
543 594 663 628 factae
686 593 775 628 sint:
818 597 973 628 ceterum
997 593 1026 628 si
1051 592 1183 627 extrin-

99 647 113 677 1
162 650 283 683 secus,
324 650 396 674 non
427 639 637 674 imminuent
668 638 798 674 dotem.
863 638 933 673 Sed
966 639 995 672 si
1026 637 1183 682 inpensis

94 685 301 723 necessariis
326 684 449 720 mulier
480 683 704 725 satisfecerit,
737 688 857 718 utrum
882 683 946 718 dos
972 686 1113 718 crescat
1136 692 1184 716 an

94 742 175 768 vero
210 730 358 766 dicimus
394 739 438 764 ex
472 729 608 773 integro
643 729 754 764 videri
786 728 927 763 dotem?
964 732 999 763 et
1022 738 1097 772 ego,
1122 727 1185 762 ubi

95 780 114 812 2
160 775 312 822 pecunia
336 777 401 816 est,
425 784 498 809 non
522 774 645 808 dubito
671 774 789 808 dotem
813 773 922 808 videri
948 773 1109 808 crevisse.
1147 771 1185 807 Si

95 822 159 857 dos
183 821 260 855 tota
284 820 404 855 soluta
434 819 481 854 sit
511 830 584 854 non
615 819 739 853 habita
770 819 909 854 ratione
943 819 1184 863 inpensarum,

94 866 280 902 videndum
305 868 370 906 est,
395 875 442 899 an
466 863 606 899 condici
628 864 744 910 possit
764 864 812 906 id,
862 863 934 899 uod
957 874 1022 908 pro
1047 863 1182 907 impen-

94 912 141 947 sis
165 910 374 945 necessariis
395 909 620 954 compensari
639 909 740 944 solet.
767 912 803 944 et
855 908 1008 943 arcellus
1028 907 1185 943 admittit

95 955 342 992 condictioni¹·
367 964 445 990 esse
468 955 604 990 locum:
649 954 712 989 sed
748 954 814 989 etsi
847 954 1007 999 plerique
1041 963 1085 988 ne
1111 956 1183 995 ent,

93 1006 210 1037 tamen
243 1003 388 1045 propter
421 1000 636 1044 aequitatem
660 999 823 1034 Marcelli
854 999 1031 1034 sententia
1055 1008 1077 1033 a
1104 998 1183 1032 mit-

95 1050 113 1082 3
159 1045 268 1081 tenda
303 1048 367 1081 est.
427 1045 539 1080 Utiles
575 1047 694 1080 autem
733 1044 916 1089 impensae
951 1047 1056 1086 sunt,
1094 1053 1183 1088 quas

93 1091 239 1126 maritus
261 1090 395 1125 utiliter
414 1089 511 1132 fecit,
531 1100 675 1134 remque
686 1089 866 1124 meliorem
878 1088 1000 1123 uxoris
1020 1088 1147 1123 fecerit
1157 1088 1182 1130 2,

93 1137 160 1172 hoc
185 1139 239 1171 est
262 1135 391 1177 dotem,

138 1178 162 1218 6
188 1180 244 1215 ΡΑ
253 1190 347 1216 Utus
375 1180 466 1215 libro
497 1180 649 1225 septimo
688 1179 738 1214 ad
774 1177 949 1214 Sabinum
1006 1178 1115 1213 veluti
1154 1177 1185 1212 si

92 1225 300 1262 novelletum
316 1225 352 1260 in
368 1224 478 1260 fundo
498 1224 636 1259 factum
657 1224 713 1267 sit,
739 1227 803 1259 aut
827 1224 856 1258 si
877 1224 914 1258 in
937 1223 1042 1258 domo
1063 1222 1183 1267 pistri-

92 1282 175 1307 num
199 1274 263 1305 aut
286 1271 471 1305 tabernam
495 1269 676 1312 adiecerit,
701 1270 732 1305 si
756 1279 878 1305 servos
895 1272 990 1303 artes
1009 1268 1181 1303 docuerit.

138 1314 161 1353 7
205 1315 400 1351 ULPJANUS
431 1315 522 1350 libro
566 1316 749 1360 triqesz’mo
784 1318 889 1350 sexto
926 1313 975 1348 ad
1008 1312 1182 1349 Sabinum

91 1361 323 1406 Voluptariae
354 1363 473 1395 autem
503 1360 675 1405 inpensae
706 1364 807 1401 sunt,
841 1369 932 1404 quas
963 1358 1112 1393 maritus
1138 1357 1183 1392 ad

92 1407 307 1451 voluptatem
338 1405 424 1440 fecit
456 1409 490 1439 et
514 1415 607 1449 quae
638 1405 774 1449 species
811 1407 996 1439 exornant.
1033 1413 1184 1448 quarum

92 1451 196 1487 utiles
228 1462 299 1486 non
324 1450 466 1496 quidem
497 1451 663 1485 minuunt
684 1450 762 1495 ipso
787 1450 865 1484 iure
889 1449 1018 1491 dotem,
1044 1458 1182 1483 verum-

92 1501 212 1532 tamen
235 1497 370 1531 habent
394 1495 628 1531 exactionem.

138 1539 162 1579 8
188 1541 347 1576 Patmos
367 1540 458 1576 libro
482 1541 632 1586 septimo
658 1540 707 1575 ad
726 1539 900 1575 Sabinum
947 1539 1095 1574 Utilium
1119 1549 1183 1573 no-

92 1587 184 1622 mine
213 1587 265 1621 ita
287 1585 488 1621 faciendam
520 1585 769 1620 deductionem
800 1584 943 1629 quidam
976 1584 1116 1625 dicunt,
1155 1583 1184 1618 si

92 1632 272 1668 voluntate
306 1631 462 1666 mulieris
496 1629 617 1665 factae
651 1630 740 1666 sint:
786 1630 946 1674 iniquum
981 1629 1074 1663 enim
1107 1639 1184 1663 esse

93 1677 254 1722 compelli
278 1676 460 1711 mulierem
482 1686 558 1711 rem
582 1675 744 1718 vendere,
768 1679 809 1710 ut
831 1675 1011 1720 impensas
1043 1675 1080 1708 in
1105 1684 1183 1708 eam

92 1722 208 1758 factas
241 1722 412 1763 solveret,
439 1721 469 1756 si
493 1721 637 1755 aliunde
661 1721 796 1755 solvere
821 1731 893 1755 non
916 1723 1053 1765 potest:
1088 1719 1183 1764 quod

92 1777 264 1804 summam
289 1767 422 1801 habet³
454 1766 644 1811 aequitatis
669 1766 855 1800 rationem.

137 1810 162 1850 9
203 1812 397 1848 ULPJANUS
428 1812 519 1847 libro
556 1812 739 1858 triqesimo
781 1813 887 1846 sexto
924 1810 973 1845 ad
1008 1808 1183 1845 Sabinum

93 1857 161 1893 Pro
185 1857 393 1902 voluptariis
417 1856 607 1901 impensis,
639 1856 708 1891 nisi
737 1859 866 1901 parata
890 1855 936 1890 sit
958 1854 1084 1890 mulier
1107 1854 1184 1899 pati

91 1903 257 1938 maritum
280 1902 482 1943 tollentem,
515 1901 736 1936 exactionem
760 1900 904 1946 patitur.
941 1911 1024 1935 nam
1056 1899 1087 1935 si
1109 1899 1185 1935 vult

93 1948 225 1983 habere
248 1947 384 1989 mulier,
410 1946 559 1981 reddere
592 1957 634 1981 ea
667 1957 759 1991 quae
782 1946 945 1991 impensa
969 1948 1053 1980 sunt
1078 1944 1184 1980 debet

93 1993 238 2028 marito:
264 1996 328 2027 aut
348 1992 378 2027 si
390 2002 462 2027 non
485 1992 572 2034 vult,
592 1992 668 2036 pati
688 1992 793 2026 debet
811 1992 1006 2033 tollentem,
1028 1990 1058 2025 si
1077 1990 1182 2025 modo

92 2038 265 2083 recipiant
300 2038 578 2082 separationem:
625 2041 781 2072 ceterum
817 2037 847 2071 si
882 2047 955 2071 non
996 2035 1183 2080 recipiant,

92 2082 344 2128 relinquendae
368 2085 470 2117 sunt:
495 2083 547 2117 ita
571 2082 664 2117 enim
686 2081 961 2127 permittendum
982 2084 1036 2116 est
1054 2081 1183 2115 marito

93 2128 233 2164 auferre
264 2131 430 2163 ornatum
465 2138 568 2172 quem
603 2128 742 2172 posuit,
779 2127 810 2162 si
843 2126 1006 2161 futurum
1030 2130 1085 2161 est
1109 2126 1183 2160 eius

94 2173 187 2219 quod
210 2173 370 2208 abstulit.

141 2217 191 2256 10
218 2217 273 2253 ΡΑ
282 2227 377 2253 ULUS
394 2218 484 2252 libro
506 2217 688 2263 triqesz'mo
711 2222 815 2252 sexto
829 2216 879 2251 ad
894 2216 1048 2251 edictum
1080 2215 1184 2260 Quod

93 2263 123 2298 si
145 2263 214 2299 hae
236 2273 305 2305 res,
329 2263 366 2297 in
390 2263 520 2308 quibus
543 2262 725 2307 impensae
747 2261 868 2296 factae
891 2265 992 2303 sunt,
1024 2271 1183 2306 promer-

94 2309 187 2344 cales
219 2308 371 2350 fuerint,
402 2308 493 2342 tales
524 2307 707 2352 impensae
738 2317 810 2342 non
842 2306 1083 2351 voluptariae,
1121 2305 1184 2341 sed

93 2353 194 2389 utiles
218 2357 313 2389 sunt.

141 2397 187 2435 11
231 2398 426 2434 ULPIANUS
453 2397 543 2432 libro
577 2397 759 2443 triqesimo
791 2400 897 2431 sexto
929 2396 979 2431 ad
1009 2395 1183 2432 Sabinum

93 2444 134 2478 In
156 2443 363 2488 voluptariis
395 2445 516 2477 autem
539 2442 661 2477 Aristo
694 2441 819 2477 scribit
849 2451 916 2476 nec
947 2441 978 2476 si
1001 2442 1185 2476 voluntate

97 2492 111 2523 1
160 2488 314 2524 mulieris
338 2488 458 2523 factae
489 2491 591 2529 sunt,
625 2487 846 2522 exactionem
877 2496 1013 2531 parere.
1062 2486 1183 2521 Dona-

94 2534 224 2569 tionem
246 2533 339 2568 inter
362 2533 476 2568 virum
501 2535 537 2567 et
560 2542 707 2567 uxorem
727 2532 824 2567 circa
840 2532 1019 2576 impensas
1044 2542 1185 2576 quoque

93 2579 277 2614 inhibitam
300 2588 383 2614 vere
408 2577 560 2613 Sabinus
586 2577 720 2612 scribit.

142 2622 192 2661 12
224 2624 384 2659 PAULUS
413 2623 504 2658 libro
535 2624 686 2668 septimo
720 2622 769 2657 ad
799 2621 973 2657 Sabinum
1033 2620 1183 2656 Omnino

95 2673 129 2704 et
150 2669 188 2704 in
211 2668 442 2704 aedificandis
467 2667 614 2702 aedibus
640 2672 675 2702 et
689 2668 726 2702 in
749 2667 962 2712 reponendis
983 2676 1183 2710 propagan-

95 2713 219 2759 disque
241 2714 353 2749 vineis
379 2717 414 2749 et
443 2713 481 2748 in
504 2713 704 2747 valetudine
735 2712 993 2756 mancipiorum
1025 2711 1183 2746 modicas

94 2759 268 2804 impensas
280 2769 353 2794 non
366 2758 471 2794 debet
484 2758 617 2792 arbiter
630 2768 772 2793 curare:
795 2757 952 2802 alioquin
965 2756 1185 2801 negotiorum

95 2809 274 2849 gestorum
296 2804 416 2849 potius
441 2813 547 2848 quam
572 2803 616 2838 de
640 2803 722 2838 dote
745 2802 915 2837 iudicium
938 2801 1125 2836 videbitur.

143 2847 191 2887 13
217 2849 325 2884 IDEM
343 2849 433 2884 libro
457 2849 606 2893 septimo
632 2848 788 2884 brevium
823 2847 949 2892 Neque
969 2846 1184 2891 stipendium

97 2905 209 2939 neque
231 2894 404 2929 tributum
421 2894 466 2928 ob
492 2893 646 2928 dotalem
661 2893 811 2928 fundum
822 2893 845 2914 ³·
859 2892 1033 2937 praestita
1046 2891 1185 2936 exigere

96 2939 146 2973 vir
169 2949 191 2974 a
213 2939 359 2974 muliere
391 2942 526 2984 potest:
560 2949 651 2973 onus
676 2938 767 2974 enim
792 2937 974 2972 fructuum
998 2937 1087 2971 haec
1118 2936 1182 2970 im-

97 2984 225 3028 pendia
248 2989 342 3019 sunt.

145 3027 196 3066 14
226 3028 421 3065 ULPIANUS
450 3029 540 3064 libro
573 3030 698 3074 quinto
733 3027 943 3074 reqularum
997 3028 1184 3071 Impensae

98 3075 318 3110 necessariae
342 3077 436 3116 sunt,
461 3074 589 3118 quibus
613 3084 687 3109 non
716 3072 824 3108 factis
856 3072 920 3108 dos
952 3073 1183 3114 imminuitur,

98 3118 204 3154 veluti
223 3129 367 3164 aggeres
386 3118 517 3161 facere,
537 3118 684 3154 fiumina
705 3122 874 3160 avertere,
888 3117 1052 3153 aedificia
1063 3121 1184 3152 vetera

96 3161 220 3199 fulcire
242 3164 395 3209 itemque
418 3164 575 3206 reficere,
599 3165 746 3199 arbores
769 3164 807 3199 in
829 3163 947 3198 locum
963 3167 1184 3198 mortuarum

100 3210 116 3242 1
163 3219 344 3254 reponere.
392 3209 504 3244 Utiles
535 3212 619 3244 sunt
648 3209 756 3244 veluti
786 3219 917 3253 pecora
939 3208 1094 3253 praediis
1118 3209 1183 3242 im-

99 3255 120 3304 2
163 3263 313 3298 ponere,
346 3254 382 3288 id
406 3258 460 3289 est
484 3257 692 3289 stercorare.
740 3253 988 3299 Voluptuosae
1011 3256 1096 3288 sunt
1118 3253 1182 3287 ba-

98 3296 190 3332 hnea
213 3302 404 3334 exstruere.

124 3341 195 3393 ,15
220 3343 425 3379 Nmffms
452 3343 542 3379 libro
565 3343 721 3379 secundo
745 3344 1033 3380 membranarum
1080 3342 1185 3388 Quod

100 3386 226 3422 dicitur
247 3388 437 3433 impensas,
462 3397 554 3433 quae
576 3388 614 3422 in
637 3398 693 3424 res
719 3388 855 3424 dotales
880 3388 1081 3424 necessario
1106 3388 1183 3423 fac-

99 3434 157 3466 tae
180 3436 282 3484 sunt,
307 3433 425 3468 dotem
449 3433 670 3476 deminuere,
702 3434 755 3468 ita
784 3433 1092 3478 interpretandum
1117 3437 1183 3475 est,

99 3480 149 3527 ut,
174 3487 204 3511 81
227 3478 310 3522 quid
334 3481 435 3513 extra
457 3478 605 3513 tutelam
627 3479 887 3514 necessariam⁴
907 3479 945 3513 in
968 3488 1024 3513 res
1045 3478 1183 3513 dotales

99 3530 294 3566 impensum
327 3526 400 3565 est,
431 3523 491 3557 id⁵
521 3523 558 3557 in
591 3533 633 3557 ea
664 3534 775 3558 causa
806 3524 869 3558 sit:
903 3534 985 3557 nam
1009 3523 1102 3558 tueri
1125 3532 1183 3558 res

102 3634 141 3674 (1)
166 3634 201 3665 111
214 3635 290 3667 dote
306 3637 366 3669 ins.
459 3638 508 3678 (ι’)
534 3637 728 3669 condicioni
740 3638 775 3670 F
863 3639 905 3678 (2)
918 3649 1054 3680 remque
1067 3638 1183 3670 melio-

101 3686 169 3710 rem
182 3681 294 3712 uxoris
307 3680 387 3713 feeit
398 3682 433 3713 F
437 3680 461 3721 ²,
475 3692 560 3723 quae
572 3682 743 3714 meliorem
756 3693 824 3714 rem
837 3683 950 3714 uxoris
965 3683 1107 3715 fecerint
1117 3695 1182 3716 scr.

103 3723 144 3774 {Bi
159 3726 192 3755 et
203 3725 263 3758 ins.
277 3725 311 3757 F
388 3727 441 3766 (3¹)
456 3726 581 3758 fundus
598 3728 629 3759 F
705 3728 747 3768 (4)
763 3729 949 3760 necessario
967 3729 996 3761 S
1076 3730 1117 3770 (5)
1133 3732 1184 3759 est

103 3766 151 3806 ul]
165 3771 215 3799 est
226 3769 260 3800 id
275 3772 323 3800 est
338 3770 397 3810 F'1,
411 3771 457 3802 sit
469 3771 504 3803 id
518 3773 567 3803 est
576 3770 627 3804 F²
689 3773 732 3812 (6)
748 3773 848 3803 etiam
861 3785 921 3805 scr.
1007 3774 1049 3814 (7)
1070 3783 1108 3805 ea
1122 3775 1181 3806 ins.

1165 147 1253 194 327

2129 152 2249 195 XXV
2268 156 2285 194 1
2307 155 2344 193 2.

1253 276 1390 312 dotales
1414 277 1467 312 vir
1490 286 1556 312 suo
1580 279 1727 320 sumptu
1753 276 1866 311 debet.
1901 278 2057 322 alioquin
2081 278 2180 312 tam⁶
2211 277 2347 312 cibaria

1253 321 1432 356 dotalibus
1463 321 1650 366 mancipiis
1684 320 1770 355 data
1805 326 1839 355 et
1874 324 2018 366 quaevis
2050 322 2192 357 modica
2225 322 2346 357 aedifi-

1254 367 1389 401 ciorum
1415 366 1586 401 dotalium
1610 365 1758 400 refectio
1784 370 1820 400 et
1843 377 2008 411 agrorum
2032 378 2174 412 quoque
2205 367 2347 403 cultura

1253 411 1372 446 dotem
1396 412 1574 446 minuent:
1607 411 1727 445 omnia
1764 411 1857 445 enim
1889 412 1978 446 haec
2010 412 2047 446 in
2079 413 2198 464 specie
2222 423 2344 448 neces-

1253 456 1429 491 sariarum
1441 457 1671 501 inpensarum
1684 460 1778 491 sunt.
1804 457 1890 490 sed⁷
1902 457 2002 500 ipsae
2022 467 2078 492 res
2091 462 2142 492 ita
2161 461 2347 503 praestare

1252 502 1524 546 intelleguntur,
1557 505 1598 535 ut
1633 512 1705 536 non
1739 504 1813 534 tam
1849 501 2022 545 inpendas
2058 503 2094 536 in
2127 513 2206 545 eas,
2240 513 2347 548 quam

1253 546 1407 582 deducto
1441 556 1482 582 eo
1514 546 1631 581 minus
1665 556 1710 580 ex
1742 546 1796 580 his
1829 547 2030 598 percepisse
2054 548 2216 583 videaris.
2279 558 2348 583 uae

1253 596 1372 626 autem
1395 591 1575 636 impendia
1595 591 1791 626 secundum
1812 601 1890 626 eam
1911 592 2172 627 dlstinctionem
2196 603 2240 628 ex
2289 598 2348 629 ote

1253 636 1381 671 deduci
1405 636 1571 678 debeant,
1597 647 1669 672 non
1693 639 1767 670 tam
1791 636 1896 671 facile
1919 637 1955 670 in
1973 637 2175 672 universum
2197 638 2346 680 definiri,

1254 692 1359 726 quam
1390 692 1455 726 per
1485 681 1625 726 singula
1656 691 1700 716 ex
1723 691 1852 725 genere
1884 685 1920 716 et
1951 682 2191 725 magnitudine
2222 684 2347 728 inpen-

1254 727 1392 762 diorum
1416 726 1598 761 aestimari
1621 730 1784 771 possunt.

1303 770 1353 809 16
1377 771 1486 807 IDEM
1501 772 1592 807 libro
1610 775 1716 807 sexto
1729 772 2019 806 membranarum
2054 771 2105 806 Et
2126 776 2209 807 ante
2230 774 2348 808 omnia

1280 826 1503 861 uaecumque
1525 817 1696 861 inpensae
1721 816 2005 861 quaerendorum
2029 816 2212 852 fructuum
2238 829 2348 853 causa

1269 866 1373 896 actae
1395 866 1510 904 erunt,
1539 872 1755 907 quamquam
1779 861 1922 895 eaedem
1943 861 2049 896 etiam
2074 862 2213 896 colendi
2238 874 2349 898 causa

1252 907 1343 941 fiant
1366 907 1518 951 ideoque
1541 917 1614 942 non
1638 907 1753 942 solum
1778 907 1825 941 ad.
1850 906 2097 951 percipiendos
2116 906 2266 950 fructus,
2285 908 2349 943 sed

1255 952 1361 987 etiam
1384 952 1432 987 ad
1464 951 1745 987 conservandam
1779 951 1893 996 ipsam
1917 962 1992 986 rem
2017 952 2240 997 speciemque
2272 954 2347 988 eius

1254 997 1476 1032 necessariae
1500 997 1582 1038 sint,
1609 1007 1669 1032 eas
1693 997 1746 1031 vir
1765 1007 1809 1031 ex
1833 1007 1898 1031 suo
1915 997 2004 1031 facit
2024 1007 2090 1032 nec
2110 997 2217 1032 ullam
2240 998 2349 1033 habet

1255 1052 1296 1077 eo
1321 1043 1464 1077 nomine
1489 1052 1533 1077 ex
1557 1042 1641 1077 dote
1665 1042 1925 1077 deductionem.

1769 1179 1840 1217 11⁸.

1390 1246 1451 1277 DE
1477 1244 1676 1277 ΑΟΤΙΟΝΕ
1701 1244 1864 1276 RERUM
1889 1244 2169 1276 AMOTARUM⁹

1304 1311 1321 1348 1
1352 1311 1510 1347 PAULUs
1531 1312 1622 1347 libro
1645 1312 1797 1357 septimo
1821 1310 1871 1345 ad
1887 1309 2061 1346 Sabinum
2097 1310 2231 1345 Rerum
2251 1321 2350 1346 amo-

1252 1361 1372 1392 tarum
1402 1357 1573 1391 iudicium
1606 1356 1785 1401 singulare
1814 1355 2058 1391 introductum
2091 1359 2145 1390 est
2176 1355 2350 1391 adversus

1254 1413 1332 1438 eam
1355 1412 1447 1447 quae
1470 1412 1562 1437 uxor
1594 1401 1679 1443 fuit,
1713 1401 1796 1446 quia
1828 1412 1900 1436 non
1931 1401 2068 1445 placuit
2092 1411 2173 1436 cum
2197 1411 2240 1436 ea
2262 1400 2350 1436 furti

1254 1458 1359 1493 agere
1396 1457 1522 1492 posse:
1560 1446 1773 1491 quibusdam
1806 1447 2091 1481 existimantibus
2124 1456 2169 1481 ne
2209 1446 2350 1491 quidem

1252 1492 1388 1528 furtum
1413 1502 1492 1527 eam
1522 1491 1662 1534 facere,
1695 1495 1736 1526 ut
1759 1491 1878 1526 Nerva
1910 1491 2052 1533 Cassio,
2077 1492 2162 1536 quia
2194 1492 2349 1527 societas

1251 1539 1345 1573 vitae
1384 1537 1644 1583 quodammodo
1678 1537 1856 1572 dominam
1889 1547 1966 1571 eam
1996 1536 2152 1571 faceret:
2187 1537 2285 1579 aliis,
2309 1541 2350 1572 ut

1253 1583 1386 1618 Sabino
1412 1586 1448 1618 et
1471 1583 1639 1624 Proculo,
1663 1581 1761 1617 furto
1776 1583 1804 1603 ¹0
1828 1582 1969 1627 quidem
1986 1592 2064 1617 eam
2087 1581 2218 1624 facere,
2244 1582 2350 1617 sicuti

1252 1629 1326 1663 filia
1357 1627 1453 1673 patri
1485 1627 1618 1670 faciat,
1650 1627 1713 1662 sed
1743 1627 1830 1662 furti
1861 1638 1933 1662 non
1958 1637 2036 1662 esse
2060 1627 2238 1662 actionem
2262 1637 2348 1663 con-

1253 1675 1376 1709 stituto
1397 1674 1484 1715 iure,
1506 1673 1543 1707 in
1557 1683 1628 1718 qua
1645 1673 1821 1707 sententia
1839 1676 1875 1707 et
1890 1673 2049 1707 Iulianus
2066 1672 2262 1707 rectissime
2274 1676 2347 1708 est:

1300 1717 1324 1755 2
1353 1718 1477 1754 GAJUS
1498 1718 1589 1754 libro
1721 1718 1770 1752 ad
1793 1718 1946 1752 edietum
1965 1718 2153 1763 praetoris
2176 1717 2280 1753 titulo
2305 1718 2350 1753 de

1252 1776 1292 1799 re
1316 1764 1476 1799 iudicata
1525 1774 1609 1798 nam
1632 1763 1670 1798 in
1693 1763 1865 1798 honorem
1885 1762 2099 1798 matrimonii
2118 1762 2233 1807 turpis
2254 1763 2349 1798 actio

1253 1810 1423 1845 adversus
1446 1818 1596 1844 uxorem
1619 1811 1787 1852 negatur:

1300 1852 1324 1892 3
1351 1853 1511 1889 Panos
1530 1853 1622 1889 libro
1645 1854 1797 1899 septimo
1822 1852 1871 1886 ad
1894 1850 2078 1887 Sabinum.
2127 1855 2164 1887 et
2193 1852 2294 1896 ideo,
2319 1854 2349 1888 si

1252 1904 1335 1945 post
1370 1899 1561 1934 divortium
1597 1898 1740 1934 easdem
1776 1907 1833 1932 res
1870 1899 2088 1939 contrectat,
2122 1898 2230 1932 etiam
2261 1897 2349 1933 furti

1255 1949 1267 1980 1
1320 1945 1511 1980 tenebitur.
1570 1944 1661 1978 Item
1705 1943 1735 1978 si
1770 1952 1893 1978 servus
1930 1942 2005 1977 eius
2039 1941 2177 1977 furtum
2211 1942 2348 1985 fecerit,

1253 1993 1273 2025 2
1320 1990 1409 2025 furti
1433 2000 1515 2024 cum
1539 1998 1582 2023 ea
1605 1998 1709 2033 agere
1733 1997 1935 2033 possumus.
1977 1986 2047 2022 Sed
2072 1990 2108 2022 et
2132 1998 2213 2023 cum
2237 1999 2350 2023 uxore

1251 2035 1339 2070 furti
1354 2045 1459 2080 agere
1474 2034 1645 2079 possibile
1657 2037 1723 2076 est,
1739 2033 1770 2068 si
1788 2033 1820 2068 ei
1836 2032 1894 2067 cui
1917 2032 2065 2067 heredes
2086 2033 2196 2068 simus
2210 2034 2249 2055 ¹⁰⁴
2272 2032 2349 2068 fur-

1252 2085 1329 2116 tum
1351 2080 1448 2121 fecit,
1477 2079 1533 2115 vel
1556 2079 1660 2114 nobis
1688 2081 1880 2123 antequam
1900 2078 2069 2112 nuberet:
2094 2081 2214 2113 tamen
2237 2089 2346 2124 prop-

1252 2129 1308 2161 ter
1329 2125 1564 2161 reverentiam
1580 2134 1815 2169 personarum
1833 2124 1870 2158 in
1895 2127 2046 2168 utroque
2071 2133 2158 2158 casu
2181 2123 2350 2158 furtivam

1252 2174 1394 2206 tantum
1438 2169 1699 2205 condictionem
1743 2172 1945 2213 competere
1960 2194 1968 2210 ,
2013 2178 2086 2203 non
2122 2168 2229 2203 etiam
2263 2168 2350 2204 furti

1253 2219 1273 2251 3
1321 2216 1499 2251 actionem
1524 2215 1683 2249 dicimus.
1732 2214 1821 2249 Item
1854 2224 1976 2248 verum
2008 2217 2063 2248 est
2094 2214 2191 2258 quod
2223 2213 2349 2250 Ofilius

1253 2261 1305 2296 ait
1329 2261 1435 2296 etiam
1460 2270 1521 2296 eas
1544 2270 1613 2301 168,
1639 2270 1728 2305 quas
1753 2259 1893 2294 divortii
1917 2263 2077 2303 tempore
2093 2259 2219 2294 mulier
2231 2269 2349 2294 come-

1254 2306 1345 2341 derit
1368 2305 1566 2341 vendiderit
1596 2305 1781 2340 donaverit
1804 2304 1963 2349 qualibet
1993 2304 2133 2338 ratione
2159 2314 2347 2349 consump-

1253 2354 1274 2386 4
1321 2351 1425 2393 serit,
1461 2361 1579 2385 rerum
1611 2354 1810 2385 amotarum
1833 2349 1965 2383 iudicio
1992 2349 2175 2384 contineri.
2214 2348 2252 2383 Si
2275 2349 2350 2384 filia

1252 2396 1405 2431 familias
1430 2406 1487 2430 res
1513 2396 1694 2437 amoverit,
1717 2395 1814 2429 Mela
1826 2394 2010 2428 Fulcinius
2029 2394 2130 2427 aiunt
2147 2393 2191 2428 de
2207 2394 2348 2438 peculio

1254 2441 1409 2476 dandam
1433 2441 1622 2482 actionem,
1648 2441 1732 2484 quia
1755 2439 1936 2484 displicuit
1969 2448 2045 2473 eam
2069 2438 2157 2472 furti
2181 2439 2347 2483 obligari:

1253 2487 1309 2522 vel
1338 2486 1376 2520 in
1407 2487 1523 2530 ipsam
1555 2486 1600 2520 ob
1632 2495 1689 2519 res
1723 2488 1861 2519 amotas
1894 2483 1971 2518 dari
1995 2483 2182 2518 actionem.
2231 2484 2294 2519 sed
2318 2484 2349 2519 si

1253 2535 1356 2611 gater
1380 2531 1551 2566 adiuncta
1574 2529 1648 2565 filia
1679 2530 1723 2564 de
1747 2529 1830 2564 dote
1854 2532 1955 2573 agat,
1981 2538 2053 2562 non
2076 2528 2180 2563 aliter
2203 2529 2234 2563 ei
2259 2528 2347 2564 dan-

1279 2587 1336 2611 am
1353 2577 1542 2618 actionem,
1558 2585 1664 2620 quam
1689 2575 1719 2609 si
1734 2574 1844 2609 filiam
1868 2584 1986 2608 rerum
2000 2576 2199 2608 amotarum
2215 2573 2347 2609 iudicio

1252 2622 1290 2656 in
1314 2621 1466 2656 solidum
1491 2625 1526 2655 et
1550 2631 1631 2655 cum
1655 2619 1888 2655 satisdatione
1912 2618 2091 2652 defendat.
2118 2618 2180 2653 sed
2205 2622 2347 2655 mortua

1252 2666 1327 2701 filia
1358 2667 1394 2701 in
1426 2670 1565 2711 patrem
1596 2676 1715 2700 rerum
1748 2668 1947 2699 amotarum
1972 2663 2147 2698 actionem
2172 2663 2250 2699 dari
2274 2675 2348 2699 non

1253 2715 1419 2756 oportere
1442 2711 1617 2746 Proculus
1643 2711 1709 2752 ait,
1735 2710 1803 2744 nisi
1827 2713 2002 2753 quatenus
2035 2718 2078 2743 ex
2109 2718 2153 2743 ea
2183 2719 2222 2744 re
2244 2712 2348 2754 pater

1252 2757 1465 2802 locupletior
1488 2757 1535 2791 sit

1299 2801 1325 2838 4
1363 2801 1592 2837 POMPONIUS
1630 2800 1722 2835 libro
1765 2802 1871 2834 sexto
1916 2799 2052 2834 decimo
2088 2798 2138 2833 ad
2171 2797 2346 2834 Sabinum

1253 2847 1379 2883 dolove
1403 2847 1496 2881 malo
1520 2844 1656 2886 fecerit,
1682 2854 1752 2888 quo
1777 2844 1893 2879 minus
1918 2843 1965 2878 ad
1989 2853 2069 2878 eum
2093 2844 2345 2888 perveniret¹¹.

1299 2891 1323 2929 5
1350 2891 1597 2926 PAPJNIANUS
1617 2890 1707 2925 libro
1730 2889 1918 2924 undecimo
1951 2890 2202 2934 quaestionum
2257 2889 2347 2924 Viva

1253 2947 1395 2982 quoque
1425 2936 1518 2977 filia,
1555 2935 1651 2980 quod
1682 2934 1729 2969 ad
1779 2938 1890 2969 atrem
1912 2944 1955 2969 ex
1978 2934 2086 2969 rebus
2111 2934 2239 2969 amotis
2262 2945 2345 2979 per-

1252 2982 1357 3023 venit,
1383 2981 1461 3016 utili
1485 2980 1614 3015 iudicio
1639 2983 1747 3024 peten
1773 2990 1833 3014 um
1858 2983 1922 3014 est.

1300 3025 1324 3064 6
1359 3026 1517 3061 Panas
1557 3026 1646 3060 libro
1690 3035 1728 3059 se
1757 3026 1840 3059 timo
1883 3024 1932 3059 ad
1966 3023 2139 3059 Sabinum
2212 3023 2346 3058 Contra

1253 3083 1382 3107 nurum
1431 3080 1549 3115 uoque
1573 3080 1697 3105 socero
1749 3080 1792 3105 06
1815 3069 1987 3104 iudicium
2019 3069 2176 3103 dandum
2206 3069 2343 3103 Atilici-

1253 3128 1320 3152 nus
1357 3120 1393 3152 et
1449 3115 1602 3151 ulcinius
1637 3115 1757 3157 aiunt,
1794 3115 1957 3159 quotiens
1989 3113 2062 3149 filio
2094 3113 2247 3148 familias
2280 3113 2344 3148 dos

1254 3162 1340 3198 data
1364 3165 1436 3197 est:
1469 3170 1634 3196 socerum
1658 3160 1704 3195 ob
1729 3170 1787 3195 res
1812 3159 1952 3194 divortii
1974 3169 2084 3194 causa
2100 3163 2237 3193 amotas
2256 3158 2345 3192 furti

1257 3212 1270 3242 1
1321 3217 1424 3252 agere
1459 3216 1531 3241 non
1566 3215 1684 3250 posse.
1743 3205 1832 3240 Item
1868 3216 1948 3240 cum
1983 3215 2102 3239 rerum
2145 3206 2344 3238 amotarum

1254 3253 1360 3288 etiam
1394 3252 1431 3286 in
1466 3251 1579 3285 virum
1614 3250 1720 3285 datur
1762 3250 1949 3285 iudicium:
1996 3249 2027 3284 si
2061 3248 2154 3283 filius
2189 3247 2343 3282 familias

1252 3298 1399 3332 maritus
1424 3296 1480 3338 sit,
1506 3299 1626 3330 utrum
1651 3295 1695 3330 de
1718 3295 1858 3340 peculio
1884 3305 1931 3329 an
1954 3295 1991 3329 in
2014 3294 2026 3328 i
2053 3304 2130 3328 sum
2151 3292 2243 3327 actio
2266 3291 2343 3326 dari

1254 3343 1406 3377 debeat?
1443 3341 1566 3376 eadem
1589 3345 1810 3386 repetemus,
1835 3350 1926 3385 quae
1951 3339 1994 3373 de
2032 3339 2038 3346 “
2058 3339 2090 3372 ’6
2113 3337 2264 3371 familias
2290 3336 2342 3370 di-

1254 3391 1273 3422 2
1320 3388 1447 3421 ximus.
1496 3385 1534 3420 Si
1553 3389 1637 3431 post
1656 3385 1845 3421 divortium
1856 3385 2004 3419 maritus
2025 3382 2225 3423 decesserit,
2239 3381 2342 3415 heres

1254 3436 1273 3467 3
1322 3433 1397 3467 eius
1431 3441 1549 3466 rerum
1584 3434 1782 3466 amotarum
1817 3429 1946 3464 iudicio
1982 3428 2036 3462 uti
2070 3431 2197 3478 potest.
2254 3426 2342 3476 Item

1253 3478 1356 3512 heres
1380 3476 1536 3511 mulieris
1561 3486 1607 3510 ex
1630 3477 1700 3511 hac
1725 3485 1836 3510 causa
1859 3473 2056 3515 tenebitur,
2081 3470 2341 3522 slent-condic-

1254 3526 1274 3557 4
1321 3521 1428 3557 1101118
1463 3521 1604 3556 1101111116
1639 3531 1683 3556 ex
1719 3530 1829 3555 causa
1863 3518 2005 3553 furtiva.
2061 3516 2130 3551 Sed
2166 3526 2195 3550 Sl
2229 3518 2344 3550 morte

1300 3637 1343 3676 (s)
1370 3635 1451 3669 Sab.
1464 3643 1490 3669 1.
1503 3642 1530 3669 3.
1545 3644 1570 3668 4.
1587 3639 1997 3670 6...13.15.17.19.21...25;
2039 3630 2106 3663 Ed.
2121 3637 2149 3662 2.
2166 3636 2206 3662 14.
2222 3636 2269 3662 20.
2285 3635 2341 3668 26:

1256 3681 1339 3724 Pap.
1362 3689 1388 3714 5.
1410 3688 1454 3714 16.
1474 3688 1520 3715 18.
1541 3687 1660 3714 27...30.
1688 3699 1731 3703 -
1757 3680 1842 3711 Bas.
1864 3678 1918 3718 28,
1939 3684 1979 3710 11.
2004 3694 2050 3700 —-
2077 3675 2128 3717 Cf.
2156 3675 2232 3706 Cod.
2255 3675 2287 3714 5,
2309 3680 2341 3706 21

1256 3732 1298 3764 (9)
1324 3726 1364 3757 de
1375 3736 1485 3757 rerum
1498 3729 1684 3757 amotarum
1698 3725 1830 3756 actione
1843 3723 1910 3755 ind.
1924 3722 2013 3754 Flor.
2065 3721 2122 3759 (10)
2138 3719 2264 3750 furtum
2276 3730 2340 3751 scr.

1255 3773 1325 3811 (10²)
1351 3781 1463 3803 sumus
1477 3770 1529 3804 F2
1651 3771 1706 3810 (11)
1731 3767 1922 3809 pervenerit
1934 3766 1986 3798 F²
