2528 3918
92 121 152 150 DE
183 119 495 152 SERVITUTIBUS
523 120 685 150 PRAED.
700 118 868 150 RUS'rlc.

92 231 186 276 prias
211 230 404 265 immissum
436 229 501 272 sit,
533 239 613 264 nem
641 230 683 263 e¹
709 232 826 263 tecum
850 227 935 262 mihi
960 239 1063 274 agere
1093 229 1176 264 licet

92 280 154 311 aut
177 286 251 310 rem
275 275 422 320 perdere
435 275 468 308 ¹·.
493 273 586 308 idem
609 240 689 316 get,
722 274 752 308 si
777 283 820 308 ex
843 273 914 308 tuis
938 274 1091 319 propriis
1116 284 1174 309 ae-

91 322 192 356 dibus
217 320 253 355 in
278 329 480 355 communes
504 329 601 354 meas
625 323 661 354 et
683 322 764 354 tuas
787 318 892 353 aedes
913 318 997 363 quid
1018 319 1176 354 similiter

94 370 105 400 1
159 370 252 400 esset
271 365 486 410 proiectum-z
508 364 593 398 mihi
613 364 706 399 enim
718 364 784 398 soli
799 367 917 398 tecum
930 367 983 398 est
996 364 1100 399 actio.
1139 363 1175 398 Si

89 412 125 446 in
150 420 234 445 area
259 409 435 445 communi
459 408 647 444 aedificare
678 409 781 450 velis,
815 408 933 443 socius
965 409 1175 453 prohibendi

89 457 143 491 ius
167 456 285 497 habet,
309 454 466 500 quamvis
490 458 530 488 tu
554 453 766 489 aedificandi
789 454 844 488 ius
864 453 998 489 habeas
1019 464 1040 488 a
1059 454 1174 490 vicino

90 511 314 542 concessum,
347 499 430 544 quia
460 499 570 534 invito
595 499 690 534 socio
715 499 752 533 in
775 498 877 533 iure²
902 499 1078 534 communi
1102 510 1175 534 non

89 547 221 581 habeas
244 546 299 579 ius
324 544 547 579 aedificandi.

135 588 186 628 28
211 590 370 625 PAULUS
391 589 480 625 libro
505 590 630 634 quinto
654 589 789 624 decimo
814 588 864 623 ad
886 587 1059 624 Sabinum
1102 588 1172 624 Fo-

89 646 207 671 ramen
230 636 266 670 in
298 635 367 670 imo
401 635 536 679 pariete
569 634 746 669 conclavis
777 634 830 669 vel
861 633 1023 676 triclinii,
1042 635 1056 655 ³
1080 634 1175 679 quod

89 685 181 716 esset
211 679 396 725 proluendi
431 680 622 724 pavimenti
655 689 784 721 causa,
821 679 857 713 id
893 689 1008 724 neque
1042 679 1174 714 flumen

87 737 165 761 esse
188 735 302 770 neque
325 729 484 770 tempore
518 725 563 760 ad
590 725 656 759 uiri
686 724 832 769 placuit.
870 724 939 759 hoc
970 724 1021 759 ita
1053 734 1173 759 verum

88 775 150 813 est,
176 771 205 806 si
229 771 265 805 in
290 781 368 805 eum
392 771 509 805 locum
533 770 566 805 n‘
598 770 605 776 '
641 780 683 805 ex
705 769 802 804 caelo
825 780 939 814 aquae
960 769 1078 804 veniat
1098 776 1172 809 (ne-

87 827 154 861 que
186 816 276 851 enim
308 820 516 860 perpetuam
542 825 690 850 causam
714 815 824 850 habet
848 814 943 859 quod
966 825 1074 849 manu
1098 815 1171 855 fit):

86 866 124 896 at
147 861 241 906 quod
266 871 308 895 ex
334 861 431 896 caelo
457 860 571 902 cadit,
598 860 664 895 etsi
688 871 759 895 non
784 859 932 895 adsidue
955 859 1015 901 fit,
1041 870 1084 895 ex
1107 870 1171 894 na-

84 907 191 941 turali
215 911 333 941 tamen
358 916 468 941 causa
491 905 532 940 fit
563 909 598 940 et
627 905 706 940 ideo
737 909 910 950 perpetuo
942 904 1019 939 fieri
1052 905 1171 940 existi-

84 956 211 986 matur.
249 962 369 987 omnes
391 954 510 986 autem
530 951 715 985 servitutes
736 950 962 995 praediorum
982 954 1172 995 perpetuas

85 1007 212 1032 causas
236 997 368 1032 habere
393 996 540 1038 debent,
573 999 608 1031 et
638 994 717 1031 ideo
743 1005 858 1040 neque
882 1006 927 1030 ex
952 996 1033 1030 lacu
1058 1006 1172 1040 neque

85 1053 127 1077 ex
140 1046 265 1087 stagno
281 1042 427 1076 concedi
447 1051 560 1086 aquae
581 1041 709 1076 ductus
730 1044 858 1085 potest.
896 1041 1062 1075 stillicidii
1084 1052 1169 1086 quo-

85 1098 154 1132 que
166 1087 375 1121 immittendi
388 1087 560 1121 naturalis
575 1090 610 1121 et
629 1091 804 1131 perpetua
827 1096 937 1121 causa
958 1097 1035 1121 esse
1054 1086 1169 1121 debet.

130 1130 183 1170 29
208 1132 438 1167 POMPONIUS
458 1132 549 1167 libro
575 1132 781 1177 triqensimo
806 1131 964 1166 secundo
989 1131 1039 1166 ad
1063 1131 1171 1173 Quin-

84 1182 156 1212 tum
181 1177 341 1213 Mucium
388 1177 424 1212 Si
450 1177 534 1222 quid
557 1177 664 1221 igitur
689 1187 732 1211 ex
757 1187 797 1212 eo
822 1176 1006 1218 foramine,
1033 1187 1076 1211 ex
1101 1187 1170 1222 quo

84 1224 233 1258 servitus
257 1234 329 1258 non
354 1223 526 1264 consistit,
556 1222 721 1257 damnum
744 1222 881 1257 vicinus
906 1222 1092 1264 sensisset,
1118 1222 1170 1257 di-

84 1269 234 1304 cendum
256 1272 310 1303 est
329 1268 447 1303 damni
468 1267 590 1302 infecti
607 1267 871 1312 stipulationem
890 1268 1008 1302 locum
1027 1268 1168 1302 habere.

128 1312 180 1351 30
206 1313 365 1348 PAULUS
393 1313 482 1349 libro
516 1314 640 1358 quinto
673 1313 808 1348 decimo
841 1313 890 1347 ad
913 1312 1087 1347 Sabinum
1134 1312 1171 1347 Si

83 1360 161 1404 quis
186 1359 303 1400 aedes,
329 1369 420 1403 quae
444 1359 517 1393 suis
543 1358 689 1393 aedibus
715 1358 897 1400 servirent,
925 1369 1004 1392 cum
1030 1358 1172 1393 emisset

81 1404 229 1439 traditas
253 1404 320 1439 sibi
344 1404 493 1448 accepit,
520 1402 669 1438 confusa
694 1403 906 1448 sublataque
930 1403 1079 1438 servitus
1105 1407 1170 1446 est,

83 1453 117 1484 et
141 1450 171 1485 si
195 1460 318 1484 rursus
342 1449 494 1484 vendere
517 1449 602 1489 vult,
627 1449 834 1483 nominatim
858 1449 1072 1493 imponenda
1097 1459 1169 1483 ser-

85 1499 95 1529 1
149 1495 241 1530 vitus
278 1498 349 1529 est:
388 1495 543 1538 alioquin
578 1494 710 1528 liberae
744 1494 901 1528 veniunt.
963 1493 999 1528 Si
1034 1498 1171 1538 partem

82 1540 217 1586 praedii
241 1544 393 1575 nanctus
418 1540 495 1581 sim,
521 1539 616 1583 quod
639 1539 725 1573 mihi
749 1543 811 1573 aut
836 1539 894 1573 cui
919 1549 981 1583 ego
1008 1539 1169 1581 serviam,

82 1597 154 1621 non
178 1585 348 1620 confundi
373 1585 577 1620 servitutem
601 1585 738 1628 placet,
772 1585 855 1629 quia
878 1595 943 1629 pro
969 1588 1071 1628 parte
1096 1595 1169 1619 ser-

82 1632 173 1666 vitus
198 1631 381 1665 retinetur.
418 1630 539 1675 itaque
563 1630 591 1664 si
624 1630 771 1674 praedia
801 1640 879 1664 mea
912 1629 1068 1674 praediis
1099 1630 1170 1664 tuis

82 1677 235 1711 serviant
260 1676 317 1710 et⁴¹
341 1679 482 1710 tuorum
506 1679 643 1720 partem
667 1675 752 1709 mihi
774 1679 808 1710 et
829 1685 891 1719 ego
913 1685 1070 1709 meorum
1088 1685 1169 1719 par-

81 1726 152 1756 tem
176 1721 239 1756 tibi
263 1721 452 1761 tradidero,
478 1720 633 1755 manebit
657 1721 817 1755 servitus.
854 1720 938 1754 item
962 1731 1048 1755 usus
1072 1720 1168 1755 fruc-

80 1771 138 1802 tus
163 1767 199 1801 in
225 1766 403 1801 alterutris
428 1766 580 1810 praediis
607 1765 804 1810 adquisitus
839 1776 911 1800 non
943 1765 1170 1810 interrumpit

81 1812 293 1847 servitutem.

126 1856 174 1894 31
204 1856 308 1891 IDEM
337 1856 426 1891 libro
459 1856 762 1901 quadrayensimo
795 1859 920 1890 octavo
945 1855 995 1890 ad
1017 1855 1169 1891 edictum

82 1903 117 1937 Si
142 1906 353 1937 testamento
380 1901 567 1936 damnatus
592 1901 706 1942 heres,
732 1911 776 1935 ne
800 1900 961 1935 officeret
984 1901 1090 1935 vicini
1114 1901 1167 1935 lu-

80 1948 231 1983 minibus
245 1947 519 1990 servitutemque
539 1950 748 1990 praestaret,
773 1946 937 1990 deposuit
958 1946 1168 1988 aedificium,

82 1992 310 2028 concedenda
334 1992 399 2026 erit
423 1992 591 2036 legatario
618 1991 712 2026 utilis
738 1991 853 2033 actio,
886 2001 956 2035 qua
980 1991 1167 2035 prohibea-

81 2043 138 2072 tur
161 2039 283 2079 heres‚
321 2037 350 2072 si
374 2042 500 2082 postea
525 2037 693 2071 extollere
717 2047 826 2081 supra
850 2037 1002 2080 priorem
1027 2036 1168 2071 modum

81 2083 279 2118 aedificium
304 2082 501 2117 conabitur.

127 2126 179 2165 32
205 2128 397 2163 IULIANUS
426 2128 516 2162 libro
547 2127 696 2173 septimo
730 2127 948 2172 diqestorum
996 2126 1032 2160 Si
1064 2126 1169 2161 aedes

81 2185 180 2208 meae
205 2173 359 2208 serviant
391 2172 536 2207 aedibus
560 2172 662 2207 Lucii
687 2172 771 2206 Titii
804 2175 839 2206 et
870 2171 1016 2206 aedibus
1050 2171 1169 2206 Publii

80 2219 228 2260 Maevii,
262 2229 306 2253 ne
338 2218 442 2252 altius
474 2217 663 2252 aedificare
694 2217 779 2251 mihi
810 2217 934 2258 liceat,
969 2220 1004 2252 et
1028 2226 1049 2250 a
1074 2217 1167 2251 Titio

80 2264 240 2309 precario
266 2263 444 2308 petierim,
477 2266 518 2297 ut
542 2263 647 2297 altius
672 2263 851 2304 tollerem,
884 2266 992 2306 atque
1022 2261 1073 2296 ita
1104 2272 1168 2306 per

82 2313 253 2344 statutum
278 2313 417 2353 tempus
443 2308 668 2342 aedificatum
692 2308 864 2349 habuero,
888 2307 1086 2341 libertatem
1104 2307 1165 2341 ad-

81 2365 204 2389 versus
228 2354 394 2388 Publium
419 2354 598 2388 Maevium
621 2353 849 2398 usucapiam:
883 2363 955 2387 non
980 2352 1072 2387 enim
1096 2363 1168 2387 una

82 2400 231 2434 servitus
257 2399 350 2434 Titio
375 2402 411 2433 et
433 2398 572 2433 Maevio
600 2398 807 2440 debebatur,
833 2397 895 2432 sed
921 2397 1022 2432 duae.
1061 2408 1165 2442 argu-

81 2448 236 2479 mentum
260 2445 310 2479 rei
334 2444 492 2488 praebet,
518 2444 623 2488 quod,
650 2443 678 2478 si
703 2444 792 2478 alter
817 2453 859 2478 ex
883 2443 938 2477 his
964 2443 1166 2478 servitutem

81 2490 165 2524 mihi
189 2489 402 2531 remisisset,
435 2489 479 2524 ab
512 2500 552 2524 eo
585 2489 659 2524 solo
685 2489 874 2530 liberarer,
907 2488 1034 2523 alteri⁵
1058 2488 1166 2523 nihilo

84 2539 97 2569 1
148 2535 263 2569 minus
299 2534 502 2569 servitutem
546 2534 721 2569 deberem.
780 2533 946 2568 Libertas
990 2533 1167 2568 servitutis

82 2580 309 2624 usucapitur,
335 2580 365 2614 si
389 2579 494 2614 aedes
518 2578 786 2624 possideantur:
819 2588 929 2623 quare
963 2579 991 2613 si
1022 2579 1071 2620 is,
1105 2578 1165 2623 qui

82 2625 186 2659 altius
222 2624 447 2659 aedificatum
482 2625 657 2666 habebat,
702 2627 785 2658 ante
818 2627 993 2658 statutum
1028 2628 1166 2668 tempus

82 2671 187 2704 aedes
211 2669 394 2714 possidere
419 2670 539 2711 desiit,
571 2669 799 2713 interpellata
830 2669 1001 2713 usucapio
1036 2673 1098 2703 est.
1137 2669 1166 2703 is

82 2720 217 2756 autem,
250 2715 310 2760 qui
340 2719 465 2759 postea
497 2714 638 2749 easdem
663 2714 768 2749 aedes
791 2713 974 2758 possidere
999 2714 1165 2758 coeperit,

81 2760 215 2805 integro
240 2764 374 2795 statuto
399 2764 558 2804 tempore
581 2760 779 2794 libertatem
803 2759 1000 2803 usucapiet.
1039 2763 1167 2793 natura

83 2806 173 2840 enim
199 2805 420 2840 servitutium
445 2815 487 2840 ea
513 2809 584 2847 est,
618 2808 659 2839 ut
689 2804 862 2849 possideri
895 2814 967 2838 non
992 2804 1130 2848 possint
1141 2805 1165 2846 ⁶,

83 2850 144 2885 sed
156 2850 378 2930 indtellegatur
391 2850 650 2895 possessionem
670 2860 792 2885 earum
812 2849 955 2891 habere,
978 2849 1038 2893 qui
1060 2849 1165 2883 aedes

109 2895 180 2930 ossi
207 2900 251 2930 et.

83 2906 106 2940 p
128 2938 179 2978 33
205 2940 363 2975 PAULUS
385 2941 475 2976 libro
501 2941 625 2985 quinto
649 2941 885 2986 epitomarum
902 2939 1029 2985 Alfeni
1051 2939 1166 2985 ἀέρος-

84 2988 198 3020 torum
245 2986 338 3020 Eum
364 2985 491 3020 debere
516 2985 714 3020 columnam
737 2985 935 3027 restituere,
962 2995 1053 3029 quae
1077 2995 1166 3019 onus

83 3030 276 3065 vicinarum
301 3030 441 3065 aedium
464 3030 622 3072 ferebat,
655 3031 779 3065 cuius⁷
806 3034 924 3065 essent
948 3030 1052 3064 aedes
1077 3039 1168 3074 quae

83 3075 262 3117 servirent,
288 3087 359 3110 non
385 3086 474 3118 eum,
500 3076 559 3120 qui
578 3076 759 3120 imponere
779 3076 892 3110 vellet.
929 3085 1011 3110 nam
1032 3086 1111 3110 cum
1131 3075 1167 3108 in

83 3120 157 3164 lege
181 3120 320 3155 aedium
343 3121 394 3155 ita
419 3121 589 3165 scriptum
614 3125 724 3155 esset:
752 3121 878 3165 ‘paries
899 3121 998 3155 oneri
1016 3119 1166 3155 ferundo

83 3165 136 3199 uti
158 3176 254 3200 nunc
279 3170 349 3207 est,
381 3166 432 3200 ita
456 3166 523 3208 sit'‚
557 3167 643 3200 satis
668 3170 790 3210 aperte
814 3165 1003 3210 significari
1027 3165 1063 3199 in
1087 3175 1166 3210 per-

110 3213 227 3244 etuum
251 3211 419 3255 parietem
445 3221 521 3245 esse
546 3210 690 3246 debere:
716 3222 786 3246 non
811 3212 902 3246 enim
926 3211 995 3245 hoc
1015 3211 1070 3245 his
1090 3221 1166 3245 ver-

83 3221 138 3289 gis
158 3255 235 3296 dici,
256 3259 296 3289 ut
315 3256 352 3290 in
371 3260 582 3300 perpetuum
601 3256 693 3290 idem
713 3256 828 3301 paries
847 3260 1013 3291 aeternus
1025 3257 1038 3276 ⁸
1062 3258 1165 3296 esset,

85 3300 179 3351 quo-d
204 3310 248 3351 ne
271 3300 345 3335 fieri
370 3301 511 3345 quidem
535 3305 674 3345 posset,
708 3301 769 3336 sed
801 3302 853 3336 uti
886 3301 1041 3336 eiusdem
1073 3300 1167 3335 modi

85 3354 201 3388 paries
220 3356 256 3378 111
276 3350 486 3390 perpetuum
508 3350 602 3381 esset
623 3346 683 3391 qui
705 3357 794 3381 onus
814 3347 1020 3382 sustineret:
1047 3356 1166 3390 quem-

86 3386 275 3423 admodum
299 3390 328 3424 si
353 3391 429 3435 quis
454 3391 560 3426 alicui
584 3391 747 3433 cavisset,
771 3395 811 3426 ut
836 3391 1039 3426 servitutem
1063 3400 1165 3435 prae—

1061 3505 1105 3555 (2)
1129 3504 1165 3535 in

943 3595 987 3634 (Β)
1013 3547 1168 3625 §.atis

87 3502 125 3541 (1)
150 3503 281 3543 nempe]
295 3501 334 3533 de
348 3513 386 3534 ea
399 3513 432 3534 re
443 3516 505 3536 scr.

86 3556 120 3576 re
130 3547 203 3580 dett.
303 3547 343 3587 (3)
370 3547 398 3578 si
408 3549 467 3580 ins.

88 3600 160 3622 rare
170 3590 274 3622 altero
286 3591 318 3622 F
381 3593 423 3632 (6)
448 3593 540 3634 possi
556 3594 590 3625 F

88 3635 148 3668 del.
240 3638 285 3676 (9)
310 3635 421 3677 siquis
430 3637 572 3669 cavisset
584 3641 623 3669 ut
636 3639 691 3670 cui
700 3651 761 3671 scr.
773 3639 847 3679 (del.
858 3638 962 3671 alicui
974 3646 1002 3671 et
1011 3648 1095 3671 serv.
1104 3639 1168 3680 pr.)

88 3680 147 3721 (ιο)
170 3679 257 3713 sicS
264 3692 331 3713 cum
344 3679 490 3722 Graecis,
503 3681 682 3714 decesserit
689 3683 744 3722 ΓΙ,
754 3683 917 3715 cesserint
925 3682 978 3715 F²
1032 3684 1089 3723 (11)
1102 3695 1170 3716 ver-

88 3730 157 3756 tunt
169 3724 291 3758 Graeci
297 3726 395 3767 quasi
396 3738 461 3769 pro
474 3727 641 3758 communi
654 3727 894 3770 leqerimoaeeo
941 3729 999 3769 (12)
1012 3728 1172 3760 hortosF

571 3506 622 3546 (Γ)
646 3504 798 3546 perdere]
809 3504 929 3546 partiri
939 3517 1000 3537 scr.

561 3550 603 3590 (4)
628 3552 666 3580 tu
683 3550 741 3582 ins.
752 3550 923 3592 Ryyerbos

677 3595 718 3635 (Ἰ)
743 3594 857 3626 eiusF

1168 104 1242 151 115

2123 111 2222 152 VIII
2253 114 2291 154 2.
2308 114 2331 154 3

1246 229 1357 280 beret,
1383 229 1467 274 qui⁹
1491 240 1583 264 onus
1607 240 1710 265 suum
1735 230 1935 274 sustineret,
1961 232 1990 267 si
2010 242 2053 268 ea
2071 242 2129 268 res
2149 243 2241 277 quae
2260 243 2333 268 ser-

1245 277 1295 308 vit
1319 278 1354 309 et
1377 278 1477 308 tuum
1502 285 1594 310 onus
1618 275 1745 317 ferret,
1770 277 1938 320 perisset,
1964 277 2033 312 alia
2056 277 2093 312 in
2116 277 2234 313 locum
2259 278 2334 314 eius

1246 319 1322 353 dari
1348 319 1486 354 debeat.

1291 361 1344 400 34
1369 364 1564 399 IULIANUS
1594 364 1684 400 libro
1717 365 1874 400 secundo
1910 378 1959 402 ex
1994 367 2142 403 Minicio
2189 367 2239 402 Et
2273 368 2334 413 qui

1246 408 1335 444 duas
1371 419 1473 444 areas
1509 410 1638 452 habet,
1675 410 1824 445 alteram
1856 412 2028 448 tradendo
2061 423 2195 448 servam
2231 413 2333 449 alteri

1246 454 1388 489 efficere
1438 458 1542 490 otest.

1291 497 1342 536 35
1422 509 1617 535 ARCIANUS
1646 499 1737 535 libro
1771 501 1873 535 tertio
1904 501 2115 546 reqularum
2163 502 2200 538 Si
2231 503 2328 539 bina·

1243 555 1322 578 rum
1348 545 1487 579 aedium
1514 545 1675 580 dominus
1701 544 1848 580 dixisset
1872 555 1931 580 eas
1980 556 2044 581 uas
2068 548 2235 583 venderet
2258 559 2331 584 ser-

1243 600 1306 624 vas
1336 589 1433 632 fore,
1467 590 1530 625 sed
1561 590 1598 625 in
1629 590 1819 625 traditione
1851 601 1922 625 non
1970 591 2097 627 ecisset
2120 594 2331 630 mentionem

1244 635 1440 677 servitutis,
1474 636 1529 670 vel
1562 646 1605 670 ex
1636 635 1777 670 vendito
1811 645 1915 680 agere
1937 640 2056 681 potest
2079 638 2134 672 vel
2156 638 2331 674 incertum

1245 680 1443 723 condicere,
1468 684 1510 715 ut
1533 681 1682 715 servitus
1707 680 1922 725 imponatur.

1289 723 1342 762 36
1368 725 1616 761 PAPINIANUS
1637 725 1726 761 libro
1751 727 1901 772 septimo
1926 727 2174 771 quaestionum
2221 728 2331 765 Binas

1243 770 1321 815 quis
1347 771 1453 806 aedes
1476 771 1635 806 habebat
1658 781 1730 805 una
1755 771 2017 816 contignatione
2048 775 2180 807 tectas:
2213 777 2330 809 utras-

1243 826 1310 860 que
1336 815 1481 851 diversis
1506 816 1643 860 legavit.
1681 816 1763 858 dixi,
1789 817 1872 861 quia
1896 817 2007 862 magis
2031 817 2173 861 placeat
2197 818 2330 863 tignum

1242 871 1348 906 posse
1383 861 1534 896 duorum
1571 871 1649 896 esse
1679 861 1749 903 ita,
1783 865 1823 896 ut
1857 865 1975 897 certae
2006 866 2127 907 partes
2161 864 2331 909 cuiusque

1242 906 1313 941 sint
1338 907 1631 951 contignationis,
1665 917 1708 941 ex
1740 907 1882 951 regione
1907 907 2077 952 cuiusque
2101 908 2233 943 domini
2256 909 2332 945 fore

1241 951 1340 996 tigna
1372 963 1439 987 nec
1463 952 1572 986 ullam
1595 952 1743 987 invicem
1767 952 1954 987 habituros
1979 953 2155 988 actionem
2179 954 2234 989 ius
2258 965 2328 989 non

1243 1007 1320 1031 esse
1343 996 1537 1032 immissum
1569 997 1718 1032 habere:
1752 1008 1819 1032 nec
1850 997 2014 1040 interest,
2049 1008 2139 1043 pure
2170 999 2331 1044 utrisque

1243 1053 1289 1076 an
1314 1042 1379 1076 sub
1406 1042 1615 1077 condicione
1639 1042 1741 1077 alteri
1766 1042 1872 1078 aedes
1897 1043 2034 1087 legatae
2057 1043 2139 1079 sint.

1288 1085 1339 1124 37
1366 1087 1559 1123 IULIANUS
1591 1087 1682 1123 libro
1713 1089 1864 1134 septimo
1898 1088 2117 1134 diqestorum
2163 1089 2332 1134 Idemque

1242 1143 1319 1167 esse
1345 1137 1379 1167 et
1403 1133 1432 1168 si
1456 1133 1595 1168 duobus
1620 1133 1725 1168 aedes
1750 1133 1896 1168 cesserit
1908 1135 1945 1167 ¹⁰.

1287 1175 1339 1215 38
1374 1178 1431 1213 ΡΑ
1440 1188 1535 1214 ULUS
1566 1179 1656 1214 libro
1692 1179 1849 1214 secundo
1869 1179 2112 1222 quaestionum
2152 1179 2189 1214 Si
2225 1179 2331 1215 aedes

1241 1233 1340 1259 meae
1364 1234 1386 1258 a
1410 1224 1480 1258 tuis
1506 1223 1651 1259 aedibus
1676 1226 1815 1258 tantum
1840 1223 1990 1266 distent,
2014 1227 2055 1259 ut
2078 1225 2234 1269 prospici
2258 1236 2330 1261 non

1242 1269 1388 1313 possint,
1415 1273 1478 1304 aut
1501 1269 1636 1304 medius
1661 1279 1761 1303 mons
1782 1279 1903 1304 earum
1926 1273 2156 1314 conspectum
2179 1270 2329 1313 auferat,

1241 1315 1392 1349 servitus
1416 1314 1550 1359 imponi
1574 1325 1646 1350 non
1670 1317 1806 1359 potest:

1287 1357 1340 1396 39
1365 1359 1472 1394 IDEM
1492 1360 1582 1395 libro
1600 1361 1724 1406 primo
1749 1359 1973 1394 manualium
2009 1370 2111 1395 nemo
2134 1360 2226 1395 enim
2245 1372 2329 1406 pro-

1241 1405 1325 1448 priis
1351 1404 1519 1440 aedificiis
1544 1405 1748 1440 servitutem
1771 1404 1952 1456 imponere
1976 1408 2114 1449 potest,
2148 1405 2215 1440 nisi
2240 1410 2275 1440 et
2298 1406 2330 1442 is

1241 1450 1300 1494 qui
1336 1450 1429 1485 cedit
1462 1455 1497 1485 et
1527 1450 1557 1485 is
1584 1450 1639 1484 cui
1665 1449 1803 1485 ceditur
1826 1461 1863 1484 1n
1888 1453 2083 1494 conspectu
2106 1450 2264 1486 habeant
2289 1462 2330 1486 ea

1241 1495 1414 1537 aedificia,
1439 1495 1490 1530 ita
1513 1500 1554 1530 ut
1578 1495 1722 1531 officere
1746 1495 1896 1530 alterum
1921 1495 2021 1530 alteri
2045 1496 2167 1540 possit.

1287 1539 1339 1577 40
1366 1541 1471 1575 IDEM
1500 1541 1590 1576 libro
1624 1541 1728 1575 tertio
1752 1551 2007 1586 responsorum
2053 1540 2148 1582 Eos,
2181 1541 2240 1586 qui
2273 1541 2328 1577 ius

1241 1586 1379 1621 luminis
1415 1586 1624 1620 immittendi
1659 1596 1730 1620 non
1766 1586 1989 1628 habuerunt,
2034 1589 2158 1630 aperto
2194 1586 2330 1631 pariete

1242 1632 1417 1666 communi
1432 1633 1457 1652 ¹¹
1484 1632 1580 1666 nullo
1604 1631 1682 1666 iure
1705 1630 1881 1666 fenestras
1904 1630 2090 1666 immisisse
2113 1631 2293 1676 respondi.

1286 1675 1335 1713 41
1365 1676 1567 1712 SCAEVOLA
1593 1676 1683 1712 libro
1701 1677 1824 1721 primo
1849 1687 1908 1710 res
1936 1687 2105 1711 onsorum
2145 1676 2328 1722 Olympico

1240 1722 1496 1757 habitationem
1532 1725 1568 1756 et
1604 1721 1789 1763 horreum,
1826 1732 1895 1766 quo
1952 1721 1989 1755 in
2022 1731 2065 1756 ea
2100 1721 2202 1756 domo
2240 1726 2327 1764 erat,

1240 1767 1356 1811 quoad
1377 1767 1519 1809 viveret,
1536 1767 1683 1811 legavit:
1709 1766 1809 1801 iuxta
1830 1767 1978 1801 eandem
2001 1766 2143 1801 domum
2163 1767 2287 1802 hortus
2303 1768 2329 1788 ¹²

1240 1816 1274 1846 et
1299 1812 1525 1854 cenaculum,
1552 1811 1646 1857 quod
1672 1811 1854 1856 Olympico
1879 1812 2033 1856 legatum
2057 1822 2127 1846 non
2154 1815 2225 1854 est,
2250 1812 2327 1848 fue-

1239 1862 1341 1892 runt:
1376 1857 1421 1892 ad
1452 1858 1597 1892 hortum
1614 1857 1643 1878 ¹³
1667 1861 1785 1891 autem
1810 1861 1846 1891 et
1872 1856 2079 1891 cenaculum
2104 1867 2243 1902 semper
2266 1868 2330 1902 per

1240 1903 1391 1944 domum,
1407 1904 1507 1937 cuius
1521 1902 1693 1937 habitatio
1706 1902 1830 1936 relicta
1843 1906 1930 1944 erat,
1945 1901 2063 1936 aditus
2071 1901 2162 1936 fuit:
2189 1903 2327 1947 quaesi-

1238 1951 1312 1982 tum
1338 1952 1401 1990 est,
1428 1958 1474 1982 an
1500 1948 1703 1993 Olympicus
1729 1947 1861 1982 aditum
1885 1950 2069 1992 praestare
2094 1947 2248 1982 deberet.
2272 1958 2327 1983 re-

1239 1993 1365 2037 spondi
1402 1994 1605 2028 servitutem
1641 1992 1781 2037 quidem
1817 2003 1889 2027 non
1925 2002 2022 2034 esse,
2067 1992 2130 2027 sed
2165 1992 2329 2028 heredem

1237 2038 1391 2073 transire
1422 2049 1485 2083 per
1518 2038 1660 2073 domum
1694 2037 1739 2071 ad
1765 2047 1807 2072 ea
1831 2048 1923 2082 quae
1948 2041 2222 2072 commemorata
2246 2042 2329 2073 sunt

1241 2086 1254 2117 1
1306 2094 1430 2127 posse,
1466 2083 1551 2118 dum
1576 2094 1646 2119 non
1672 2086 1800 2117 noceat
1823 2083 2006 2127 legatario.
2053 2082 2188 2117 Lucius
2214 2083 2328 2118 Titius

1238 2132 1361 2173 aperto
1387 2129 1522 2174 pariete
1547 2129 1672 2163 domus
1698 2138 1803 2170 suae,
1837 2132 2012 2172 quatenus
2044 2127 2211 2162 stillicidii
2234 2128 2328 2173 rigor

1238 2178 1273 2208 et
1295 2174 1472 2219 tignorum
1495 2177 1676 2219 protectus
1692 2174 1717 2194 ¹⁴
1743 2174 1984 2218 competebat,
2009 2173 2152 2207 ianuam
2175 2173 2212 2207 in
2236 2174 2326 2218 pub-

1236 2219 1304 2254 lico
1338 2220 1495 2263 aperuit:
1539 2229 1690 2264 quaero,
1725 2229 1805 2253 cum
1837 2229 1951 2270 neque
1983 2217 2175 2253 luminibus
2209 2218 2327 2253 Publii

1238 2264 1367 2299 Maevii
1391 2265 1495 2299 vicini
1520 2274 1634 2316 neque
1657 2263 1774 2298 itineri
1798 2263 1904 2298 vicini
1928 2263 2088 2299 officeret
2112 2273 2226 2308 neque
2250 2264 2324 2298 stil-

1237 2309 1394 2344 licidium
1411 2321 1456 2344 ne
1469 2311 1495 2331 ¹⁵
1519 2309 1624 2344 vicini
1649 2309 1752 2343 domo
1772 2308 1889 2351 cadat,
1911 2319 1958 2343 an
1978 2308 2131 2353 aliquam
2153 2308 2327 2343 actionem

1236 2354 1384 2389 Publius
1420 2355 1580 2390 Maevius
1614 2354 1750 2389 vicinus
1788 2354 1833 2388 ad
1868 2353 2128 2399 prohibendum
2165 2353 2323 2388 haberet.

1236 2400 1402 2444 respondi
1438 2400 1634 2435 secundum
1669 2410 1711 2434 ea
1746 2409 1837 2444 quae
1871 2402 2156 2444 proponerentur
2192 2398 2324 2433 nullam

1236 2446 1378 2480 habere.

1727 2538 1784 2575 111
1796 2535 1835 2575 ¹⁶.

1237 2605 1297 2636 DE
1333 2603 1661 2636 snnvrrnrnms
1695 2601 1992 2634 PRAEDIORUM
2023 2600 2322 2633 RUSTICORUM.

1285 2669 1347 2706 1¹⁷
1380 2669 1573 2705 ULPIANUS
1602 2668 1693 2704 libro
1717 2667 1873 2703 secundo
1898 2667 2160 2702 institutionum
2209 2666 2322 2702 Servi-

1236 2719 1331 2750 tutes
1357 2715 1570 2749 rusticorum
1594 2713 1820 2758 praediorum
1846 2715 1929 2747 sunt
1947 2711 2033 2746 hae:
2058 2712 2125 2746 iter
2146 2716 2248 2747 actus
2268 2712 2325 2747 via

1237 2771 1350 2804 aquae
1374 2760 1514 2795 ductus.
1550 2760 1618 2793 iter
1643 2763 1696 2793 est
1719 2758 1774 2792 ius
1799 2757 1906 2792 eundi
1940 2756 2146 2792 ambulandi
2179 2758 2322 2799 homini,

1237 2817 1307 2840 non
1333 2805 1438 2840 etiam
1461 2805 1656 2839 iumentum
1681 2803 1818 2847 agendi.
1843 2805 1943 2837 actus
1965 2805 2018 2837 est
2040 2802 2096 2837 ius
2121 2802 2246 2847 agendi
2269 2803 2323 2837 vel

1236 2851 1431 2884 iumentum
1455 2850 1509 2884 vel
1533 2849 1751 2884 vehiculum:
1784 2848 1904 2892 itaque
1929 2847 1988 2892 qui
2012 2847 2079 2883 iter
2102 2847 2228 2889 habet,
2262 2858 2321 2883 ac-

1235 2899 1311 2929 tum
1335 2906 1407 2929 non
1432 2895 1551 2936 habet,
1576 2894 1636 2938 qui
1661 2898 1780 2928 actum
1803 2893 1922 2934 habet,
1949 2895 1984 2927 et
2001 2892 2069 2927 iter
2088 2893 2198 2927 habet
2218 2893 2322 2927 etiam

1236 2941 1312 2975 sine
1335 2941 1503 2974 iumento.
1540 2939 1597 2974 via
1622 2942 1675 2973 est
1698 2938 1753 2973 ius
1778 2937 1883 2972 eundi
1908 2941 1943 2972 et
1975 2937 2101 2982 agendi
2133 2941 2168 2972 et
2198 2938 2320 2972 ambu-

1235 2984 1389 3019 landi¹⁸:
1424 2995 1506 3019 nam
1537 2988 1573 3019 et
1603 2984 1670 3018 iter
1702 2987 1736 3018 et
1768 2986 1887 3018 actum
1910 2983 1948 3017 in
1971 2983 2049 3017 se¹⁹
2072 2982 2128 3017 via
2153 2983 2320 3018 continet.

1237 3040 1350 3075 aquae
1385 3030 1513 3065 ductus
1550 3033 1604 3064 est
1638 3029 1692 3064 ius
1727 3039 1855 3073 aquam
1892 3027 2043 3062 ducendi
2077 3038 2142 3072 per
2171 3027 2321 3062 fundum

1239 3079 1252 3109 1
1304 3075 1467 3109 alienum.
1493 3075 1535 3108 In
1546 3074 1688 3108 rusticis
1700 3073 1939 3118 computanda
1948 3076 2030 3107 sunt
2039 3082 2152 3117 aquae
2159 3072 2320 3115 haustus,

1236 3120 1376 3165 pecoris
1400 3120 1445 3154 ad
1469 3130 1598 3164 aquam
1623 3119 1811 3164 adpulsus,
1835 3118 1890 3153 ius
1914 3117 2103 3163 pascendi,
2129 3117 2235 3152 calcis
2261 3128 2319 3152 co-

1237 3169 1256 3200 2
1305 3165 1485 3210 quendae,
1518 3165 1673 3199 harenae
1707 3163 1906 3199 fodiendae.
1955 3162 2114 3198 Traditio
2150 3162 2255 3207 plane
2287 3168 2321 3197 et

1235 3210 1407 3255 patientia
1431 3209 1651 3245 servitutium
1674 3209 1818 3244 inducet
1841 3208 1997 3244 officium
2021 3207 2206 3252 praetoris.

1283 3253 1307 3291 2
1334 3255 1538 3290 NERATIUS
1566 3254 1657 3290 libro
1681 3257 1812 3300 quarto
1836 3253 2044 3299 reqularum
2091 3252 2319 3286 Rusticorum

1262 3300 1462 3335 raediorum
1486 3299 1671 3334 servitutes
1696 3303 1779 3334 sunt
1801 3299 1908 3333 licere
1931 3297 2036 3332 altius
2061 3297 2184 3332 tollere
2207 3300 2242 3331 et
2265 3295 2316 3330 of-

1236 3312 1343 3380 ficere
1393 3344 1545 3379 raetorio
1570 3344 1686 3387 vicini,
1710 3344 1764 3379 vel
1789 3344 1947 3378 cloacam
1970 3342 2102 3377 habere
2125 3342 2231 3376 licere
2254 3350 2316 3384 per

1236 3390 1340 3425 vicini
1365 3357 1508 3425 domum
1531 3389 1584 3424 vel
1608 3389 1845 3434 praetorium,
1877 3388 1932 3423 vel
1954 3390 2155 3432 protectum
2186 3385 2317 3419 habere

1236 3504 1292 3543 (13)
1318 3502 1462 3534 hortuF
1571 3503 1628 3544 (14)
1653 3503 1904 3544 proiectusedd.
2020 3501 2078 3541 (15)
2102 3497 2315 3530 stillicidium

1236 3549 1290 3588 ne]
1309 3547 1485 3579 stillicidio
1494 3558 1536 3580 ne
1547 3547 1587 3579 de
1594 3560 1655 3581 scr.

1283 3593 1341 3633 (¹6)
1366 3593 1430 3625 Ed.
1450 3599 1755 3631 3.5...8.10...1·1.35;
1773 3592 1853 3625 Sab.
1872 3594 2068 3625 1.2.1s...33;
2085 3586 2169 3628 Pap.
2187 3593 2253 3619 ao.
2267 3592 2312 3619 34.

1238 3637 1506 3671 ae...3s.—Bas.
1519 3639 1571 3671 58.
1584 3645 1599 3671 3
1669 3638 1726 3678 (ιτ)
1752 3636 2013 3675 =Inst.2,3pr·
2027 3636 2064 3671 §5
2077 3639 2126 3664 1·2
2197 3631 2256 3670 (18)
2281 3633 2314 3662 et

1238 3681 1431 3714 ambulandi
1455 3682 1517 3716 del.
1623 3685 1683 3722 (19)
1709 3682 1797 3720 etse]
1808 3679 1860 3712 F2
1872 3691 1940 3712 cum
1950 3678 2029 3710 Inst.
2044 3683 2072 3709 et
2080 3676 2124 3717 B,
2134 3675 2171 3707 in
2181 3685 2215 3707 se
2228 3675 2269 3706 F*

1983 3777 2045 3810 15*
