2528 3918
191 125 461 170 XXXXVIII
494 126 546 168 19

192 250 300 295 petuo
332 246 407 284 dati
438 250 474 284 et
503 247 542 283 in
570 247 723 284 insulam
754 246 948 293 deportati,
981 251 1021 282 ut
1050 256 1093 283 ea
1121 245 1275 291 quidem,

192 303 283 339 quae
305 293 392 329 iuris
417 293 527 329 civilis
551 297 646 336 sunt,
679 303 751 328 non
774 292 941 336 habeant,
965 302 1058 337 quae
1080 301 1164 328 vero
1186 291 1275 328 iuris

191 337 347 383 gentium
371 342 466 380 sunt,
490 338 658 373 habeant.

241 379 291 421 18
322 382 517 419 Uzmmvos
536 383 627 419 libro
652 382 756 418 tertio
780 381 831 418 ad
848 381 1001 419 edictum
1042 380 1275 425 Cogitationis

191 438 342 474 poenam
366 438 470 464 nemo
493 428 664 473 patitur'.

241 471 292 510 19
315 472 423 508 lna-u
450 473 541 508 libro
596 472 893 518 uinquaqensn'mo
923 472 1074 525 septimo
1104 471 1154 506 ad
1182 471 1275 508 edic-

192 522 266 552 tam
313 517 351 553 Si
374 527 445 553 non
466 483 704 553 defentqlantur
723 516 816 553 servi
834 527 857 552 a
878 516 1039 559 dominis,
1064 526 1136 552 non
1153 517 1276 562 utique

191 563 312 598 statim
336 562 383 598 ad
405 573 447 598 su
474 563 619 608 plicium
642 561 876 605 deducuntur,
900 562 964 598 sed
982 562 1206 606 permittetur
1224 562 1276 597 eis

192 607 335 643 defendi
358 608 413 643 vel
436 617 459 643 a
507 607 594 650 alio,
618 611 656 644 et
678 607 738 653 qui
762 607 962 653 cognoscit,
987 606 1131 642 debebit
1154 606 1198 642 de
1221 606 1276 642 in-

192 653 358 688 nocentia
380 663 504 689 eorum
551 662 710 689 uaerere.

238 695 291 734 20
319 697 372 732 PA
381 697 533 750 pnes-li
553 709 596 734 ro
608 698 745 734 votano
769 696 904 732 decimo
936 696 986 731 ad
1007 695 1192 732 Plau-tium
1208 740 1217 750 ·
1238 695 1277 749 si

190 743 451 830 ffiff‘nsshffl‘
472 753 559 824 1:32
583 744 993 824 ..ffian‘sgte‘fflssussz‘
1012 744 1276 839 ιὲῗωιιῗξᾚῖἰὲ

193 832 348 875 videtur,
387 832 484 879 quod
518 843 636 880 poena
667 831 897 868 constituitur
926 831 964 867 in
995 832 1277 868 emendationem

193 878 391 958 Ιιοιιὲίιιίιίιιιιοι
414 888 515 959 {uae
537 882 678 915 mortuo
703 887 762 920 e0‚
795 877 832 912 in
860 886 964 922 quem
988 877 1157 913 constitui
1179 877 1277 913 vide-

191 928 252 958 tur
336 933 425 959 esim
443 951 451 958 .

237 949 288 1005 21’
326 967 471 1004 Cusas
503 967 594 1004 libro
626 967 834 1014 triqensimo
866 967 1017 1014 septimo
1054 966 1275 1013 diqestorum

191 1012 362 1049 Ultimum
398 1012 614 1059 supplicium
653 1021 731 1048 esse
770 1014 919 1048 mortem
955 1011 1068 1048 solam
1102 1012 1277 1058 interpre-

190 1063 320 1094 tamur.

237 1100 292 1141 22
322 1101 577 1138 Monnsmvos
610 1102 701 1139 libro
729 1103 854 1149 primo
893 1101 1181 1148 differentiarum
1236 1101 1279 1136 In

190 1148 374 1185 metallum
410 1147 569 1183 damnati
607 1148 638 1183 si
675 1147 878 1184 valetudine
912 1150 976 1182 aut
1014 1146 1143 1183 aetatis
1178 1146 1277 1182 infir-

193 1194 315 1248 mitate
350 1192 495 1246 inutiles
529 1193 632 1246 'operi
663 1192 833 1247 faciundo
858 1191 1196 1246 deprehendantur,
1233 1201 1279 1244 ex

191 1237 467 1320 ffi‘fflssstdiss
483 1237 552 1318 11¹3?
563 1237 801 1326 ammai?
829 1237 1278 1335 ἓῗιῗὲιέῖῗὶὲἓὶηὲἓέ

191 1328 248 1365 vel
270 1327 407 1364 adfines
430 1328 588 1363 habeant
610 1331 647 1363 et
669 1338 742 1364 non
765 1327 882 1364 minus
914 1327 1037 1364 decem
1066 1337 1168 1364 amns
1192 1337 1277 1373 poe-

191 1383 261 1410 nae
284 1383 371 1410 suae
394 1372 509 1409 functi
532 1372 676 1408 fuerint.

238 1416 291 1457 23
316 1418 424 1455 loru
449 1419 540 1454 libro
565 1421 691 1454 octavo
714 1417 924 1464 reqularum
976 1417 1060 1453 Sine
1089 1417 1278 1463 praefinito

191 1467 352 1509 tempore
380 1464 417 1498 in
446 1462 627 1498 metallum
658 1462 744 1499 dato
772 1462 948 1509 imperitia
972 1462 1091 1499 dantis
1116 1462 1278 1499 decennii

191 1513 353 1554 tempora
375 1507 567 1554 praefinita
588 1507 763 1544 videntur.

238 1552 292 1591 24
323 1553 432 1589 Imm
463 1553 554 1589 libro
590 1553 778 1589 undecimo
808 1552 1075 1600 pandectarum
1128 1552 1276 1597 Eorum,

192 1600 254 1645 qui
281 1599 334 1635 rel
379 1598 429 1634 ati
457 1597 512 1634 vel
541 1597 720 1643 deportati
750 1602 835 1633 sunt
866 1607 911 1633 ex
933 1607 1046 1634 causa
1068 1597 1276 1641 maiestatis,

192 1648 330 1680 statuas
379 1642 592 1679 etrahendas
616 1643 709 1679 scire
733 1642 914 1679 debemus.

239 1687 292 1727 25
316 1688 425 1725 IDEM
443 1688 534 1724 libro
551 1688 761 1724 duodecimo
774 1688 1041 1734 pandectarum
1084 1688 1123 1725 Si
1140 1688 1278 1725 diutino

195 1738 358 1780 tempore
386 1733 515 1779 aliquis
545 1733 584 1768 in
613 1736 716 1769 reatu
746 1733 872 1777 fuerit,
907 1733 1132 1786 aliquatenus
1163 1743 1280 1780 poena

193 1780 269 1816 eius
293 1778 513 1815 sublevanda
536 1778 620 1814 erit:
653 1779 705 1815 sic
737 1778 844 1814 etiam
868 1782 1105 1815 constitutum
1127 1784 1184 1815 est
1205 1789 1279 1815 non

192 1835 235 1861 eo
258 1824 365 1860 modo
388 1823 588 1870 puniendos
612 1834 693 1867 eos,
717 1823 779 1869 qui
800 1824 909 1869 longo
931 1827 1092 1869 tempore
1114 1824 1152 1860 in
1175 1828 1278 1860 reatu

193 1873 531 1960 igui‘anqffiffi
578 1868 675 1950 ‘¹³33
697 1869 1150 1951 Eiffiiffrieniinfflffl
1151 1869 1278 1960 5¹13?ssss

869 1940 879 1957 1

194 1960 228 1996 ci
254 1960 373 1996 itetur.

228 1971 293 2043 p26
327 2005 613 2042 crasmarus
646 2003 738 2040 libro
768 2005 892 2051 primo
931 2004 976 2040 de
1012 2004 1279 2051 coqnitionibus

194 2050 336 2104 Crimen
364 2049 420 2085 vel
449 2058 567 2095 poena
597 2053 747 2095 paterna
768 2049 904 2102 nullam
925 2049 1103 2085 maculam
1126 2049 1279 2102 filiojn-

192 2095 487 2177 &³325ssssssss
503 2094 1279 2192 ἶῗεῗᾳξῗιθὲῗῗέἓᾞὲιὲζξέωἶξὲῥὲἲηῗὲῗ

192 2186 316 2228 tuitur,
341 2184 448 2230 idque
470 2183 541 2220 div1
557 2183 688 2220 fratres
706 2184 985 2230 Hierapohtams
1005 2184 1277 2237 rescripserunt.

239 2227 293 2267 27
314 2229 421 2265 Imm
434 2229 525 2266 libro
543 2229 670 2275 quinto
689 2229 734 2264 de
749 2230 1014 2276 coquitionibus
1047 2229 1131 2265 Div1
1148 2229 1279 2265 flatres

194 2274 367 2311 Arruntio
398 2274 512 2310 Siloni
546 2274 808 2320 rescripserunt
843 2285 916 2310 non
951 2274 1067 2310 solere
1096 2274 1278 2319 praesides

219 2320 657 2410 ἑὲοὼῦθέἓῗῶζαὲξῖἓ
697 2319 1278 2410 ἕιῆῗηῗῗῗέἓέἷὲρὲἓῗῧῗηηέἒέζ

194 2414 335 2446 mutare
371 2409 585 2446 sententiam
619 2408 794 2445 neminem
823 2419 932 2462 posse
961 2409 1068 2455 idque
1096 2409 1279 2445 insolitum

196 2466 274 2492 esse
297 2454 385 2491 fieri.
433 2455 463 2490 si
492 2458 612 2490 tamen
640 2454 685 2490 de
714 2464 754 2490 se
782 2462 861 2500 quis
889 2455 1057 2490 mentitus
1080 2454 1190 2490 fuerit
1211 2454 1278 2497 vel,

196 2511 277 2536 cum
313 2510 386 2536 non
419 2499 570 2551 haberet
604 2499 858 2552 probationum
893 2499 1146 2553 instrumenta,
1187 2509 1279 2545 quae

194 2548 541 2636 {33²,51‘i21'0133ffi3‘
548 2555 725 2634 affin
732 2544 903 2635 ῗᾱιῗὲἱῖἰ
926 2549 990 2642 '3³21’
1015 2544 1279 2635 3ξὲξέἓῶ

195 2636 331 2673 minuta
362 2638 417 2670 est
445 2634 502 2670 vel
524 2634 563 2670 in
585 2634 760 2679 integrum
783 2634 961 2670 restitutio
985 2644 1168 2671 concessa.
1216 2634 1279 2671 sed

201 2685 214 2715 1
263 2680 301 2715 id
329 2679 516 2715 dumtaxat
545 2689 568 2714 a
595 2679 815 2732 principibus
846 2679 925 2715 fieri
952 2683 1083 2725 potest.
1130 2680 1187 2716 De
1217 2680 1277 2716 de-

197 2724 404 2761 curionibus
435 2728 472 2760 et
498 2724 755 2770 principalibus
784 2724 998 2767 civitatium,
1035 2724 1098 2770 qui
1125 2734 1169 2761 ca
1194 2725 1279 2761 itale

196 2770 417 2806 admiserunt
425 2770 450 2811 ³,
481 2769 659 2805 mandatis
690 2773 851 2812 cavetur,
889 2773 947 2813 ut,
978 2770 1009 2805 si
1039 2769 1118 2815 quis
1146 2770 1159 2805 i
1213 2770 1277 2805 ad-

195 2815 353 2851 mississe
391 2814 573 2856 videatur,
614 2818 762 2860 propter
797 2814 894 2860 qnod
929 2814 1140 2860 relegandus
1175 2819 1279 2851 extra

195 2859 413 2906 provinciam
435 2859 473 2894 in
496 2859 649 2894 insulam
672 2860 737 2901 sit,
769 2859 977 2905 imperatori
1006 2860 1187 2896 scribatur
1214 2860 1278 2895 ad-

196 2908 217 2940 2
263 2905 358 2941 iecta
386 2905 561 2940 sententia
592 2915 615 2939 a
647 2904 822 2950 praeside.
875 2904 958 2940 Alio
989 2914 1130 2958 quoque
1161 2905 1278 2950 capite

195 2949 444 2985 mandatorum
466 2949 504 2984 in
526 2949 617 2985 haec
639 2950 748 2985 verba
772 2953 934 2985 cavetur:
960 2949 1010 2985 ‘Si
1033 2950 1094 2995 qui
1116 2959 1162 2985 ex
1176 2950 1277 3002 prin-

196 2995 385 3041 ‘cipalibus
400 2993 552 3029 alicuius
569 2994 720 3030 civitatis
734 2994 960 3030 latrocinium
973 2994 1126 3030 fecerint
1137 2994 1278 3031 ahudve

196 3039 304 3086 ‘quod
326 3039 476 3083 facinus,
500 3043 542 3074 ut
565 3039 753 3084 capitalem
776 3049 928 3085 poenam
944 3040 1117 3075 meruisse
1133 3039 1276 3076 videan-

196 3088 286 3128 ‘tur‚
328 3083 586 3126 commiserint,
624 3084 760 3120 vinctos
791 3094 853 3120 eos
887 3084 1091 3120 custodies⁴
1126 3088 1163 3120 et
1191 3085 1277 3120 mihi

197 3130 346 3166 ‘scribes
369 3133 406 3165 et
428 3128 572 3171 adicies,
597 3128 682 3174 quid
705 3129 852 3174 quisque
877 3129 1113 3165 commiserit’.

242 3171 296 3213 28
321 3174 428 3210 Imm
447 3174 539 3210 libro
560 3177 666 3209 sexto
690 3174 734 3208 de
757 3175 1021 3220 coqnitionibus
1066 3174 1277 3220 Capitalium

196 3230 394 3265 poenarum
430 3218 507 3255 fere
535 3218 596 3254 isti
624 3218 755 3263 gradus
787 3223 881 3254 sunt.
935 3229 1110 3254 summum
1141 3220 1276 3265 suppli-

197 3265 290 3300 cium
328 3275 406 3300 esse
441 3263 581 3300 videtur
612 3263 659 3298 ad
686 3263 826 3298 furcam
857 3264 1048 3299 damnatio.
1094 3265 1179 3299 item
1209 3265 1277 3300 vivi

197 3309 385 3345 crematio:
418 3308 540 3354 quod⁶
568 3318 781 3354 quamquam
804 3309 931 3344 summi
954 3308 1120 3355 supplicii
1143 3309 1276 3355 apella-

197 3354 293 3390 tione
316 3353 440 3390 merito
466 3353 724 3397 contineretur,
747 3357 867 3388 tamen
890 3364 950 3394 eo,
975 3354 1070 3399 quod
1091 3358 1218 3399 postea
1239 3354 1277 3390 id

196 3410 306 3445 genus
331 3408 468 3445 poenae
490 3398 716 3434 adinventum
740 3402 804 3443 est,
854 3399 1003 3434 osten'us
1027 3398 1141 3443 primo
1164 3399 1277 3435 visum

196 3448 264 3481 est.
308 3444 394 3481 item
417 3443 544 3490 capitis
568 3443 776 3490 amputatio.
849 3443 949 3479 eindc
979 3443 1142 3489 proxima
1172 3444 1277 3480 morti

197 3558 238 3597 (1)
260 3555 475 3600 patiatur*
552 3559 596 3598 (2)
620 3556 837 3590 constituitur
848 3566 911 3590 cer.
995 3557 1039 3597 (3)
1063 3557 1123 3598 qui
1133 3556 1276 3600 capitale

196 3602 474 3635 mmmmntaa
531 3601 789 3642 «acuamur
835 3600 1028 3644 (s)quidF
1075 3602 1285 3644 (uantur

197 3649 242 3689 (¹1)
266 3647 304 3681 hi
315 3646 487 3680 dumtaxat
498 3646 569 3689 qui]
580 3647 669 3680 servi
679 3646 852 3680 dumtaxat
863 3646 989 3689 quique
1001 3658 1064 3679 scr.
1135 3650 1180 3690 (8)
1203 3649 1276 3680 tur-

198 3690 389 3725 bulentibus
402 3692 438 3725 F
510 3692 556 3734 (ο)
579 3691 647 3725 sint
660 3693 695 3725 F
764 3693 825 3733 (10)
848 3691 969 3726 debent
979 3691 1015 3725 1⁵·
1080 3692 1136 3732 (11)
1160 3701 1275 3734 quam·

199 3736 256 3768 diu
270 3736 380 3778 etiam]
394 3746 491 3778 quam
504 3736 649 3778 perdunt
665 3750 724 3769 scr.
821 3739 878 3778 (¹2)
903 3737 1002 3769 etiam
1017 3735 1066 3768 Ρ
1157 3739 1214 3778 (13)
1238 3737 1275 3769 in

1271 118 1354 169 816

1342 3602 1477 3646 patroni
1487 3604 1687 3645 patronaeve
1741 3604 1800 3644 (¹⁶)
1818 3601 1936 3636 evitari
1949 3602 2003 3636 F²

1478 71 1480 80 k
1489 86 1539 97 ΡΧ

2174 131 2237 164 DE
2264 130 2427 164 Pontus

1342 256 1461 292 poena
1482 245 1617 283 metalli
1641 246 1820 283 coercitio.
1867 249 1950 292 post
1977 245 2104 284 deinde
2125 246 2163 283 in
2184 246 2336 284 insulam
2359 246 2418 284 de-

1348 295 1361 326 1
1412 292 1579 338 portatio.
1622 291 1770 328 Ceterae
1793 301 1932 338 poenae
1954 291 2001 327 ad
2023 292 2327 336 existimationem,
2351 304 2423 330 non

1343 336 1391 372 ad
1422 336 1549 382 capitis
1626 336 1778 372 riculum
1808 338 2004 383 pertinent,
2043 337 2152 373 veluti
2180 337 2347 383 relegatio
2376 338 2423 373 ad

1342 384 1502 427 tempus,
1533 391 1575 417 ve
1610 380 1649 416 in
1671 385 1902 427 perpetuum,
1931 382 1987 418 vel
2009 382 2047 417 in
2069 382 2241 424 insulam,
2263 382 2320 418 vel
2343 393 2423 418 cum

1343 426 1380 462 in
1403 437 1495 472 opus
1520 426 1599 471 quis
1648 426 1805 462 ublicum
1828 427 1950 467 datur.
1982 428 2037 463 vel
2069 438 2150 463 cum
2179 427 2327 463 fustium
2348 427 2424 463 ictu

1345 474 1365 507 2
1412 471 1598 508 subicitur.
1671 481 1718 507 on
1741 481 1863 508 omnes
1885 472 2066 508 fustibus⁶
2089 472 2191 508 caedi
2209 472 2336 516 solent,
2361 472 2423 508 sed

1343 515 1383 551 hi
1415 516 1602 552 dumtaxat
1630 516 1714 562 qui⁷
1746 517 1847 552 liberi
1878 521 1962 553 sunt
2001 521 2039 553 et
2073 517 2215 563 quidem
2244 517 2424 553 tenuiores

1343 562 1521 597 homines:
1553 561 1775 597 honestiores
1806 572 1888 598 vero
1916 562 2071 598 fustibus
2095 573 2168 598 non
2190 562 2424 606 subiciuntur,

1343 606 1450 651 idque
1481 606 1738 652 principalibus
1767 607 1949 652 rescriptis
1980 607 2183 653 specialiter
2205 607 2423 653 exprimitur.

1346 655 1365 687 3
1413 651 1537 688 Solent
1568 651 1730 697 quidam,
1792 651 1830 686 ui
1859 662 1903 687 vo
1940 662 1962 688 o
1991 662 2031 688 se
2058 652 2201 689 iuvenes
2232 662 2255 688 a
2279 652 2425 698 pellant,

1343 696 2106 787 ffibqffssssffifffffffflomiafflfflffl?
2133 697 2427 778 ἓὶωἳιὲΐῗΓ-ἑὶῐῑ

1407 753 1432 777 ιι
1517 753 1541 787 p
1636 753 1658 777 ιι
1988 769 1996 777 .
2058 753 2096 778 ιιι
2117 753 2150 779 si
2191 753 2226 778 ιιι
2402 753 2414 777 ι

1346 787 1554 823 admiserint
1577 797 1643 823 nec
1667 790 1751 822 ante
1774 787 1847 823 sint
1869 797 1892 823 a
1913 787 2032 833 praesi
2056 798 2077 823 e
2104 753 2292 830 admoniti,
2323 786 2426 823 fusti-

1345 832 1413 868 bus
1438 831 1536 868 caesi
1564 832 1793 868 dimittuntur
1823 835 1886 867 aut
1913 832 2021 868 etiam
2048 832 2262 879 spectaculis
2290 831 2342 868 eis
2371 831 2427 868 in-

1346 876 1542 913 terdicitur.
1590 877 1686 930 qnod
1709 877 1741 913 si
1762 877 1814 913 ita
1837 877 1990 913 correcti
2011 877 2050 913 in
2072 877 2204 914 eisdem
2232 877 2427 923 deprehen-

1346 922 1495 965 dantur,
1525 921 1631 958 exiho
1662 922 1832 968 puniendi
1861 926 1946 958 sunt
1955 923 1980 967 ⁹,
2014 931 2281 968 nonnumquam
2311 932 2356 958 ca
2379 921 2429 957 ite

1372 967 1543 1010 lectendi‚
1583 967 1721 1003 scilicet
1751 978 1833 1003 cum
1863 967 2006 1014 saepius
2036 967 2206 1004 seditiose
2234 970 2273 1004 et
2301 970 2361 1003 tur
2386 978 2426 1003 u-

1361 1015 1441 1048 ente
1470 1022 1509 1048 se
1537 1012 1713 1058 gesserint
1740 1015 1777 1049 et
1805 1012 2017 1059 aliquotiens
2049 1012 2262 1059 adprehensi
2283 1012 2427 1048 tractati

1349 1057 1556 1093 clementius
1586 1057 1624 1093 in
1654 1057 1779 1093 eadem
1807 1057 2006 1094 temeritate
2027 1057 2204 1104 propositi
2225 1067 2427 1104 persevera-

1348 1106 1370 1138 4
1395 1106 1414 1138 5
1460 1102 1586 1139 verint.
1635 1102 1735 1138 Servi
1766 1103 1862 1139 caesi
1891 1102 2007 1138 solent
2038 1102 2190 1139 dominis
2220 1102 2333 1139 reddi.
2379 1102 2430 1138 Et

1347 1151 1388 1182 ut
1416 1148 1630 1193 generaliter
1661 1147 1828 1192 dixerim,
1866 1158 2007 1191 omnes,
2043 1147 2104 1201 qui
2139 1147 2295 1184 fustibus
2329 1147 2427 1184 caedi

1370 1192 1591 1236 rohibentur,
1616 1192 1764 1229 eandem
1787 1193 1921 1229 habere
1943 1193 2090 1229 honoris
2112 1193 2345 1229 reverentiam
2367 1192 2427 1228 de-

1371 1241 1448 1280 ent,
1473 1248 1579 1283 quam
1602 1238 1813 1274 decuriones
1835 1238 1981 1274 habent.
2029 1241 2085 1274 est
2107 1238 2199 1274 enim
2221 1238 2429 1274 inconstans

1347 1283 1465 1319 dicere
1489 1293 1580 1326 eum,
1633 1293 1714 1318 uem
1737 1283 1952 1336 principales
1976 1282 2250 1320 constitutiones
2272 1282 2428 1319 fustibus

1347 1331 1368 1364 6
1415 1328 1530 1365 subici
1552 1294 1823 1373 pro‘ifibuerunt,
1847 1339 1886 1364 ιιι
1907 1328 2089 1364 metallum
2111 1327 2190 1364 dari
2211 1338 2330 1375 posse.
2364 1327 2429 1364 Di·

1345 1384 1411 1410 vus
1440 1373 1648 1410 Hadrianus
1678 1373 1717 1409 in
1746 1374 1837 1410 haec
1865 1373 1976 1410 verba
2005 1373 2117 1410 rescri
2162 1374 2199 1409 ‘t.
2254 1373 2309 1409 ‘In
2338 1383 2430 1419 opus

1346 1419 1490 1455 ‘metalli
1518 1419 1566 1455 ad
1595 1422 1736 1465 tempus
1764 1429 1869 1456 nemo
1893 1419 2054 1455 damnari
2077 1418 2121 1454 de
2147 1422 2183 1454 et
2195 1419 2234 1453 ¹⁰.
2281 1417 2347 1455 sed
2368 1418 2429 1464 qui

1346 1464 1405 1500 ‘ad
1427 1467 1568 1510 tempus
1592 1464 1780 1500 damnatus
1803 1468 1876 1508 est,
1908 1464 2048 1500 etiamsi
2075 1463 2185 1500 faciet
2214 1463 2429 1500 metallicum

1347 1511 1467 1555 ‘opus,
1499 1520 1572 1545 non
1600 1509 1638 1545 in
1668 1509 1852 1545 metallum
1875 1509 2064 1545 damnatus
2087 1519 2167 1546 esse
2189 1508 2346 1554 intellegi
2367 1508 2428 1545 de-

1345 1554 1425 1591 bet:
1449 1554 1556 1591 huius
1579 1555 1672 1590 enim
1695 1554 1842 1596 libertas
1864 1558 1996 1598 manet,
2021 1554 2190 1600 quamdiu
2213 1554 2357 1590 etiam¹¹
2380 1554 2432 1598 hi,

1347 1599 1419 1644 ‘qui
1449 1599 1486 1634 in
1516 1603 1728 1646 perpetuum
1760 1610 1851 1645 opus
1882 1599 2120 1635 damnantur’.
2171 1599 2323 1645 proinde
2353 1600 2430 1635 et¹¹

1347 1648 1365 1679 7
1414 1644 1579 1681 mulieres
1602 1645 1672 1681 hoc
1694 1645 1800 1681 modo
1821 1645 2010 1680 damnatae
2029 1645 2159 1680 liberos
2178 1644 2335 1690 pariunt.
2371 1644 2432 1680 Ad

1346 1693 1485 1726 statuas
1517 1689 1710 1735 confugere
1740 1690 1795 1726 vel
1824 1690 1995 1735 imagines
2025 1689 2228 1736 principum
2264 1689 2302 1725 in
2336 1689 2428 1725 iniu-

1346 1735 1437 1770 riam
1471 1735 1619 1771 alterius
1632 1736 1660 1757 ¹³
1702 1734 1920 1780 prohibitum
1957 1738 2023 1771 est.
2078 1745 2160 1770 cum
2200 1734 2295 1771 enim
2334 1734 2429 1780 leges

1347 1780 1512 1816 omnibus
1542 1780 1745 1816 hominibus
1775 1780 1971 1833 aequaliter
2000 1779 2228 1816 securitatem
2256 1779 2428 1823 tribuant,

1347 1825 1472 1861 merito
1501 1824 1616 1861 visum
1646 1828 1702 1861 est
1730 1825 1768 1860 in
1798 1825 1964 1861 iniuriam
1994 1825 2114 1871 potius
2144 1824 2292 1862 alterius
2323 1835 2429 1879 Quam

1347 1870 1404 1906 sui
1427 1869 1645 1906 defensionis
1662 1870 1781 1915 gratia
1800 1870 1847 1906 ad
1866 1874 2006 1907 statuas
2028 1870 2085 1906 vel
2106 1869 2276 1916 imagines
2298 1870 2428 1916 princi-

1347 1925 1434 1996 pum
1457 1915 1666 1961 confugere:
1698 1915 1769 1951 nisi
1790 1915 1822 1951 si
1844 1914 1923 1961 quis
1948 1926 1992 1951 ex
2014 1914 2164 1951 vinculis
2187 1915 2242 1951 vel
2265 1915 2429 1952 custodia

1372 1963 1511 1996 etentus
1546 1971 1568 1996 a
1607 1960 1869 2007 potentioribus
1904 1960 1951 1996 ad
1980 1959 2184 1996 huiusmodi
2213 1960 2429 2007 praesidium

1348 2005 1564 2051 confugerit:
1593 2006 1649 2041 his
1672 2006 1767 2041 enim
1789 2005 1893 2042 venia
1914 2005 2107 2041 tribuenda
2129 2008 2195 2042 est.
2240 2015 2288 2041 ne
2309 2008 2430 2042 autem

1348 2050 1402 2103 ad·
1418 2054 1556 2087 statuas
1579 2051 1634 2086 vel
1656 2050 1827 2104 imagines
1851 2051 1929 2104 quis
1954 2050 2147 2103 confugiat²
2175 2054 2332 2104 senatus·
2345 2060 2428 2104 qen·

1347 2099 1761 2185 ἓιᾝέιηξἭὲἓῗαηεὲἓέ,
1780 2095 2172 2193 ιζᾚῖῗιιὼὲἷῗέἓί
2195 2095 2429 2177 ἓοῗοέὶῗῗιῖ

1349 2189 1368 2220 8
1415 2196 1479 2221 vus
1532 2186 1589 2221 ius
1611 2185 1805 2232 rescripsit.
1852 2185 1978 2222 Omnia
2001 2151 2156 2221 αέιιιιεεο,
2176 2185 2215 2221 in
2237 2189 2427 2231 patronum

1347 2231 1531 2276 patronive
1544 2231 1571 2252 ¹⁴
1594 2230 1706 2266 filium
1729 2234 1867 2276 patrem
1889 2230 2129 2276 propinquum
2151 2230 2317 2266 maritum
2338 2241 2427 2267 uxo-

1348 2286 1422 2311 rem
1439 2279 1646 2320 ceterasque
1659 2275 1941 2312 necessitudines
1957 2275 2098 2321 gravius
2116 2275 2330 2311 vindicanda
2344 2279 2427 2312 sunt

1348 2323 1368 2355 9
1416 2331 1521 2366 quam
1536 2321 1573 2356 in
1589 2324 1788 2357 extraneos.
1821 2320 2011 2356 Venenarii
2027 2320 2144 2366 capite
2158 2320 2330 2366 puniendi
2345 2324 2429 2356 sunt

1347 2369 1428 2410 aut,
1458 2365 1490 2401 si
1518 2365 1699 2411 dignitatis
1730 2369 1933 2411 respectum
1964 2366 2022 2410 agi
2050 2365 2266 2411 oportuerit,
2298 2365 2427 2419 depor-

1351 2414 1391 2445 10
1437 2410 1549 2446 tandi.
1574 2410 1816 2453 Grassatores,
1838 2410 1899 2455 qui
1918 2410 2074 2455 praedae
2092 2420 2204 2446 causa
2223 2410 2261 2446 id
2278 2410 2400 2447 facian

1346 2455 1499 2501 proximi
1517 2455 1718 2491 latronibus
1734 2456 1923 2491 habentur.
1959 2459 1997 2491 et
2015 2455 2046 2491 si
2066 2466 2147 2491 cum
2166 2455 2262 2491 ferro

1348 2505 1384 2535 et
1407 2500 1562 2553 spoliare
1583 2500 1831 2543 instituerunt,
1861 2510 1904 2536 ca
1929 2500 1978 2536 ite
2001 2500 2215 2546 puniuntur,
2245 2500 2369 2546 utique
2395 2501 2430 2537 si*

1347 2555 1490 2591 saepius
1513 2549 1621 2590 atque
1642 2546 1680 2581 in
1701 2545 1887 2582 itineribus
1935 2555 1979 2581 oc
2002 2544 2237 2581 admiserunt:
2262 2546 2371 2581 ceteri
2389 2546 2427 2581 in

1351 2593 1389 2625 11
1438 2591 1621 2627 metallum
1645 2590 1776 2626 dantur
1797 2590 1853 2626 vel
1874 2589 1913 2626 in
1934 2590 2070 2626 insulas
2093 2590 2307 2635 relegantur.
2349 2590 2427 2635 Igni

1347 2639 1551 2672 cremantur
1612 2635 1794 2681 letumque
1829 2635 1939 2679 servi,
1977 2635 2038 2681 qui
2069 2635 2177 2671 saluti
2207 2634 2426 2672 dominorum

1347 2691 1494 2717 suorum
1516 2646 1777 2724 insigiaverint,
1809 2691 1964 2716 nonnum
1991 2690 2075 2715 uam
2096 2680 2204 2716 etiam
2225 2679 2329 2716 liberi
2350 2680 2427 2727 ple·

1351 2728 1391 2760 12
1437 2725 1508 2762 beii
1530 2730 1568 2761 et
1589 2726 1740 2762 humiles
1762 2735 1948 2771 personae.
2028 2724 2197 2761 cendiarii
2219 2724 2338 2771 capite
2359 2735 2426 2771 pu-

1347 2770 1512 2813 niuntur,
1537 2771 1599 2816 qui
1620 2771 1666 2807 ob
1689 2770 1891 2807 inimicitias
1914 2770 1970 2806 vel
1992 2770 2148 2816 praedae
2170 2779 2282 2806 causa
2303 2770 2425 2807 incen-

1347 2815 1464 2869 derint
1485 2816 1580 2851 intra
1603 2815 1771 2861 oppidum
1780 2829 1798 2868 :-
1820 2819 1858 2851 et
1883 2816 2091 2869 plerumque
2118 2814 2187 2868 vivi
2217 2819 2424 2851 exuruntur.

1346 2871 1659 2948 miffar&
1671 2860 2198 2951 si?‘0l1¹¹¹m⁸¹i¹1an⁸³²22“302⁶2¹3021¹2⁸‚'
2219 2859 2425 2958 ρὲἓῗιὲἳὲζ

1344 2950 1501 3030 gentiam
1523 2961 1665 2995 eorum,
1689 2950 1786 2996 apud
1809 2961 1898 2995 quos
1922 2954 2002 2987 orta
2023 2954 2126 2993 sunt,
2150 2950 2279 2986 damno
2302 2950 2425 2986 vicanis

1362 2999 1508 3039 uerunt,
1540 2995 1690 3031 civiliter
1718 2999 1930 3031 exercentur
1958 2998 2013 3039 (ut
2067 2995 2104 3030 ui
2132 2994 2274 3030 iactura
2303 2994 2424 3031 adfec-

1345 3044 1404 3076 tus
1433 3044 1506 3084 est,
1537 3040 1658 3076 damni
1687 3040 1784 3076 disce
1810 3043 1875 3084 tet)
1898 3040 1954 3076 vel
1975 3050 2032 3076 mo
2071 3050 2112 3076 ce
2134 3039 2373 3076 vindicaretur
2383 3041 2422 3076 ¹⁴¹.

1350 3089 1389 3120 13
1435 3086 1478 3121 Ιιι
1508 3085 1671 3121 exulibus
1700 3052 1834 3130 gradi’ns
1890 3095 2059 3121 oenarum
2093 3084 2278 3121 constituti
2306 3084 2424 3121 edicto

1346 3130 1416 3166 divi
1446 3130 1637 3173 Hadriani,
1668 3134 1710 3165 ut
1740 3130 1801 3175 qui
1906 3134 2047 3175 tempus
2077 3130 2254 3174 relegatus
2285 3133 2356 3173 est,
2392 3130 2423 3166 si

1345 3175 1469 3211 redeat
1481 3177 1506 3198 ¹⁷
1529 3176 1567 3211 in
1589 3175 1740 3211 insulam
1763 3176 1956 3220 relegetur,
1981 3174 2043 3220 qni
2064 3174 2242 3219 relegatus
2265 3174 2303 3211 in
2324 3175 2422 3211 insu-

1344 3220 1416 3255 lam
1429 3221 1457 3242 ¹⁸
1480 3220 1690 3262 excesserit,
1722 3220 1759 3255 in
1780 3221 1933 3256 insulam
1956 3219 2178 3266 deportetur,
2211 3219 2274 3265 qni
2295 3219 2423 3265 depor-

1349 3268 1390 3300 14
1435 3268 1533 3301 tatus
1556 3265 1718 3308 evaserit,
1744 3266 1863 3310 capite
1884 3265 2062 3310 puniatur.
2105 3263 2163 3299 Ita
2185 3268 2222 3299 et
2242 3264 2280 3300 in
2303 3268 2422 3300 custo-

1345 3310 1411 3346 diis
1433 3309 1583 3355 gradum
1607 3310 1819 3346 servandum
1842 3320 1921 3346 esse
1937 3309 2029 3346 idem
2045 3309 2211 3362 princeps
2228 3309 2421 3355 rescripsit,

1344 3354 1382 3390 id
1398 3359 1454 3391 est
1468 3358 1519 3399 ut,
1536 3354 1597 3400 qui
1610 3354 1648 3390 in
1663 3358 1804 3407 tempus
1820 3354 1978 3391 damnati
1993 3357 2097 3390 erant
2108 3354 2146 3397 ¹⁹,
2162 3365 2200 3390 m
2212 3358 2422 3401 perpetuum

1345 3399 1612 3443 damnarentur,
1644 3400 1705 3446 qui
1735 3411 1773 3436 m
1799 3403 2011 3446 perpetuum
2038 3399 2198 3435 damnati
2227 3402 2347 3444 erant,
2383 3399 2423 3435 in

1344 3444 1524 3480 metallum
1547 3444 1817 3489 damnarentur,
1849 3444 1912 3491 qni
1937 3444 1976 3481 in
2002 3443 2184 3481 metallum
2206 3443 2363 3481 damnati
2384 3443 2423 3480 id

1343 3556 1503 3590 iniuriam
1514 3556 1652 3590 alterius
1664 3558 1726 3592 del.
1782 3559 1841 3599 (u)
1861 3558 1972 3591 debuit
1981 3569 2049 3591 esse
2058 3559 2237 3601 patronum
2247 3560 2421 3600 patronam

2055 3605 2116 3645 (16)
2134 3601 2346 3635 vindicantur
2356 3614 2419 3636 ser.

1583 3649 1679 3681 tuum
1697 3647 1882 3691 relegetur,
1905 3647 1965 3689 qui
1987 3647 2023 3680 in
2042 3650 2238 3691 perpetuam
2254 3646 2420 3690 relegatus

1701 3694 1764 3735 (ns)
1786 3692 1968 3726 insul-im.
2045 3694 2108 3735 (ιο)
2130 3693 2345 3726 stava-erant
2357 3693 2417 3726 ins.

1344 3648 1404 3688 (11)
1426 3647 1465 3680 in

1344 3694 1392 3725 est
1401 3691 1431 3725 si
1442 3703 1460 3725 r
1502 3694 1556 3725 eat
1567 3693 1626 3726 im.
