2528 3918
176 116 371 160 11113.4

174 248 269 275 rem:
302 240 428 282 postea
451 235 604 281 epistula
625 234 720 271 falsa
742 234 798 271 vel
819 234 917 270 inani
939 237 1082 280 reperta
1105 232 1259 269 creditor

176 282 290 318 maior
323 281 461 327 quidem
493 280 594 315 annis
618 279 738 325 viginti
761 279 918 325 quinque
940 279 985 315 de
1007 279 1088 314 dolo
1113 277 1260 313 habebit

177 327 366 368 actionem,
390 325 504 361 minor
527 328 647 360 autem
669 325 707 360 in
728 324 904 370 integrum
926 324 1144 360 restituetur.

223 369 277 410 39
304 371 427 407 Gaas
442 370 533 406 libro
551 370 741 406 vicensimo
760 370 911 417 septimo
931 369 981 405 ad
999 369 1152 404 edictum
1170 377 1260 414 pro-

177 415 328 453 vinciale
374 414 412 450 Si
441 418 477 450 te
500 414 595 450 Titio
626 424 648 451 o
675 414 798 451 tuleris
831 413 875 450 de
906 423 950 449 ea
978 423 1018 448 re
1049 423 1155 465 quam
1188 421 1260 447 non

176 459 544 541 ss'ffldssk'ssssaisshsss‘iff
563 425 742 540 “fissssssa
750 469 864 540 ”2¹13ssss
879 459 960 538 323:
993 461 1042 538 ξιξ
1062 457 1259 538 ωὲἓωὲἓίἓ

536 531 545 540 ·
1052 528 1062 545 2

176 551 270 586 malo
293 553 414 585 tamen
437 515 633 586 teneberis:
659 553 696 586 et
717 549 770 584 ita
793 548 924 584 Sabino
949 548 1077 593 placet.

223 593 276 633 40
300 594 456 631 FURJUS
474 594 724 631 ANYBIANU8¹
750 594 843 630 libro
868 594 991 638 primo
1025 592 1075 627 ad
1104 591 1260 627 edictum

176 640 211 675 Is
248 639 309 685 qui
333 639 419 675 dece
445 639 474 674 it
496 638 660 685 aliquem,
684 643 726 675 ut
747 638 977 674 hereditatem
1001 647 1073 672 non
1096 636 1261 672 idoneam

176 666 310 727 adiret,
335 684 380 721 de
428 684 485 720 olo
509 685 704 727 tenebitur,
736 684 805 719 nisi
827 683 983 718 fortasse
1005 682 1083 726 ipse
1107 681 1261 717 creditor

177 733 256 765 erat
290 732 326 765 et
356 729 455 765 solus
488 732 582 764 erat:
617 734 702 765 tunc
734 729 825 763 enim
858 726 992 762 sufficit
1022 730 1149 762 contra
1181 736 1261 761 eum

177 774 248 810 doli
271 774 355 809 mali
380 774 552 820 exceptio.

649 867 726 904 1111
737 866 764 904 ².

245 932 306 965 DE
330 931 583 966 MINORIBUS
608 930 785 963 VIGINTI
810 929 1018 967 QUINQUE
1042 929 1192 962 ANNIS.

227 997 245 1035 1
281 997 477 1034 ULPIANUs
485 997 575 1034 libro
596 996 782 1033 undecimo
803 996 854 1032 ad
870 996 1024 1031 edictum
1069 994 1149 1031 Hoc
1167 994 1261 1030 edic-

178 1047 252 1079 tum
276 1046 421 1088 praetor
445 1042 642 1078 naturalem
666 1041 880 1087 aequitatem
900 1044 1044 1076 secutus
1064 1039 1262 1086 proposuit,

178 1098 249 1134 quo
273 1088 422 1123 tutelam
445 1088 619 1122 minorum
642 1087 809 1132 suscepit.
846 1096 929 1122 nam
943 1096 1023 1121 cum
1033 1085 1127 1121 inter
1139 1095 1262 1121 omnes

178 1136 321 1169 constet
348 1132 474 1177 fragile
505 1142 583 1167 esse
606 1135 642 1167 et
663 1131 842 1167 infirmum
864 1130 1068 1166 huiusmodi
1091 1129 1263 1165 aetatium

178 1178 366 1214 consilium
380 1181 416 1213 et
426 1177 545 1212 multis
568 1177 792 1222 captionibus
813 1175 1047 1222 suppositum,
1069 1175 1263 1210 multorum

176 1222 314 1258 insidiis
338 1223 536 1268 expositum
550 1222 584 1256 ³:
617 1221 787 1257 auxilium
812 1221 862 1256 eis
885 1224 1032 1266 praetor
1053 1220 1123 1255 hoc
1146 1219 1262 1255 edicto

178 1267 359 1313 pollicitus
394 1270 450 1302 est
485 1270 521 1302 et
555 1266 726 1302 adversus
763 1266 946 1311 captiones
981 1265 1261 1311 opitulationem.

184 1316 195 1347 1
247 1312 398 1347 Praetor
428 1311 551 1347 edicit:
581 1310 695 1355 ‘Quod
727 1322 807 1346 cum
839 1311 975 1346 minore
1005 1320 1112 1356 quam
1142 1309 1263 1355 viginti

180 1357 349 1402 ‘quinque
372 1357 475 1391 annis
499 1360 586 1391 natu
609 1360 749 1401 gestum
773 1366 851 1391 esse
882 1355 1036 1399 dicetur,
1068 1354 1122 1391 uti
1153 1365 1262 1401 quae-

178 1404 198 1437 2
247 1406 328 1447 ‘que
350 1412 408 1437 res
433 1401 509 1442 erit,
534 1401 836 1436 animadvertam’.
882 1401 916 1435 A
940 1403 1046 1453 paret
1067 1399 1263 1435 minoribus

179 1447 282 1482 anuis
306 1446 429 1491 viginti
452 1446 607 1491 quinque
631 1456 711 1481 eum
736 1456 756 1481 o
785 1455 840 1481 em
862 1456 909 1498 po
937 1445 1042 1481 iceri:
1074 1455 1158 1481 nam
1180 1447 1264 1490 post

179 1495 198 1527 3
245 1492 315 1527 hoc
338 1496 478 1543 tempus
503 1490 670 1536 compleri
693 1456 829 1526 viiifem
848 1500 1003 1536 vigorem
1024 1493 1177 1526 constat.
1214 1489 1265 1525 Et

176 1537 256 1571 ideo
280 1535 386 1571 hodie
408 1547 445 1570 in
467 1536 562 1571 hanc
585 1546 698 1581 usque
718 1539 872 1571 aetatem
892 1535 1138 1571 adulescentes
1158 1545 1262 1571 cura-

178 1585 297 1616 torum
308 1580 441 1616 auxilio
462 1591 481 1616 r
548 1583 643 1623 ntur,
665 1590 731 1616 nec
744 1584 828 1616 ante
840 1580 891 1616 rei
904 1590 991 1616 suae
1002 1579 1262 1615 administratio

177 1626 227 1662 eis
242 1625 431 1706 ficlpmmitti
464 1625 507 1661 de
535 1625 625 1668 ebit,
659 1626 818 1671 quamvis
849 1626 941 1661 bene
971 1636 1046 1661 rem
1077 1635 1180 1661 suam
1202 1635 1262 1670 ge·

176 1681 240 1706 ren
295 1680 350 1706 us.

223 1713 249 1752 2
282 1715 391 1751 Imm
417 1715 508 1751 libro
539 1726 636 1751 nono
669 1715 806 1751 decimo
838 1715 888 1751 ad
918 1715 1032 1762 leqem
1062 1714 1198 1751 Iuliam
1230 1718 1264 1750 et

176 1759 334 1807 Papiam
379 1759 457 1795 Nec
477 1770 542 1805 per
563 1760 694 1796 liberos
717 1771 802 1796 suos
827 1770 903 1796 rem
925 1770 1028 1796 suam
1051 1759 1226 1795 maturius
1242 1769 1264 1794 a

177 1805 403 1842 curatoribus
426 1805 578 1850 recipiat
586 1805 611 1840 ⁴.
649 1805 745 1850 quod
770 1805 862 1840 enim
884 1805 1019 1858 legibus
1044 1808 1199 1847 cavetur,
1223 1807 1265 1839 ut

176 1850 303 1895 singuli
326 1850 411 1885 anni
433 1860 498 1895 per
521 1850 675 1895 singulos
695 1849 826 1886 liberos
848 1853 1074 1886 remittantur
1084 1851 1108 1890 ⁵,
1133 1849 1180 1884 ad
1198 1849 1263 1885 ho-

177 1905 286 1948 nores·
306 1895 483 1975 peirtinere
507 1894 606 1930 divus
632 1894 782 1930 Severus
806 1895 875 1936 ait,
900 1905 973 1930 non
995 1894 1042 1930 ad
1064 1905 1139 1930 rem
1162 1904 1263 1930 suam

177 1951 250 1976 reci
276 1950 334 1975 ien
361 1950 430 1975 am.

223 1951 380 2022 23va3⁸
398 1984 490 2020 libro
513 1984 701 2021 undecimo
725 1985 775 2020 ad
796 1984 950 2020 edictum
984 1984 1150 2029 Denique
1162 1983 1263 2019 divus

178 2029 330 2066 Severus
356 2032 391 2064 et
411 2030 606 2074 imperator
628 2034 751 2065 noster
773 2029 976 2065 huiusmodi
999 2029 1186 2065 consulum
1209 2029 1263 2064 vel

176 2074 380 2120 praesidum
413 2074 556 2110 decreta
587 2074 690 2119 quasi
718 2073 909 2115 ,ambitiosa
940 2084 1017 2109 esse
1039 2073 1263 2119 interpretati

179 2123 281 2162 sunt,
314 2119 384 2164 ipsi
416 2123 535 2154 autem
558 2129 704 2164 perraro
737 2119 933 2155 minoribus
967 2129 1087 2154 rerum
1118 2128 1263 2154 suarum

177 2163 516 2200 administrationem
529 2169 632 2199 extra
644 2164 801 2199 ordinem
813 2163 1054 2199 indulserunt:
1081 2166 1116 2199 et
1139 2163 1262 2199 eodem

181 2213 195 2244 1
246 2209 325 2245 iure
347 2208 491 2244 utimur.
539 2208 577 2244 Si
601 2209 681 2261 quis
705 2219 786 2244 cum
808 2209 945 2244 minore
977 2208 1197 2245 contraxerit
1229 2211 1265 2243 et

178 2256 386 2290 contractus
416 2252 582 2289 inciderit
611 2264 648 2289 in
678 2256 819 2299 tempus
850 2264 920 2299 quo
952 2253 1067 2289 maior
1090 2252 1262 2289 efficitur:

176 2303 297 2334 utrum
319 2298 459 2334 initium
482 2302 685 2344 spectamus
709 2309 756 2334 an
779 2298 911 2334 finem?
935 2302 971 2334 et
993 2298 1123 2344 placet,
1148 2302 1188 2332 ut
1211 2301 1266 2333 est

177 2347 215 2379 et
246 2343 501 2386 constitutum,
534 2343 565 2378 si
597 2343 678 2389 quis
701 2343 816 2379 maior
837 2343 957 2379 factus
982 2343 1263 2388 conprobaverit,

177 2388 274 2435 quod
285 2388 401 2424 minor
410 2392 579 2433 gesserat,
601 2388 860 2424 restitutionem
873 2398 1025 2424 cessare.
1061 2387 1157 2423 unde
1176 2387 1264 2423 illud

177 2444 248 2469 non
282 2433 502 2479 ineleganter
534 2433 658 2469 Celsus
689 2434 922 2479 epistularum
951 2433 1042 2469 libro
1075 2432 1262 2468 undecimo

177 2481 213 2515 et
236 2478 452 2525 digestorum
475 2478 633 2514 secundo
656 2481 799 2521 tractat,
825 2489 867 2514 ex
887 2477 986 2514 facto
1007 2488 1030 2513 a
1049 2477 1172 2513 Flavio
1192 2477 1263 2513 Re-

176 2528 300 2570 specto
324 2527 490 2569 praetore
514 2522 712 2559 consultus.
748 2524 866 2559 minor
889 2523 990 2558 annis
1014 2522 1138 2603 viginti
1160 2523 1262 2568 quin-

177 2579 256 2614 que,
282 2579 394 2604 annos
416 2568 510 2604 forte
532 2568 654 2614 viginti
677 2572 847 2614 quattuor
870 2578 989 2614 agens,
1012 2569 1050 2603 iu
1076 2567 1182 2603 icium
1205 2571 1263 2603 tu-

177 2614 270 2650 telae
292 2613 414 2649 heredi
436 2614 566 2649 tutoris
591 2613 807 2649 dictaverat:
840 2624 924 2648 mox
954 2612 1091 2649 factum
1114 2616 1155 2648 ut
1180 2615 1263 2653 (non

177 2657 278 2694 finito
309 2658 440 2694 iudicio
472 2658 543 2693 iam
574 2669 616 2694 eo
648 2658 782 2694 maiore
812 2658 938 2694 effecto
962 2658 1083 2703 viginti
1108 2658 1263 2710 quinque

179 2703 295 2740 annis)
319 2703 449 2738 tutoris
472 2703 574 2739 heres
606 2703 794 2739 absolutus
825 2714 891 2749 pro
919 2706 1104 2739 oneretur:
1138 2703 1176 2738 in
1206 2713 1261 2738 in-

177 2751 315 2792 tegrum
349 2748 526 2799 restitutio
562 2748 842 2784 desiderabatur.
891 2714 1016 2784 gelans
1050 2748 1157 2801 igitur
1189 2747 1261 2784 Re-

178 2796 301 2838 specto
333 2796 446 2828 suasit
477 2803 549 2828 non
578 2793 686 2829 facile
707 2794 804 2829 hunc
828 2792 1007 2839 quondam
1030 2802 1203 2829 minorem
1225 2792 1261 2828 in

177 2837 364 2889 integrum·
375 2837 523 2879 restitui,
548 2838 610 2873 sed
634 2838 664 2873 si
687 2838 719 2874 ei
743 2839 957 2884 probaretur
981 2837 1176 2874 calliditate
1198 2837 1261 2873 ad-

177 2892 324 2918 versam
354 2881 391 2916 id
422 2886 560 2924 actum,
592 2887 632 2918 ut
661 2883 796 2919 maiore
827 2894 868 2919 eo
898 2883 997 2919 facto
1029 2883 1260 2919 liberaretur:

179 2927 600 3017 ffissfflffiffl‘
624 2927 970 3009 iissiit’toifffffffihffie
989 2927 1263 3009 {marma

601 2998 609 3013 5

178 3016 313 3052 maiore
336 3026 378 3051 eo
402 3015 500 3051 facto
524 3016 745 3053 liberaretur.
782 3018 875 3054 idem
906 3022 1027 3054 tamen
1058 2999 1261 3060 confitetur,

178 3061 210 3098 si
239 3061 351 3097 levior
380 3060 427 3095 sit
450 3061 821 3114 suspiciopdversarii
845 3063 947 3109 quasi
971 3063 1095 3099 dolose
1117 3063 1260 3105 versati,

177 3108 199 3142 2
246 3116 318 3141 non
342 3105 471 3141 debere
493 3105 589 3141 hunc
612 3116 649 3141 ιιι
668 3107 704 3142 in
783 3119 841 3143 um
863 3108 1013 3144 restitui.
1051 3107 1134 3144 Scio
1155 3107 1261 3143 etiam

176 3150 266 3204 illud
289 3149 482 3196 aliquando
501 3150 677 3186 incidisse.
709 3162 823 3187 minor
841 3152 962 3199 viginti
983 3152 1139 3199 quinque
1158 3152 1261 3188 annis

176 3198 371 3232 miscuerat
405 3205 443 3230 se
503 3199 647 3230 aternae
680 3196 871 3232 hereditati
913 3197 1096 3243 maiorque
1139 3197 1261 3233 factus

367 3205 501 3293 aliquid
523 3250 546 3292 a
569 3239 789 3276 debitoribus
813 3243 990 3287 paternis,
1014 3253 1099 3278 mox
1123 3242 1259 3278 deside-

178 3285 285 3321 rabat
306 3288 445 3337 restitui
468 3295 505 3320 in
527 3288 722 3337 integrum,
747 3297 816 3331 quo
840 3288 951 3332 magis
976 3287 1173 3323 abstineret
1221 3298 1259 3322 a—

178 3329 506 3367 ternahereditate:
532 3329 844 3366 contradicebatur
863 3332 904 3374 ei,
931 3332 1032 3377 quasi
1051 3331 1165 3368 maior
1182 3298 1259 3367 ige-

178 3380 236 3411 tus
259 3374 546 3422 comprobasset,
579 3374 674 3419 quod
696 3374 822 3410 minori
846 3377 913 3411 sibi
936 3377 1088 3421 placuit:
1120 3377 1259 3423 putavi·

179 3430 258 3456 mus
279 3423 401 3456 tamen
423 3418 681 3455 restituendum
703 3419 740 3454 in
763 3420 938 3472 integrum
962 3421 1061 3457 initio
1085 3422 1258 3468 inspecto.

179 3469 199 3500 3
245 3465 339 3501 idem
362 3467 471 3510 puto,
501 3466 539 3500 et
560 3463 590 3499 si
613 3464 764 3499 alienam
789 3464 876 3499 adiit
899 3466 1142 3502 hereditatem.
1190 3466 1258 3501 Mi-

180 3582 220 3620 (i)
244 3580 293 3613 sic
304 3578 368 3619 1⁹¹,
382 3578 558 3611 anthiinus
568 3575 623 3611 F'

226 3626 269 3664 (2)
293 3623 359 3658 Ed.
375 3631 451 3658 ima.
466 3629 546 3657 s...·1.
561 3628 661 3657 s...is.
674 3628 792 3656 ηψπ.
805 3628 841 3656 rs
867 3629 990 3662 aasz:
1014 3623 1099 3667 Pap.
1115 3631 1143 3658 s.
1157 3631 1201 3659 ιτ.
1214 3631 1260 3658 24.

179 3674 299 3702 so...ss.
309 3674 436 3707 ⁴⁶...⁴s;
451 3668 648 3711 Appsaso:
661 3664 743 3699 Sub.
753 3673 952 3700 ⁴.⁴o...u.⁴s.
966 3685 1009 3691 —
1021 3668 1107 3702 Βω.
1120 3669 1203 3708 10,⁴.
1217 3687 1260 3693 —

183 3711 233 3755 Cf
252 3711 329 3746 cod.
343 3713 374 3753 2,
388 3719 424 3747 ²²
481 3714 522 3754 (s)
546 3710 726 3744 multorum
739 3710 802 3743 ius.
817 3720 890 3753 exp.
905 3711 967 3745 del.
1026 3713 1069 3754 (4)
1093 3713 1262 3756 recipiant

1265 107 1322 155 56

2081 123 2144 154 DE
2170 122 2414 157 molimus
2458 0 2528 167 l}

1327 241 1450 268 norem
1482 235 1601 268 autem
1630 231 1753 276 viginti
1784 231 1939 278 quinque
1970 232 2073 267 annis
2104 236 2192 268 natu
2214 232 2414 277 videndum,

1327 288 1375 312 an
1397 277 1505 313 etiam
1527 276 1612 312 die⁸
1633 275 1764 312 natalis
1788 276 1844 312 sui
1867 277 1986 313 adhuc
2010 276 2159 313 dicimus
2183 280 2268 313 ante
2289 277 2415 314 horam

1328 321 2414 411 ἓὲἓιῗιῗῃᾞῖὲῗιενὲἑξέἒὲξέἔαἳῗθὲέῗῖὲωῖἶῖἱῗωῖᾉὲἒξ

2103 393 2111 409 5

1327 412 1365 447 in
1388 414 1604 447 momentum
1626 414 1768 463 tempus
1800 415 1992 456 spectetur.
2029 411 2179 457 proinde
2210 415 2247 447 et
2277 412 2309 447 si
2339 412 2412 448 bis-

1329 460 1431 492 sexto
1456 460 1563 491 natus
1587 459 1660 498 est,
1692 465 1766 491 sive
1796 455 1914 502 priore
1937 456 2010 492 sive
2059 456 2232 492 osteriore
2254 456 2312 493 die
2336 456 2414 493 Cel·

1329 501 1415 537 sus⁷
1439 500 1583 546 scripsit
1605 499 1693 536 nihil
1714 499 1865 536 referre:
1899 511 1983 536 nam
2012 500 2026 536 i
2082 501 2227 537 biduum
2251 511 2317 547 pro
2342 512 2414 538 uno

1330 546 1386 583 die
1409 545 1564 581 habetur
1587 548 1623 581 et
1644 545 1821 591 posterior
1844 545 1919 581 dies
1942 545 2203 582 kalendarum⁸
2224 546 2414 582 intercala-

1329 594 1351 626 4
1396 594 1467 626 tur.
1515 589 1586 626 Sed
1597 593 1717 626 utrum
1727 590 1812 626 solis
1824 590 1985 636 patribus
2004 590 2220 627 familiarum
2240 601 2287 626 an
2309 591 2415 626 etiam

1329 635 1436 671 filiis⁹
1457 634 1672 671 familiarum
1694 635 1856 671 succurri
1880 635 2026 678 debeat,
2059 636 2261 672 videndum.
2298 641 2416 672 movet

1330 680 1599 723 dubitationem,
1626 679 1733 726 quod,
1759 680 1790 716 si
1810 680 1890 726 quis
1910 680 2038 716 dixerit
2067 680 2174 716 etiam
2203 681 2285 716 filiis
2312 680 2415 716 fami-

1330 726 1458 761 liarum
1480 725 1519 760 in
1541 735 1581 761 re
1603 725 1775 778 peculiari
1799 725 2096 768 subveniendum,
2121 725 2263 767 efficiet,
2287 729 2329 761 ut
2352 736 2417 771 per

1331 781 1392 807 eos
1417 770 1524 806 etiam
1546 769 1740 806 maioribus
1765 770 2007 813 subveniatur,
2030 770 2067 805 id
2091 774 2147 806 est
2167 769 2332 816 patribus
2356 780 2415 806 eo·

1330 826 1428 851 rum:
1448 814 1545 860 quod
1556 824 1781 861 nequaquam
1791 814 1861 850 fuit
1872 815 2028 860 praetori
2047 815 2291 867 propositum:
2311 825 2415 860 prae-

1330 864 1388 897 tor
1401 860 1494 896 enim
1514 859 1711 896 minoribus
1731 860 1903 895 auxilium
1922 859 2094 905 promisit,
2118 870 2190 895 non
2210 860 2415 896 maioribus.

1331 916 1395 951 ego
1419 907 1538 941 autem
1559 905 1776 941 verissimam
1800 905 1954 940 arbitror
1976 905 2187 941 sententiam
2211 905 2415 940 existiman-

1330 951 1439 993 tium,
1469 948 1583 985 filium
1605 948 1758 985 familias
1783 950 1954 985 minorem
1978 950 2081 985 annis
2102 950 2141 985 in
2162 949 2338 1002 integrum
2360 960 2416 985 re-

1331 995 1430 1031 stitui
1459 1005 1567 1048 posse
1589 1004 1635 1030 ex
1655 994 1711 1030 his
1735 994 1821 1030 solis
1846 994 1964 1030 causis
1989 1005 2081 1040 quae
2103 994 2216 1040 ipsius
2239 994 2417 1037 intersint,

1330 1043 1420 1086 puta
1443 1050 1474 1076 si
1497 1040 1545 1076 sit
1566 1039 1754 1085 obligatus.
1789 1039 1941 1084 proinde
1964 1039 1994 1075 si
2017 1039 2117 1075 iussu
2141 1039 2254 1085 patris
2279 1039 2414 1091 obliga-

1330 1090 1388 1121 tus
1420 1085 1485 1128 sit,
1520 1088 1623 1130 pater
1656 1084 1779 1130 utique
1810 1084 1943 1129 poterit
1972 1084 2010 1119 in
2044 1084 2195 1120 solidum
2218 1084 2415 1120 convemri:

1330 1130 1424 1166 filius
1457 1133 1577 1166 autem
1600 1139 1682 1165 cum
1706 1133 1743 1164 et
1764 1131 1843 1174 ipse
1865 1129 1981 1174 possit
2002 1129 2057 1164 vel
2080 1129 2118 1164 in
2140 1132 2319 1174 potestate
2342 1139 2417 1164 ma-

1331 1185 1419 1211 nens
1451 1175 1649 1218 conveniri,
1684 1174 1739 1210 vel
1771 1174 1877 1209 etiam
1908 1174 2153 1219 emancipatus
2183 1174 2239 1209 vel
2271 1174 2417 1210 exhere-

1331 1221 1436 1256 datus
1450 1221 1479 1242 ¹⁰
1500 1220 1538 1255 in
1561 1219 1598 1255 id
1622 1219 1718 1265 quod
1740 1218 1861 1254 facere
1883 1223 2021 1264 potest,
2055 1222 2090 1254 et
2120 1218 2262 1264 quidem
2292 1219 2330 1254 in
2352 1229 2417 1264 po-

1330 1268 1462 1301 testate
1485 1275 1633 1300 manens
1658 1264 1763 1300 etiam
1786 1264 1895 1299 invito
1919 1267 2023 1309 patre
2046 1274 2091 1300 ex
2122 1263 2419 1299 condemnatione

1332 1310 1531 1346 conveniri:
1565 1309 1736 1345 auxilium
1757 1309 1948 1354 impetrare
1971 1308 2131 1352 debebit,
2163 1309 2194 1344 si
2223 1308 2301 1354 ipse
2332 1319 2417 1344 con-

1330 1355 1504 1391 veniatur.
1542 1354 1604 1391 sed
1628 1364 1676 1390 an
1697 1354 1768 1389 hoc
1791 1354 1963 1389 auxilium
1994 1354 2090 1399 patri
2120 1364 2262 1400 quoque
2291 1354 2418 1399 prosit,

1330 1405 1373 1436 ut
1392 1400 1483 1437 solet
1502 1399 1682 1436 interdum
1700 1398 1899 1434 fideiussori
1918 1398 1994 1434 eius
2013 1398 2196 1444 prodesse,
2215 1397 2416 1434 videamus:

1332 1449 1368 1482 et
1390 1456 1464 1481 non
1486 1448 1575 1490 puto
1598 1443 1837 1497 profuturum.
1874 1444 1905 1479 si
1927 1443 2034 1489 igitur
2055 1443 2150 1479 filius
2174 1443 2417 1484 conveniatur,

1357 1490 1489 1526 ostulet
1500 1490 1690 1525 auxihum:
1712 1489 1743 1524 si
1762 1492 1901 1534 patrem
1921 1488 2110 1524 conveniat
2129 1488 2294 1531 creditor,
2315 1488 2419 1524 auxi-

1331 1503 1417 1571 {ium
1442 1539 1577 1571 cessat:
1603 1537 1754 1580 excepta
1776 1534 1890 1569 mutui
1914 1533 2076 1570 datione:
2101 1533 2139 1568 in
2161 1534 2255 1569 hanc
2276 1533 2366 1569 enim
2389 1533 2418 1568 si

1331 1581 1432 1616 iussu
1454 1580 1567 1626 patris
1592 1582 1752 1615 mutuam
1775 1578 1964 1624 pecuniam
1989 1578 2150 1624 accepit,
2174 1589 2248 1614 non
2271 1578 2418 1614 adiuva-

1331 1629 1401 1661 tur.
1435 1625 1586 1671 proinde
1610 1627 1646 1659 et
1668 1624 1700 1660 si
1723 1624 1799 1660 sine
1821 1624 1922 1659 iussu
1944 1624 2057 1669 patris
2078 1623 2259 1659 contraxit
2278 1627 2314 1659 et
2333 1633 2417 1668 cap-

1331 1674 1390 1706 tus
1410 1673 1475 1712 est,
1496 1670 1527 1706 si
1547 1669 1690 1715 quidem
1736 1673 1813 1704 ater
1832 1668 1877 1704 de
1922 1668 2036 1704 eculio
2059 1668 2301 1711 conveniatur,
2325 1668 2419 1703 filius

1331 1726 1404 1751 non
1429 1714 1498 1750 erit
1519 1714 1693 1750 restituen
1719 1724 1782 1749 us:
1816 1713 1846 1749 si
1918 1713 1971 1749 'us
2004 1713 2256 1756 conveniatur,
2288 1713 2420 1758 poterit

1331 1760 1481 1801 restitui.
1517 1770 1583 1795 nec
1606 1769 1648 1794 eo
1668 1769 1859 1800 movemur,
1881 1758 1984 1804 quasi
2003 1758 2145 1794 intersit
2163 1758 2419 1803 filiipeculium

1331 1805 1485 1841 habere:
1516 1804 1628 1849 magis
1653 1804 1746 1840 enim
1769 1803 1882 1849 patris
1906 1813 2013 1848 quam
2043 1803 2107 1838 filii
2136 1803 2304 1846 interest,
2337 1803 2419 1838 licet

1333 1850 1452 1895 aliquo
1477 1859 1564 1885 casu
1587 1849 1635 1884 ad
1657 1848 1768 1884 filium
1799 1848 1977 1894 peculium
2008 1850 2165 1893 spectet:
2197 1851 2239 1883 ut
2268 1851 2358 1894 puta
2389 1848 2419 1883 si

1332 1895 1446 1940 patris
1478 1894 1553 1930 eius
1583 1894 1681 1930 bona
1711 1903 1734 1928 a
1764 1893 1852 1928 fisco
1884 1896 2031 1938 propter
2061 1893 2219 1929 debitum
2242 1896 2420 1945 occupata

1333 1943 1437 1975 sunt:
1463 1949 1547 1975 nam
1569 1938 1749 1984 peculium
1773 1938 1806 1974 ei
1819 1939 1844 1960 ¹¹
1870 1948 1914 1973 ex
1938 1938 2192 1974 constitutione
2204 1936 2343 1973 Claudii
2362 1947 2418 1973 se-

1333 1989 1352 2020 5
1400 1988 1560 2030 paratur.
1608 1984 1705 2029 Ergo
1730 1983 1836 2019 etiam
1859 1983 1968 2018 filiam
1990 1983 2143 2018 familias
2165 1982 2204 2018 in
2227 1982 2311 2018 dote
2334 1992 2418 2034 cap·

1332 2034 1417 2073 tam,
1443 2029 1527 2065 dum
1549 2028 1645 2074 patri
1668 2028 1846 2064 consentit
1864 2028 1910 2063 sti
1936 2028 2050 2063 ulanti
2069 2027 2188 2064 dotem
2207 2037 2280 2063 non
2300 2030 2419 2063 statim

1333 2085 1439 2119 quam
1472 2073 1586 2116 dedit,
1617 2073 1672 2109 vel
1696 2073 1878 2108 adhibenti
1901 2083 1923 2108 a
1938 2073 2053 2119 ‘quem
2077 2072 2139 2118 qui
2162 2072 2281 2108 dotem
2305 2072 2350 2108 sti
2377 2083 2417 2107 ιι-

1332 2120 1477 2162 latetur,
1501 2122 1589 2172 puto
1613 2118 1886 2161 restituendam,
1911 2118 2079 2163 quoniam
2103 2117 2167 2153 dos
2190 2117 2303 2170 ipsius
2365 2117 2420 2151 iae

1333 2168 1353 2200 6
1383 2174 1594 2217 ‘proprium’
1606 2163 1857 2208 patrimonium
1882 2167 1947 2198 est.
1995 2162 2136 2215 Siquis
2151 2172 2276 2214 ‘minor
2297 2162 2329 2197 vi
2355 2161 2363 2169 ’
2391 2161 2419 2196 ti

1331 2219 1489 2334 {affl
1505 2206 2127 2297 fflirffissffifflmdissasseffiig
2149 2216 2293 2303 ¹3¹3}
2314 2217 2417 2297 ...221

1357 2308 1425 2335 one
1449 2309 1529 2334 eum
1552 2297 1730 2333 hominem
1751 2297 1963 2342 locupletem
1987 2296 2229 2342 adrogatum):
2255 2295 2335 2332 dico
2356 2295 2418 2331 de-

1333 2347 1350 2379 7
1400 2343 1484 2379 bere
1507 2353 1586 2378 eum
1609 2342 1725 2378 audiri
1746 2342 1783 2377 in
1806 2342 1984 2394 integrum
2007 2351 2047 2376 se
2075 2341 2333 2377 restituentem.
2382 2340 2419 2376 Si

1333 2388 1418 2435 quid
1439 2387 1567 2423 minori
1588 2387 1699 2422 fuerit
1719 2386 1793 2422 filio
1817 2386 1971 2422 familias
1994 2386 2148 2431 legatum
2167 2388 2252 2431 post
2270 2388 2418 2421 mortem

1357 2433 1444 2469 atris
1455 2433 1512 2469 vel
1524 2431 1837 2468 fideicommissum
1848 2431 2012 2467 relictum
2033 2434 2069 2467 et
2089 2434 2218 2476 captus
2238 2434 2303 2474 est,
2325 2430 2419 2466 forte

1331 2445 1416 2514 gum
1441 2477 1619 2531 consentit
1628 2477 1732 2530 ‚patri
1751 2476 1957 2529 paciscenti,
1981 2486 2027 2511 ne
2045 2476 2200 2522 legatum
2216 2478 2416 2528 peteretur:

1330 2523 1801 2614 i'sstfflstffissssoffimssfflm
1808 2521 2417 2619 13321P⁶333¹5¹¹s¹³⁰3ffi2ffi13

1331 2613 1443 2659 patris
1467 2612 1647 2665 competit.
1683 2612 1746 2647 sed
1771 2615 1807 2647 et
1825 2622 1855 2647 si
1876 2621 1909 2646 ei
1926 2611 2080 2656 legatum
2101 2611 2148 2646 sit
2166 2610 2300 2656 aliquid
2344 2609 2417 2645 uod

1331 2668 1507 2704 personae
1529 2667 1605 2693 eius
1630 2657 1815 2700 cohaeret,
1839 2659 1929 2702 puta
1950 2656 2006 2691 ius
2029 2655 2195 2699 militiae,
2229 2655 2333 2691 dicen
2357 2665 2416 2690 um

1332 2706 1386 2739 est
1408 2713 1515 2749 posse
1547 2713 1627 2738 eum
1658 2701 1798 2738 restitui
1827 2701 1865 2736 in
1895 2701 1933 2736 in
2036 2711 2088 2735 m:
2126 2699 2289 2736 interfuit
2324 2699 2412 2735 enin·

1331 2748 1406 2784 eius
1430 2759 1502 2784 non
1526 2747 1625 2793 capi,
1660 2758 1741 2782 cum
1771 2746 1865 2782 hanc
1887 2749 1982 2791 patri
2005 2756 2077 2781 non
2100 2745 2322 2790 adquireret,
2354 2754 2417 2780 se«.

1332 2796 1351 2829 8
1397 2794 1409 2829 i
1435 2803 1473 2829 se
1486 2793 1645 2828 haberet.
1681 2791 1732 2826 Et
1753 2791 1784 2827 si
1807 2791 1909 2826 heres
1932 2791 1980 2826 sit
2001 2790 2197 2833 institutus,
2221 2790 2251 2826 si
2271 2800 2295 2825 a
2313 2793 2418 2835 patre

1329 2838 1368 2873 in
1392 2804 1516 2874 diebus
1541 2841 1683 2873 centum
1708 2836 1755 2872 sit
1779 2835 2044 2880 emancipatus:
2078 2845 2161 2870 mox
2193 2839 2332 2881 patrem
2356 2833 2415 2869 de-

1331 2883 1449 2919 buerit
1479 2882 1671 2918 certiorare
1701 2891 1768 2916 nec
1798 2879 1925 2916 fecerit
1957 2890 2037 2915 cum
2068 2884 2208 2926 posset:
2245 2879 2306 2932 qui
2336 2889 2416 2915 eum

1331 2927 1610 2973 mancipasset,
1646 2926 1675 2962 si
1709 2926 1950 2971 cognovisset:
1988 2924 2177 2961 dicendum
2211 2928 2278 2960 erit
2310 2933 2417 2969 posse

1331 2984 1412 3009 eum
1433 2972 1572 3008 restitui
1595 2971 1631 3007 in
1655 2971 1831 3016 integrum
1855 2973 1983 3015 parato
2013 2973 2119 3023 patre
2149 2980 2229 3006 eum
2260 2968 2414 3013 emanci-

1330 3021 1351 3054 9
1397 3027 1495 3063 pare.
1531 3015 1750 3068 Pomponius
1787 3013 1896 3050 adicit
1919 3025 1963 3050 ex
1986 3015 2040 3050 his
2065 3014 2194 3058 causis,
2218 3024 2264 3050 ex
2287 3013 2415 3059 quibus

1329 3062 1367 3098 in
1397 3072 1437 3098 re
1467 3061 1639 3107 peculiari
1670 3059 1733 3095 filii
1761 3058 1915 3095 familias
1946 3059 2202 3102 restituuntur,
2237 3068 2345 3104 posse
2380 3062 2416 3093 et

1330 3110 1468 3153 patrem
1492 3105 1594 3152 quasi
1617 3104 1783 3140 heredem
1806 3104 1949 3140 nomine
1972 3104 2035 3140 filii
2058 3108 2142 3150 post
2172 3103 2308 3140 obitum
2339 3102 2416 3138 eius

1333 3155 1374 3188 10
1420 3152 1612 3204 impetrare
1643 3149 1890 3195 cognitionem.
1939 3149 1977 3185 Si
2000 3153 2120 3185 autem
2143 3149 2237 3185 filius
2260 3147 2415 3184 familias

1330 3197 1396 3240 sit,
1421 3207 1482 3242 qui
1505 3198 1688 3232 castrense
1710 3194 1889 3239 peculium
1912 3194 2063 3236 habeat,
2087 3193 2214 3239 procul
2237 3192 2346 3229 dubio
2371 3202 2414 3227 ex

1329 3241 1403 3285 his,
1437 3250 1530 3287 quae
1560 3239 1607 3276 ad
1631 3242 1813 3276 castrense
1836 3239 2014 3284 peculium
2037 3241 2221 3284 spectant,
2253 3238 2291 3273 in
2322 3237 2414 3272 inte·

1459 3284 1700 3322 restituendus
1732 3284 1800 3320 erit
1822 3283 1925 3329 quasi
1954 3283 1992 3319 in
2024 3283 2168 3329 proprio
2200 3282 2414 3334 patrimonio

1333 3334 1369 3367 11
1420 3341 1464 3367 ca
1489 3334 1559 3366 tus.
1606 3329 1736 3366 Servus
1760 3332 1880 3364 autem
1903 3328 2018 3363 minor
2039 3327 2142 3363 annis
2165 3327 2288 3373 viginti
2311 3338 2413 3373 quin-

1329 3386 1399 3422 que
1420 3387 1445 3411 n
1497 3386 1519 3412 o
1543 3374 1648 3411 modo
1671 3373 1811 3410 restitui
1855 3373 1971 3416 otei-it,
1995 3372 2163 3418 quoniam
2182 3371 2315 3408 domini
2333 3381 2413 3417 per-

1329 3430 1420 3457 sona
1437 3423 1632 3466 spectatur,
1656 3419 1718 3465 qui
1741 3418 1810 3455 sibi
1828 3384 1974 3470 debebit
1991 3418 2039 3453 im
2066 3421 2179 3460 utare,
2204 3428 2269 3453 cur
2287 3414 2413 3468 minori

1328 3476 1402 3501 rem
1423 3464 1608 3501 commisit.
1641 3473 1750 3510 quare
1763 3463 1841 3499 etsi
1860 3473 1925 3508 per
1943 3473 2042 3508 impu
2069 3473 2161 3498 erem
2183 3463 2415 3503 contraxerit,

1331 3579 1407 3613 deu.
1455 3579 1497 3619 (⁵)
1522 3578 1572 3611 εἰσ
1583 3577 1622 3621 S,
1635 3578 1839 3611 domitantur
1850 3577 1885 3610 F
1891 3576 1911 3616 ¹,
1923 3578 2146 3618 pei-mitantur
2156 3573 2210 3608 F²
2258 3574 2302 3615 (8)
2324 3572 2412 3606 diem

1330 3622 1390 3657 FS
1496 3624 1539 3664 (τ)
1568 3622 1680 3656 Celeus
1691 3622 1743 3656 Di·
1763 3648 1771 3656 .
1785 3622 1840 3661 50,
1855 3627 1898 3661 io,
1913 3628 1951 3655 ss
2056 3622 2101 3662 (s)
2126 3626 2184 3653 aui
2194 3618 2412 3652 kalendarum

1331 3668 1392 3702 del.
1406 3675 1463 3701 aut
1474 3679 1537 3701 scr.
1558 3667 1724 3710 posterior
1735 3635 1807 3700 gie·
1817 3664 1958 3698 bissexti
1972 3664 2190 3698 kalendarum
2253 3663 2297 3706 (9)
2321 3660 2412 3695 filiu·

1330 3712 1365 3746 F
1424 3714 1483 3754 (ιο)
1508 3711 1560 3744 vel
1572 3710 1750 3745 heredstus
1762 3710 1798 3745 F
1858 3712 1913 3752 (ιι)
1938 3710 1969 3743 ei
1979 3708 2033 3743 F²
2046 3722 2114 3743 cum
2122 3709 2169 3750 B,
2180 3710 2214 3742 et
2224 3707 2259 3741 F
2267 3708 2288 3748 ¹,
2301 3706 2372 3740 eiu·
2384 3705 2416 3739 Β
