2528 3918
103 137 159 169 m*
187 136 454 170 AOTIONIBUS

103 248 196 282 inter
219 257 258 283 se
281 247 486 284 miscentur.
534 251 571 284 et
592 248 662 284 hoc
685 247 723 282 in
751 246 838 292 legis
862 246 1027 292 Aquiliae
1051 247 1191 283 actione

103 291 252 336 dicitur,
291 293 322 329 si
353 294 420 329 tibi
457 292 726 330 commodavero
762 291 973 328 vestimenta
1011 295 1047 328 et
1075 296 1117 328 tu
1146 303 1190 328 ea

105 337 260 382 ruperis:
295 341 469 384 utraeque
509 338 602 374 enim
633 338 793 373 actiones
824 337 875 372 rei
932 338 1188 373 ersecutionem

103 383 296 419 continent.
345 389 380 419 et
408 384 548 429 quidem
585 386 669 428 post
699 382 787 427 legis
818 384 901 428 Aqu
928 383 984 419 iae
1014 384 1188 419 actionem

102 428 224 474 utique
249 429 462 465 commodati
484 428 643 464 finietur:
659 432 752 509 ⁴post
776 428 990 464 commodati
1013 439 1060 464 au
1077 428 1188 473 Aqui-

101 474 171 509 liae
200 478 385 509 remaneat
414 475 454 510 in
484 484 545 516 eo,
586 484 656 519 quo
721 473 758 508 in
797 473 1009 519 repetitione
1044 474 1190 519 triginta

102 519 237 554 dierum
262 520 413 565 amplius
438 523 510 563 est,
536 519 738 554 dubitatur:
764 519 828 555 sed
851 519 971 555 verius
996 523 1051 555 est
1072 528 1188 554 rema-

101 574 205 608 nere,
237 565 321 610 quia
351 565 478 610 simplo
502 564 660 600 accedit:
691 565 750 600 et¹
784 564 910 609 simplo
935 565 1112 600 subducto
1135 564 1188 599 lo-

103 620 184 645 cum
207 620 279 645 non
302 610 421 646 habet.

147 652 200 692 35
225 655 330 690 loru
358 655 449 691 libro
506 656 598 691 rimo
630 654 681 690 ad
709 654 863 690 edictum
892 655 1101 701 praetoris-²
1147 654 1189 689 In

102 700 302 736 honorariis
337 701 468 736 actioni
494 711 537 736 us
573 700 624 736 sic
656 710 735 736 esse
767 699 1007 735 definiendum
1043 699 1188 735 Cassius

101 746 170 788 ait,
208 748 250 781 ut
279 756 371 791 quae
393 746 445 781 rei
475 745 762 791 persecutionem
786 746 961 788 habeant,
990 746 1059 781 hae
1082 745 1188 780 etiam

101 793 184 836 post
214 801 347 826 annum
372 791 562 834 darentur,
595 794 736 827 ceterae
764 791 859 826 intra
882 801 1027 826 annum.
1075 791 1187 825 hono-

101 837 217 872 rariae
240 839 379 880 autem,
404 847 495 882 quae
518 838 603 882 post
627 847 761 872 annum
783 846 857 871 non
881 835 1029 877 dantur,
1062 846 1129 871 nec
1151 836 1189 870 in

100 881 265 917 heredem
301 881 440 918 dandae
476 885 578 925 sunt,
612 885 654 917 ut
687 884 807 918 tamen
836 882 978 917 lucrum
1001 882 1035 916 ei
1068 884 1187 917 extor-

101 930 270 972 queatur,
301 928 397 963 sicut
418 927 460 962 fit
482 928 520 963 in
544 927 707 963 actione³
736 926 809 962 doli
832 926 916 962 mali
939 929 976 962 et
997 926 1188 962 interdicto

103 972 195 1007 unde
217 972 253 1007 vi
276 974 313 1008 et
335 973 523 1009 similibus.
571 973 655 1008 illae
679 976 798 1008 autem
821 972 872 1007 rei
903 971 1189 1017 persecutionem

100 1018 300 1060 continent,
334 1018 463 1064 quibus
498 1018 746 1064 persequimur
798 1017 871 1053 uod
899 1027 943 1052 ex
975 1017 1188 1063 patrimonio

100 1063 203 1099 nobis
227 1063 339 1108 abest,
364 1068 406 1099 ut
425 1075 506 1100 cum
526 1064 662 1109 agimus
682 1073 763 1098 cum
810 1073 959 1099 onorum
981 1073 1189 1108 possessore

100 1109 271 1145 debitoris
293 1110 424 1152 nostri,
448 1110 533 1145 item
556 1108 779 1151 Publiciana,
804 1118 895 1154 quae
919 1108 966 1144 ad
989 1108 1190 1154 exemplum

100 1154 348 1191 vindicationis
380 1154 498 1190 datur.
554 1154 618 1190 sed
656 1165 736 1189 cum
777 1154 931 1190 rescissa
967 1164 1083 1189 usuca
1107 1154 1190 1190 ione

99 1199 279 1244 redditur,
310 1210 406 1236 anno
429 1199 569 1244 finitur,
602 1199 687 1245 quia
710 1203 837 1235 contra
864 1199 921 1235 ius
945 1199 1047 1235 civile
1095 1203 1188 1234 atur.

105 1249 115 1279 l
167 1245 210 1280 In
232 1245 436 1281 duumviros
461 1249 497 1281 et
519 1255 594 1281 rem
618 1245 799 1290 publicam
819 1245 928 1280 etiam
949 1248 1034 1290 post
1057 1255 1190 1280 annum

99 1290 193 1326 actio
213 1290 320 1326 datur
343 1300 388 1327 ex
411 1294 600 1326 contractu
619 1291 890 1336 magistratuum
908 1290 1189 1336 municipalium.

146 1333 199 1374 36
232 1336 427 1372 ULPIANUS
455 1337 546 1372 libro
578 1336 736 1372 secundo
768 1336 818 1371 ad
848 1335 1002 1371 edictum
1063 1335 1190 1371 Cessat

98 1381 290 1462 ignominia
311 1381 349 1416 in
373 1381 668 1424 condictionibus,
693 1380 854 1426 quamvis
871 1391 916 1416 ex
935 1380 1082 1417 famosis
1103 1391 1188 1417 cau-

99 1437 148 1462 sis
198 1436 242 1462 en
268 1430 363 1463 eant.

145 1470 168 1509 3
231 1471 339 1508 IDEM
380 1472 472 1508 libro
515 1477 647 1518 quarto
690 1472 740 1507 ad
782 1472 936 1507 edictum
976 1471 1189 1518 praetoris⁴

98 1517 260 1553 Actionis
297 1518 406 1554 verbo
449 1517 652 1553 continetur
689 1516 727 1552 in
764 1526 857 1560 rem,
906 1517 944 1552 in
981 1526 1189 1562 personam:

99 1563 253 1606 directa,
288 1563 404 1599 utilis:
438 1562 709 1609 praeiudicium,
745 1562 839 1598 sicut
870 1562 921 1597 ait
950 1562 1188 1607 Pomponius:

99 1608 350 1654 stipulationes
369 1608 489 1649 etiam,
514 1618 606 1653 quae

654 1608 832 1643 raetoriae
852 1609 947 1650 sunt,
973 1608 1060 1653 quia
1078 1608 1190 1643 actio-

99 1665 184 1689 num
206 1654 322 1689 instar
346 1654 526 1696 obtinent,
551 1657 593 1688 ut

640 1653 736 1688 amni
759 1653 899 1696 infecti,
931 1654 1130 1698 legatorum
1155 1657 1191 1687 et

27 1716 30 1718 ·
99 1700 130 1735 si
151 1709 243 1745 quae
263 1699 396 1735 similes
415 1703 510 1735 sunt.
542 1699 732 1734 interdicta
752 1709 892 1744 quoque
912 1699 1063 1734 actionis
1081 1699 1190 1734 verbo

102 1748 116 1779 1
167 1745 407 1780 continentur.
442 1744 580 1780 Mixtae
599 1747 684 1779 sunt
701 1745 872 1788 actiones,
892 1744 931 1779 in
951 1743 1080 1790 quibus
1093 1747 1189 1780 uter-

100 1800 168 1835 que
191 1793 294 1826 actor
317 1792 392 1833 est,
423 1791 466 1825 ut
487 1793 576 1835 puta
599 1789 723 1825 finium
745 1789 1002 1834 regundorum,
1034 1789 1190 1825 familiae

100 1835 347 1878 erciscundae,
395 1835 573 1871 communi
612 1835 824 1878 dividundo,
869 1835 1099 1871 interdictum
1138 1835 1190 1870 uti

100 1881 302 1927 possidetis,
326 1881 460 1916 utrubi.

146 1923 199 1964 38
222 1925 280 1962 ΡΑ
288 1935 383 1962 Ubus
411 1926 502 1962 libro
534 1926 639 1962 tertio
671 1925 721 1961 ad
751 1926 905 1962 edictum
960 1925 1044 1962 Non
1075 1925 1192 1971 figura

102 1972 317 2014 litterarum,
351 1971 416 2007 sed
446 1971 626 2014 oratione,
663 1981 770 2016 quam
802 1971 1006 2016 exprimunt
1039 1971 1179 2007 litterae

102 2017 312 2062 obligamur,
336 2020 514 2063 quatenus
562 2016 676 2052 lacuit
697 2027 770 2052 non
794 2016 911 2052 minus
935 2017 1070 2059 valere,
1096 1998 1192 2070 quoti

101 2063 292 2143 {criptura
331 2073 437 2108 quam
460 2028 561 2108 quoaei’
579 2062 726 2098 vocibus
750 2061 874 2107 lingua
896 2061 1058 2107 figuratis
1082 2062 1190 2107 signi-

126 2118 209 2143 care
225 2119 280 2143 ur.

147 2151 201 2191 39
240 2153 364 2190 GAws
404 2153 496 2190 libro
544 2154 648 2189 tertio
686 2152 737 2188 ad
772 2152 926 2188 edictum
963 2152 1191 2199 provinciale

100 2199 212 2234 Filius
247 2198 403 2235 familias
439 2208 485 2233 cx
513 2198 680 2234 omnibus
712 2197 831 2234 causis
866 2201 1048 2243 tamquam
1087 2200 1191 2243 pater

100 2244 253 2280 familias
272 2244 452 2289 obligatur
475 2247 510 2278 et
534 2244 580 2279 ob
604 2243 641 2280 id
665 2243 723 2288 agi
747 2254 827 2279 cum
847 2253 891 2279 eo
909 2246 1089 2289 tamquam
1110 2254 1190 2279 cum

100 2293 203 2335 patre
225 2289 379 2326 familias
402 2291 533 2335 potest.

146 2333 200 2372 40
227 2334 386 2370 Panos
414 2334 505 2371 libro
537 2334 724 2371 undecimo
753 2334 804 2370 ad
833 2333 988 2371 edictum
1041 2333 1190 2370 Heredi-

102 2379 274 2416 tariarum
298 2380 479 2416 actionum
502 2380 583 2416 loco
607 2380 786 2416 habentur
810 2382 847 2416 et
868 2380 1005 2425 legata,
1030 2379 1190 2425 quamvis

101 2426 146 2462 ab
170 2425 302 2461 herede
325 2435 389 2461 coe
416 2425 520 2461 erint.
630 2427 632 2429 '

146 2470 196 2508 41
236 2470 346 2506 low
393 2472 471 2507 ibro
508 2471 700 2507 vicensimo
742 2470 900 2506 secundo
947 2470 998 2506 ad
1035 2470 1190 2506 edictum

101 2516 272 2562 Quotiens
303 2516 364 2552 lex
394 2516 646 2561 obligationem
676 2515 891 2559 introducit,
922 2515 993 2552 nisi
1022 2515 1054 2552 si
1077 2516 1189 2551 nomi-

102 2561 213 2597 natim
237 2562 391 2605 caverit,
416 2565 457 2597 ut
480 2562 558 2597 sola
581 2571 626 2597 ea
648 2561 791 2597 actione
813 2564 975 2604 utamur,
1001 2561 1108 2596 etiam
1130 2571 1190 2597 ve-

106 2612 118 2642 l
168 2609 263 2643 teres
287 2617 329 2642 eo
361 2607 502 2643 nomine
532 2607 691 2643 actiones
723 2608 936 2651 competere.
984 2606 1023 2642 Si
1053 2617 1100 2642 ex
1129 2617 1189 2642 eo-

102 2653 182 2688 dem
211 2652 310 2688 facto
342 2652 435 2688 duae
465 2655 669 2697 competant
697 2652 873 2695 actiones,
905 2655 1032 2704 postea
1061 2651 1190 2688 iudicis

101 2698 246 2744 potius⁵
286 2701 407 2750 partes
445 2707 539 2741 esse,
584 2700 626 2733 ut
663 2707 734 2742 quo
773 2697 855 2742 plus
894 2700 942 2733 sit
976 2697 1014 2732 in
1053 2697 1191 2742 reliqua

102 2743 259 2785 actione,
283 2743 321 2778 1d
344 2746 446 2779 actor
470 2742 580 2785 ferat,
605 2742 637 2778 si
659 2742 871 2778 tantundem
893 2745 958 2778 aut
981 2742 1109 2787 minus,
1133 2742 1191 2778 id⁶

103 2790 354 2834 consequatur.

149 2831 203 2871 42
242 2832 437 2870 Urpmws
470 2833 561 2869 libro
592 2833 757 2870 vicesimo
789 2834 912 2880 primo
951 2832 1001 2868 ad
1036 2833 1190 2869 edictum

105 2879 157 2923 Is,
182 2878 241 2915 cui
264 2878 331 2914 sub
357 2877 566 2914 condicione
588 2877 745 2924 legatum
768 2882 842 2921 est,
865 2878 1044 2924 pendente
1068 2879 1190 2914 condi-

105 2925 206 2960 cione
229 2935 303 2960 non
324 2927 380 2959 est
403 2923 568 2966 creditor,
593 2923 657 2960 sed
672 2927 773 2966 tunc,
798 2935 879 2960 cum
903 2923 1082 2960 exstiterit
1104 2935 1189 2960 con-

105 2969 208 3012 dicio,
229 2969 389 3015 quamvis
406 2979 499 3011 eum,
519 2968 580 3014 qui
599 2969 792 3014 stipulatus
813 2971 870 3006 est
885 2970 951 3006 sub
969 2969 1190 3014 condicione,

103 3015 224 3060 placet
257 3015 365 3050 etiam
398 3014 576 3060 pendente
611 3014 821 3051 condicione
856 3015 1067 3051 creditorem
1098 3025 1189 3051 esse.

109 3064 121 3095 l
173 3060 374 3096 creditores
407 3070 469 3095 eos
512 3059 676 3105 accipere
711 3060 896 3105 debemus,
939 3061 1001 3106 qui
1034 3061 1190 3105 aliquam

104 3105 281 3141 actionem
315 3105 371 3141 vel
410 3105 547 3141 civilem
582 3105 734 3148 habent,
774 3106 827 3142 sic
859 3109 1002 3150 tamen,
1041 3116 1086 3141 ne
1126 3117 1186 3141 ex-

105 3161 145 3186 ce
171 3151 267 3231 tionte
304 3151 599 3193 submoveantur,
640 3150 697 3186 vel
733 3150 963 3187 honorariam
999 3151 1189 3195 actionem,

104 3207 124 3231 v
181 3196 219 3232 in
256 3199 389 3232 actum.

150 3235 202 3279 43
229 3241 391 3277 ⁷Paucus
416 3241 507 3278 libro
531 3241 821 3287 septuaqensimo
844 3241 1001 3278 secundo
1025 3241 1076 3277 ad
1097 3242 1190 3277 edic-

106 3292 179 3321 tum
226 3285 387 3331 Obligati
416 3289 537 3333 potest
567 3288 671 3330 pater
698 3285 852 3322 familias
882 3297 970 3322 suae
1000 3287 1190 3332 potestatis

105 3332 246 3377 pubes⁸
279 3342 424 3377 compos
448 3331 595 3367 mentis:
628 3330 787 3376 pupillus
809 3331 888 3368 sine
909 3332 1040 3368 tutoris
1065 3336 1189 3368 aucto-

104 3377 212 3412 ritate
245 3387 319 3413 non
353 3377 532 3422 obligatur
563 3376 643 3411 iure
678 3375 788 3412 civili:
824 3386 949 3413 servus
989 3380 1110 3413 autem
1145 3387 1192 3413 ex

107 3422 351 3458 contractibus
374 3433 448 3458 non
470 3421 660 3467 obligatur.

151 3466 206 3506 44
230 3466 338 3503 loru
364 3467 455 3504 libro
484 3467 774 3514 septuaqensimo
806 3470 936 3512 quarto
960 3467 1009 3502 ad
1037 3468 1190 3504 edictum

106 3581 147 3623 (1)
171 3581 205 3614 et
223 3581 286 3615 del.
405 3581 451 3625 (2)
474 3580 637 3624 praetoris
658 3581 720 3614 del.
741 3579 792 3614 F2

107 3627 151 3668 (⁴)
173 3625 336 3669 praetori·
355 3626 418 3660 aaz.
435 3625 489 3659 ΡΞ

107 3671 287 3705 iudicantis
302 3683 366 3706 scr.
457 3671 504 3714 (6)
527 3670 574 3714 id]
592 3671 682 3704 nihil
705 3672 858 3705 Cuiacius

107 3724 151 3759 12,
165 3724 193 3758 2,
206 3724 219 3751 1
295 3717 343 3759 (s)
365 3716 469 3759 pubes
481 3717 541 3750 del.
555 3717 612 3759 (cs.
624 3716 671 3750 D.
685 3718 740 3758 50,
750 3723 796 3758 12,
808 3723 837 3758 2,
851 3717 877 3758 ι)

107 3762 168 3806 (10)
193 3761 300 3795 desint
319 3760 436 3795 debere
454 3762 488 3794 F

948 3671 994 3713 (τ)
1018 3673 1061 3716 es.
1073 3672 1120 3706 D.
1134 3674 1189 3712 50,

1180 115 1262 168 719

913 3581 958 3623 (3)
980 3581 1145 3615 actionem
1163 3582 1200 3615 F

602 3626 647 3668 (⁵)
669 3627 783 3669 postea
798 3624 920 3658 iudicis
934 3626 1059 3670 potius]
1076 3628 1191 3670 postea
1257 3628 1333 3669 post
1342 3625 1522 3668 perfectam
1536 3636 1605 3659 eam
1617 3625 1756 3668 ponitur

2029 125 2284 168 XXXXIIII
2317 128 2339 168 7

1253 245 1463 292 praetoria-⁴
1511 243 1777 289 Obligationum
1799 246 1874 282 fere
1899 250 2069 292 quattuor
2093 259 2225 285 causae
2242 252 2343 285 sunt:

1259 293 1324 326 aut
1347 291 1440 327 enim
1463 289 1538 326 dies
1562 289 1600 325 in
1623 290 1666 325 iis
1692 293 1747 326 est
1770 296 1832 326 aut
1857 292 2019 328 condicio
2044 297 2108 329 aut
2130 294 2256 330 modus
2280 298 2344 330 aut

1265 339 1275 370 1
1327 335 1498 372 accessio.
1548 334 1652 370 Circa
1676 335 1768 373 diem
1800 337 1929 382 duplex
1952 338 2127 383 inspectio
2153 343 2224 375 eet:
2261 350 2345 375 nam

1259 381 1314 416 vel
1344 391 1390 416 ex
1419 381 1476 417 die
1506 380 1632 425 incipit
1664 380 1832 425 obligatio
1865 385 1928 417 aut
1960 384 2143 420 confertur
2170 385 2208 420 in
2240 384 2344 421 diem.

1260 437 1304 461 ex
1327 426 1385 462 die
1409 426 1519 462 veluti
1543 425 1717 461 ‘kalendis
1742 426 1881 462 Martiis
1906 427 1991 463 dare
2015 430 2204 474 spondes'?
2242 430 2344 466 cuius

1259 475 1390 507 natura
1420 471 1511 507 haec
1544 474 1615 515 est,
1651 474 1692 505 ut
1723 475 1806 507 ante
1840 472 1932 507 diem
1967 484 2039 509 non
2071 475 2243 520 exigatur.
2297 475 2345 511 ad

1259 517 1351 552 diem
1374 520 1495 553 autem
1520 519 1644 562 ‘usque
1668 515 1714 551 ad
1737 516 1909 553 kalendas
1935 518 2019 554 dare
2043 520 2232 564 spondes’?
2267 520 2342 566 pla-

1259 566 1317 597 cet
1353 564 1497 598 autem⁹
1535 561 1582 597 ad
1612 566 1754 606 tempus
1786 562 2034 607 obligationem
2072 566 2241 600 constitui
2272 576 2343 601 non

1283 617 1364 643 osse
1399 618 1472 643 non
1506 606 1619 652 magis
1651 617 1758 659 quam
1787 607 1959 652 legatum:
1996 619 2079 643 nam
2111 610 2205 654 quod
2236 611 2346 646 alicui

1284 652 1381 688 eberi
1405 653 1542 698 coepit,
1578 655 1685 689 certis
1717 652 1832 687 modis
1864 653 1992 688 desinit
2022 654 2142 690 deberi
2154 657 2191 690 ¹⁰.
2239 656 2345 700 plane

1258 701 1341 743 post
1377 701 1519 744 tempus
1551 697 1742 743 stipulator
1771 698 1826 733 vel
1860 699 1958 743 pacti
1990 700 2152 735 conventi
2188 701 2241 736 vel
2273 701 2346 736 doli

1257 743 1342 778 mali
1373 744 1583 789 exceptione
1614 744 1825 779 summoveri
1861 743 2003 788 poterit.
2057 745 2108 780 sic
2140 748 2175 780 et
2205 746 2242 781 in
2272 750 2345 781 tra-

1258 788 1374 823 dendo
1405 789 1435 824 si
1467 788 1546 834 quis
1578 788 1707 824 dixerit
1737 799 1776 823 se
1805 788 1920 824 solum
1952 789 2028 824 sine
2059 790 2244 834 superficie
2272 795 2344 826 tra-

1258 833 1352 878 dere,
1377 834 1466 868 nihil
1488 833 1641 879 proficit,
1667 844 1737 879 quo
1754 834 1870 869 minus
1891 838 1926 869 et
1949 834 2155 878 superficies
2174 839 2345 879 transeat,

1259 882 1278 914 2
1326 889 1420 924 quae
1444 883 1575 914 natura
1599 879 1675 915 solo
1700 879 1878 914 cohaeret.
1918 878 2086 915 Condicio
2110 890 2193 916 vero
2219 881 2347 917 efficax

1258 927 1330 967 est,
1367 934 1458 970 quae
1481 925 1518 959 in
1543 923 1794 960 constituenda
1818 924 2033 969 obligatione
2055 925 2239 969 inseritur,
2274 937 2346 962 non

1258 979 1350 1015 quae
1387 973 1470 1016 post
1500 969 1698 1016 perfectam
1727 980 1807 1005 eam
1836 970 2002 1016 ponitur,
2041 971 2149 1006 veluti
2188 975 2342 1007 ‘centum

1262 1015 1359 1050 ‘dare
1384 1015 1549 1061 spondes,
1574 1016 1643 1051 nisi
1665 1015 1766 1051 navis
1790 1025 1835 1051 ex
1846 1015 1934 1051 Asia
1957 1015 2103 1051 venerit’
2118 1017 2170 1051 ¹¹⁴?
2194 1016 2258 1052 sed
2280 1017 2347 1051 hoc

1260 1071 1347 1096 casu
1371 1061 1546 1096 existente
1570 1061 1779 1097 condicione
1808 1061 1911 1096 locus
1936 1061 2005 1096 erit
2030 1061 2230 1106 exceptioni
2252 1063 2347 1107 pacti

1260 1109 1279 1141 3
1327 1107 1494 1142 conventi
1528 1107 1584 1142 vel
1616 1106 1689 1141 doli
1719 1106 1815 1141 mali.
1862 1106 1995 1142 Modus
2025 1106 2251 1151 obligationis
2282 1111 2348 1149 est,

1260 1162 1340 1186 cum
1374 1152 1588 1196 stipulamur
1620 1151 1743 1187 decem
1774 1154 1838 1187 aut
1866 1151 2062 1187 hominem:
2095 1162 2178 1187 nam
2201 1151 2347 1187 alterius

1259 1197 1389 1233 solutio
1414 1201 1527 1233 totam
1551 1196 1803 1242 obligationem
1825 1197 2004 1232 interemit
2027 1207 2094 1232 nec
2117 1197 2209 1233 alter
2219 1198 2246 1218 ¹²
2275 1198 2349 1243 peti

1259 1246 1279 1276 4
1327 1245 1465 1288 potest,
1498 1242 1622 1288 utique
1652 1242 1821 1287 quamdiu
1851 1245 2041 1288 utrumque
2066 1246 2131 1278 est.
2179 1243 2348 1278 Accessio

1259 1298 1343 1324 vero
1377 1288 1414 1323 in
1445 1288 1660 1333 obligatione
1692 1291 1757 1323 aut
1787 1298 1963 1333 personae
1994 1291 2059 1323 aut
2086 1288 2137 1323 rei
2168 1288 2219 1324 fit.
2267 1298 2347 1333 per-

1259 1343 1387 1375 sonae,
1422 1343 1502 1369 cum
1536 1333 1623 1368 mihi
1646 1337 1710 1368 aut
1732 1333 1828 1369 Titio
1858 1333 1903 1368 sti
1929 1332 2020 1369 ulor.
2068 1333 2135 1378 rei,
2161 1344 2242 1368 cum
2264 1334 2347 1368 mihi

1259 1378 1380 1414 decem
1404 1382 1468 1414 aut
1486 1379 1581 1414 Titio
1605 1378 1783 1414 hominem
1806 1379 1876 1424 stip
1917 1389 1973 1413 or:
2000 1378 2062 1414 ubi
2086 1379 2279 1424 quaeritur,
2302 1389 2348 1414 an

1260 1427 1279 1459 5
1326 1424 1406 1470 ipso
1434 1425 1512 1460 iure
1541 1424 1606 1460 fiat
1637 1424 1801 1460 liberatio
1836 1424 1978 1459 homine
2007 1424 2124 1460 soluto
2158 1424 2264 1460 Titio.
2312 1424 2349 1460 Si

1258 1469 1311 1504 ita
1334 1469 1527 1515 stipulatus
1550 1470 1635 1506 sim:
1672 1470 1716 1506 ‘si
1738 1469 1889 1506 fundum
1919 1480 1994 1505 non
2017 1469 2175 1513 dederis,
2206 1472 2348 1506 centum

1260 1514 1359 1552 ‘dare
1381 1515 1576 1561 spondes'?
1610 1515 1689 1551 sola
1713 1518 1856 1551 centum
1878 1515 1917 1549 in
1940 1515 2169 1560 stipulatione
2193 1519 2287 1558 sunt,
2311 1515 2349 1551 in

1260 1564 1279 1596 6
1327 1560 1551 1597 exsolutione
1574 1561 1717 1596 fundus.
1760 1560 1830 1596 Sed
1854 1559 1885 1595 si
1907 1570 2033 1596 navem
2055 1560 2134 1596 fieri
2156 1561 2348 1607 stipulatus

1261 1617 1340 1641 sum
1375 1610 1430 1650 et,
1465 1607 1497 1642 si
1519 1617 1592 1642 non
1615 1606 1761 1649 feceris,
1799 1609 1958 1650 centum,
1991 1605 2197 1649 videndum,
2230 1610 2347 1644 utrum

1259 1651 1352 1687 duae
1389 1651 1640 1698 stipulationes
1676 1652 1767 1693 sint,
1802 1662 1896 1697 pura
1930 1655 1967 1687 et
2002 1651 2277 1696 condicionalis,
2313 1656 2350 1688 et

1259 1697 1414 1733 existens
1443 1698 1626 1743 sequentis
1658 1697 1819 1734 condicio
1848 1708 1921 1733 non
1943 1697 2048 1732 tollat
2076 1697 2257 1742 priorem?
2303 1708 2350 1733 an

1258 1753 1342 1778 vero
1374 1742 1570 1779 transferat
1602 1743 1641 1778 in
1673 1753 1711 1779 se
1745 1746 1782 1778 et
1805 1742 1909 1788 quasi
1938 1743 2080 1778 novatio
2104 1743 2234 1788 prioris
2258 1743 2347 1778 fiat?

1259 1788 1355 1833 quod
1377 1788 1490 1834 magis
1514 1799 1636 1824 verum
1660 1791 1725 1824 est.

1305 1832 1358 1871 45
1383 1833 1492 1870 IDEM
1521 1835 1614 1871 libro
1673 1835 1774 1870 uinto
1808 1834 1858 1870 ad
1893 1834 2077 1870 Plautium
2124 1834 2178 1877 Is,
2214 1834 2276 1879 qui
2307 1845 2351 1870 ex

1260 1879 1434 1925 stipulatu
1447 1879 1608 1915 Stichum
1656 1880 1772 1922 ebeat‚
1797 1880 1828 1915 si
1851 1890 1933 1916 eum
1957 1883 2041 1915 ante
2065 1889 2201 1915 moram
2223 1889 2350 1915 manu-

1260 1924 1396 1960 miserit
1427 1929 1464 1960 et
1493 1925 1542 1969 is,
1578 1925 1788 1971 priusquam
1818 1935 1927 1970 super
1959 1935 2001 1960 eo
2039 1925 2237 1971 promissor
2266 1936 2349 1960 con-

1259 1970 1451 2013 veniretur,
1477 1970 1680 2013 decesserit,
1705 1981 1779 2006 non
1795 1972 1955 2006 tenetur:
1980 1981 2055 2006 non
2073 1970 2166 2006 enim
2189 1980 2254 2016 per
2270 1981 2349 2006 eum

1260 2015 1402 2051 stetisse
1425 2015 1577 2058 videtur,
1602 2027 1673 2061 quo
1696 2016 1813 2051 minus
1837 2027 1919 2052 eum
1942 2019 2156 2062 praestaret.

1306 2059 1359 2098 46
1385 2060 1493 2097 IDEM
1512 2061 1604 2097 libro
1627 2062 1779 2108 septimo
1804 2062 1854 2097 ad
1883 2061 2067 2097 Plautium
2114 2061 2290 2097 Furiosus
2314 2064 2351 2097 et

1258 2106 1430 2152 pupillus,
1455 2107 1518 2142 ubi
1542 2117 1587 2142 ex
1609 2117 1648 2142 re
1668 2107 1762 2142 actio
1785 2106 1891 2151 venit,
1916 2106 2120 2152 obligantur
2144 2106 2251 2142 etiam
2274 2107 2351 2142 sine

1260 2154 1427 2187 curatore
1450 2152 1507 2187 vel
1529 2152 1660 2188 tutoris
1686 2152 1917 2195 auctoritate,
1941 2152 2052 2188 veluti
2075 2152 2107 2188 si
2131 2162 2351 2189 communem

1259 2196 1409 2232 fundum
1432 2198 1548 2233 habeo
1574 2208 1655 2233 cum
1677 2197 1735 2233 his
1758 2201 1795 2234 et
1818 2197 1865 2233 ali
1889 2197 1952 2233 uid
1981 2198 2020 2233 in
2043 2207 2124 2233 eum
2146 2197 2350 2250 impendero

1260 2242 1315 2278 vel
1338 2242 1507 2278 damnum
1524 2242 1564 2278 in
1584 2253 1627 2279 eo
1670 2242 1803 2289 upillus
1821 2243 1865 2280 de
1891 2243 1975 2279 erit:
2001 2253 2084 2279 nam
2103 2242 2234 2279 iudiclo
2255 2254 2349 2279 com-

1260 2288 1358 2323 muni
1381 2288 1573 2324 dividundo
1599 2288 1645 2324 ob
1662 2288 1863 2334 'gabuntmn

1306 2331 1359 2371 47
1392 2333 1501 2369 IDEM
1527 2345 1578 2369 ex
1606 2334 1699 2370 libro
1741 2338 1872 2380 quarto
1912 2334 2047 2370 decimo
2080 2334 2130 2369 ad
2165 2333 2349 2370 Plautium

1259 2378 1436 2414 Arrianus
1468 2379 1520 2414 ait
1547 2379 1698 2414 multum
1727 2379 1917 2422 interesse,
1950 2389 2117 2424 quaeras,
2142 2382 2262 2415 utrum
2285 2380 2349 2414 ali-

1261 2424 1340 2469 quis
1364 2424 1543 2469 obligetur
1566 2435 1614 2460 an
1637 2424 1765 2470 aliquis
1790 2425 1980 2461 liberetur:
2006 2424 2068 2460 ubi
2092 2424 2136 2460 de
2160 2424 2349 2470 obligando

1261 2469 1455 2514 quaeritur,
1480 2470 1730 2515 propensiores
1751 2480 1830 2506 esse
1850 2470 1980 2506 debere
2002 2481 2080 2513 nos,
2104 2469 2136 2505 si
2154 2469 2349 2506 habeamus

1261 2515 1504 2558 occasionem,
1528 2515 1576 2551 ad
1599 2515 1818 2569 negandum:
1843 2515 1907 2551 ubi
1930 2515 1974 2550 de
1996 2514 2198 2560 liberando,
2229 2525 2273 2551 ex
2297 2515 2349 2550 di-

1260 2570 1374 2604 verso,
1399 2565 1441 2596 ut
1463 2560 1604 2597 facilior
1626 2562 1716 2597 s1s¹³
1739 2561 1786 2596 ad
1808 2561 2066 2597 liberationem.

1306 2603 1360 2644 48
1384 2606 1492 2641 loru
1511 2607 1603 2643 libro
1626 2610 1733 2642 sexto
1757 2606 1893 2642 decimo
1918 2607 1967 2641 ad
1990 2605 2174 2641 Plautium
2208 2605 2251 2640 In
2270 2605 2345 2651 qui-

1260 2652 1484 2697 buscumque
1507 2651 1658 2697 negotiis
1682 2661 1847 2688 sermone
1871 2662 1962 2697 opus
1987 2655 2126 2687 nonest
2149 2651 2349 2687 sufficiente

1261 2707 1457 2740 consensu,
1481 2697 1525 2733 iis
1557 2697 1665 2733 etiam
1697 2697 1828 2733 surdus
1859 2697 2074 2733 intervenire
2095 2700 2234 2742 potest,
2290 2696 2350 2731 uia

1259 2746 1379 2788 potest
1402 2742 1609 2789 intellegere
1631 2746 1668 2779 et
1687 2743 1899 2787 consentire,
1922 2742 2034 2778 veluti
2054 2741 2094 2777 in
2111 2742 2281 2778 locatiom
2307 2752 2349 2777 us

1261 2788 1569 2832 conductionibus,
1594 2788 1834 2834 emptionibus
1848 2788 1875 2809 ¹⁴
1899 2791 1936 2823 et
1959 2787 2098 2823 ceteris.

1306 2831 1359 2870 49
1385 2833 1495 2869 loru
1526 2834 1618 2870 libro
1650 2837 1776 2870 octavo
1808 2833 1944 2870 decimo
1974 2833 2024 2868 ad
2055 2832 2239 2868 Plautium
2290 2831 2350 2867 Ex

1261 2879 1506 2914 contractibus
1543 2878 1727 2914 venientes
1763 2878 1922 2914 actiones
1956 2878 1994 2913 in
2023 2877 2174 2914 heredes
2206 2877 2347 2918 dantur,

1259 2924 1343 2959 licet
1377 2923 1545 2960 delictum
1601 2934 1719 2970 uoque
1741 2926 1920 2968 versetur,
1954 2923 2062 2959 veluti
2086 2934 2167 2958 cum
2190 2926 2288 2958 tutor
2310 2922 2347 2956 in

1259 2969 1372 3005 tutela
1393 2969 1550 3014 gerenda
1574 2935 1655 3005 3010
1686 2969 1813 3004 fecerit
1836 2972 1900 3005 aut
1922 2969 1954 3005 is
1979 2979 2000 3004 a
2026 2968 2074 3004 ud
2105 2978 2209 3013 quem
2238 2967 2345 3012 depo-

1259 3014 1367 3050 situm
1390 3016 1501 3051 est¹⁵:
1536 3025 1606 3060 quo
1632 3025 1719 3050 casu
1742 3015 1849 3050 etiam
1874 3025 1954 3050 cum
2023 3014 2078 3049 ius
2107 3013 2259 3048 familias
2284 3014 2348 3047 aut

1259 3070 1383 3096 servus
1415 3060 1501 3141 qfflc}
1530 3060 1604 3096 tale
1636 3060 1829 3103 commisit,
1862 3060 1907 3096 de
1937 3059 2078 3106 peculio
2111 3058 2203 3093 actio
2228 3057 2345 3100 datur,

1259 3116 1332 3140 non
1355 3116 1428 3141 nox
1498 3134 1506 3141 .

1305 3148 1358 3188 50
1391 3150 1621 3186 Poupomos
1656 3150 1747 3187 libro
1777 3150 1929 3197 septimo
1958 3160 2009 3185 ex
2044 3147 2192 3183 Plautio
2245 3145 2346 3190 Quod

1259 3196 1337 3241 quis
1361 3196 1480 3240 aliquo
1505 3206 1600 3231 anno
1624 3195 1710 3231 dare
1741 3195 1916 3242 promittit
1944 3198 2008 3229 aut
2031 3193 2116 3228 dare
2146 3191 2342 3234 damnatur,

1259 3241 1293 3276 ei
1316 3244 1479 3286 potestas
1502 3244 1558 3276 est
1581 3240 1742 3286 quolibet
1765 3241 1841 3276 eius
1866 3240 1951 3276 anni
1974 3239 2030 3274 die
2054 3236 2173 3288 dandi.
2193 3280 2201 3289 ·
2284 3280 2292 3288 .

1306 3285 1356 3323 51
1390 3287 1417 3307 ¹⁶
1429 3286 1574 3322 (lusos
1601 3286 1692 3322 libro
1725 3288 1829 3322 tertio
1853 3286 1893 3321 di
1918 3288 2073 3320 estorum
2119 3281 2216 3333 Nihil
2247 3280 2344 3316 ahud

1259 3335 1315 3367 est
1337 3330 1431 3411 aetati>
1457 3341 1565 3376 quam
1587 3331 1643 3367 ius
1668 3331 1764 3377 quod
1795 3331 1862 3367 sibi
1910 3330 2079 3369 ebeatur,
2110 3325 2240 3362 iudicio
2263 3336 2343 3371 per-

1259 3387 1299 3413 se
1323 3386 1392 3412 uen
1433 3403 1440 3412 .

1336 3419 1360 3458 2
1385 3420 1641 3458 Monsssrmvs
1673 3421 1764 3458 libro
1795 3419 1950 3456 secundo
1982 3417 2191 3464 reqularum
2245 3414 2344 3451 Obli-

1260 3477 1386 3511 gamur
1410 3469 1473 3501 aut
1495 3476 1536 3502 re
1560 3470 1622 3502 aut
1645 3466 1762 3502 verbis
1786 3467 1850 3501 aut
1873 3464 1974 3500 simul
1998 3467 2149 3506 utroque
2171 3463 2235 3495 aut
2259 3470 2342 3495 con-

1260 3582 1404 3613 ‘centum
1417 3579 1496 3614 dare
1507 3580 1659 3624 spondes,
1675 3578 1740 3612 nisi
1752 3577 1846 3610 navis
1857 3586 1895 3610 ex
1908 3575 1988 3609 Asia
1998 3574 2154 3608 venerit’:
2179 3583 2247 3607 non
2259 3583 2345 3616 quae

1856 3623 1915 3664 (12)
1939 3620 2080 3653 alterum
2094 3620 2122 3653 S
2218 3620 2279 3662 (¹³)
2303 3629 2344 3652 ex

1260 3671 1389 3704 diverso
1400 3670 1568 3704 faciliores
1578 3683 1640 3704 scr.
1706 3669 1766 3711 (14)
1789 3665 2038 3700 venditionibus
2050 3666 2109 3698 ins.
2171 3665 2232 3707 (15)
2255 3664 2344 3697 circa

955 3717 1003 3759 (9)
1025 3717 1126 3750 etiam
1137 3717 1189 3750 F·
1258 3716 1294 3749 id
1307 3716 1396 3758 quod
1409 3716 1594 3759 depositum
1606 3716 1656 3749 est
1666 3715 1726 3747 ins.
1742 3712 1902 3755 (similiter
1913 3723 1977 3745 van
1990 3712 2029 3744 de
2047 3710 2168 3752 Water)
2220 3710 2283 3753 (te)
2299 3711 2342 3755 qt:

589 3762 644 3803 (11)
667 3763 715 3796 εἰσ
734 3762 873 3795 ordina:
896 3761 1064 3802 inseritur,
1084 3761 1190 3796 veluti
1259 3762 1340 3795 Inst-
1358 3763 1390 3798 4.
1404 3767 1483 3806 αρν.
