2528 3918
110 156 171 186 DE
193 154 431 186 PRECARIO.
471 155 533 185 DE
554 152 805 185 ARBORIBUS
829 152 963 184 GAED.

111 269 212 323 quasi
236 269 282 304 ab
306 268 368 306 illo
392 268 555 316 precario
579 267 732 311 habeas,
763 277 837 303 non
867 266 970 312 quasi
1002 277 1024 301 a
1055 275 1129 301 me:
1164 267 1200 300 et

109 325 141 395 3¹
163 314 515 396 Prtffssffiffid'iffgss?
546 318 756 394 ‘ffii‘ssfesea
770 310 1199 394 rssiafissefiiffgaemffl

110 416 252 451 quoque
275 405 440 452 precario
462 370 578 441 teixgri
599 403 712 440 voluit
732 369 890 448 ffraetor,
916 403 977 448 qui
1000 384 1083 439 dolo
1101 401 1199 446 fecit,

110 454 150 485 ut
172 450 306 487 habere
330 450 517 487 desine-ret.
565 448 655 484 illud
684 448 897 490 adnotatur,
930 448 1027 494 quod
1057 447 1200 493 culpam

109 507 182 532 non
204 499 367 542 praestat
388 496 420 532 is
444 494 506 541 qui
528 494 691 540 precario
714 494 871 539 rogavit,
904 494 969 530 sed
995 493 1112 530 solum
1135 491 1200 528 do-

108 542 182 577 lum
205 544 386 587 praestat,
418 550 633 586 quamquam
663 539 714 582 is,
747 539 808 585 qui
833 539 1097 575 commodatum
1120 547 1198 574 sus-

110 587 216 633 cepit,
240 597 314 623 non
336 589 476 622 tantum
500 585 631 628 dolum,
656 584 720 621 sed
739 585 846 621 etiam
864 586 1008 631 culpam
1023 586 1197 631 praestat.

110 643 175 668 nec
199 632 373 668 immerito
398 631 520 668 dolum
543 631 658 667 solum
707 635 845 666 raestat
867 631 925 667 is2
952 630 1013 676 qui
1061 628 1199 666 recario

109 678 263 722 rogavit,
296 688 378 713 cum
409 677 549 713 totum³
578 686 623 712 ex
652 676 678 711 li
705 676 869 712 eralitate
899 676 1030 712 descen
1055 678 1094 710 at
1123 674 1199 710 eius

110 723 169 767 qui
200 722 365 768 precario
395 722 574 759 concessit
602 725 639 757 et
668 722 757 758 satis
781 722 844 766 sit,
876 722 908 757 si
932 721 1036 757 dolus
1058 723 1200 772 tantum

109 771 324 814 praestetur.
371 768 515 814 culpam
545 770 666 803 tamen
696 767 777 803 dolo
801 767 1001 813 proximam
1025 765 1200 802 contineri

109 820 129 847 4
178 813 257 859 quis
286 813 414 850 merito
444 813 584 849 dixerit.
638 812 697 847 Ex
731 813 802 849 hoc
836 812 1026 848 interdicto
1057 810 1201 847 restitui

109 859 216 894 debet
238 858 276 894 in
298 859 487 905 pristinam
511 868 675 894 causam:
708 858 806 903 quod
837 859 868 894 si
895 869 969 894 non
991 857 1102 892 fuerit
1123 856 1199 891 fac-

108 908 202 947 tum,
242 904 491 940 condemnatio
522 905 559 939 in
590 907 731 939 tantum
762 903 842 946 fiet,
882 903 1010 948 quanti
1038 901 1202 938 interfuit

109 949 241 986 actoris
266 950 299 985 ei
321 960 397 986 rem
420 950 563 986 restitui
588 960 631 985 ex
654 959 698 985 eo
721 952 900 995 tempore,
928 959 972 985 ex
995 959 1065 994 quo
1089 948 1200 983 inter-

109 995 242 1030 dictum
266 995 401 1031 editum
423 999 498 1031 est:
530 1005 615 1040 ergo
646 998 684 1030 et
706 994 846 1030 fructus
871 1005 915 1031 ex
939 994 996 1030 die
1018 992 1202 1029 interdicti

109 1044 128 1075 5
178 1040 264 1076 editi
286 1041 579 1087 praestabuntur.
616 1039 654 1076 Si
677 1041 847 1076 servitute
872 1051 958 1076 usus
981 1051 1056 1076 non
1078 1039 1148 1074 fuit
1169 1038 1200 1073 is

110 1086 171 1131 qui
192 1087 356 1132 precario
381 1087 519 1132 rogavit
536 1097 580 1122 ac
596 1096 662 1132 per
680 1086 751 1122 hoc
771 1086 904 1122 amissa
922 1086 981 1128 sit,
1005 1085 1200 1127 videamus,

110 1142 157 1167 an
176 1131 367 1168 interdicto
386 1135 565 1168 teneatur.
602 1142 666 1177 ego
691 1131 848 1168 arbitror
871 1142 944 1167 non
967 1131 1069 1174 alias,
1094 1140 1202 1176 quam

110 1181 129 1212 6
177 1177 208 1213 si
237 1177 321 1213 dolo
352 1177 490 1213 fecerit.
538 1177 589 1212 Et
615 1177 831 1222 generaliter
861 1177 927 1212 erit
950 1177 1142 1212 dicendum
1163 1175 1203 1210 in

109 1223 369 1259 restitutionem
405 1223 526 1259 venire
560 1222 683 1258 dolum
714 1226 751 1258 et
782 1223 926 1268 culpam
955 1223 1067 1258 latam
1099 1221 1200 1257 dum-

109 1272 228 1311 taxat,
267 1272 386 1304 cetera
421 1279 495 1304 non
529 1268 661 1304 venire.
709 1269 816 1313 plane
855 1272 938 1313 post
972 1267 1202 1303 interdictum

109 1314 244 1349 editum
267 1314 447 1359 oportebit
470 1317 507 1350 et
531 1314 652 1350 dolum
677 1317 712 1349 et
736 1314 879 1360 culpam
898 1318 935 1349 et
954 1323 1097 1349 omnem
1117 1323 1201 1348 cau-

109 1370 186 1395 sam
216 1360 356 1396 venire:
395 1370 479 1395 nam
511 1360 574 1395 ubi
603 1369 742 1395 moram
774 1359 855 1404 quis
886 1358 996 1394 fecit⁴
1026 1358 1201 1404 precario,

110 1408 127 1439 7
178 1415 319 1441 omnem
343 1415 490 1441 causam
514 1405 658 1441 debebit
677 1405 896 1441 constituere
906 1406 931 1440 ⁵.
965 1404 1202 1440 Interdictum

109 1450 178 1487 hoc
209 1454 245 1486 et
276 1455 360 1497 post
388 1461 521 1486 annum
551 1454 755 1496 competere
778 1450 902 1486 Labeo
926 1442 1060 1487 'scribit
1088 1459 1203 1495 eoque

108 1496 186 1531 iure
224 1496 376 1531 utimur:
420 1507 503 1532 cum
541 1496 635 1532 enim
675 1507 945 1542 nonnumquam
982 1496 1020 1531 in
1057 1496 1203 1540 longum

108 1545 248 1594 tempus
298 1542 475 1578 recarium
503 1541 739 1584 concedatur,
772 1541 968 1577 absurdum
998 1544 1055 1577 est
1085 1540 1204 1576 dicere

110 1590 129 1622 8
176 1590 271 1623 mter
298 1588 407 1623 ‘ctum
429 1588 548 1623 locum
570 1598 645 1623 non
667 1588 801 1623 habere
824 1591 908 1633 post
931 1598 1076 1623 annum.
1124 1586 1203 1622 Hoc

108 1632 299 1669 interdicto
335 1633 439 1669 heres
475 1633 554 1669 eius
590 1633 651 1679 qui
688 1633 852 1678 precario
890 1633 1030 1678 rogavit
1060 1636 1204 1668 tenetur

109 1678 407 1723 quemadmodum
436 1679 533 1725 ipse,
566 1683 625 1723 ut,
658 1678 732 1714 sive
762 1679 873 1714 habet
902 1678 975 1714 sive
1004 1678 1086 1714 dolo
1116 1678 1204 1713 fecit

110 1734 181 1769 quo
210 1724 328 1760 minus
358 1724 508 1760 haberet
538 1726 593 1760 vel
625 1724 672 1759 ad
704 1734 743 1759 se
765 1724 986 1770 perveniret,
1017 1727 1202 1760 teneatur:

110 1780 155 1804 ex
179 1769 261 1806 dolo
285 1773 406 1806 autem
430 1770 592 1806 defuncti
614 1771 810 1813 hactenus,
843 1773 1020 1815 quatenus
1051 1769 1098 1805 ad
1123 1779 1204 1805 eum

135 1815 281 1851 ervenit.

111 1826 132 1861 p
156 1858 182 1898 9
217 1860 341 1897 GAJUS
367 1861 459 1896 libro
489 1861 681 1897 vicensimo
711 1865 817 1897 seaeto
852 1861 903 1897 ad
932 1861 1088 1897 edictum
1112 1872 1203 1914 pro-

111 1906 264 1942 vinciale
309 1905 481 1942 Precario
504 1907 685 1951 possessio
704 1907 878 1943 consisti⁰
902 1911 1021 1952 potest
1038 1906 1094 1941 vel
1110 1909 1204 1942 mter

109 1955 318 2031 praesentes
349 1951 406 2032 {el
435 1951 532 1987 inter
562 1953 749 1995 absentes,
780 1952 890 1988 veluti
919 1962 985 1998 per
1014 1952 1203 1998 epistulam

110 2007 152 2032 ve
215 2007 255 2033 er
277 2008 353 2032 nun
369 2008 454 2032 ium.

160 2041 179 2079 1
235 2042 466 2078 POMPONIUS
494 2043 586 2079 libro
611 2044 737 2088 quinto
768 2055 818 2079 ex
841 2043 989 2079 Plautio
1037 2043 1205 2088 Quamvis

112 2087 278 2124 ancillam
309 2088 388 2134 quis
416 2089 583 2134 precario
606 2089 801 2134 rogaverit,
832 2088 871 2124 id
902 2092 1023 2125 actum
1053 2088 1204 2131 videtur,

111 2137 152 2214 Et
160 2133 281 2214 betiam
305 2133 402 2179 quod
426 2144 470 2170 ex
488 2133 620 2169 ancilla
639 2137 764 2169 natum
781 2137 876 2171 esset
893 2134 931 2170 in
949 2134 1074 2171 eadem
1094 2144 1206 2170 causa

137 2189 159 2213 a
186 2183 316 2215 eretur.

163 2223 209 2261 11
246 2224 392 2261 Cusus
418 2225 508 2261 libro
538 2226 690 2271 septimo
721 2225 942 2272 diqestorum
996 2224 1034 2260 Si
1066 2224 1207 2260 debitor

112 2280 187 2305 rem
217 2269 441 2316 pigneratam
470 2270 634 2316 precario
667 2271 863 2316 rogaverit,
903 2271 1023 2307 soluta
1052 2270 1207 2316 pecunia

111 2315 314 2361 precarium
337 2315 507 2351 solvitur:
540 2315 672 2362 quippe
702 2316 740 2351 id
769 2319 891 2352 actum
922 2321 995 2359 est,
1027 2320 1069 2351 ut
1091 2326 1206 2361 usque

113 2371 154 2396 eo
204 2361 381 2396 recarium
403 2364 553 2398 teneret.

162 2406 181 2443 1
237 2405 346 2441 IDEM
361 2407 451 2442 libro
471 2408 664 2442 vicensimo
682 2408 809 2453 quinto
828 2408 1050 2454 diqestorum
1092 2406 1205 2442 Cum⁷

139 2451 278 2487 recario
308 2452 442 2498 aliquid
473 2452 596 2495 datur,
629 2452 661 2488 si
690 2453 875 2496 convenit,
907 2453 1008 2488 utin
1030 2452 1206 2488 kalendas

132 2497 223 2533 ulias
246 2498 411 2542 precario
436 2497 638 2543 possideat,
671 2498 845 2544 numquid
869 2498 1080 2544 exceptione
1102 2497 1205 2533 adiu-

112 2543 250 2578 vandus
275 2546 340 2586 est,
364 2553 410 2578 ne
433 2547 517 2579 ante
536 2542 571 2578 ei
587 2543 769 2589 possessio
789 2543 999 2580 auferatur?
1023 2543 1087 2579 sed
1106 2543 1206 2579 nulla

113 2588 165 2624 vis
198 2593 252 2623 est
280 2588 387 2624 huius
420 2588 684 2632 conventionis,
718 2592 760 2624 ut
786 2600 861 2625 rem
884 2589 1039 2625 alienam
1062 2589 1206 2624 domino

120 2638 130 2668 1
182 2634 292 2669 invito
328 2633 511 2679 possidere
546 2634 665 2669 liceat.
719 2633 888 2671 Precatio
921 2635 1060 2680 rogatio
1093 2638 1129 2670 et
1159 2634 1207 2669 ad

113 2679 278 2714 heredem
295 2679 372 2715 eius
391 2680 453 2724 qui
472 2679 652 2716 concessit
669 2680 818 2716 transit:
842 2680 889 2715 ad
904 2680 1071 2716 heredem
1086 2683 1206 2716 autem

114 2725 190 2759 eius
221 2724 283 2769 qui
309 2725 474 2770 precario
506 2725 644 2769 rogavit
677 2735 751 2760 non
786 2725 932 2768 transit,
971 2725 1102 2771 quippe
1136 2725 1206 2771 ipsi

115 2770 319 2812 dumtaxat,
350 2781 424 2805 non
455 2770 563 2805 etiam
590 2770 714 2806 heredi
738 2781 911 2807 concessa
933 2771 1113 2816 possessio
1138 2774 1204 2806 est.

164 2812 213 2852 13
241 2814 470 2850 Poupomos
489 2814 582 2852 libro
606 2816 815 2862 triqensz'mo
841 2817 946 2852 tertio
970 2816 1021 2851 ad
1035 2815 1206 2859 Quintum

115 2859 275 2896 Mucium
323 2860 361 2895 Si
384 2870 510 2896 servus
533 2863 618 2896 tuus
641 2864 705 2897 tuo
727 2861 896 2897 mandato
916 2861 1081 2907 precario
1101 2871 1205 2906 roga-

115 2906 205 2940 verit
235 2905 291 2940 vel
322 2908 441 2940 ratum
471 2905 642 2942 habueris
671 2906 767 2951 quod
795 2906 856 2943 ille
886 2907 1025 2953 rogavit
1052 2910 1116 2942 tuo
1140 2917 1205 2942 no-

115 2950 228 2993 mine,
261 2951 458 2993 teneberis,
492 2951 595 2996 quasi
625 2952 789 2996 precario
819 2953 967 2989 habeas.
1015 2952 1079 2988 sed
1107 2952 1138 2988 si
1170 2955 1206 2988 te

114 2996 302 3040 ignorante
331 3007 397 3032 suo
426 2996 569 3032 nomine
592 2997 648 3032 vel
671 3007 795 3033 servus
819 2997 876 3034 vel
898 2997 992 3034 filius
1016 2998 1205 3042 rogaverit,

115 3052 188 3076 non
216 3041 347 3077 videris
380 3046 421 3077 tu
451 3041 616 3087 precario
647 3042 800 3086 habere,
832 3043 898 3079 sed
919 3043 996 3078 illi⁸
1019 3043 1087 3078 erit
1110 3043 1205 3079 actio

116 3086 160 3121 de
181 3086 324 3132 peculio
348 3087 404 3123 vel
428 3086 473 3123 de
494 3087 533 3122 in
554 3097 631 3122 rem
653 3097 767 3123 verso.

165 3130 216 3169 14
240 3131 400 3168 Panas
428 3132 519 3168 libro
550 3133 654 3167 tertio
681 3132 819 3169 decimo
850 3133 902 3169 ad
922 3131 1098 3170 Sabinum
1144 3133 1205 3169 In-

115 3177 304 3212 terdictum
334 3177 378 3213 de
406 3178 579 3223 precariis
603 3178 728 3213 merito
751 3178 996 3214 introductum
1019 3182 1092 3222 est,
1122 3179 1206 3224 quia

116 3222 216 3257 nulla
239 3232 282 3258 eo
306 3223 447 3258 nomine
470 3223 559 3258 iuris
584 3222 695 3258 civilis
719 3223 816 3259 actio
840 3227 952 3260 esset:
977 3224 1091 3269 magis
1112 3224 1206 3260 enim

117 3267 163 3302 ad
186 3267 397 3303 donationes
422 3271 459 3303 et
481 3267 647 3304 beneficii
671 3278 835 3313 causam,
867 3279 974 3315 quam
1003 3270 1051 3305 ad
1073 3269 1207 3314 negotii

118 3313 294 3348 contracti
317 3316 458 3358 spectat
479 3314 634 3359 precarii
658 3313 834 3350 condicio.

167 3356 216 3394 15
242 3357 471 3394 Poupomos
498 3359 589 3395 libro
615 3359 806 3394 vicensimo
828 3370 925 3395 nono
957 3359 1009 3396 ad
1029 3358 1206 3396 Sabinum

117 3402 167 3437 Et
195 3402 306 3438 habet
335 3413 508 3438 summam
539 3404 775 3449 aequitatem,
807 3407 847 3440 ut
875 3407 1025 3441 eatenus
1055 3405 1134 3451 quis
1160 3415 1207 3440 ue

122 3452 135 3482 1
187 3451 310 3483 nostro
329 3451 464 3491 utatur,
489 3452 665 3495 quatenus
685 3449 719 3485 ei
738 3449 897 3485 tribuere
914 3449 1073 3486 velimus.
1147 3461 1205 3486 os-

117 3493 210 3538 pites
247 3496 283 3528 et
316 3493 378 3538 qui
407 3494 600 3539 gratuitam
629 3494 888 3531 habitationem
919 3495 1103 3541 accipiunt
1133 3506 1206 3531 non

118 3541 138 3572 2
185 3538 440 3583 intelleguntur
462 3540 628 3585 precario
650 3540 827 3575 habitare.
873 3540 1043 3576 Precatio
1071 3541 1206 3577 habere

119 3653 158 3692 (ι)
185 3652 220 3685 et
229 3652 334 3695 magis
346 3653 395 3685 est
406 3653 457 3694 ut,
475 3651 504 3685 si
522 3651 581 3686 ille
597 3663 667 3687 non
678 3654 812 3687 revocet
823 3653 857 3687 et
867 3653 897 3686 si
907 3663 1021 3697 passus
1032 3655 1083 3687 est
1093 3653 1209 3697 aliquo

119 3699 267 3740 tempore
275 3697 428 3741 precario
439 3697 573 3740 habere,
591 3700 682 3732 recte
697 3697 879 3732 interdicat
890 3699 970 3741 (del.
979 3708 1074 3742 posse
1086 3723 1096 3733 .
1105 3723 1115 3733 .
1124 3724 1132 3732 .
1144 3710 1208 3741 me,

119 3744 191 3776 item
203 3753 224 3775 a
235 3745 280 3784 se)
294 3755 354 3775 scr.
435 3743 479 3783 (2)
502 3742 544 3786 is]
555 3742 586 3775 is
596 3743 627 3776 is
640 3744 675 3777 F
745 3745 787 3787 (3)
811 3744 876 3777 hoo
888 3745 950 3778 ins.
962 3743 1015 3777 Γ*
1091 3746 1135 3787 (4)
1159 3744 1208 3777 fa-

120 3787 165 3819 cit
180 3789 213 3820 F
217 3789 230 3808 ²
307 3793 350 3827 (5)
377 3787 550 3820 restituere
564 3788 593 3819 S
669 3791 714 3828 (6)
739 3789 896 3821 constitui
913 3790 943 3822 S
1010 3792 1053 3832 (7)
1077 3790 1132 3822 oui
1144 3802 1206 3822 scr.

1182 138 1269 186 703

1940 144 2176 187 XXXXHI
2206 147 2274 187 26.
2302 147 2351 187 27

1267 264 1375 300 etiam
1405 274 1450 300 ea
1481 273 1573 309 quae
1596 262 1633 297 in
1655 262 1733 300 iure
1757 266 1958 302 consistunt
1979 277 2188 312 possumus,
2219 269 2262 302 ut
2290 267 2356 302 im-

1268 314 1288 345 3
1335 309 1446 346 missa
1474 308 1530 345 vel
1559 312 1749 358 protect&
1786 310 1874 346 Cum
1902 312 1981 357 quis
2011 312 2055 348 de
2085 323 2124 348 re
2154 312 2224 348 sibi
2252 312 2357 348 resti-

1266 355 1402 391 tuenda
1426 357 1572 391 cautum
1594 353 1721 398 habet,
1751 357 1954 400 precarium
1975 357 2206 394 interdictum
2230 358 2263 394 ei
2284 368 2358 394 non

1267 405 1290 436 4
1336 400 1519 446 competit.
1566 399 1678 444 Eum,
1711 400 1771 453 qui
1800 404 1962 446 precario
1993 403 2186 449 rogaverit,
2218 406 2260 439 ut
2289 403 2358 439 sibi

1294 446 1452 482 ossidere
1473 445 1599 490 liceat,
1630 445 1792 481 nanc1sci
1822 448 2083 492 possessionem
2111 459 2185 485 non
2213 451 2269 485 est
2290 448 2357 484 du-

1293 492 1385 528 ium:
1410 502 1459 527 an
1480 491 1514 527 is
1537 500 1680 571 quoque
1702 491 1895 537 possideat,
1920 493 1981 538 qui
2003 497 2150 539 rogatus
2170 494 2228 538 sit,
2253 494 2357 529 dubi-

1267 540 1383 572 tatum
1406 540 1472 573 est.
1519 548 1543 582 p
1559 539 1640 572 acet
1668 540 1790 572 autem
1818 547 1927 582 penes
1958 542 2147 585 utrumque
2175 549 2253 576 esse
2276 549 2357 575 eum

1266 582 1466 625 hominem,
1498 582 1559 628 qui
1581 582 1747 628 precario
1772 581 1878 618 datus
1902 587 2013 627 esset,
2044 595 2155 630 penes
2186 595 2267 621 eum
2298 585 2358 630 qui

1268 631 1441 680 rogasset,
1466 628 1551 674 quia
1568 626 1783 680 possideat⁹
1806 638 1967 675 corpore,
1991 640 2101 675 penes
2126 630 2307 666 dominum
2320 633 2358 673 ¹⁰,

1269 676 1287 708 5
1337 683 1422 719 qma
1444 684 1518 709 non
1541 673 1747 709 discesserit
1766 673 1885 710 animo
1903 675 2141 720 possessione.
2181 676 2260 721 Quo
2280 676 2359 721 quis

1267 719 1349 755 loco
1377 719 1543 765 precario
1573 722 1638 754 aut
1668 718 1853 764 possideat
1883 723 1948 754 aut
1979 721 2136 766 coeperit
2164 721 2359 767 possidere,

1268 764 1358 799 nihil
1380 764 1504 807 refert,
1529 764 1625 810 quod
1648 764 1696 800 ad
1718 765 1789 800 hoc
1812 764 2041 801 interdictum
2063 767 2230 812 pertinet.

1319 807 1369 847 16
1402 810 1510 845 IDEM
1544 810 1636 846 libro
1669 810 1879 856 triqensimo
1910 812 2068 847 secundo
2107 811 2157 847 ad
2186 811 2359 849 Sabinum

1270 855 1308 890 Si
1331 855 1548 902 adoptavero
1573 866 1665 898 eum,
1691 855 1753 901 qui
1775 856 1941 901 precario
1965 857 2150 901 rogaverit,
2182 868 2248 903 ego
2272 869 2359 903 quo-

1270 901 1525 961 quepprecan'o
1548 901 1754 946 possidebo.

1319 945 1334 984 1
1395 946 1502 982 IDEM
1531 947 1623 983 libro
1653 947 1819 982 vicesimo
1851 947 1956 982 tertio
1988 947 2039 982 ad
2067 946 2239 983 Sabinum
2294 948 2362 993 Qui

1269 993 1431 1038 precario
1455 992 1607 1027 fundum
1630 992 1803 1039 possidet,
1827 992 1859 1028 is
1882 991 2075 1028 interdicto
2098 993 2152 1028 uti
2170 993 2362 1038 possidetis

1270 1038 1442 1074 adversus
1474 1048 1597 1073 omnes
1629 1039 1813 1083 praeter¹¹
1847 1048 1947 1082 eum,
1983 1048 2087 1084 quem
2118 1039 2274 1083 rogavit,
2310 1039 2363 1074 uti

1298 1087 1402 1120 otest.

1271 1095 1294 1129 p
1319 1126 1370 1168 18
1388 1129 1584 1165 IULIANUs
1600 1128 1691 1164 libro
1712 1129 1816 1164 tertio
1833 1128 1970 1164 decimo
1987 1128 2209 1175 diqestorum
2244 1127 2363 1165 Unus-

1271 1175 1421 1220 quisque
1455 1178 1578 1255 gotest
1606 1184 1682 1209 rem
1713 1184 1834 1218 suam,
1874 1174 2034 1220 quamvis
2066 1185 2141 1210 non
2169 1174 2363 1221 possideat,

1269 1221 1433 1266 precario
1483 1231 1546 1255 are
1569 1220 1602 1256 ei
1626 1220 1687 1265 qui
1709 1220 1903 1264 possideat.

1319 1264 1371 1304 19
1403 1266 1511 1302 IDEM
1545 1266 1636 1305 libro
1670 1265 1976 1318 quadragensimo
2009 1276 2105 1301 nono
2145 1266 2363 1312 diqestorum

1270 1312 1354 1348 Duo
1367 1313 1396 1333 ¹²
1427 1312 1465 1347 in
1497 1310 1650 1347 solidum
1679 1320 1844 1356 precario
1873 1310 2007 1346 habere
2037 1321 2111 1346 non
2139 1311 2251 1356 magis
2307 1322 2364 1347 os-

1272 1361 1372 1401 sunt,
1405 1368 1513 1403 quam
1543 1357 1614 1392 duo
1647 1357 1686 1391 in
1718 1356 1873 1392 solidum
1900 1356 1935 1392 vi
1957 1356 2142 1402 possidere
2165 1360 2231 1392 aut
2254 1367 2273 1392 c
2289 1367 2363 1392 am:

1271 1414 1355 1439 nam
1384 1414 1501 1449 neque
1530 1403 1649 1438 iustae
1679 1412 1796 1447 neque
1825 1402 1980 1438 iniustae
2002 1401 2250 1448 possessiones
2273 1402 2365 1438 duae

1275 1453 1290 1484 1
1343 1459 1557 1485 concurrere
1586 1451 1752 1494 possunt.
1799 1448 1869 1493 Qui
1892 1458 2033 1483 servum
2056 1458 2175 1484 meum
2201 1448 2364 1493 precario

1272 1499 1392 1540 rogat,
1424 1495 1565 1530 videtur
1587 1504 1611 1529 a
1632 1504 1690 1530 me
1712 1494 1877 1539 precario
1901 1493 2055 1537 habere,
2087 1493 2121 1529 si
2147 1493 2218 1529 hoc
2248 1498 2366 1529 ratum

1273 1541 1447 1576 habuero:
1478 1544 1514 1576 et
1542 1539 1624 1575 ideo
1655 1539 1819 1585 precario
1848 1539 2040 1575 interdicto
2064 1539 2153 1574 mihi
2173 1539 2364 1575 tenebitur.

1273 1589 1293 1621 2
1342 1586 1431 1622 Cum
1456 1586 1541 1631 quid
1564 1585 1729 1631 precario
1753 1588 1919 1630 rogatum
1943 1589 2007 1627 est,
2033 1595 2105 1621 non
2122 1585 2238 1621 solum
2255 1585 2364 1620 inter-

1274 1632 1369 1668 dicto
1393 1632 1449 1667 uti
1470 1642 1675 1677 possumus,
1700 1630 1764 1667 sed
1789 1635 1824 1666 et
1846 1631 1973 1666 incerti
1995 1630 2231 1675 condictione,
2254 1630 2292 1666 id
2311 1635 2366 1667 est

1272 1678 1507 1723 praescriptis
1530 1677 1659 1713 verbis.

1320 1721 1373 1761 20
1398 1723 1594 1760 Uzmzws
1609 1723 1700 1758 libro
1717 1722 1876 1758 secundo
1892 1732 2149 1768 responsorum
2189 1721 2256 1765 Ea,
2274 1732 2366 1767 quae

1274 1769 1450 1805 distracta
1481 1772 1582 1812 sunt,
1612 1771 1653 1803 ut
1682 1767 1846 1813 precario
1876 1778 1988 1812 penes
2018 1770 2213 1813 emptorem
2236 1772 2365 1810 essent,

1275 1815 1394 1860 quoad
1417 1814 1573 1860 pretium
1596 1813 1802 1849 universum
1824 1813 2099 1858 persolveretur,
2124 1813 2158 1849 si
2178 1823 2244 1859 per
2270 1824 2365 1858 emp-

1273 1864 1388 1896 torem
1419 1859 1535 1903 stetit‚
1574 1869 1645 1905 quo
1680 1858 1798 1894 minus
1829 1859 2110 1904 persolveretur,
2148 1859 2367 1894 venditorem

1274 1917 1381 1952 posse
1407 1906 1588 1951 consequi.

1320 1950 1371 1989 21
1402 1952 1633 1987 VENULEws
1660 1951 1752 1987 libro
1778 1953 1911 2003 quarto
1940 1950 2122 1985 actionum
2171 1948 2260 1984 Cum
2286 1959 2368 1994 pre-

1276 1997 1374 2033 cario
1399 1997 1479 2042 quis
1502 1999 1623 2041 rogat,
1656 1999 1698 2032 ut
1725 1996 1796 2042 ipsi
1824 1996 1863 2031 in
1891 2005 1934 2031 eo
1958 1994 2070 2031 fundo
2095 1995 2227 2031 morari
2249 1995 2367 2036 liceat,

1276 2053 1538 2089 supervacuum
1560 2045 1618 2078 est
1640 2041 1735 2077 adici
1758 2041 1839 2086 ‘ipsi
1862 2040 2038 2086 suisque’:
2063 2051 2146 2075 nam
2166 2050 2232 2086 per
2250 2040 2367 2085 ipsum

1275 2089 1350 2124 suis
1375 2098 1517 2134 quoque
1541 2087 1754 2133 permissum
1776 2087 1873 2122 uti¹³
1895 2086 2046 2122 videtur.

1321 2132 1376 2172 22
1401 2134 1509 2170 IDEM
1529 2134 1620 2170 libro
1645 2133 1750 2168 tertio
1775 2132 2048 2169 interdictorum
2096 2130 2134 2166 Si
2152 2130 2195 2174 is,
2221 2131 2283 2177 qui
2302 2142 2368 2177 pro

1275 2189 1483 2226 possessore
1514 2178 1734 2225 possideret,
1769 2177 1932 2223 precario
1966 2177 2149 2213 dominum
2179 2177 2367 2222 rogaverit,

1274 2229 1316 2260 ut
1339 2225 1408 2262 sibi
1431 2225 1584 2260 retinere
1607 2234 1684 2260 rem
1706 2223 1850 2267 liceret,
1873 2223 1933 2259 vel
1955 2223 2004 2267 is,
2036 2222 2097 2268 qui
2121 2222 2273 2258 alienam
2295 2233 2368 2258 rem

1275 2271 1437 2314 emisset,
1475 2270 1658 2307 dominum
1696 2268 1893 2315 rogaverit:
1931 2272 2084 2314 apparet
2113 2278 2175 2304 eos
2205 2269 2368 2314 precario

1274 2316 1470 2362 possidere.
1507 2326 1574 2351 nec
1596 2314 1850 2351 existimandos
1869 2318 2010 2349 mutare
2031 2313 2101 2349 sibi
2122 2324 2269 2349 causam
2284 2324 2368 2360 pos-

1274 2362 1457 2405 sessionis,
1488 2361 1618 2407 quibus
1642 2371 1665 2396 a
1688 2361 1831 2396 domino
1857 2359 2077 2396 concedatur
2123 2359 2261 2395 recario
2285 2370 2368 2405 pos-

1275 2408 1410 2444 sidere:
1443 2417 1527 2442 nam
1558 2410 1593 2442 et
1623 2406 1654 2442 si
1679 2406 1717 2441 id
1741 2405 1838 2451 quod
1860 2405 2049 2451 possideas
2111 2405 2183 2440 ‘um
2204 2405 2368 2450 precario

1275 2453 1472 2499 rogaveris,
1505 2452 1617 2488 videri
1646 2454 1683 2488 te
1713 2451 1875 2487 desinere
1906 2461 1952 2487 ex
1981 2450 2098 2496 prima
2121 2461 2231 2486 causa
2254 2451 2369 2495 possi-

1276 2499 1360 2535 dere
1391 2502 1428 2534 et
1455 2498 1615 2543 incipere
1646 2507 1691 2533 ex
1721 2497 1886 2543 precario
1917 2496 2071 2532 habere:
2109 2500 2146 2532 et
2180 2500 2308 2531 contra
2338 2495 2370 2531 si

1274 2554 1520 2589 possessorem
1542 2542 1708 2588 precario
1732 2542 1950 2587 rogaverit¹⁴
1979 2542 2041 2587 qui
2063 2551 2139 2577 rem
2162 2551 2314 2577 avocare
2337 2541 2370 2576 ei

1275 2593 1408 2635 posset,
1432 2589 1548 2625 teneri
1572 2597 1653 2624 eum
1675 2588 1852 2634 precario,
1878 2587 2046 2633 quoniam
2070 2586 2206 2632 aliquid
2225 2586 2272 2622 ad
2291 2597 2368 2622 eum

1274 2646 1340 2681 per
1367 2635 1462 2671 hanc
1493 2634 1648 2680 precarii
1678 2634 1900 2680 rogationem
1918 2633 2101 2685 pervenit,
2132 2632 2171 2667 id
2200 2635 2255 2668 est
2284 2642 2367 2677 pos-

1280 2685 1293 2715 1
1344 2681 1475 2724 sessio,
1508 2690 1601 2726 quae
1633 2680 1752 2716 aliena
1783 2679 1840 2715 sit.
1889 2678 1928 2714 Sl
1957 2678 2115 2724 pupillus
2140 2678 2217 2714 sine
2239 2677 2369 2712 tutoris

1276 2726 1495 2762 auctoritate
1518 2726 1682 2771 precario
1706 2725 1894 2771 rogaverit,
1919 2724 2043 2760 Labeo
2064 2724 2116 2758 ait
2135 2723 2269 2759 habere
2288 2733 2370 2758 eum

1276 2771 1478 2817 precariam
1497 2771 1763 2817 possessionem
1783 2773 1819 2806 et
1834 2770 1904 2805 hoc
1922 2769 2113 2805 interdicto
2130 2769 2254 2804 teneri.
2286 2778 2369 2803 nam

1277 2828 1347 2862 quo
1384 2817 1497 2863 magis
1533 2816 1746 2852 naturaliter
1779 2815 2043 2862 possideretur,
2083 2814 2221 2849 nullum
2251 2813 2369 2849 locum

1275 2873 1355 2898 esse
1378 2862 1509 2898 tutoris
1534 2862 1760 2898 auctoritati:
1784 2865 1954 2905 recteque
1978 2861 2048 2895 dici
2073 2860 2181 2904 ‘quod
2203 2859 2367 2904 precario

1276 2908 1425 2951 ‘habes',
1456 2907 1542 2954 quia
1570 2907 1667 2953 quod
1697 2906 1883 2952 possideat
1906 2917 1950 2941 ex
1973 2916 2017 2941 ea
2042 2915 2152 2940 causa
2174 2903 2366 2950 possideat,

1276 2964 1321 2989 ex
1358 2964 1430 2999 qua
1466 2953 1664 2998 rogaverit:
1711 2952 1872 2997 nihilque
1907 2951 1990 2987 novi
2026 2951 2129 2996 per¹⁵
2166 2953 2367 2995 praetorem

1277 2999 1586 3041 constituendum,
1627 2997 1814 3043 quoniam,
1854 2996 1928 3032 sive
1957 2997 2091 3031 habeat
2121 3005 2214 3037 rem,
2247 2993 2366 3029 officio

1274 3044 1404 3080 iudicis
1428 3046 1620 3086 teneretur,
1647 3044 1720 3079 sive
1743 3053 1816 3078 non
1840 3043 1984 3085 habeat,
2008 3053 2079 3077 non
2104 3044 2277 3075 teneatur.

1722 3204 1875 3244 XXVII
1884 3202 1924 3243 ¹⁶.

1503 3281 1567 3315 DE
1590 3281 1847 3316 mosmos
1870 3266 2140 3314 amomis.

1326 3359 1343 3395 1
1373 3358 1570 3395 ULPJANUS
1587 3360 1677 3395 libro
1697 3358 1988 3406 septuagensimo
2000 3356 2125 3402 primo
2146 3353 2364 3406 aci-edictum

1276 3404 1338 3439 Ait
1367 3407 1531 3448 praetor:
1566 3404 1678 3449 ‘Quae
1708 3405 1817 3440 arbor
1845 3414 1891 3439 ex
1918 3401 2067 3437 aedibus
2095 3399 2168 3435 tuis
2197 3409 2236 3433 in
2258 3398 2367 3450 aedes

1278 3449 1382 3485 ‘illius
1398 3449 1588 3494 impendet,
1614 3450 1645 3486 si
1659 3460 1726 3495 per
1742 3453 1779 3485 te
1799 3452 1881 3491 stat,
1906 3457 1976 3491 quo
1993 3446 2108 3481 minus
2124 3454 2204 3479 eam
2219 3443 2365 3495 adimas,

1276 3496 1394 3536 ‘tunc,
1426 3506 1496 3540 quo
1529 3495 1646 3532 minus
1677 3496 1731 3531 illi
1761 3505 1839 3529 eam
1863 3493 2027 3528 arborem
2051 3490 2206 3542 adimere
2229 3488 2367 3541 sibique

1280 3543 1294 3573 1
1345 3539 1490 3575 ‘habere
1518 3539 1645 3583 liceat,
1676 3541 1746 3576 vim
1774 3538 1853 3574 fieri
1881 3537 1987 3573 veto’.
2034 3535 2113 3571 Hoc
2140 3534 2366 3570 interdictum

1277 3654 1323 3696 (8)
1346 3651 1402 3687 illi
1420 3654 1481 3688 del.
1616 3655 1659 3694 (9)
1684 3651 1868 3696 possiderat
1888 3651 1923 3683 F
2050 3651 2109 3689 (ιο)
2134 3647 2318 3681 dominium
2339 3647 2371 3679 F

1279 3701 1334 3740 (11)
1357 3701 1470 3741 pertcr
1483 3700 1515 3732 F
1605 3702 1662 3739 (12)
1685 3709 1746 3730 suo
1757 3697 1791 3729 F
1886 3701 1944 3731 (¹3)
1970 3695 2088 3737 utique
2099 3706 2162 3727 scr.
2175 3694 2228 3726 vel
2237 3694 2290 3726 uti
2302 3692 2364 3726 del.

1277 3745 1336 3783 (u)
1360 3743 1391 3777 is
1402 3746 1463 3778 ine.
1479 3746 1528 3778 F²
1620 3745 1680 3786 (15)
1702 3753 1763 3785 per
1774 3755 1831 3775 om.
1848 3742 1881 3773 F

1324 3791 1385 3830 (18)
1410 3791 1475 3823 Ed.
1490 3798 1520 3827 1;
1547 3790 1629 3823 Sal».
1644 3796 1671 3822 2.
1684 3805 1729 3811 —
1745 3788 1796 3830 Cf
1814 3787 1892 3820 Coa.
1907 3788 1963 3828 60,
1975 3792 2010 3820 16
