2528 3918
163 156 277 189 1111118
305 154 491 195 Armeni

209 265 288 306 175
320 266 428 303 IDEM
454 266 546 304 libro
577 263 765 301 undecimo
798 263 849 300 ad
878 262 1064 300 Plautium
1109 262 1152 299 In
1183 261 1251 305 his,

162 311 550 395 ΨἛΘΥἏΕΞΥΞἭᾙΒ
566 309 1025 400 ἷέἓᾶἓῗῖηῗῐῗίηὲἓᾞᾘ
1039 307 1251 391 Ῑθῖἓὲηᾱῗῗέἰ

160 404 255 440 beo²
285 384 442 440 melioris
473 401 693 439 condicionis
725 410 823 444 esse,
856 410 965 446 quam
987 402 1117 436 auctor
1139 409 1252 441 meus,

160 460 184 486 a
231 459 277 484 uo
299 449 358 485 ius
380 449 418 484 in
439 458 497 484 me
518 446 659 483 transit.

238 491 291 532 76
316 493 422 530 loru
452 493 543 529 libro
576 492 682 528 tertio
707 491 843 527 decimo
866 490 917 526 ad
939 489 1124 526 Plautium
1170 488 1254 525 Non

160 542 217 576 est
239 538 387 585 singulis
411 537 687 582 concedendum,
711 535 808 583 quod
830 545 896 589 per
913 535 1163 582 magistratum
1212 545 1253 570 u-

163 584 254 622 blice
282 583 398 638 possit
427 582 523 626 fieri,
560 593 606 618 ne
641 581 784 619 occasio
820 584 867 618 sit
901 580 1046 617 maioris
1078 584 1180 617 tumu
1195 583 1254 615 tus

167 634 181 666 l
229 629 395 710 facigffli.
441 628 589 665 Infinita
618 626 820 664 aestimatio
853 630 909 663 est
931 626 1109 663 libertatis
1134 629 1170 662 et
1192 635 1254 661 ne-

257 678 274 710 t
325 673 334 683 ·
363 673 403 710 ’8.

165 685 299 758 ce132÷÷1
316 719 423 756 loru
449 718 540 755 libro
557 721 697 785 aquarto
721 717 857 754 decimo
882 717 933 753 ad
954 716 1142 754 Plautium
1188 714 1256 761 Qui

161 765 200 846 ³1¹¹
230 762 974 847 immitium·‹13t¹'⁵{¹³¹i{13¹¹{{3}²“·
1002 761 1257 843 ime-&⁸⁸53

341 837 349 846 .
455 820 512 846 mo
543 820 577 845 vx
640 820 664 844 11
915 819 994 854 (1111,
1032 819 1093 854 qm
1115 818 1176 853 ign

166 866 323 899 causam,
351 865 416 892 cur
439 866 512 891 non
535 854 666 890 debeat
687 857 821 899 petere.

212 898 292 939 178
316 900 426 936 Insa
444 900 536 936 libro
560 900 686 947 quinto
711 899 849 935 decimo
874 899 925 935 ad
942 898 1129 935 Plautium
1167 897 1257 933 Cum

164 946 385 992 principalis*
409 955 520 982 causa
554 955 627 981 non
664 944 855 988 consistat,
890 945 1098 990 plerumque
1134 953 1180 980 ne
1215 952 1258 978 ea

165 991 317 1038 quidem,
342 1001 435 1036 quae
458 994 668 1037 sequuntur,
693 990 814 1026 locum
835 990 983 1026 habent.

214 1034 294 1075 179
317 1036 425 1072 Imm
457 1035 548 1072 libro
583 1039 689 1072 sexto
727 1036 863 1072 decimo
900 1035 951 1071 ad
985 1034 1170 1070 Plautium
1215 1032 1258 1068 In

166 1083 321 1118 obscura
344 1081 527 1118 voluntate
550 1080 834 1117 manumittentis
857 1080 1050 1117 favendum
1068 1082 1126 1115 est
1148 1078 1256 1114 liber-

164 1127 241 1164 tati.

213 1169 292 1211 180
313 1171 422 1208 IDEM
440 1171 531 1208 libro
552 1172 704 1219 septimo
726 1170 862 1208 decimo
881 1171 931 1207 ad
943 1170 1130 1207 Plautium
1155 1168 1259 1214 Quod

163 1218 271 1299 iusmtl.
289 1217 437 1254 alterius
454 1217 615 1260 solvitur,
639 1227 707 1263 pro
731 1227 773 1253 eo
794 1220 860 1260 est,
886 1216 989 1262 quasi
1011 1215 1082 1262 ipsi
1101 1215 1259 1251 solutum

165 1274 244 1300 esse

214 1305 292 1347 181
330 1307 439 1344 Iesu
471 1308 563 1344 libro
590 1308 716 1354 primo
752 1307 802 1344 ad
840 1307 1021 1344 Vitellium
1080 1306 1119 1342 Si
1152 1315 1258 1342 nemo

164 1353 275 1391 subiit
296 1353 550 1396 hereditatem,
576 1353 689 1390 omnis
713 1352 766 1389 vis
789 1351 994 1390 testamenti
1019 1351 1178 1388 solvitur.

215 1396 295 1437 182
318 1398 425 1435 Imm
445 1399 537 1435 libro
562 1399 668 1434 tertio
693 1398 743 1434 acl
767 1398 949 1435 Vitellium
996 1396 1101 1442 Quod
1124 1395 1258 1432 nullius

167 1454 245 1526 effla
267 1447 398 1491 potest,
422 1443 459 1480 id
482 1447 524 1480 ut
546 1443 696 1480 alicuius
714 1443 827 1488 fieret,
851 1443 951 1479 nulla
973 1441 1146 1488 obligatio
1164 1442 1260 1478 valet

165 1501 185 1526 e
229 1500 321 1526 cere.

214 1532 319 1574 183⁴
351 1534 592 1571 Mnacmws
628 1534 720 1570 libro
759 1535 864 1570 tertio
901 1533 1121 1587 digestorum
1178 1531 1260 1567 Etsi

165 1581 256 1617 nihil
278 1580 387 1616 facile
409 1579 619 1615 mutandum
642 1582 699 1616 est
722 1590 767 1615 ex
785 1579 1028 1622 sollemnibus,
1052 1582 1174 1614 tamen
1197 1577 1260 1613 ubi

168 1637 210 1662 ae
235 1626 329 1661 uitas
353 1625 498 1662 evidens
521 1626 656 1671 poscit,
681 1624 963 1661 subveniendum
988 1627 1053 1660 est.

183 1717 191 1725 ·
212 1638 339 1725 ‘184⁵‘
365 1670 510 1708 Cusas
553 1670 643 1723 W’T0
690 1671 842 1718 septimo
886 1670 1108 1718 daeyestorum
1167 1668 1260 1705 Vani

167 1721 305 1753 t1mor1s
327 1719 425 1752 iusta
450 1719 631 1752 excusatio
656 1726 728 1752 non
752 1719 818 1752 est.

215 1759 294 1800 185
319 1762 427 1798 Imm
456 1761 546 1798 libro
571 1764 697 1797 octavo
723 1761 944 1808 diqestorum
990 1759 1261 1806 Inpossibilium

167 1807 268 1843 nulla
292 1806 459 1852 obligatio
483 1809 550 1843 est.

216 1850 295 1891 186
320 1852 429 1888 IDEM
448 1851 539 1888 libro
560 1851 771 1887 duodecimo
795 1851 1018 1898 diqestorum
1063 1849 1164 1886 Nihil
1186 1849 1262 1896 peti

167 1901 288 1944 potest
311 1901 394 1933 ante
417 1897 454 1932 id
476 1900 635 1942 tempus,
660 1908 731 1942 quo
756 1906 821 1950 per
843 1907 962 1932 rerum
987 1898 1155 1931 naturam
1177 1905 1260 1940 per-

168 1944 258 1980 solvi
280 1943 426 1989 possitz-
447 1946 483 1978 et
507 1953 589 1978 cum
612 1942 773 1978 solvendi
796 1945 938 1987 tempus
962 1940 1170 1986 obligationi
1196 1940 1259 1976 ad-

170 1989 275 2032 ditur,
299 1988 370 2024 nisi
392 1998 435 2024 eo
458 1986 652 2032 praeterito
684 1987 759 2033 peti
782 1998 855 2023 non
904 1989 1009 2023 otest.

217 2031 296 2071 187
321 2033 429 2069 Imm
448 2033 540 2069 libro
563 2036 669 2069 sexto
694 2033 830 2069 decimo
880 2034 1075 2086 iqestorum
1123 2031 1162 2067 Si
1181 2031 1260 2077 quis

194 2082 399 2132 raegnatem
422 2088 570 2114 uxorem
592 2078 754 2123 reliquit,
779 2089 854 2114 non
876 2077 1016 2114 videtur
1040 2078 1116 2113 sine
1138 2076 1260 2113 liberis

194 2134 377 2160 ecesslsse.

218 2167 296 2208 188
321 2169 429 2204 loru
459 2168 550 2205 libro
579 2169 731 2215 septimo
755 2168 892 2205 decimo
922 2158 1144 2215 diq'estorum
1190 2167 1262 2204 Ubi

168 2214 365 2261 pugnantia
394 2214 489 2250 inter
519 2223 559 2249 80
589 2213 629 2248 111
652 2217 865 2249 testamento
895 2213 1105 2249 iuberentur
1114 2214 1140 2256 ⁶,
1172 2223 1260 2248 neu-

172 2265 187 2296 1
235 2264 332 2296 trum
355 2263 474 2295 ratum
498 2262 563 2294 est.
600 2258 701 2303 Quae
723 2269 843 2295 rerum
861 2262 991 2294 natura
1013 2259 1260 2305 prohibentur,

170 2306 269 2342 nulla
291 2306 324 2341 le
349 2315 368 2341 e
393 2303 603 2341 confirmata
626 2307 720 2340 sunt.

219 2348 298 2389 189
346 2359 431 2385 mm
460 2349 549 2386 libro
583 2351 687 2385 tertio
719 2349 879 2386 decimo⁷
909 2350 1130 2396 diqestorum
1189 2349 1261 2385 Pu-

171 2397 280 2442 pillus
304 2406 370 2431 nec
391 2394 481 2431 velle
504 2405 571 2430 nec
594 2394 690 2430 nolle
721 2394 759 2430 in
783 2404 826 2430 ea
855 2399 973 2431 aetate
1001 2395 1071 2431 nisi
1094 2395 1259 2441 adposita

168 2442 298 2478 tutoris
322 2440 536 2476 auctoritate
561 2439 737 2476 creditur:
770 2450 854 2476 nam
878 2441 974 2486 quod
998 2440 1106 2476 animi
1129 2440 1260 2476 iudicio

169 2487 220 2531 fit,
244 2487 283 2522 in
306 2497 348 2522 eo
371 2486 502 2521 tutoris
527 2485 725 2521 auctoritas
749 2486 952 2522 necessaria
976 2490 1040 2522 est.

219 2530 297 2570 190
321 2531 430 2567 IDEM
448 2531 538 2567 libro
558 2531 724 2566 vicesimo
746 2534 877 2576 quarto
902 2531 1122 2578 diqestorum
1158 2531 1262 2577 Quod

170 2577 354 2620 evincitur,
378 2576 417 2611 in
439 2576 543 2611 bonis
567 2586 641 2610 non
665 2578 729 2611 est.

219 2620 294 2660 191
323 2622 431 2658 IDEM
451 2621 542 2658 libro
569 2621 777 2667 triqensimo
802 2621 907 2656 tertio
931 2621 1152 2669 diqestorum
1187 2622 1260 2659 Ne-

171 2668 284 2703 ratius
308 2667 510 2708 consultus,
545 2676 591 2700 an
616 2665 712 2711 quod
740 2666 955 2702 beneficium
986 2667 1073 2702 dare
1097 2677 1136 2703 se
1182 2668 1262 2704 uasi

171 2712 301 2748 viventi
337 2711 471 2748 Caesar
505 2711 617 2747 rescri
643 2714 758 2754 serat,
799 2712 872 2746 iam
915 2711 1085 2748 defuncto
1121 2713 1165 2749 de
1193 2713 1201 2722 ⁸
1224 2723 1262 2749 se

173 2757 446 2799 existimaretur,
481 2767 612 2801 respon
639 2756 666 2790 ‘t
701 2767 773 2792 non
806 2756 918 2792 videri
951 2757 1022 2794 sibi
1051 2758 1261 2804 principem,

172 2802 269 2846 quod
294 2803 344 2846 ei,
370 2812 474 2847 quem
496 2801 613 2837 vivere
637 2801 880 2847 existimabat,
912 2804 1166 2848 concessisset,
1200 2804 1261 2839 de-

172 2848 299 2883 functo
324 2846 560 2883 concessisse:
601 2857 705 2892 quem
733 2850 854 2883 tamen
881 2848 1027 2884 modum
1051 2858 1129 2885 esse
1153 2849 1260 2885 bene-

171 2892 245 2928 ficii
269 2892 326 2928 sui
349 2892 463 2934 vellet,
487 2891 600 2937 ipsius
625 2893 909 2929 aestimationem
933 2903 1022 2930 esse.

220 2935 326 2976 192⁸
356 2936 596 2973 Minaeum
633 2938 724 2974 libro
755 2939 946 2974 vicensimo
978 2950 1075 2975 nono
1107 2939 1263 2986 diqesto-

178 2993 258 3018 rum
303 2982 371 3027 Ea,
395 2991 487 3028 quae
508 2982 547 3018 in
568 2986 690 3028 partes
714 2983 824 3020 dividi
846 2994 919 3020 non
941 2987 1113 3029 possunt,
1148 2985 1263 3021 solida

175 3097 213 3134 (1)
239 3096 416 3139 requiritur
435 3096 500 3129 tale
519 3097 696 3139 quiddam.-
719 3096 757 3130 in
771 3098 824 3130 his
840 3107 925 3139 quae
942 3097 1091 3131 officium
1106 3108 1167 3141 per
1178 3098 1262 3132 libe-

174 3150 229 3174 ras
238 3151 394 3184 personas
407 3140 595 3174 desiderant
686 3144 729 3183 (2)
755 3141 852 3176 debet
864 3143 915 3176 F²
1008 3144 1052 3185 (3)
1076 3143 1263 3177 (10111111111111

171 3185 224 3219 vel
244 3187 280 3219 F
386 3187 428 3227 (4)
451 3186 553 3219 ΕΙ).
568 3188 600 3228 4,
613 3194 639 3229 1,
652 3195 667 3221 ἰ
685 3199 739 3230 pr.
864 3188 907 3230 (5)
933 3190 976 3232 cs.
989 3188 1036 3221 D.
1050 3190 1106 3231 42,
1119 3196 1190 3231 1,13
1207 3202 1262 3233 pr.

173 3231 217 3271 (6)
242 3231 476 3264 invenirentur
492 3230 544 3264 F²
637 3231 681 3274 (7)
704 3233 738 3265 in
759 3245 889 3267 numero
909 3240 1051 3267 erratum

173 3291 219 3305 -n
230 3275 276 3310 D.
290 3277 346 3319 28,
358 3283 384 3319 4,
398 3283 415 3311 3
485 3279 530 3318 (9)
554 3276 803 3310 constituerunt
820 3279 856 3311 F
916 3279 977 3322 (10)
999 3294 1047 3309 -=
1058 3279 1104 3312 D.
1118 3280 1174 3322 35,
1187 3287 1213 3321 1,
1226 3286 1262 3313 52

1248 135 1332 184 873

1145 3236 1188 3276 (8)
1217 3239 1262 3273 §1
1333 3234 1397 3275 (20)
1420 3231 1659 3273 =D.1‚s‚25

2286 149 2403 193 L17

1324 265 1356 314 1·
1389 272 1416 314 ⁸¹.
1435 261 1583 316 singulis
1616 262 1806 302 heredibus
1838 266 2022 304 debentur.
2069 269 2111 305 In
2141 280 2180 306 re
2211 270 2319 308 dubia
2342 273 2402 308 be-

1321 317 1516 352 nigmorem
1546 311 1873 361 interpretationem
1905 313 2007 359 sequi
2039 325 2112 351 non
2134 316 2252 352 minus
2276 317 2405 354 iustius

1323 357 1378 389 est
1425 363 1508 388 uam
1531 355 1653 389 tut1us.

1373 396 1390 434 1
1419 395 1450 451 ,3
1480 398 1625 434 CELSUS
1659 400 1748 436 libro
1788 403 1993 448 triqensimo
2032 412 2156 440 octavo
2189 406 2405 452 diqestorum

1325 442 1453 495 Omma
1481 442 1557 479 fere
1587 443 1667 479 iura
1699 446 1867 482 heredum
1901 447 2046 493 perinde
2078 449 2273 495 habentur,
2308 462 2351 488 ac
2375 453 2405 489 si

1325 491 1495 524 contmuo
1521 489 1587 524 sub
1611 492 1749 535 tempus
1774 492 1897 528 mortis
1921 494 2068 530 heredes
2093 496 2324 532 exstitissent.

1374 531 1453 571 194
1478 533 1732 587 Moqrsmws
1763 536 1853 589 ῐίὺνρ
1876 542 1980 574 sexto
2004 539 2290 585 differentiarum
2338 541 2406 587 Qui

1324 589 1389 624 per
1413 589 1674 615 successmnem
1698 591 1855 625 quamvis
1887 582 2126 628 longissimam
2148 585 2317 623 defuncto
2342 588 2404 623 he-

1324 624 1426 660 redes
1446 624 1685 678 constiterunt
1693 626 1718 668 ⁹,
1743 637 1815 662 non
1838 628 1953 664 minus
1977 628 2125 666 heredes
2141 631 2405 676 intelleguntur,

1325 680 1431 715 quam
1456 680 1518 714 (1111
1565 670 1783 716 nncipaliter
1806 672 1954 709 heredes
1978 674 2145 710 existunt.

1375 712 1452 752 195
1466 716 1494 737 ¹⁰
1529 680 1639 750 fvsis
1671 716 1761 752 libro
1799 719 1948 763 septimo
1986 719 2269 765 differentiarum
2332 722 2406 758 Ex-

1325 770 1451 806 pressa
1474 763 1614 803 nocent,
1639 771 1711 796 non
1737 771 1905 807 expressa
1928 774 2001 799 non
2024 768 2163 800 nocent.

1375 803 1454 843 196
1488 805 1597 841 IDEM
1641 805 1731 842 libro
1779 810 1903 843 octavo
1950 809 2158 855 regularum
2221 810 2330 846 Privil
2372 812 2408 847 ia

1326 851 1502 897 quaedam
1536 861 1668 887 causae
1698 856 1798 896 sunt,
1835 853 2008 898 quaedam
2040 865 2222 899 personae.
2271 857 2340 891 eti
2366 867 2406 893 eo

1326 896 1540 943 quaedam¹¹
1575 896 1622 932 ad
1644 897 1812 933 heredem
1835 899 2134 944 transmittuntur,
2165 910 2255 945 quae
2279 911 2408 938 causae

1326 946 1414 1022 81111ίὲ
1419 955 1428 977 2
1465 951 1556 987 quae
1586 952 1761 987 personae
1792 947 1891 988 sunt,
1925 944 1971 979 ad
1999 945 2164 980 heredem
2194 956 2265 982 non
2292 949 2408 983 trans-

1325 998 1397 1025 eun
1417 1015 1424 1022 .

1375 1030 1454 1071 197
1470 1035 1496 1056 ¹²
1531 1033 1637 1069 IDEM
1677 1034 1768 1070 libro
1803 1034 1986 1080 sinqulari
2017 1034 2061 1070 de
2094 1035 2168 1070 ritu
2202 1037 2410 1088 nuptiarum

1326 1079 1475 1123 Semper
1512 1078 1550 1113 in
1590 1078 1901 1115 coniunctionibus
1939 1090 2012 1115 non
2047 1080 2162 1115 solum
2192 1081 2277 1126 quid
2305 1081 2412 1118 liceat

1329 1123 1626 1161 considerandum
1650 1128 1716 1169 est,
1743 1125 1806 1160 sed
1830 1127 1867 1160 et
1890 1125 1975 1169 quid
1997 1125 2184 1161 honestum
2207 1126 2263 1161 sit.

1377 1166 1456 1207 198
1488 1169 1535 1205 IA
1544 1179 1715 1206 VOLENUS
1755 1170 1846 1206 libro
1887 1170 1991 1206 tertio
2028 1170 2162 1206 decimo
2204 1181 2254 1207 ex
2293 1171 2411 1208 Cassio

1327 1214 1454 1260 Neque
1483 1214 1521 1250 in
1549 1215 1738 1251 interdicto
1769 1225 1884 1260 neque
1915 1215 1952 1250 in
1985 1214 2112 1251 ceteris
2136 1216 2252 1252 causis
2276 1217 2412 1262 pupillo

1327 1263 1625 1340 noceretoportet
1648 1260 1769 1297 dolum
1792 1260 1941 1304 tut'oris,
1973 1260 2048 1297 sive
2071 1260 2238 1297 solvendo
2263 1265 2316 1298 est
2340 1262 2413 1298 sive

1326 1317 1400 1342 non
1424 1315 1461 1341 es
1481 1334 1487 1341 .

1377 1348 1457 1388 199
1490 1350 1597 1386 IDEM
1633 1351 1722 1387 libro
1758 1354 1863 1386 sexto
1893 1351 2130 1397 epistularum
2185 1351 2267 1387 Non
2297 1355 2415 1396 potest

1328 1396 1409 1433 dolo
1435 1406 1574 1440 carere,
1610 1397 1671 1444 qui
1694 1396 1842 1442 imperio
1867 1396 2097 1442 magistratus
2120 1407 2192 1432 non
2215 1397 2345 1442 paruit.

1375 1440 1457 1481 200
1490 1441 1597 1477 IDEM
1637 1442 1727 1478 libro
1762 1442 1912 1488 septimo
1947 1441 2186 1489 epistularum
2244 1441 2414 1486 Quotiens

1328 1487 1416 1523 nihil
1446 1486 1523 1523 sine
1546 1488 1712 1532 captione
1743 1486 1948 1532 investigari
1970 1490 2105 1541 potest,
2138 1487 2335 1532 eligendum
2358 1492 2415 1524 est

1329 1533 1424 1579 quod
1446 1532 1631 1568 minimum
1654 1533 1787 1568 habeat
1810 1531 2019 1577 iniquitatis.

1376 1576 1455 1616 201
1482 1577 1590 1614 Imm
1611 1577 1702 1614 libro
1722 1577 1858 1614 decimo
1880 1577 2119 1624 epistularum
2166 1578 2304 1620 Omnia,
2326 1588 2417 1623 quae

1329 1634 1374 1660 ex
1397 1626 1612 1660 testamento
1636 1623 1929 1669 proficiscuntur,
1954 1623 2005 1658 ita
2028 1626 2163 1659 statum
2185 1627 2331 1659 eventus
2356 1634 2415 1659 ca-

1328 1670 1443 1716 piunt,
1468 1668 1501 1705 si
1522 1669 1662 1705 initium
1685 1679 1826 1715 quoque
1849 1668 1926 1704 sine
1949 1667 2034 1704 vitio
2059 1668 2229 1714 ceperint.

1375 1712 1458 1753 202
1483 1714 1592 1750 IDEM
1611 1714 1701 1750 libro
1722 1714 1910 1750 undecimo
1931 1713 2166 1760 epistularum
2215 1713 2335 1750 Omnis
2356 1713 2415 1749 de-

1328 1760 1444 1796 finitio
1468 1760 1507 1795 in
1523 1760 1602 1795 iure
1621 1759 1712 1795 civili
1729 1759 1932 1804 periculosa
1953 1762 2025 1795 est:
2049 1769 2177 1804 parum
2190 1759 2218 1782 ¹³
2240 1761 2296 1795 est
2313 1758 2415 1803 enim,

1330 1810 1371 1842 ut
1394 1816 1467 1841 non
1491 1805 1648 1841 subverti
1671 1808 1805 1850 posset.

1377 1848 1458 1889 203
1484 1850 1715 1886 POMPONIUS
1735 1850 1825 1886 libro
1850 1852 1975 1886 octavo
1999 1849 2049 1885 ad
2068 1848 2237 1892 Quintum
2257 1848 2416 1885 Mucium

1330 1896 1433 1942 Quod
1448 1896 1474 1917 ¹⁴
1505 1895 1583 1941 quis
1617 1906 1660 1931 ex
1691 1895 1798 1940 culpa
1827 1905 1893 1931 sua
1917 1895 2083 1931 damnum
2105 1894 2230 1938 sentit,
2260 1905 2333 1930 non
2360 1894 2415 1929 in-

1329 1943 1390 1978 tell
1436 1942 1507 1977 itur
1531 1941 1699 1977 damnum
1712 1942 1740 1962 ¹⁵
1763 1940 1908 1977 sentire.

1377 1985 1402 2025 2
1435 1986 1460 2024 4
1484 1986 1591 2022 IDEM
1614 1987 1705 2023 libro
1728 1987 1893 2022 vicesimo
1918 1988 2043 2021 octavo
2073 1984 2123 2020 ad
2145 1984 2313 2028 Quintum
2336 1983 2416 2019 Mu-

1330 2034 1424 2069 cium
1470 2032 1591 2067 Minus
1617 2034 1672 2067 est
1695 2032 1872 2067 actionem
1894 2031 2028 2066 habere
2051 2040 2158 2076 quam
2180 2039 2266 2065 rem.

1377 2075 1458 2116 205
1484 2077 1594 2112 IDEM
1612 2077 1703 2113 libro
1729 2077 1936 2124 triqensimo
1959 2086 2055 2111 nono
2079 2075 2129 2110 ad
2149 2074 2319 2117 Quintum
2336 2073 2416 2109 Mu-

1330 2124 1425 2160 cium
1472 2123 1616 2158 Plerum
1641 2133 1686 2158 ue
1703 2122 1755 2166 fit,
1780 2125 1821 2157 ut
1840 2122 1945 2157 etiam
1964 2131 2018 2164 ea,
2043 2130 2134 2166 quae
2149 2121 2177 2141 ¹⁸
2196 2119 2299 2156 nobis
2318 2119 2417 2163 abire

1330 2168 1481 2214 possint,
1506 2134 1657 2213 proinffe
1680 2168 1719 2203 in
1743 2178 1784 2203 00
1806 2170 1904 2203 statu
1925 2167 2006 2208 sint,
2031 2170 2137 2211 atque
2158 2165 2189 2201 si
2205 2175 2278 2201 non
2299 2167 2418 2200 essent

1331 2214 1407 2250 eius
1439 2214 1679 2258 condicionis,
1720 2216 1761 2248 ut
1798 2212 1896 2248 abire
1933 2214 2091 2258 possent.
2144 2214 2181 2246 et
2208 2210 2290 2245 ideo
2321 2208 2417 2254 quod

1330 2260 1419 2296 fisco
1444 2259 1659 2304 obligamus,
1692 2262 1729 2294 et
1751 2258 1931 2293 vindicare
1953 2256 2131 2292 interdum
2144 2256 2171 2277 ¹⁷
2202 2258 2239 2291 et
2261 2255 2416 2290 alienare

1331 2309 1367 2341 et
1390 2305 1595 2340 servitutem
1619 2305 1656 2339 in
1669 2305 1697 2325 ¹⁸
1720 2303 1867 2350 praedio
1890 2302 2074 2347 imponere
2096 2310 2296 2346 possumus.

1377 2348 1459 2388 206
1484 2350 1591 2385 IDEM
1620 2349 1712 2386 libro
1736 2360 1831 2384 nono
1862 2359 1912 2384 ex
1940 2348 2051 2383 variis
2081 2346 2291 2382 lectionibus
2335 2345 2416 2380 Iure

1330 2399 1482 2432 naturae
1518 2405 1672 2440 aequum
1708 2398 1764 2430 est
1798 2393 1973 2429 neminem
2009 2402 2090 2427 cum
2124 2391 2271 2427 alterius
2308 2390 2415 2426 detri-

1329 2445 1451 2477 mento
1475 2444 1512 2476 et
1534 2441 1665 2476 iniuria
1687 2439 1766 2475 fieri
1788 2437 2058 2484 locupletiorem
2071 2437 2110 2472 ¹⁹.

1377 2484 1459 2525 207
1471 2488 1502 2508 ²⁰
1532 2486 1728 2522 ULPJANUS
1758 2485 1849 2520 libro
1865 2485 1990 2530 primo
2014 2482 2064 2517 ad
2087 2482 2199 2528 leqem
2222 2480 2356 2516 Iuliam
2381 2483 2416 2515 et

1331 2532 1387 2567 Pa
1418 2533 1489 2567 iam
1534 2531 1608 2567 Res
1630 2530 1789 2566 iudicata
1811 2539 1876 2574 pro
1900 2529 2049 2564 veritate
2073 2527 2149 2562 acci
2175 2527 2258 2561 itur.

1406 2576 1459 2615 08
1484 2576 1645 2612 Panes
1671 2576 1762 2612 libro
1787 2575 1891 2610 tertio
1921 2574 1971 2609 acl
1994 2573 2106 2619 leqem
2152 2571 2262 2607 uliam
2286 2573 2322 2606 et
2344 2569 2415 2604 Pa—

1324 2624 1429 2670 piam
1464 2622 1559 2703 {ign
1587 2624 1707 2667 potest
1737 2620 1847 2657 videri
1877 2619 2009 2655 desisse
2039 2618 2191 2660 habere,
2224 2616 2285 2661 qui
2312 2625 2414 2651 num-

1355 2678 1438 2704 uam
1491 2678 1513 2702 a
1540 2667 1603 2703 uit.

1331 2680 1354 2714 q
1378 2711 1460 2751 209
1493 2712 1687 2749 ΠιΡῙΑΝυΒ
1715 2711 1805 2747 libro
1838 2712 1969 2755 quarto
2002 2708 2052 2743 ad
2081 2708 2192 2754 leqem
2216 2706 2348 2741 Iuliam
2380 2707 2415 2739 ct

1332 2758 1388 2794 Pa
1418 2760 1489 2794 iam
1537 2757 1749 2794 Servitutem
1773 2753 1983 2791 mortalitati
2005 2753 2079 2788 fere
2103 2760 2363 2797 comparamus.

1410 2802 1460 2842 10
1485 2803 1698 2838 LJCJNNIUS
1717 2801 1896 2837 Rvmvvs
1916 2799 2006 2835 libro
2027 2797 2183 2833 secundo
2207 2795 2413 2842 regularum

1331 2849 1431 2894 Quae
1463 2849 1509 2884 ab
1538 2848 1639 2883 initio
1671 2846 1808 2882 inutilis
1839 2844 1909 2880 fuit
1936 2842 2128 2886 institutio,
2162 2852 2206 2877 ex
2234 2839 2413 2887 postfacto

1332 2894 1583 2931 convalescere
1606 2903 1680 2928 non
1701 2894 1833 2937 potest.

1377 2937 1501 2976 21121
1526 2938 1686 2974 Panos
1714 2937 1804 2972 libro
1835 2934 2087 2981 sexaqmsimo
2118 2942 2212 2967 nono
2243 2929 2293 2965 ad
2320 2928 2413 2964 edic·

1332 2988 1406 3020 tum
1453 2984 1585 3020 Servus
1615 2982 1667 3018 rei
1697 2981 1865 3028 publicae
1895 2990 2005 3016 causa
2034 2979 2159 3014 abesse
2188 2985 2260 3011 non
2282 2975 2410 3020 potest.

1333 3099 1387 3138 (11)
1413 3096 1575 3139 quaedam
1589 3097 1651 3130 del.
1732 3096 1792 3138 (12)
1816 3094 1918 3127 =D.
1931 3094 1985 3134 23,
1999 3099 2026 3133 2,
2039 3098 2074 3124 42
2082 3102 2137 3132 pr.
2219 3091 2276 3128 (13)
2300 3095 2410 3118 rarum

1332 3143 1415 3176 Hal.
1471 3143 1529 3182 (14)
1553 3141 1583 3173 si
1596 3142 1655 3174 ins.
1669 3139 1723 3173 ΡΞ
1778 3141 1836 3181 (15)
1861 3139 2016 3171 damnum
2029 3135 2091 3168 del.
2149 3133 2208 3174 (16)
2231 3141 2251 3163 a
2263 3133 2322 3164 ins.
2336 3130 2408 3163 edd.

1333 3189 1391 3229 (17)
1416 3186 1552 3220 interim
1563 3199 1626 3219 scr.
1685 3185 1812 3272 (18)(2i:1)
1822 3185 1883 3258 ‘ig'
1893 3183 1985 3268 ῗίᾰὲ,
1999 3180 2091 3267 11529.)
2115 3175 2369 3219 loeupletionem
2381 3173 2413 3206 F

2077 3810 2137 3841 110
