2528 3918
171 152 334 195 XXXV
367 154 384 194 1

169 273 254 320 quid
278 273 448 309 adversus
479 271 644 308 heredem
669 271 826 314 mulieri,
858 281 951 318 quae
979 271 1068 307 nihil
1099 270 1258 317 deliquit,

169 319 329 355 succurri
354 318 480 354 debeat
504 318 550 353 ob
575 327 653 353 eam
686 317 896 363 pecuniam,
929 326 1021 362 quae
1045 316 1120 352 doti
1142 316 1261 352 fuerat

169 363 372 399 destinata?
419 363 482 398 sed
506 362 675 407 quoniam
703 362 808 398 ambo
832 362 941 406 legati
963 361 1171 407 petitionem
1193 362 1259 396 ha-

170 410 342 450 buerunt,
377 408 511 444 salvam
542 407 708 451 habebit,
741 418 814 443 non
845 408 965 443 soluta
995 406 1150 452 pecunia
1171 406 1259 449 viro,

172 453 296 489 mulier
319 453 506 489 actionem.

218 496 271 535 72
296 498 402 533 lom!
422 498 514 534 libro
546 501 673 534 octavo
705 497 841 534 decimo
874 497 1125 542 quaestionum
1172 495 1261 531 Cum

171 544 242 579 talc
270 543 427 588 legatum
459 546 554 579 esset
575 543 738 579 relictum
764 542 881 578 Titiae
916 541 958 576 ‘si
989 551 1012 576 a
1043 541 1165 577 liberis
1188 551 1262 576 non

172 588 410 632 ‘discesserit’,
446 592 665 668 negaverunt
688 598 764 623 eam
796 591 893 622 recte
926 597 1062 629 cavere,
1098 587 1183 631 quia
1205 586 1261 621 vel

171 634 319 669 mortuis
343 633 462 669 liberis
507 633 601 678 egati
625 632 787 669 condicio
819 631 934 677 possit
969 632 1150 667 exsistere.
1199 630 1262 667 sed

173 678 354 724 displicuit
385 681 580 714 sententia:
619 689 690 713 non
724 678 815 712 enim
846 681 929 712 voto
971 677 1096 712 matris
1128 676 1263 722 opponi

171 729 243 760 tam
274 724 435 759 ominosa
467 735 539 759 non
569 722 849 767 interponendae
880 722 1057 757 cautionis
1087 722 1262 767 interpre-

177 773 188 804 ι
237 769 327 804 tatio
363 769 497 806 debuit.
550 769 601 804 Et
635 779 716 804 cum
751 771 926 812 patronus
962 767 1089 803 liberto
1127 771 1263 802 certam

171 814 361 860 pecuniam
383 814 556 859 legasset,
588 813 618 849 si
642 824 664 848 a
687 813 806 848 liberis
830 813 907 848 eius
931 822 1005 848 non
1028 812 1261 855 discessisset,

197 859 330 895 ermisit
352 859 547 905 imperator
561 859 658 894 velut
674 858 881 893 Mucianam
902 857 1105 893 cautionem
1122 856 1261 893 offerri:

189 905 242 940 uit
264 905 358 940 enim
381 905 621 950 periculosum
645 914 688 939 ac
712 903 816 938 triste
839 903 1006 938 libertum
1031 902 1262 938 coniunctum

173 954 192 985 2
239 948 383 995 patroni
408 950 528 985 liberis
554 949 746 984 eorundem
770 952 919 983 mortem
944 950 1164 992 exspectare.
1200 947 1262 983 'ri-

174 995 244 1030 tius
268 995 433 1030 heredem
464 995 666 1030 institutum
697 994 836 1038 rogavit
864 997 948 1038 post
980 996 1130 1028 mortem
1161 1002 1263 1028 suam

172 1040 405 1076 hereditatem
430 1041 637 1082 restituere,
674 1039 705 1074 si
740 1038 1002 1074 fideicommissi
1036 1037 1155 1073 cautio
1191 1048 1262 1073 non

172 1086 299 1121 fuisset
334 1085 457 1130 petita.
505 1085 697 1120 Mucianae
733 1084 910 1119 cautionis
947 1084 1146 1128 exemplum
1179 1085 1264 1118 ante

171 1131 463 1167 constitutionem
486 1130 656 1165 remissae
686 1129 863 1164 cautionis
893 1129 1011 1164 locum
1034 1128 1168 1164 habere
1190 1138 1263 1163 non

172 1176 308 1221 potuit,
343 1176 509 1220 quoniam
540 1176 617 1210 vivo
642 1184 706 1216 eo,
746 1174 805 1209 cui
828 1174 991 1210 relictum
1016 1178 1090 1215 est,
1124 1173 1264 1218 impleri

174 1226 193 1256 3
242 1221 405 1256 condicio
430 1220 557 1266 potuit.
606 1219 700 1264 Quid
733 1230 836 1264 ergo,
866 1219 897 1254 si
926 1220 979 1253 ita
1002 1219 1175 1264 scriptum
1198 1218 1262 1254 sit:

172 1270 289 1311 ‘peto,
323 1269 407 1311 post
437 1270 586 1301 mortem
620 1270 719 1300 tuam
743 1265 913 1299 restituas
944 1264 1179 1299 hereditatem
1200 1264 1263 1308 ita,

172 1316 228 1347 ‘ne
251 1311 338 1346 satis
368 1310 631 1346 fideicommissi
661 1313 807 1355 petatur
835 1319 923 1344 neve
953 1308 1046 1344 ratio
1079 1309 1262 1354 exigatur'.

172 1357 247 1392 sine
270 1356 378 1391 dubio
410 1366 476 1400 per
505 1354 709 1390 huiusmodi
739 1355 849 1389 verba
879 1365 952 1390 non
981 1353 1263 1399 interponendae

172 1401 311 1447 quidem
336 1401 514 1437 cautionis
532 1400 695 1436 condicio
712 1399 891 1435 videbitur
915 1399 1107 1444 adscripta,
1131 1399 1264 1435 rationi

172 1457 254 1482 vero
268 1457 340 1482 non
354 1446 548 1491 exigendae
560 1446 686 1481 modus
702 1445 895 1488 adhibitus,
921 1444 1058 1480 scilicet
1080 1448 1123 1480 ut
1145 1445 1262 1497 culpa,

173 1502 244 1527 non
269 1492 376 1527 etiam
399 1491 502 1527 dolus
526 1491 694 1526 remissus
718 1490 963 1535 intellegatur:
996 1489 1103 1535 idque
1126 1490 1164 1525 in
1186 1500 1263 1525 eius

174 1547 339 1582 persona,
365 1536 427 1582 qui
449 1537 592 1581 negotia
613 1535 725 1581 gessit
749 1535 877 1580 cuique
900 1535 1050 1571 rationis
1062 1534 1263 1570 reddendae

173 1582 367 1618 necessitas
389 1581 510 1617 fuerat
533 1584 747 1617 testamento
772 1581 933 1623 remissa,
957 1581 1171 1626 rescriptum
1195 1582 1262 1616 est.

173 1631 192 1662 4
239 1627 290 1662 ‘Si
314 1627 492 1662 arbitratu
516 1626 602 1662 Titii
626 1626 709 1662 Seia
742 1626 923 1668 nubserit,
958 1626 1063 1661 heres
1098 1635 1199 1661 meus
1231 1626 1264 1661 ei

172 1671 333 1707 ‘fundum
358 1672 468 1707 dato'.
514 1672 592 1707 vivo
617 1672 713 1707 Titio
745 1671 853 1707 etiam
887 1671 965 1707 sine
995 1670 1145 1706 arbitrio
1179 1670 1265 1706 Titii

172 1727 250 1753 eam
281 1717 474 1752 nubentem
505 1717 660 1762 legatum
692 1717 856 1762 accipere
891 1715 1180 1762 respondendum
1212 1719 1267 1751 est

172 1772 320 1808 eamque
342 1763 429 1807 legis
454 1762 667 1798 sententiam
683 1762 806 1804 videri,
829 1772 874 1797 ne
897 1761 995 1814 quod
1006 1761 1149 1797 omnino
1173 1772 1265 1807 nup-

172 1809 230 1844 tiis
253 1808 543 1853 impedimentum
566 1807 758 1842 inferatur.
804 1807 869 1842 sed
893 1818 924 1842 si
948 1807 1066 1842 Titius
1089 1806 1168 1842 vivo
1192 1810 1265 1842 tes-

172 1857 288 1889 tatore
311 1852 472 1895 decedat,
496 1853 580 1888 licet
593 1852 754 1889 condicio
779 1852 909 1895 deficit,
935 1853 1020 1897 quia
1042 1855 1164 1887 tamen
1186 1862 1264 1888 sus-

173 1909 284 1943 pensa
308 1909 449 1943 quoque
483 1909 549 1943 pro
575 1898 686 1933 nihilo
710 1897 824 1941 foret,
859 1898 999 1932 mulieri
1022 1901 1265 1933 succurretur.

172 1948 192 1980 ὃ
241 1943 431 1985 ‘Maeviae,
457 1943 487 1979 si
511 1954 584 1978 non
606 1943 789 1985 nubserit,
814 1942 966 1978 fundum
990 1953 1073 1978 cuin
1095 1942 1266 1978 morietur

172 1989 290 2034 ‘lego'.
336 1992 458 2034 potest
480 1988 551 2024 dici
576 1991 612 2024 et
642 1989 673 2024 si
697 1988 878 2031 nubserit,
903 1998 981 2023 eam
1007 1987 1196 2024 confestim
1220 1987 1265 2023 ad

173 2034 329 2079 legatum
353 2033 503 2068 admitti.
549 2044 622 2069 non
645 2033 740 2068 idem
763 2034 958 2079 probatur,
989 2034 1020 2068 si
1044 2037 1164 2069 certus
1188 2032 1265 2069 dies

174 2084 194 2114 6
241 2080 444 2115 incertusve
469 2078 559 2114 alius
582 2079 700 2124 legato
724 2078 835 2114 fuerit
858 2078 1073 2124 adscriptus.
1119 2078 1265 2114 Falsam

174 2135 319 2160 causam
342 2124 460 2168 legato
485 2135 558 2159 non
583 2125 710 2160 obesse
743 2124 860 2159 verius
884 2127 956 2168 est,
990 2124 1075 2168 quia
1097 2123 1190 2159 ratio
1213 2124 1265 2159 le-

173 2169 282 2215 gandi
304 2169 422 2214 legato
447 2180 520 2204 non
553 2170 740 2204 cohaeret:
778 2169 842 2204 sed
875 2169 1085 2214 plerumque
1108 2168 1182 2204 doli
1205 2179 1266 2204 ex-

173 2215 290 2260 ceptio
313 2214 434 2250 locum
456 2214 615 2258 habebit,
639 2214 670 2249 si
690 2214 863 2266 probetur
875 2214 963 2249 alias
986 2215 1170 2259 legaturus
1194 2225 1267 2250 non

173 2263 191 2294 7
239 2259 362 2295 fuisse.
419 2260 563 2294 Falsam
595 2259 841 2295 condicionem
871 2259 1017 2295 Cassius
1055 2262 1093 2294 et
1124 2259 1265 2294 Caelius

173 2305 327 2342 Sabinus
347 2305 601 2351 impossibilem
626 2314 705 2341 esse
728 2304 906 2347 dixerunt,
930 2304 1060 2340 veluti:
1085 2304 1265 2350 ‘Pamphi-

173 2350 251 2396 ‘lus‚
276 2352 306 2387 si
330 2351 426 2397 quod
443 2351 538 2386 Titio
555 2351 666 2386 debeo
687 2350 844 2395 solverit,
869 2350 959 2386 liber
979 2349 1080 2393 esto'‚
1106 2350 1137 2385 si
1160 2349 1266 2385 modo

173 2397 259 2432 nihil
283 2396 379 2432 Titio
404 2397 473 2432 fuit
496 2397 674 2432 debitum:
711 2395 807 2442 quod
839 2395 870 2431 si
900 2398 985 2441 post
1013 2398 1266 2431 testamentum

175 2443 311 2478 factum
335 2445 490 2477 testator
513 2442 703 2486 pecuniam
727 2440 898 2485 exsolvit,
933 2440 1108 2476 defecisse
1143 2440 1265 2476 condi-

174 2490 193 2523 8
241 2487 379 2523 cionem
402 2487 571 2531 intellegi.
618 2486 764 2522 Falsam
793 2485 904 2532 legati
927 2486 1266 2531 demonstrationem

174 2543 245 2569 non
267 2532 388 2568 facere
411 2532 568 2577 legatum
591 2531 745 2567 Sabinus
767 2531 954 2576 respondit
978 2531 1098 2573 (veluti
1120 2531 1150 2566 si
1175 2531 1267 2578 quis,

174 2589 254 2613 cum
279 2577 374 2613 Titio
398 2578 486 2612 nihil
509 2578 683 2622 legasset,
706 2577 759 2612 ita
782 2577 955 2623 scriptum
978 2576 1177 2622 reliquerit:
1211 2578 1266 2612 ‘ex

174 2626 347 2666 ‘centum,
380 2632 474 2668 quae
497 2622 593 2658 Titio
617 2622 731 2668 legavi
776 2621 1033 2668 quinquaginta
1055 2623 1159 2657 heres
1183 2621 1265 2658 Seio

174 2667 297 2708 ‘dato')
322 2667 430 2713 idque
453 2668 605 2713 sumpsit
629 2678 673 2703 ex
692 2649 852 2703 defuncti
865 2667 1071 2711 voluntate,
1096 2667 1180 2712 quia
1194 2678 1266 2702 non

174 2713 292 2748 animo
316 2712 473 2758 legandi,
499 2713 561 2748 sed
586 2713 814 2749 deminuendi
835 2712 1011 2758 legatum,
1071 2712 1142 2748 uod
1173 2711 1264 2748 falso

175 2758 297 2793 datum
323 2758 552 2801 existimaret,
577 2758 629 2793 ita.
652 2758 837 2794 scriberet.
909 2761 1033 2803 ropter
1073 2757 1184 2793 alsam
1208 2762 1263 2792 ta-

175 2813 254 2838 men
278 2803 616 2855 demonstrationem
640 2803 748 2849 legati
771 2813 843 2840 non
884 2769 948 2855 1iiis
965 2802 1067 2839 Seius
1091 2803 1264 2849 adseque-

175 2853 234 2883 tur
269 2858 375 2893 quam
400 2858 430 2883 si
453 2858 535 2883 vere
560 2848 841 2884 demonstratum
881 2851 1003 2884 uisset.

221 2874 274 2930 '13
299 2892 409 2945 Ioni(
434 2893 526 2928 libro
566 2905 663 2929 nono
694 2894 831 2929 decimo
871 2893 1123 2947 quaestionum
1169 2892 1264 2929 Titio

175 2937 320 2980 fundus,
345 2947 375 2972 si
399 2948 435 2972 in
459 2938 581 2973 Asiam
607 2949 678 2974 non
700 2939 848 2982 venerit,
871 2939 975 2982 idem,
1000 2939 1031 2974 si
1053 2938 1265 2984 pervenerit,

175 2982 386 3028 Sempronio
410 2983 547 3027 legatus
572 2987 638 3019 est.
686 2994 767 3019 cum
796 2984 834 3019 in
857 2984 1022 3020 omnibus
1046 2983 1263 3020 condicioni·

176 3029 255 3070 bus,
279 3037 372 3073 quae
395 3032 509 3063 morte
524 3029 775 3073 legatariorum
789 3029 973 3072 finiuntur,
997 3032 1181 3074 receptum
1198 3032 1263 3072 est,

177 3078 217 3108 ut
237 3072 409 3109 Muciana
432 3073 551 3108 cautio
576 3074 844 3119 interponatur,
879 3075 982 3110 heres
1017 3075 1218 3111 cautionem
1242 3084 1265 3109 a

176 3118 272 3154 Titio
296 3117 437 3163 accepit
459 3122 496 3152 et
518 3117 667 3153 fundum
693 3119 724 3154 ei
749 3119 856 3155 dedit.
887 3119 917 3155 si
940 3123 1069 3165 postea
1091 3119 1129 3154 in
1141 3119 1264 3155 Asiam

176 3162 387 3209 pervenerit,
412 3162 619 3208 Sempronio
646 3165 769 3207 heres,
794 3164 889 3210 quod
910 3174 953 3200 ex
981 3164 1155 3210 stipulatu
1177 3174 1264 3200 cau-

176 3207 283 3245 tionis
294 3207 527 3254 interpositae
544 3209 714 3253 consequi
733 3213 862 3254 potest,
888 3209 968 3245 utili
987 3210 1129 3245 actione
1166 3219 1264 3246 raes-

176 3258 254 3289 tare
278 3253 429 3299 cogitur.
471 3252 535 3289 sed
560 3253 590 3287 si
614 3254 733 3289 cautio
760 3255 874 3290 medio
899 3258 1060 3300 tempore
1083 3254 1127 3290 de
1145 3255 1263 3298 ecerit,

177 3308 268 3345 quae
299 3297 451 3334 sollicite
480 3297 601 3333 fuerat
630 3303 775 3342 exacta,
811 3311 882 3335 non
908 3300 952 3335 de
975 3310 1040 3335 suo
1065 3299 1265 3345 praestabit

178 3345 297 3386 heres,
322 3342 405 3388 sed,
434 3343 520 3397 quia
542 3342 629 3378 nihil
655 3343 685 3378 ei
710 3348 829 3388 potest
852 3344 963 3389 obici,
994 3344 1083 3381 satis
1112 3344 1181 3381 erit
1202 3355 1264 3381 ac·

177 3389 293 3425 tiones
341 3391 505 3425 raestari.
530 3397 560 3423 si
583 3391 712 3431 tamen,
738 3388 853 3425 Titius
870 3401 951 3426 cum
975 3390 1033 3426 in¹
1058 3390 1182 3426 Asiam
1204 3400 1265 3426 ve-

177 3434 298 3477 nisset,
350 3433 566 3478 empronius,
589 3433 797 3479 priusquam
821 3435 975 3480 legatum
1000 3434 1176 3480 accipiat,
1201 3434 1265 3471 de-

177 3478 336 3560 oestsgzit,
360 3477 482 3515 heredi
505 3478 582 3514 eius
595 3478 797 3521 deberetur,
822 3479 917 3525 quod
934 3479 1125 3516 defunctus
1145 3483 1267 3526 petere

202 3533 224 3560 o

177 3535 201 3570 p
223 3565 278 3607 74
312 3567 420 3606 Ιυειι
459 3568 551 3605 libro
592 3568 775 3615 triqest‘mo
817 3570 974 3605 secundo
1016 3571 1266 3616 quaestionum

178 3685 475 3764 ffloiffnmefmm
494 3732 593 3764 emet:
618 3739 678 3762 nee
693 3730 719 3762 si
734 3730 844 3762 Titius
862 3729 1009 3771 legatum
1029 3730 1181 3772 repudiet
1199 3742 1262 3764 ser.

179 3776 223 3814 (a)
248 3775 294 3806 ud
305 3786 359 3817 pr.
378 3776 420 3816 cs.
439 3774 484 3807 D.
503 3774 557 3814 28,
576 3781 603 3814 7,
622 3781 665 3815 18,
684 3781 706 3808 t.
726 3775 769 3807 D.
788 3776 839 3808 40,
859 3781 884 3808 4.
903 3782 938 3809 20
1058 3779 1102 3816 (4)
1126 3778 1186 3810 etsi
1204 3790 1266 3811 ser.

506 3685 549 3726 (2)
572 3684 601 3718 si
613 3683 802 3718 condicioni
814 3684 977 3727 paruisset
990 3696 1049 3718 nec
1062 3685 1171 3719 Titius
1182 3694 1262 3718 oon-

1251 144 1336 193 504
1567 139 1611 160 ⁸*

1330 3686 1374 3727 (ὅ)
1399 3684 1548 3719 accidere
1568 3685 1603 3719 F

1331 3731 1375 3771 (s)
1401 3729 1553 3764 condicio
1565 3730 1638 3764 iure
1649 3731 1817 3764 communi
1830 3744 1894 3766 eor.

1499 0 1502 18 1

1498 19 1568 73 ἱῬΧ

1557 75 1567 130 ί

1960 160 2023 192 DE
2052 158 2409 193 coumclonmus

1327 269 1473 306 Mulieri
1495 273 1533 307 et
1546 269 1642 307 Titio
1659 280 1746 307 usus
1768 269 1920 312 fructus,
1945 267 1976 305 si
2000 279 2071 305 non
2093 268 2256 305 nubserit
2275 268 2412 311 mulier,

1327 315 1475 351 relictus
1499 319 1564 352 est.
1610 316 1642 352 si
1664 315 1791 352 mulier
1821 315 2002 356 nubserit,
2037 314 2206 359 quamdiu
2229 313 2347 350 Titius
2377 317 2413 350 et

1328 361 1413 396 vivit
1435 363 1472 396 et
1492 360 1531 396 in
1553 360 1676 397 eodem
1699 364 1797 397 statu
1820 361 1899 403 erit,
1923 362 2060 405 partem
2077 369 2163 395 usus
2186 358 2325 395 fructus
2347 358 2411 394 ha-

1329 405 1450 441 bebit:
1474 409 1614 442 tantuin
1635 406 1728 442 enim
1750 405 1925 442 beneficio
1949 404 2036 449 legis
2059 414 2104 440 ex
2126 404 2242 450 legato
2267 414 2410 440 conces-

1330 461 1409 486 sum
1433 460 1511 487 esse
1528 450 1666 487 mulieri
1681 450 1956 496 intellegendum
1968 453 2033 491 est,
2058 454 2230 495 quantum
2253 449 2412 489 haberet,

1330 495 1360 531 si
1384 495 1584 532 condicioni
1604 496 1795 542 paruisset.
1827 506 1894 532 nec
1917 496 1948 531 si
1971 494 2099 537 Titius,
2123 493 2184 540 qui
2207 493 2412 530 condicione

1331 539 1491 621 gest-³5¹5
1515 544 1588 584 est,
1622 541 1779 587 legatum
1800 540 1964 587 repudiet
1972 541 1999 583 ²,
2023 549 2066 575 ea
2088 549 2148 576 res
2170 538 2308 575 mulieri
2329 550 2412 586 pro-

1356 596 1407 621 eri
1424 612 1434 621 .

1378 629 1430 668 75
1454 630 1563 667 lom!
1581 630 1671 667 libro
1695 630 1877 677 triqesimo
1902 633 2033 675 quarto
2057 629 2305 676 quaestionum
2328 629 2414 666 Dies

1331 676 1490 712 incertus
1515 675 1758 712 condicionem
1780 675 1818 711 in
1840 679 2052 711 testamento
2076 674 2175 711 facit.

1379 719 1431 760 76
1460 720 1570 757 low
1595 721 1686 758 libro
1713 724 1819 757 sexto
1850 730 2103 766 responsorum
2150 719 2412 755 Fideicommis-

1333 777 1411 802 sum
1436 776 1459 802 a
1482 765 1564 802 filiis
1586 765 1750 802 relictum
1774 765 1815 801 ‘si
1839 765 1916 810 quis
1940 774 1985 801 ex
2008 765 2064 801 his
2080 765 2157 801 sine
2179 764 2300 801 liberis
2324 764 2413 799 diem

1332 814 1448 847 ‘suum
1472 811 1613 847 obierit'
1637 810 1839 857 adoptionis
1864 814 2063 846 commento
2086 821 2159 846 non
2181 808 2392 846 excluditur.

1379 855 1430 894 77
1445 858 1459 878 ³
1482 856 1590 892 loru
1610 856 1700 893 libro
1723 856 1874 909 septimo
1898 866 2153 902 responsorum
2198 855 2300 898 Avia,
2325 865 2416 900 quae

1332 906 1497 948 nepotem
1536 901 1602 937 sub
1639 901 1847 937 condicione
1881 900 2017 936 emanci
2044 900 2172 936 ationis
2239 910 2280 935 ro
2314 904 2417 946 parte

1331 948 1497 983 heredem
1517 946 1732 989 instituerat,
1755 946 1806 981 ita
1820 949 1947 991 postea
1963 955 2005 981 co
2034 945 2133 981 'cillis
2150 956 2220 981 scri
2247 945 2310 980 sit:
2337 945 2415 981 ‘hoc

1332 993 1495 1038 ‘amplius
1520 992 1641 1037 nepoti
1675 1002 1774 1033 meo,
1810 1001 1916 1036 quam
1953 989 2048 1035 quod
2071 1000 2151 1026 eum
2174 989 2339 1026 heredem
2361 990 2415 1025 in-

1333 1038 1454 1080 ‘stitui,
1479 1037 1558 1082 lego
1607 1037 1730 1072 raedia
1751 1037 1836 1072 illa’.
1862 1035 2107 1071 condicionem
2124 1035 2415 1087 emancipationis

1332 1083 1519 1129 repetitam
1542 1082 1575 1117 vi
1602 1082 1653 1118 eri
1675 1082 1805 1128 placet,
1830 1080 1989 1126 quamvis
2004 1081 2084 1116 avia
2107 1080 2240 1116 nullam
2262 1091 2300 1115 in
2322 1080 2413 1126 lega·

1331 1129 1390 1172 tis,
1414 1132 1455 1164 ut
1477 1128 1514 1163 in
1536 1127 1752 1169 hereditate,
1777 1126 2066 1162 substitutionem
2088 1125 2243 1161 fecisset.
2278 1135 2360 1160 nam
2383 1130 2418 1161 et

1334 1185 1415 1209 cum
1438 1183 1561 1209 servus
1583 1183 1674 1218 pure
1698 1171 1840 1217 quidem
1863 1171 1964 1213 liber,
1988 1171 2091 1206 heres
2107 1174 2227 1206 autem
2250 1171 2317 1207 sub
2332 1181 2415 1206 coii-

1333 1219 1473 1254 dicione
1496 1219 1651 1263 scriptus
1675 1221 1729 1262 et,
1761 1218 1792 1252 si
1814 1217 1917 1252 heres
1946 1226 2019 1251 non
2041 1216 2234 1259 exstiterit,
2264 1216 2416 1261 legatum

1333 1264 1498 1310 accipere
1521 1263 1640 1299 iussus
1665 1266 1737 1305 est,
1760 1262 1799 1297 in
1821 1262 1938 1307 legato
1962 1261 2148 1307 repetitam
2170 1261 2280 1297 videri
2311 1261 2417 1297 liber-

1337 1313 1351 1344 1
1400 1313 1511 1345 tatem
1535 1309 1637 1344 divus
1659 1308 1747 1344 Pius
1777 1307 1973 1343 rescribsit.
2019 1306 2191 1342 Muciana
2214 1306 2333 1342 cautio
2365 1307 2417 1342 lo-

1334 1365 1416 1390 cum
1439 1366 1511 1391 non
1535 1354 1664 1397 habet,
1696 1353 1727 1389 si
1757 1363 1823 1398 per
1845 1352 1951 1387 aliam
1975 1351 2220 1387 condicionem
2251 1352 2345 1387 actio
2369 1352 2418 1388 le-

1334 1403 1354 1434 2
1400 1401 1474 1445 gati
1498 1399 1632 1435 differri
1681 1399 1779 1435 ossit.
1806 1397 1923 1440 ιΤίιίο,
1948 1396 1979 1433 si
2002 1397 2129 1432 mulier
2151 1407 2224 1432 non
2247 1397 2417 1439 nubserit,

1333 1445 1448 1481 ‘heres
1472 1449 1614 1481 centum
1663 1444 1756 1480 ato’:
1791 1453 1898 1489 quam
1927 1442 2115 1488 pecuniam
2148 1441 2260 1478 eidem
2283 1442 2420 1478 mulieri

1333 1491 1450 1526 Titius
1473 1491 1662 1527 restituere
1684 1492 1832 1534 rogatus
1856 1491 1922 1524 est.
1952 1487 2007 1523 si⁴
2029 1486 2193 1523 nubserit
2214 1487 2341 1524 mulier
2363 1488 2420 1524 die

1332 1536 1365 1571 lc
1389 1536 1440 1571 ati
1463 1535 1632 1577 cedente,
1656 1533 1966 1570 fideicommissum
1989 1536 2103 1578 petet:
2140 1535 2276 1569 remoto
2300 1536 2419 1569 autem

1332 1546 1604 1617 fideicommisso
1622 1580 1815 1625 legatarius
1833 1579 2032 1624 exemplum
2041 1578 2232 1630 Mucianae
2245 1578 2419 1614 cautionis

1334 1630 1354 1661 3
1400 1637 1474 1662 non
1497 1626 1654 1662 habebit.
1689 1625 1798 1661 Pater
1821 1624 2058 1660 exheredatae
2079 1622 2175 1659 filiae
2197 1627 2334 1660 tutores
2358 1623 2419 1659 de-

1334 1671 1386 1707 dit
1409 1681 1560 1717 eosque,
1584 1671 1614 1706 si
1637 1674 1752 1706 mater
1775 1671 1870 1712 eius,
1903 1668 2088 1714 impubere
2118 1668 2192 1704 filia
2214 1669 2419 1713 constituta,

1334 1718 1407 1752 vita
1430 1716 1661 1760 decessisset,
1692 1715 1740 1751 ad
1768 1726 1845 1752 rem
1867 1714 2058 1760 gerendam
2088 1713 2283 1750 accedere⁵
2304 1714 2418 1757 iussit,

1335 1773 1416 1798 cum
1440 1762 1544 1798 uxori
1567 1761 1773 1797 mandatum
1797 1764 1909 1803 esset,
1944 1763 1986 1795 ut
2018 1759 2172 1795 moriens
2199 1758 2295 1795 filiae
2324 1769 2419 1795 com-

1333 1807 1432 1843 muni
1455 1807 1571 1843 decies
1595 1807 1811 1842 restitueret.
1858 1816 1931 1841 non
1962 1805 2029 1841 sub
2054 1803 2262 1840 condicione
2284 1807 2420 1841 tutores

1334 1852 1548 1888 videbuntur
1572 1852 1646 1887 dati
1662 1862 1741 1894 nec,
1765 1852 1796 1887 si
1812 1850 1897 1897 quid
1913 1850 2009 1886 aliud
2025 1850 2161 1885 interea
2175 1850 2296 1902 puella
2334 1861 2419 1886 uae-

1334 1898 1448 1940 sisset,
1469 1898 1544 1934 eius
1558 1897 1865 1933 administratione
1880 1895 2073 1942 prohiberi,
2094 1899 2212 1931 cautio
2222 1905 2305 1931 vero
2346 1895 2419 1931 dei-

1334 1943 1513 1979 commissi
1535 1944 1641 1979 matri
1664 1942 1822 1978 remissa.
1868 1941 2117 1987 quocumque⁸
2141 1940 2272 1976 indicio
2295 1941 2419 1977 volun-

1334 1989 1418 2024 tatis
1451 1989 1570 2024 cautio
1601 1989 1798 2034 legatorum
1826 1987 1882 2023 vel
1911 1986 2262 2022 fideicommissorum
2290 1987 2421 2022 remitti

1334 2037 1465 2114 potest.
1511 2035 1632 2087 itaque
1666 2033 1697 2069 si
1731 2032 1906 2069 cautionis
1941 2042 2014 2067 non
2048 2030 2224 2077 petendae
2259 2031 2418 2068 condicio

1348 2083 1453 2124 egato
1474 2079 1531 2115 vel
1552 2078 1824 2114 fideicommisso
1855 2077 2142 2123 praescribatur,
2178 2076 2420 2113 condicionem

1335 2135 1379 2160 ea
1401 2135 1459 2160 res
1482 2135 1555 2160 non
1577 2124 1703 2160 faciet:
1739 2135 1813 2160 non
1836 2123 1929 2159 enim
1953 2122 2112 2165 deficiet,
2146 2122 2177 2157 si
2201 2122 2279 2167 quis
2302 2122 2421 2170 caseri

1335 2169 1599 2214 desideraverit,
1611 2179 1720 2206 onere
1736 2168 1911 2205 cautionis
1931 2178 2002 2203 non
2027 2171 2162 2211 secuto,
2186 2166 2281 2212 quod
2297 2166 2420 2203 adver-

1335 2226 1397 2251 sus
1420 2215 1568 2251 invitum
1591 2215 1698 2250 hodie
1711 2215 1787 2250 iure
1803 2214 1948 2260 publico
1962 2213 2061 2258 sequi
2073 2223 2146 2248 non
2167 2215 2297 2258 potest,
2321 2216 2420 2259 post-

1335 2262 1469 2306 quam⁷
1491 2260 1624 2296 remitti
1647 2270 1755 2306 posse
1778 2260 1979 2296 cautionem
2002 2258 2149 2304 placuit.

1382 2303 1435 2343 78
1459 2305 1567 2341 IDEM
1593 2305 1685 2342 libro
1714 2316 1810 2341 nono
1839 2314 2095 2351 responsorum
2142 2302 2231 2339 Cum
2260 2303 2420 2356 pupillus

1334 2354 1399 2386 aut
1420 2354 1520 2387 tutor
1543 2351 1619 2386 eius
1642 2350 1886 2386 condicionem
1916 2350 1954 2385 in
1983 2358 2174 2395 personam
2196 2349 2324 2395 pupilli
2347 2349 2420 2385 col-

1333 2396 1444 2432 latam
1466 2396 1632 2442 impedit‚
1656 2399 1731 2430 tam
1761 2395 1775 2430 l
1840 2395 1869 2430 ti
1893 2401 1999 2440 quam
2023 2394 2198 2430 libertatis
2221 2393 2300 2430 iure
2323 2404 2419 2430 com·

1338 2445 1353 2476 1
1402 2441 1501 2476 muni
1525 2441 1713 2477 condicio⁸
1735 2440 1807 2486 imp
1822 2444 1880 2476 eta
1905 2449 1983 2476 esse
2005 2438 2155 2474 videtur.
2197 2438 2419 2475 Disiunctivo

1335 2486 1735 2522 modo-condicionibus
1767 2485 1956 2531 adscriptis
1980 2484 2129 2520 alteram
2153 2483 2325 2520 defecisse
2347 2495 2419 2520 non

1335 2532 1452 2568 oberit
1475 2532 1589 2567 altera
1611 2531 1666 2567 vel
1689 2534 1816 2576 postea
1838 2531 2000 2576 impleta,
2025 2540 2092 2565 nec
2114 2530 2271 2573 interest,
2295 2530 2333 2565 in
2354 2540 2420 2575 po-

1335 2581 1466 2657 tesiltate
1488 2577 1622 2612 fuerint
1644 2576 1852 2622 accipientis
1876 2575 2101 2612 condiciones
2124 2585 2172 2611 an
2194 2575 2233 2611 in
2256 2577 2419 2611 eventum

1336 2633 1378 2659 co
1407 2626 1500 2658 atae.
1900 2629 1903 2633 ·

1381 2665 1435 2705 79
1459 2667 1567 2703 loru
1586 2667 1677 2703 libro
1701 2667 1826 2713 primo
1860 2665 2107 2712 definitionum
2155 2666 2279 2702 ‘Heres
2309 2675 2419 2708 meus,

1336 2715 1429 2749 ‘cum
1453 2713 1623 2749 morietur
1644 2712 1774 2755 Titius,
1799 2715 1941 2748 centum
1963 2712 1996 2747 ei
2019 2711 2129 2747 dato’.
2173 2721 2300 2757 purum
2322 2710 2418 2756 lega-

1335 2763 1411 2794 tum
1434 2762 1500 2801 est,
1526 2758 1610 2804 quia
1632 2768 1705 2793 non
1729 2757 1948 2800 condicione,
1973 2756 2036 2793 sed
2049 2766 2150 2792 mora
2172 2755 2418 2801 suspenditur:

1340 2807 1352 2838 1
1403 2814 1475 2840 non
1506 2806 1626 2849 potest
1659 2803 1752 2838 enim
1786 2801 1949 2838 condicio
1982 2813 2055 2838 non
2089 2802 2249 2838 existere.
2297 2801 2418 2837 ‘Heres

1337 2859 1446 2892 meus,
1472 2859 1554 2884 cum
1576 2848 1654 2894 ipse
1676 2847 1857 2892 morietur,
1882 2850 2025 2883 centum
2049 2846 2145 2883 Titio
2168 2846 2277 2883 dato'.
2322 2846 2335 2882 l
2403 2866 2418 2874 -

1334 2898 1410 2930 tum
1435 2893 1504 2930 sub
1528 2893 1737 2930 condicione
1768 2893 1930 2929 relictum
1954 2896 2026 2928 est:
2056 2892 2217 2939 quamvis
2240 2891 2334 2928 enim
2382 2902 2417 2927 e-

1334 2939 1453 2976 redem
1476 2939 1687 2975 moriturum
1701 2941 1838 2974 certum
1860 2937 1918 2980 sit,
1941 2941 2061 2974 tamen
2084 2938 2259 2974 incertum
2282 2939 2348 2979 est,
2372 2946 2418 2972 an

1334 2984 1506 3030 legatario
1529 2984 1620 3020 vivo.
1644 2983 1719 3019 dies
1743 2983 1874 3029 legati⁸
1895 2994 1969 3019 non
1992 2982 2087 3019 cedit
2109 2986 2146 3018 et
2166 2993 2240 3019 non
2263 2985 2319 3017 est
2342 2991 2417 3017 cer-

1334 3033 1354 3065 2
1401 3033 1478 3066 tum
1494 3028 1542 3065 ad
1565 3039 1645 3064 eum
1668 3029 1827 3074 legatum
1851 3030 2115 3074 perventurum.
2139 3027 2209 3072 Qui
2230 3030 2314 3073 post
2335 3026 2416 3062 Mu-

1334 3074 1474 3111 cianam
1507 3074 1707 3111 cautionem
1737 3073 1983 3119 interpositam
2012 3074 2166 3118 legatum
2196 3072 2354 3118 accepit,
2387 3072 2418 3108 si

1334 3124 1460 3156 contra
1477 3119 1678 3156 cautionem
1691 3118 1825 3165 aliquid
1840 3118 1974 3162 fecerit,
1992 3117 2220 3164 stipulatione
2232 3118 2419 3154 commissa

1333 3165 1439 3201 etiam
1459 3164 1600 3201 fructus
1620 3164 1743 3200 heredi
1766 3164 1948 3200 restituet:
1972 3164 2041 3199 hoc
2060 3162 2154 3199 enim
2171 3163 2363 3208 legatarius
2382 3167 2418 3198 et

1334 3214 1354 3246 3
1400 3210 1438 3246 in
1462 3209 1607 3246 exordio
1632 3219 1758 3245 cavere
1782 3209 1931 3255 cogitur.
1968 3208 2134 3262 Quamvis
2157 3218 2244 3244 usus
2266 3207 2417 3251 fructus.

1334 3266 1414 3291 cum
1450 3255 1621 3291 morietur
1653 3254 1869 3300 legatarius,
1902 3253 2076 3289 inutiliter
2108 3254 2260 3299 legetur,
2297 3256 2417 3289 tamen

1334 3299 1510 3336 cautionis
1531 3299 1723 3336 Mucianae
1744 3298 1936 3335 remedium
1955 3309 2023 3335 usu
2046 3298 2169 3334 fructu
2192 3308 2335 3345 quoque
2348 3297 2416 3334 sub

1334 3345 1578 3381 condicionem
1601 3344 1752 3381 alicuius
1767 3355 1841 3381 non
1855 3343 2011 3380 faciendi
2030 3343 2147 3389 legato
2162 3343 2280 3380 locum
2295 3342 2414 3379 habet.

1335 3393 1355 3425 4
1401 3388 1506 3435 Quod
1535 3389 1573 3426 in
1604 3389 1765 3426 fraudem
1799 3388 1886 3436 legis
1918 3388 1965 3424 ad
1995 3387 2239 3435 impediendas
2272 3387 2416 3435 nuptias

1334 3434 1506 3480 scriptum
1529 3438 1594 3479 est,
1618 3435 1752 3471 nullam
1775 3433 1846 3471 vim
1866 3433 1994 3479 habet,
2017 3434 2144 3470 veluti:
2192 3433 2300 3470 ‘Titio
2321 3433 2416 3480 patri

1334 3483 1507 3522 ‘centum,
1542 3480 1573 3516 si
1606 3480 1698 3524 filia,
1733 3490 1840 3526 quam
1872 3479 1984 3515 habet
2006 3478 2037 3516 is
2060 3479 2097 3515 in
2119 3482 2309 3525 potestate,
2344 3488 2416 3515 non

1335 3525 1519 3568 ‘nubserit
1542 3525 1646 3562 heres
1669 3525 1766 3561 dato'
1789 3524 1865 3561 vel:
1891 3524 1975 3561 ‘filio
1990 3523 2153 3569 familias,
2176 3523 2209 3560 si
2222 3527 2326 3570 pater
2341 3523 2415 3559 eius

1336 3572 1493 3606 ‘uxorem
1516 3581 1589 3607 non
1612 3569 1764 3615 duxerit,
1786 3569 1889 3606 heres
1913 3569 2021 3606 dato’.

1708 3687 1753 3725 (ο)
1777 3685 1867 3720 enim
1885 3687 1948 3720 tm.
1968 3687 2040 3721 «ια.
2164 3686 2208 3726 (τ)
2231 3686 2345 3728 postea
2366 3683 2414 3718 px

1986 3733 2031 3773 (ο)
2055 3730 2161 3773 igitur
2173 3731 2234 3765 ine.

2487 3563 2528 3918 mxxi-*wama
2505 3279 2528 3547 ›mesia-„mma
2513 3071 2528 3270 mum...
