2528 3918
123 116 217 149 XXV
245 117 379 148 ANNIS

123 227 323 270 videndum,
349 225 409 271 qui
431 225 468 260 in
491 224 667 268 integrum
690 223 878 258 restituere
901 226 1065 267 possunt.
1091 224 1215 258 ettam

123 272 326 319 praefectus
356 270 435 306 urbi
467 279 574 314 quam
610 268 670 303 alii
700 267 928 312 magistratus
961 279 1027 312 pro
1051 267 1215 303 iurisdic-

122 320 219 354 tione
243 328 308 353 sua
331 316 517 352 restituere
540 314 577 349 in
600 313 777 358 integrum
797 315 959 357 possunt,
984 317 1060 348 tam
1079 312 1116 348 in
1136 312 1215 348 aliis

122 363 241 400 causis
289 371 371 397 uam
397 363 522 395 contra
546 359 758 394 sententiam
783 367 895 393 suam.

171 406 221 445 17
287 413 590 442 ERMOGENIANUS
609 404 701 439 libro
718 404 843 450 primo
863 403 956 438 iuris
976 404 1215 450 epitomarum

121 451 300 489 Praefecti
312 451 417 486 etiam
431 449 611 495 praetorio
633 459 676 484 ex
697 458 763 484 sua
785 448 962 483 sententia
979 449 1018 483 in
1037 448 1215 494 integrum

121 500 274 544 possunt
306 496 513 537 restituere,
550 493 709 540 quamvis
742 493 938 538 appellari¹
973 494 1018 529 ab
1051 493 1107 529 his
1142 504 1215 529 non

120 543 244 589 possit.
281 542 371 577 haec
394 540 527 575 idcirco
552 543 627 574 tam
650 539 747 574 varie
757 566 769 581 2
799 539 886 590 quia
915 539 1109 591 appellatio
1135 539 1213 585 qui-

117 589 200 624 dem
211 586 408 632 iniquitatis
430 585 628 621 sententiae
649 584 852 630 querellam,
877 595 914 618 m
934 588 1111 629 mtegrum
1130 594 1214 619 vero

119 633 297 669 restitutio
323 631 450 667 erroris
474 630 611 676 proprii
633 629 757 665 veniae
780 629 987 674 petitionem
1010 630 1066 665 vel
1090 629 1213 665 adver-

118 678 204 714 sarii
229 676 539 713 circumventionis
564 675 812 720 aHegationem
838 674 1007 710 continet.

167 720 218 761 18
251 722 446 759 Uzmws
467 722 557 757 libro
590 721 779 756 undecimo
811 719 862 755 ad
891 719 1047 756 edictum
1094 719 1215 754 Minor

114 772 238 804 autem
269 767 499 812 magistratus
533 769 659 802 contra
690 765 904 801 sententiam
935 765 1111 800 maiorum
1142 775 1215 800 non

121 818 135 848 1
186 813 362 849 restituet.
402 812 440 847 Si
452 816 572 847 autem
592 812 758 857 princeps
779 810 993 846 sententiam
1014 810 1112 853 dixit,
1133 820 1213 855 per-

117 870 199 894 raro
225 859 316 894 solet
338 858 544 903 permittere
567 857 828 892 restitutionem
853 859 888 891 et
910 855 1034 891 induci
1056 856 1094 890 in
1112 855 1213 890 audi-

116 905 249 940 torium
273 914 377 939 suum
402 914 502 945 eum,
536 902 596 947 qui
619 912 684 947 per
706 901 949 936 infirmitatem
973 901 1102 936 aetatis
1129 911 1213 945 cap-

114 954 193 984 tum
217 959 256 985 se
281 949 396 991 dicat,
434 948 518 983 dum
543 958 603 989 ea,
637 957 728 992 quae
752 958 817 991 pro
845 956 956 981 causa
981 950 1084 988 sunt,
1118 946 1214 981 dicta

117 1006 190 1031 non
223 994 292 1030 alle
316 995 378 1028 at2
409 994 465 1029 vel
496 993 541 1028 ab
584 992 767 1027 advocatis
807 991 989 1037 proditum
1030 995 1212 1037 queratur.

116 1040 269 1085 denique
326 1038 523 1074 labrionem
546 1038 701 1073 Acilium
726 1037 827 1072 divus
853 1037 1002 1072 Severus
1037 1041 1072 1072 et
1101 1037 1213 1081 impe-

114 1088 217 1121 rator
227 1084 432 1120 Antoninus
457 1095 530 1119 11011
555 1083 746 1118 audierunt
769 1082 967 1118 incolorate
991 1082 1131 1117 restitui
1152 1082 1212 1117 de-

112 1130 331 1166 siderantem
343 1129 513 1164 adversus
535 1128 682 1163 fratrem
702 1131 786 1173 post
806 1128 961 1173 speciem
981 1128 1019 1162 in
1038 1127 1213 1163 auditorio

116 1178 136 1211 2
185 1186 308 1210 eorum
338 1174 487 1210 finitam.
537 1174 608 1210 Sed
640 1178 676 1209 et
698 1173 896 1208 Percennio
923 1173 1053 1208 Severo
1088 1177 1214 1208 contra

114 1232 172 1257 res
205 1220 261 1256 bis
285 1220 460 1255 iudicatas
484 1220 522 1255 in
545 1220 720 1264 integrum
744 1219 910 1254 restitui³
934 1218 1035 1253 divus
1061 1218 1213 1254 Severus

113 1270 152 1301 et
174 1266 370 1311 imperator
393 1265 598 1301 Antoninus
621 1264 860 1309 permiserunt
882 1264 920 1298 in
945 1264 1122 1299 auditorio
1148 1273 1212 1299 suo

116 1314 135 1346 3
185 1311 390 1346 examinari.
423 1310 526 1346 Idem
549 1311 744 1356 imperator
766 1309 931 1345 Licinnio
957 1309 1132 1345 Frontoni
1156 1319 1212 1344 re-

114 1356 260 1401 scripsit
289 1356 474 1391 insolitum
507 1366 597 1391 esse*
617 1358 700 1400 post
732 1355 946 1390 sententiam
978 1355 1054 1389 vice
1078 1365 1145 1390 sua
1170 1365 1213 1389 ex

112 1401 355 1447 appellatione
379 1401 511 1436 dictam
536 1401 644 1436 alium
675 1401 712 1435 in
743 1400 919 1444 integrum
950 1400 1213 1435 restitutionem

114 1450 137 1482 4
182 1447 341 1482 tribuere
365 1446 433 1481 nisi
457 1447 572 1482 solum
595 1446 805 1491 principem.
855 1445 926 1480 Sed
957 1449 992 1480 et
1023 1445 1053 1480 si
1077 1446 1123 1480 ab
1147 1445 1212 1479 im-

115 1496 282 1538 peratore
305 1492 413 1527 iudex
437 1492 544 1527 datus
570 1495 774 1536 cognoscat,
799 1491 977 1526 restitutio
1001 1491 1046 1525 ab
1062 1491 1131 1525 alio
1145 1491 1213 1525 nisi

113 1541 134 1572 5
183 1548 205 1572 a
228 1537 401 1582 principe,
427 1538 487 1582 qui
509 1537 662 1573 iudicem
687 1536 887 1578 destinavit,
913 1546 986 1571 non
1009 1535 1081 1571 fiet.
1130 1535 1213 1570 Non

112 1583 231 1619 solum
255 1583 401 1617 autem⁴
425 1583 639 1624 minoribus,
674 1592 796 1617 verum
828 1581 1098 1616 successoribus
1124 1591 1212 1626 quo-

111 1639 185 1674 que
208 1628 384 1663 minorum
410 1628 516 1663 datur
539 1628 578 1663 in
601 1628 777 1672 integrum
810 1627 1009 1670 restitutio,
1043 1626 1110 1661 etsi
1142 1627 1213 1661 sint

114 1673 183 1719 ipsi
207 1674 371 1708 maiores.

136 1724 139 1726 '
163 1716 214 1756 19
239 1718 349 1754 IDEM
368 1718 459 1754 libro
484 1719 589 1753 tertio
611 1718 749 1754 decimo
770 1717 820 1753 ad
839 1717 993 1753 edictum
1029 1716 1213 1752 Interdum

111 1767 234 1799 tamen
258 1763 458 1799 successori
481 1764 562 1808 plus
586 1774 694 1808 quam
719 1773 852 1797 annum
877 1763 1059 1805 dabimus,
1094 1766 1136 1797 ut
1160 1767 1214 1797 est

114 1809 232 1844 edicto
248 1819 466 1854 expressum,
488 1809 518 1844 si
537 1808 631 1844 forte
651 1812 751 1843 aetas
772 1808 885 1853 ipsius
899 1808 1103 1843 subveniat:
1129 1818 1212 1842 nam

116 1859 199 1899 post
223 1865 358 1889 annum
381 1854 611 1889 vicensimum
644 1855 807 1899 quintum
838 1853 986 1888 habebit
1017 1853 1212 1898 legitimum

111 1904 266 1945 tempus.
302 1900 374 1935 hoc
398 1899 491 1934 enim
513 1900 592 1944 ipso
619 1899 790 1943 deceptus
815 1899 972 1941 videtur,
999 1898 1105 1943 quod,
1131 1909 1213 1933 cum

139 1948 236 1980 osset
259 1944 400 1980 restitui
423 1945 519 1979 intra
542 1949 683 1989 tempus
708 1948 882 1979 statutum
907 1954 951 1979 ex
974 1953 1130 1989 persona
1151 1943 1212 1978 de-

130 1991 246 2033 uncti,
280 1991 350 2025 hoc
382 2001 455 2025 non
485 1989 583 2024 fecit.
627 1990 734 2034 plane
758 1989 788 2024 si
813 1989 1003 2024 defunctus
1029 1989 1074 2023 ad
1097 1989 1135 2023 in
1158 1989 1212 2023 in-

111 2040 251 2080 tegrum
274 2035 537 2071 restitutionem
561 2035 741 2070 modicum
763 2038 905 2079 tempus
931 2045 975 2069 ex
1006 2044 1100 2069 anno
1133 2034 1212 2068 utili

113 2080 256 2122 habuit,
290 2080 399 2115 11111οὗ
422 2079 545 2115 heredi
568 2080 696 2115 minori
719 2083 802 2124 post
826 2090 959 2114 annum
982 2079 1213 2114 vicensimum

112 2126 276 2171 quintum
301 2125 516 2170 completum
540 2136 613 2160 non
636 2128 752 2160 totum
776 2128 952 2160 statutum
974 2127 1116 2170 tempus
1149 2124 1211 2159 da-

112 2171 228 2206 bimus
254 2170 300 2206 ad
322 2171 359 2205 in
382 2171 559 2215 integrum
582 2170 854 2212 restitutionem,
881 2170 944 2205 sed
967 2170 1004 2204 id
1026 2170 1214 2204 dumtaxat

111 2219 185 2251 tem
212 2226 266 2258 us,
292 2215 387 2261 quod
411 2216 539 2250 habuit
560 2215 591 2250 is
617 2215 676 2250 0111
697 2216 801 2251 heres
827 2215 954 2250 extitit.

159 2227 212 2299 2ss
237 2260 347 2296 IDEM
366 2261 458 2297 libro
482 2260 671 2296 undecimo
705 2261 755 2296 ad
786 2261 941 2297 edictum
988 2260 1211 2306 Papinianus

111 2306 204 2341 libro
229 2305 387 2341 secundo
412 2316 666 2350 responsorum
691 2306 742 2340 ait
765 2306 861 2341 exuli
883 2316 1025 2341 reverso
1051 2317 1124 2341 non
1149 2306 1209 2341 de-

112 2352 198 2387 bere
220 2351 407 2397 prorogari
429 2355 570 2396 tempus
594 2351 633 2386 in
663 2351 839 2396 integrum
869 2351 1106 2387 restitutionis
1137 2355 1210 2387 sta-

111 2400 250 2440 tutum,
275 2396 359 2442 quia
383 2396 484 2438 afuit,
512 2407 593 2431 cum
615 2397 773 2442 potuerit
796 2396 895 2432 adire
918 2400 1122 2442 praetorem
1146 2408 1211 2442 per

112 2445 394 2487 procuratorem,
420 2451 487 2476 nec
508 2441 598 2476 dixit
607 2443 632 2485 ⁶,
656 2442 711 2477 vel
731 2442 931 2488 praesidem
950 2442 1013 2477 ubi
1034 2445 1121 2477 erat.
1148 2442 1211 2477 sed

110 2487 208 2532 quod
230 2487 325 2522 idem
349 2487 437 2522 dicit
461 2490 496 2522 et
518 2487 703 2532 indignum
728 2497 806 2522 esse
837 2491 985 2532 propter
1015 2487 1210 2532 irrogatam

113 2542 284 2577 poenam,
317 2543 390 2567 non
421 2535 557 2575 rectezl
571 2531 657 2577 quid
681 2532 773 2567 enim
798 2543 986 2568 commune
1009 2532 1121 2568 habet
1145 2533 1205 2567 de-

116 2581 130 2612 1
180 2577 304 2613 lictum
328 2588 410 2612 cum
433 2577 537 2613 venia
561 2577 715 2613 aetatis?
763 2577 801 2613 Si
833 2578 912 2623 quis
944 2582 1065 2613 tamen
1096 2578 1210 2613 maior

112 2622 235 2667 viginti
258 2622 415 2668 quinque
439 2623 541 2658 annis
565 2623 662 2658 intra
692 2626 833 2667 tempus
864 2623 1102 2658 restitutionis
1135 2627 1208 2658 sta-

112 2670 230 2702 tutum
255 2670 477 2703 contestatus
502 2671 629 2713 postea
654 2667 849 2711 destiterit,
882 2668 971 2703 nihil
1003 2669 1035 2703 ei
1066 2668 1210 2713 proficit

112 2712 160 2747 ad
181 2712 219 2748 in
241 2713 419 2757 integrum
442 2714 703 2749 restitutionem
729 2713 963 2757 contestatio,
987 2716 1029 2748 ut
1052 2717 1107 2748 est
1130 2724 1208 2749 sae-

114 2758 258 2803 pissime
280 2759 393 2793 rescri
419 2761 506 2793 tum.

160 2802 239 2840 21⁷
263 2803 373 2838 IDEM
404 2804 481 2839 ibro
506 2803 644 2839 decimo
669 2803 719 2839 ad
741 2803 894 2839 edictum
929 2803 1121 2838 Destitisse
1145 2814 1208 2838 au-

112 2849 208 2883 tem⁸
230 2849 261 2884 is
285 2848 426 2884 videtur
447 2859 521 2884 non
545 2849 607 2894 qui
631 2849 787 2892 distulit,
821 2849 884 2884 sed
916 2849 977 2894 qui
1000 2849 1054 2883 liti
1077 2859 1207 2883 renun-

113 2893 214 2928 tiavit
235 2894 274 2928 in
297 2896 422 2929 totum.

160 2936 213 2975 22
248 2938 356 2974 IDEM
384 2939 476 2975 libro
508 2938 696 2975 undecimo
739 2939 789 2974 ad
819 2939 975 2975 edictum
1031 2939 1073 2973 In
1116 2939 1208 2974 inte-

113 2993 214 3027 grum
245 2994 328 3020 vero
363 2984 589 3020 restitutione
612 2984 798 3029 postulata
822 2984 993 3019 adversus
1018 2984 1210 3020 aditionem

113 3037 138 3062 a
166 3029 302 3065 minore
331 3029 487 3072 factam,
518 3029 548 3065 si
573 3030 657 3075 quid
680 3029 805 3074 legatis
831 3040 1027 3074 expensum
1052 3034 1122 3072 est,
1155 3031 1210 3065 vel

115 3074 230 3117 pretia
265 3085 387 3110 eorum
422 3075 483 3127 qui
517 3075 563 3110 ad
598 3075 800 3110 libertatem
832 3075 989 3110 aditione
1021 3075 1096 3110 eius
1127 3086 1208 3120 per—

115 3123 305 3162 venerunt,
339 3130 361 3154 a
392 3130 529 3155 mmore
561 3120 785 3155 refundenda
809 3131 882 3155 non
906 3124 1000 3155 sunt.
1038 3120 1208 3166 quemad-

115 3163 257 3199 modum
280 3175 345 3209 per
369 3165 587 3200 contrarium
613 3176 693 3200 cum
716 3166 832 3200 minor
854 3166 1054 3201 restituitur
1077 3165 1124 3200 ad
1145 3166 1207 3201 ad-

117 3208 267 3244 eundam
302 3209 554 3253 hereditatem,
591 3221 682 3255 quae
714 3214 822 3245 antea
852 3215 954 3255 gesta
986 3212 1114 3246 erant⁹
1144 3222 1209 3256 per

114 3257 316 3290 curatorem
339 3255 515 3290 bonorum
540 3256 682 3291 decreto
706 3257 882 3300 praetoris
907 3256 954 3291 ad
978 3256 1208 3291 distrahenda

116 3297 210 3334 bona
232 3299 428 3335 secundum
450 3301 537 3336 iuris
561 3300 712 3336 formam
737 3301 991 3344 constitutum,
1025 3305 1106 3336 rata
1131 3312 1208 3336 esse

117 3455 156 3493 (1)
182 3456 354 3499 appellare
366 3459 400 3491 F
494 3459 536 3499 (2)
562 3458 654 3491 dicat
667 3470 734 3492 non
747 3460 893 3502 allegata
905 3473 969 3494 scr.
983 3462 1157 3493 secundum
1170 3461 1205 3493 B

115 3499 159 3539 (3)
184 3500 396 3535 desiderante
408 3513 463 3535 eas
476 3515 528 3535 res
541 3505 602 3537 ins.
727 3505 769 3547 (4)
795 3507 872 3537 aute
885 3506 921 3538 F
1037 3507 1079 3547 (5)
1105 3506 1206 3537 huius

117 3543 200 3578 Hal.
214 3557 283 3579 cum
297 3546 332 3579 B
448 3548 492 3590 (6)
517 3559 578 3581 1100
592 3548 715 3581 adierit
726 3562 788 3583 scr.
905 3551 947 3592 (7)
972 3567 1018 3579 =
1029 3552 1075 3584 D.
1087 3552 1120 3591 5,
1134 3558 1158 3590 1,
1173 3557 1206 3584 10

120 3589 165 3630 (8)
190 3593 301 3623 autem
314 3604 373 3624 om.
383 3592 430 3625 D.
442 3593 462 3625 l.
472 3605 553 3636 yem.
671 3595 716 3636 (9)
741 3595 903 3627 eruntF¹
1027 3597 1087 3635 (10)
1113 3606 1206 3627 man-

120 3632 203 3666 datu
215 3634 248 3666 F
253 3634 269 3655 ²
406 3639 460 3678 (11)
486 3639 528 3681 cf.
539 3638 666 3672 Paulus
682 3640 711 3680 1,
722 3646 751 3679 9,
762 3647 779 3674 2
791 3651 799 3671 ε
813 3640 874 3681 qui
884 3640 1009 3672 minori
1022 3640 1206 3679 mandavit,

121 3681 159 3709 nt
168 3680 309 3720 negotia
321 3690 381 3712 sua
393 3684 482 3723 agat,
503 3693 543 3714 ex
565 3683 637 3715 eius
658 3694 802 3726 persona
821 3686 858 3716 in
879 3685 1051 3727 integrum
1070 3685 1207 3717 restitui

118 3732 186 3755 non
195 3728 316 3765 potest,
330 3725 398 3757 nisi
411 3726 520 3759 minor
531 3737 593 3760 sua
605 3731 725 3770 sponte
735 3730 886 3771 negotiis
895 3730 967 3762 eius
975 3730 1204 3762 intervenerit.

1225 95 1279 144 59

2243 102 2386 143 11114

1285 221 1452 257 habenda
1467 221 1669 267 ¹Calpurnio
1694 222 1827 258 Flacco
1853 221 2003 258 Severus
2037 225 2072 258 et
2095 223 2301 259 Antoninus
2325 234 2383 259 re-

1285 267 1356 303 scri
1383 270 1516 302 serunt.

1332 310 1357 349 2
1411 312 1468 347 PA
1477 322 1572 348 ULUs
1593 312 1683 347 libro
1707 312 1895 348 undecimo
1920 313 1970 348 ad
1988 313 2141 349 edictum
2179 312 2383 349 011111111οῐ1-

1285 357 1369 393 dato
1385 359 1412 378 ¹⁰
1435 358 1548 403 patris
1580 357 1674 392 filius
1705 356 1859 392 familias
1888 368 1945 393 res
1983 358 2272 402 administraret,
2309 370 2382 395 non

1284 403 1394 438 habet
1412 402 1626 438 beneficium
1646 402 1901 437 restitutionis:
1927 414 2011 438 nam
2032 408 2067 439 et
2089 405 2118 439 si
2132 404 2223 440 alius
2236 404 2268 440 ei
2282 415 2383 439 man·

1284 448 1423 491 dasset,
1448 459 1522 483 non
1546 452 1835 490 succurreretur,
1865 458 1947 482 cum
1971 459 2013 484 eo
2038 449 2143 485 modo
2168 449 2294 485 maiori
2317 461 2383 495 po-

1283 494 1354 528 tius
1380 494 1645 535 consuleretur,
1680 493 1781 528 cuius
1807 492 1937 529 damno
1962 504 2019 529 res
2045 495 2090 529 sit
2115 505 2272 531 cessura.
2320 495 2382 532 sed

1284 539 1314 574 si
1346 542 1474 574 eventu
1506 539 1674 573 damnum
1706 538 1822 573 minor
1855 549 2028 583 passurus
2066 540 2129 582 sit,
2167 541 2251 585 quia
2287 541 2382 587 quod

1282 584 1502 629 praestiterit
1537 593 1680 619 servare
1712 584 1757 618 ab
1790 594 1831 618 eo
1865 583 1966 619 cuius
1999 586 2141 629 negotia
2171 586 2281 631 gessit
2311 597 2383 622 non

1282 633 1413 674 potest,
1439 630 1523 674 quia
1545 629 1576 664 is
1601 639 1674 664 non
1699 629 1765 663 erit
1789 629 1978 671 solvendo,
2005 630 2080 664 51110
2106 630 2212 666 dubio
2238 635 2384 677 praetor

1282 675 1503 710 interveniet.
1541 675 1571 710 si
1595 678 1715 709 autem
1738 674 1816 719 ipse
1841 674 2004 709 dominus
2029 675 2144 710 minor
2169 677 2226 719 sit,
2251 688 2382 722 procu-

1282 723 1382 755 rator
1404 730 1488 755 vero
1513 719 1657 755 maioris
1682 719 1822 762 aetatis,
1848 731 1919 755 non
1943 724 2064 765 potest
2087 720 2192 756 facile
2218 722 2383 758 dominus

1284 765 1418 808 audiri,
1451 766 1519 801 nisi
1552 766 1581 800 si
1613 765 1785 800 mandatu
1810 765 1886 800 eius
1910 770 2049 809 gestum
2074 766 2140 801 erit
2164 778 2229 801 nec
2254 779 2275 802 a
2299 778 2382 813 pro-

1285 815 1451 846 curatore
1474 811 1610 846 s-ervari
1633 821 1690 845 res
1723 811 1849 855 possit.
1888 821 1970 856 ergo
2005 815 2040 846 01
2072 812 2102 846 51
2134 813 2382 857 procuratorio

1283 856 1425 891 nomine
1449 857 1564 891 minor
1589 856 1881 900 circumscriptus
1906 857 1964 898 sit,
1988 857 2157 901 imputari
2182 857 2288 892 debet
2312 859 2382 894 hoc

1284 901 1438 944 domino,
1465 902 1525 946 qui
1548 902 1611 936 tali
1636 901 1812 937 commisit
1836 912 1902 936 sua
1926 903 2080 946 negotia.
2115 902 2222 948 idque
2236 907 2271 938 et
2283 904 2382 938 Mar-

1285 947 1373 982 cello
1398 947 1528 992 placet.

1330 990 1383 1029 24
1408 992 1569 1027 vaws
1590 992 1681 1028 libro
1698 993 1823 1038 primo
1848 993 2109 1027 sententiarum
2158 992 2261 1037 Quod
2276 994 2305 1028 si
2318 995 2383 1028 mi-

1283 1048 1350 1073 nor
1374 1047 1441 1073 sua
1465 1041 1592 1083 sponte
1616 1037 1766 1082 negotiis
1790 1037 1934 1072 maioris
1959 1037 2190 1074 intervenerit
2206 1040 2244 1081 ¹¹,
2278 1040 2383 1074 resti-

1283 1083 1438 1118 tuendus
1464 1083 1541 1126 erit,
1566 1093 1611 1118 ne
1636 1083 1761 1118 maiori
1786 1082 1953 1117 damnum
1974 1083 2126 1119 accidat.
2162 1084 2258 1129 quod
2271 1084 2384 1120 sihoc

1282 1128 1445 1164 facerem
1469 1128 1705 1170 recusaverit,
1738 1132 1825 1163 tunc
1859 1128 1890 1163 si
1921 1132 2118 1164 conventus
2142 1129 2253 1164 fuerit
2275 1140 2382 1175 nego-

1282 1174 1413 1209 tiorum
1437 1177 1638 1219 gestorum,
1663 1173 1834 1209 adversus
1858 1173 1953 1209 hanc
1978 1175 2157 1209 actionem
2182 1185 2255 1210 non
2277 1176 2381 1211 resti-

1283 1220 1416 1254 tuitur:
1450 1219 1514 1254 sed
1547 1219 1812 1264 compellendus
1845 1222 1900 1254 est
1924 1219 1975 1254 sic
2001 1220 2032 1254 ei
2057 1220 2183 1255 cedere
2207 1220 2384 1256 01111111013

1283 1265 1319 1299 in
1350 1265 1527 1309 integrum
1561 1264 1817 1307 restitutionis,
1855 1267 1896 1299 ut
1927 1268 2199 1309 procuratorem
2233 1276 2314 1301 eum
2345 1266 2381 1301 in

1282 1321 1356 1345 rem
1380 1321 1483 1345 suam
1506 1310 1629 1352 faciat,
1654 1313 1696 1345 ut
1718 1309 1834 1355 possit
1856 1320 1922 1354 per
1941 1310 2038 1345 hunc
2051 1310 2196 1346 modum
2210 1311 2379 1346 damnum

1290 1359 1299 1389 l
1351 1355 1419 1391 sibi
1451 1359 1599 1400 propter
1629 1356 1801 1390 minorem
1827 1355 2036 1400 contingens
2060 1357 2247 1392 resarcire.
2296 1356 2379 1392 Non

1283 1411 1423 1446 semper
1447 1404 1567 1435 autem
1588 1410 1648 1443 00,
1675 1411 1768 1446 quae
1789 1411 1870 1435 cum
1891 1400 2088 1436 minoribus
2108 1406 2299 1446 geruntur,
2324 1413 2381 1437 re-

1283 1446 1478 1481 scindenda
1502 1450 1604 1488 sunt,
1638 1447 1700 1481 sed
1724 1446 1770 1481 ad
1794 1446 1928 1481 bonum
1953 1450 1988 1482 et
2012 1457 2165 1492 aequum
2188 1447 2381 1492 redigenda

1283 1495 1386 1533 sunt,
1418 1502 1463 1526 ne
1494 1502 1622 1536 magno
1655 1491 1880 1527 incommodo
1913 1491 2021 1527 huius
2053 1493 2182 1528 aetatis
2218 1493 2380 1528 homines

1283 1537 1497 1571 adficiantur
1528 1537 1668 1572 nemine
1701 1548 1782 1572 cum
1805 1537 1861 1572 his
1886 1537 2123 1573 contrahente
2147 1541 2182 1573 et
2207 1538 2379 1583 quodam-

1281 1582 1387 1617 modo
1421 1583 1633 1617 commercio
1668 1582 1717 1617 eis
1742 1582 1975 1618 interdicetur
1988 1584 2027 1618 ¹⁴.
2063 1583 2185 1629 itaque
2217 1583 2286 1619 nisi
2317 1588 2381 1619 aut

1281 1627 1474 1662 manifesta
1508 1628 1793 1672 circumscriptio
1830 1628 1877 1663 sit
1912 1631 1976 1662 aut
2008 1632 2083 1663 tam
2097 1630 2124 1650 ¹⁵
2155 1629 2382 1674 neglegenter

1282 1673 1319 1707 in
1344 1683 1386 1708 ea
1412 1683 1522 1708 causa
1546 1674 1679 1708 versati
1703 1676 1798 1715 sunt,
1822 1676 1969 1718 praetor
1991 1673 2221 1719 interponere
2244 1685 2283 1710 se
2307 1685 2380 1711 non

1283 1722 1302 1752 2
1351 1718 1468 1753 debet.
1517 1718 1689 1754 Scaevola
1720 1721 1844 1754 noster
1875 1718 2014 1754 aiebat:
2055 1720 2086 1754 si
2149 1719 2205 1755 uis
2237 1719 2380 1755 iuvenili

1281 1764 1425 1799 levitate
1450 1764 1579 1798 ductus
1604 1764 1762 1799 omiserit
1784 1764 1840 1799 vel
1871 1764 2113 1809 repudiaverit
2171 1765 2380 1800 ereditatem

1282 1808 1336 1844 vel
1360 1809 1536 1844 bonorum
1561 1809 1835 1853 possessionem,
1861 1809 1892 1844 si
1916 1809 2058 1854 quidem
2083 1810 2203 1845 omnia
2226 1810 2263 1845 in
2286 1811 2378 1846 inte-

1281 1865 1343 1899 gro
1369 1855 1458 1896 sint,
1494 1855 1695 1889 omnimodo
1721 1854 1921 1889 audiendus
1947 1858 2018 1890 est:
2052 1855 2082 1890 si
2105 1866 2187 1891 vero
2212 1856 2284 1891 iam
2308 1856 2381 1891 dis·

1281 1903 1400 1934 tracta
1423 1900 1622 1935 hereditate
1648 1904 1683 1935 et
1706 1899 1857 1951 negotiis
1881 1899 1992 1935 finitis
2016 1900 2063 1935 ad
2082 1904 2247 1945 paratam
2268 1911 2380 1946 pecu-

1282 1945 1377 1980 niam
1389 1945 1572 1980 laboribus
1586 1945 1771 1980 substituti
1782 1945 1912 1988 veniat,
1926 1946 2152 1990 repellendus
2163 1950 2235 1982 est:
2249 1947 2380 1982 multo-

1282 2001 1351 2034 que
1374 1990 1519 2035 parcius
1545 2001 1589 2025 ex
1612 1991 1680 2025 hac
1706 2000 1817 2025 causa
1835 1990 2004 2026 heredem
2023 1991 2169 2027 minoris
2188 1992 2379 2027 restituen-

1283 2039 1301 2070 3
1351 2035 1435 2070 dum
1460 2045 1548 2070 esse.
1598 2035 1636 2070 Si
1668 2046 1790 2070 servus
1823 2036 1878 2071 vel
1911 2035 2005 2071 filius
2029 2036 2184 2072 familias
2209 2037 2380 2073 minorem

1283 2080 1613 2125 circumscripserit,
1638 2084 1742 2126 pater
1767 2080 1975 2117 dominusve
1999 2082 2096 2126 quod
2120 2082 2168 2117 ad
2191 2091 2273 2118 eum
2297 2093 2379 2128 per-

1280 2126 1416 2161 venerit
1439 2127 1627 2161 restituere
1649 2125 1826 2161 iubendus
1852 2129 1925 2168 est,
1957 2127 2054 2172 quod
2085 2138 2158 2163 non
2181 2129 2380 2174 pervenerit

1282 2181 1325 2205 ex
1349 2171 1490 2216 peculio
1515 2181 1638 2206 eorum
1662 2174 1863 2217 praestare:
1890 2172 1920 2206 si
1946 2182 1991 2207 ex
2014 2176 2141 2208 neutro
2167 2173 2319 2209 satisfiet
2343 2178 2379 2209 et

1281 2216 1383 2251 dolus
1409 2217 1501 2252 servi
1532 2217 1780 2258 intervenerit,
1815 2220 1878 2251 aut
1909 2218 2116 2253 verberibus
2150 2219 2379 2264 castigandus

1280 2266 1343 2296 aut
1366 2272 1481 2297 noxae
1507 2262 1690 2297 dedendus
1716 2262 1792 2297 erit.
1831 2262 1895 2297 sed
1916 2267 1952 2298 et
1972 2263 2002 2298 si
2021 2263 2115 2299 filius
2135 2263 2289 2300 familias
2309 2264 2379 2300 hoc

1280 2311 1299 2341 4
1346 2307 1451 2350 fecit,
1477 2308 1522 2343 ob
1549 2307 1670 2342 dolum
1694 2318 1798 2342 suum
1824 2308 2132 2344 condemnabitur.
2181 2309 2378 2355 Restitutio

1281 2356 1401 2388 autem
1424 2353 1477 2388 ita
1510 2353 1676 2388 facienda
1708 2357 1782 2396 est,
1819 2357 1860 2387 ut
1890 2354 2138 2399 unusquisque
2151 2353 2188 2376 Ψ
2202 2355 2379 2399 integrum

1280 2399 1334 2432 ius
1359 2409 1464 2433 suum
1487 2398 1648 2443 recipiat.
1685 2398 1807 2443 itaque
1831 2399 1862 2433 si
1884 2399 1921 2433 in
1945 2399 2129 2435 vendendo
2162 2398 2274 2435 fundo
2310 2401 2378 2435 cir-

1281 2443 1518 2488 cumscriptus
1543 2444 1762 2485 restituetur,
1787 2444 1910 2478 iubeat
1929 2448 2074 2489 praetor
2087 2449 2283 2489 emptorem
2294 2444 2376 2480 fun-

1280 2489 1364 2523 dum
1389 2499 1471 2524 cum
1494 2489 1671 2524 fructibus
1696 2489 1846 2524 reddere
1870 2493 1906 2523 et
1928 2490 2082 2533 pretium
2105 2490 2284 2535 recipere,
2308 2490 2378 2526 nisi

1280 2534 1310 2568 si
1334 2538 1420 2568 tunc
1445 2534 1593 2576 dederit,
1619 2545 1700 2569 cum
1725 2545 1806 2569 eum
1828 2534 2051 2579 perditurum
2075 2545 2149 2570 non
2171 2535 2375 2580 ignoraret:

1280 2579 1386 2614 sicuti
1409 2579 1498 2614 facit
1521 2579 1558 2613 in
1584 2589 1626 2614 ea
1650 2579 1813 2624 pecunia,
1840 2589 1933 2631 quae
1957 2579 1989 2614 ei
2014 2584 2270 2625 consumpturo
2296 2591 2373 2616 cre-

1280 2624 1386 2666 ditur,
1412 2624 1474 2660 sed
1498 2625 1642 2669 parcius
1665 2625 1703 2659 in
1727 2624 1947 2667 venditione,
1973 2625 2057 2670 quia
2080 2635 2142 2660 aes
2166 2626 2321 2661 alienum
2346 2626 2378 2662 ei

1278 2670 1437 2711 solvitur,
1463 2669 1560 2714 quod
1584 2669 1705 2704 facere
1728 2679 1876 2705 necesse
1900 2673 1965 2712 est,
1991 2670 2136 2706 credere
2160 2675 2280 2707 autem
2303 2682 2377 2707 non

1279 2718 1333 2750 est
1356 2725 1513 2750 necesse.
1552 2725 1636 2750 nam
1660 2718 1695 2749 et
1719 2714 1749 2750 si
1773 2714 1870 2760 origo
1896 2718 2104 2751 contractus
2128 2716 2179 2751 ita
2204 2717 2377 2759 constitit,

1278 2764 1319 2795 ut
1341 2760 1555 2794 infirmanda
1579 2761 1635 2802 sit,
1660 2760 1692 2795 si
1703 2763 1824 2794 tamen
1843 2770 1991 2796 necesse
2010 2761 2081 2796 fuit
2101 2762 2256 2807 pretium
2276 2762 2376 2805 solvi,

1279 2809 1297 2839 5
1346 2815 1420 2840 non
1439 2805 1640 2840 omnimodo
1663 2809 1802 2850 emptor
1821 2805 1951 2841 damno
1974 2806 2195 2842 adficiendus
2216 2810 2281 2843 est.
2317 2807 2377 2843 Ex

1277 2851 1347 2885 hoc
1381 2850 1496 2885 edicto
1530 2850 1629 2885 nulla
1659 2850 1807 2895 propria
1831 2851 1925 2886 actio
1949 2851 2004 2887 vel
2029 2853 2149 2888 cautio
2174 2852 2373 2898 proficisci-

1278 2900 1357 2930 tur:
1383 2898 1499 2930 totum
1524 2895 1617 2931 enim
1640 2895 1710 2931 hoc
1733 2895 1866 2941 pendet
1890 2907 1933 2931 ex
1956 2898 2132 2942 praetoris
2158 2898 2372 2943 cognitione.

1325 2938 1377 2977 25
1418 2941 1542 2976 GAIUS
1574 2941 1665 2976 libro
1687 2944 1834 2986 ,quarto
1870 2942 1920 2977 ad
1952 2942 2107 2979 edictum
2144 2944 2375 2996 provinciale

1278 2985 1371 3020 Illud
1393 2986 1528 3020 nullam
1551 2986 1661 3022 habet
1684 2985 1962 3030 dubitationem,
1996 2988 2083 3033 quin
2106 2999 2224 3024 minor
2247 2989 2278 3024 si
2301 2999 2374 3024 non

1279 3031 1438 3066 debitum
1461 3031 1607 3066 solverit
1632 3042 1675 3066 ex
1699 3041 1743 3066 ea
1766 3041 1896 3075 causa,
1923 3043 1966 3068 ex
1989 3044 2061 3078 qua
2081 3034 2157 3069 iure
2168 3033 2260 3069 civili
2271 3044 2373 3079 repe-

1278 3076 1356 3111 titio
1381 3086 1453 3110 non
1478 3079 1547 3120 est,
1571 3076 1692 3112 danda
1704 3076 1732 3098 ²⁷
1761 3077 1809 3112 sit
1840 3078 1872 3112 ei
1895 3079 1993 3113 utilis
2018 3079 2112 3114 actio
2138 3079 2185 3114 ad
2208 3083 2373 3125 repeten-

1281 3122 1383 3156 dum:
1419 3132 1500 3156 cum
1533 3125 1567 3156 et
1598 3122 1792 3157 maioribus
1815 3122 1938 3168 viginti
1962 3124 2118 3169 quinque
2142 3124 2245 3160 annis
2269 3124 2373 3160 iustis

1282 3170 1295 3200 1
1348 3177 1392 3201 ex
1416 3166 1535 3202 causis
1560 3166 1637 3201 dari
1660 3167 1751 3202 solet
1772 3168 1947 3213 repetitio.
1996 3168 2034 3204 Si
2057 3169 2139 3205 talis
2162 3169 2375 3205 interveniat

1278 3212 1427 3254 iuvenis,
1452 3212 1511 3246 cui
1534 3212 1751 3257 praestanda
1774 3212 1822 3248 sit
1843 3214 2035 3257 restitutio,
2060 3215 2139 3259 ipso
2162 3215 2374 3267 postulante

1278 3257 1454 3301 praestari
1479 3256 1585 3292 debet
1607 3260 1671 3292 aut
1693 3259 1959 3303 procuratori¹⁸
1984 3260 2078 3302 eius,
2113 3270 2172 3295 0111
2195 3260 2232 3295 id
2254 3260 2373 3304 ipsum

1279 3302 1486 3337 nominatim
1510 3301 1719 3337 mandatum
1742 3303 1806 3338 sit:
1838 3305 1899 3349 qui
1922 3315 2006 3340 vero
2031 3305 2196 3350 generale
2221 3304 2370 3339 manda·

1277 3473 1360 3503 quae
1380 3468 1559 3503 sequuntur
1578 3463 1610 3495 in
1633 3463 1778 3506 dapalis,
1800 3465 1950 3496 videntur
1970 3476 2038 3497 esse
2051 3477 2090 3497 ex
2102 3464 2205 3496 Pauli
2217 3463 2234 3495 l.
2250 3463 2315 3496 XI
2324 3463 2374 3495 ad

1278 3507 1413 3538 edictum
1423 3507 1606 3549 (Cuiacius)
1617 3520 1630 3539 .·
1640 3520 1834 3551 quamquam
1844 3521 1884 3541 ne
1893 3509 2049 3542 Basilica
2058 3509 2185 3551 quidem
2197 3509 2369 3551 quicquam

1277 3557 1401 3584 mutant
1516 3552 1574 3594 (12)
1599 3552 1671 3585 face
1683 3553 1718 3585 F
1829 3554 1886 3595 (13)
1911 3555 1960 3587 sic
1970 3553 2079 3593 Ist’mS,
2094 3552 2280 3584 auxilioum
2295 3552 2368 3593 Ple,

1277 3595 1441 3628 auxilium
1455 3596 1533 3629 dett.
1639 3599 1696 3639 (14)
1721 3598 1945 3630 interdicatur
1958 3599 2030 3631 edd.
2143 3598 2200 3639 (15)
2227 3600 2286 3629 aut
2298 3600 2367 3629 tam

1278 3641 1311 3672 F
1316 3640 1340 3680 ³,
1355 3644 1467 3673 autam
1483 3641 1545 3683 F²‚
1559 3645 1618 3674 aut
1631 3643 1810 3675 admodum
1823 3656 1886 3676 scr.
2072 3643 2131 3681 (16)
2157 3642 2192 3674 in
2208 3644 2268 3675 ins.
2283 3642 2318 3674 F
2327 3642 2371 3675 ¹8

1278 3684 1337 3725 (1¹1)
1360 3691 1444 3717 recte
1466 3686 1668 3727 interpunxit
1692 3683 1796 3716 Lenel
1893 3685 1952 3727 (18)
1975 3686 2172 3727 procurator
2198 3684 2259 3726 1⁵⁷¹,
2283 3695 2363 3727 pro-

1279 3730 1432 3761 curatore
1459 3729 1558 3762 Taur.

2050 3786 2090 3816 8*
