2528 3918
115 131 179 162 DE
208 128 516 162 CONDICTIONE
545 127 748 158 INDEBITI

163 239 187 275 4
220 238 414 274 Urmzws
431 237 521 272 libro
535 236 723 272 vicensimo
735 238 840 270 sexto
853 234 903 269 ad
914 234 1068 270 edictum
1102 234 1199 269 Idem

117 285 145 319 si
170 284 215 319 ob
241 287 403 328 stuprum
426 282 549 318 datum
574 281 631 323 sit,
655 280 711 315 vel
734 280 765 316 si
784 279 863 324 quis
882 279 919 314 in
939 279 1113 315 adulterio
1140 279 1199 314 de-

116 330 312 374 prehensus
336 326 522 363 redemerit
546 336 601 360 se:
628 329 746 360 cessat
770 324 864 359 enim
886 325 1070 370 repetitio,
1095 324 1201 369 idque

120 378 132 408 1
185 373 335 408 Sabinus
354 376 389 408 et
405 372 563 415 Pegasus
586 369 858 415 responderunt.
905 369 995 404 Item
1016 370 1047 405 si
1066 369 1202 405 dederit

115 420 183 461 fur,
208 429 252 454 ne
275 417 493 463 proderetur,
518 415 685 460 quoniam
709 415 894 459 utriusque
916 415 1101 459 turpitudo
1122 425 1200 449 ver-

115 467 133 498 2
182 467 291 504 satur,
318 465 435 497 cessat
458 461 630 506 repetitio.
679 460 848 507 Quotiens
869 463 989 494 autem
1010 460 1119 495 solius
1141 470 1200 494 ac-

115 508 277 553 cipientis
301 506 484 551 turpitudo
509 510 689 547 versatur,
716 505 841 539 Celsus
866 505 917 539 ait
939 505 1052 549 repeti
1076 515 1199 550 posse:

115 557 133 588 3
181 552 289 588 veluti
307 552 338 587 si
357 551 421 586 tibi
441 551 583 593 dedero,
607 561 653 585 ne
672 550 757 585 mihi
775 550 942 585 iniuriam
960 550 1086 585 facias.
1131 549 1202 585 Sed

114 598 210 643 quod
232 597 408 632 meretrici
432 596 547 638 datur,
571 596 685 640 repeti
708 606 780 631 non
803 599 934 640 potest,
959 598 1000 629 ut
1019 595 1142 630 Labeo
1167 598 1203 630 et

114 642 305 678 Marcellus
329 641 509 683 scribunt,
534 640 598 676 sed
622 651 715 676 nova
737 641 896 683 ratione,
921 650 993 675 non
1019 651 1079 683 ea,
1105 640 1201 684 quod

113 688 296 732 utriusque
319 686 501 731 turpitudo
525 690 696 727 versatur,
722 685 785 720 sed.
809 685 919 720 solius
944 685 1080 720 dantis:
1105 686 1202 719 illam

113 733 204 767 enim
227 732 379 777 turpiter
402 731 532 773 facere,
557 731 653 776 quod
676 731 723 766 sit
744 731 929 773 meretrix,
954 741 1027 765 non
1051 731 1203 775 turpiter

112 782 131 812 4
180 777 359 822 accipere,
393 788 474 811 cum
498 777 544 811 sit
567 776 745 811 meretrix.
794 775 832 810 Si
856 776 921 810 tibi
944 775 1114 810 indicium
1139 775 1200 810 de-

113 823 213 864 dero,
249 827 290 857 ut
319 822 504 866 fugitivum
535 832 651 856 meum
682 821 817 856 indices
848 821 904 856 vel
937 820 1052 855 furem
1082 829 1202 856 rerum

112 878 287 910 mearum,
319 878 391 902 non
425 867 558 912 poterit
591 867 705 912 repeti
743 866 840 911 quod
875 865 998 901 datum
1031 870 1102 901 est:
1135 876 1202 901 nec

111 913 203 948 enim
235 913 388 957 turpiter
419 923 504 947 acce
530 912 600 947 isti.
637 911 733 958 quod
764 911 794 946 si
817 921 840 946 a
861 910 1009 956 fugitivo
1034 921 1113 946 meo
1138 922 1199 946 ac-

112 958 245 1002 ceperis
270 969 315 993 ne
340 968 420 993 eum
451 958 488 992 in
513 967 647 1000 mares,
681 956 869 992 condicere
899 956 967 991 tibi
997 956 1067 991 hoc
1098 957 1202 1001 quasi

110 1003 180 1038 furi
211 1003 361 1047 possim:
396 1002 480 1038 sed¹
506 1003 537 1038 si
559 1003 636 1047 ipse
658 1002 719 1036 fur
741 1001 912 1036 indicium
935 1012 957 1036 a
981 1011 1037 1036 me
1061 1002 1203 1046 accepit

110 1048 163 1083 vel
186 1048 275 1083 furis
298 1048 354 1083 vel
376 1048 514 1093 fugitivi
537 1048 666 1090 socius,
691 1050 780 1092 puto
802 1046 1064 1082 condictionem
1082 1047 1201 1082 locum

109 1094 252 1129 habere.

157 1137 180 1175 5
207 1138 401 1174 IULIANUS
429 1138 520 1174 libro
552 1138 657 1172 tertio
682 1137 732 1172 ad
761 1136 921 1172 Urseium
945 1137 1117 1173 Ferocem
1164 1137 1202 1172 Si

109 1195 131 1219 a
155 1194 254 1219 servo
279 1194 357 1218 meo
381 1183 570 1228 pecuniam
594 1182 672 1228 quis
696 1182 906 1227 accepisset,
930 1193 975 1217 ne
998 1182 1135 1218 furtum
1154 1183 1200 1218 ab

110 1240 151 1264 eo
175 1229 312 1264 factum
334 1229 518 1271 indicaret,
544 1228 616 1263 sive
638 1227 834 1263 indicasset
856 1227 929 1262 sive
952 1238 1045 1270 non,
1068 1228 1199 1273 repeti-

109 1275 243 1309 tionem
266 1274 345 1309 fore
369 1274 445 1309 eius
468 1274 643 1319 pecuniae
665 1273 842 1308 Proculus
865 1273 1061 1318 respondit.

155 1317 179 1356 6
211 1319 407 1355 ΠιΡΙΑΝσει
422 1319 513 1355 libro
533 1322 658 1354 octavo
678 1318 815 1354 decimo
829 1318 880 1353 ad
889 1317 1064 1354 Sabinum
1110 1318 1198 1353 Per-

108 1369 215 1410 petuo
253 1364 407 1399 Sabinus
474 1364 614 1400 robavit
647 1367 806 1398 veterum
841 1363 1044 1408 opinionem
1079 1363 1199 1398 existi-

108 1410 280 1445 mantium
303 1410 351 1452 id,
377 1375 473 1454 quog
497 1420 541 1445 ex
563 1409 697 1444 iniusta
721 1418 832 1444 causa
851 1408 948 1453 apud
967 1409 1122 1454 aliquem
1141 1409 1199 1452 sit,

108 1466 214 1500 posse
239 1455 395 1490 condici:
420 1455 458 1490 in
481 1465 552 1500 qua
576 1454 752 1490 sententia
777 1454 883 1489 etiam
908 1453 1030 1489 Celsus
1055 1458 1119 1489 est.

155 1498 178 1536 7
203 1500 433 1535 POMPONIUS
453 1500 543 1535 libro
566 1500 756 1535 vicensimo
777 1499 935 1534 secundo
956 1500 1006 1534 ad
1023 1499 1199 1535 Sabinum

108 1546 165 1580 Ex
190 1556 232 1580 ea
256 1545 503 1590 stipulatione,
535 1555 628 1590 quae
658 1555 723 1589 per
752 1544 822 1579 vim
853 1547 994 1580 extorta
1025 1548 1136 1587 esset,
1168 1545 1200 1580 si

110 1594 237 1626 exacta
261 1594 354 1626 esset
404 1591 541 1633 ecunia,
565 1590 813 1635 repetitionem
837 1599 916 1624 esse
941 1593 1094 1625 constat.

154 1633 178 1674 8
203 1635 364 1671 Pieres
397 1636 474 1671 ibro
500 1636 605 1671 tertio
630 1636 880 1681 quaestionum
927 1634 965 1670 Si
988 1635 1034 1671 ob
1059 1639 1200 1680 turpem

109 1692 254 1716 causam
277 1681 481 1726 promiseris
506 1681 620 1723 Titio,
653 1680 831 1725 quamvis,
864 1680 895 1715 si
918 1684 1037 1725 petat,
1070 1689 1199 1733 excep-

106 1727 203 1762 tione
228 1727 299 1762 doli
322 1727 405 1761 mali
430 1727 485 1761 vel
508 1727 546 1761 in
568 1726 705 1761 factum
729 1735 950 1760 summovere
970 1737 1051 1761 eum
1070 1735 1199 1771 possls,

107 1776 228 1807 tamen
259 1772 290 1807 si
321 1772 486 1814 solveris,
518 1782 590 1807 non
614 1781 720 1816 posse
752 1775 789 1806 te
819 1774 998 1815 repetere,
1032 1772 1200 1816 quoniam

108 1818 251 1853 sublata
285 1818 447 1862 proxima
483 1827 594 1852 causa
629 1815 888 1868 stipulationiS,
926 1827 1018 1861 quae
1052 1820 1200 1862 propter

108 1862 351 1907 exceptionem
370 1862 485 1897 inanis
507 1866 611 1904 esset,
636 1862 789 1906 prlstina
807 1872 929 1904 causa,
954 1862 992 1897 id
1012 1867 1066 1897 est
1084 1862 1198 1907 turpi-

106 1908 214 1950 tudo,
240 1911 459 1952 superesset:
494 1918 601 1953 porro
634 1911 754 1942 autem
785 1907 816 1941 si
841 1910 876 1941 et
900 1907 1018 1942 dantis
1044 1911 1080 1942 et
1103 1908 1199 1943 acci-

107 1953 236 1998 pientis
267 1953 381 1998 turpis
407 1955 518 1988 eausa
541 1953 605 1995 sit,
638 1962 882 1997 possessorem
913 1953 1088 1997 potiorem
1121 1963 1200 1988 esse

108 2003 143 2034 et
165 1998 244 2033 ideo
269 1998 516 2042 repetitionem
541 2008 700 2040 cessare,
731 1997 873 2033 tametsi
905 2008 949 2033 ex
972 1998 1201 2043 stipulatione

107 2044 263 2080 solutum
287 2047 350 2079 est.

153 2087 178 2126 9
202 2089 312 2124 IDEM
337 2089 427 2124 libro
459 2089 585 2134 quinto
617 2088 667 2124 ad
696 2088 882 2124 Plautium
930 2088 967 2124 Si
990 2089 1201 2124 vestimenta

107 2134 240 2170 utenda
263 2134 328 2169 tibi
353 2133 666 2177 commodavero2,
692 2134 819 2169 deinde
843 2135 1017 2179 pretium,
1042 2137 1086 2169 ut
1107 2135 1198 2170 reci-

107 2190 239 2225 perem,
266 2179 453 2222 dedissem,
479 2179 730 2214 condictione³
753 2189 809 2214 me
832 2183 929 2214 recte
952 2183 1118 2214 acturum
1141 2190 1198 2215 re-

108 2235 279 2270 sponsum
311 2229 383 2259 est:
417 2225 575 2269 quamvis
608 2225 701 2259 enim
731 2228 878 2270 propter
908 2235 983 2260 rem
1007 2224 1130 2260 datum
1154 2225 1200 2260 sit

111 2274 123 2305 1
175 2274 211 2305 et
235 2280 343 2305 causa
367 2274 491 2305 secuta
514 2270 570 2312 sit,
594 2273 714 2304 tamen
737 2270 890 2314 turpiter
914 2269 1036 2305 datum
1060 2274 1125 2305 est.
1162 2270 1200 2305 Si

106 2326 181 2350 rem
204 2315 360 2351 locatam
383 2315 449 2349 tibi
471 2315 527 2350 vel
549 2315 728 2350 venditam
753 2326 775 2349 a
798 2319 834 2350 te
856 2315 912 2350 vel
931 2315 1138 2350 mandatam
1158 2321 1199 2350 ut

107 2360 285 2403 redderes,
306 2361 494 2405 pecuniam
514 2361 708 2405 acceperis,
729 2360 871 2395 habebo
891 2364 1010 2395 tecum
1024 2371 1067 2396 ex
1078 2361 1197 2396 locato

107 2407 162 2441 vel
173 2405 315 2441 vendito
329 2405 383 2440 vel
401 2406 560 2441 mandati
577 2406 772 2440 actionem:
794 2406 890 2450 quod
911 2406 952 2448 si,
973 2410 1015 2440 ut
1033 2406 1081 2448 id,
1103 2406 1199 2451 quod

107 2462 150 2486 ex
170 2454 381 2486 testamento
402 2451 457 2486 vel
477 2461 519 2486 ex
541 2451 713 2496 stipulatu
733 2451 900 2493 debebaS,
914 2451 1081 2486 redderes
1101 2451 1198 2494 mihi,

106 2497 294 2540 pecuniam
317 2496 383 2531 tibi
407 2496 578 2538 dederim,
612 2496 791 2531 condictio
817 2496 1003 2531 dumtaxat
1026 2497 1199 2541 pecuniae

107 2541 214 2577 datae
238 2552 279 2577 eo
304 2541 446 2577 nomine
470 2542 546 2576 erit.
583 2541 691 2586 idque
715 2545 751 2577 et
774 2542 991 2586 Pomponius
1017 2542 1151 2577 scribit.

602 2635 657 2673 VI
666 2634 692 2672 ⁴.

329 2701 391 2733 DE
416 2699 723 2732 CONDICTIONE
750 2700 968 2733 INDEBITI.

156 2766 174 2804 1
210 2766 404 2803 ULPJANUS
413 2767 504 2802 libro
517 2767 708 2802 vicensimo
720 2769 827 2802 sexto
840 2766 890 2801 ad
900 2767 1054 2803 edietum
1090 2767 1197 2803 Nunc

111 2817 124 2847 1
174 2812 363 2848 videndum
387 2812 431 2847 de
453 2812 611 2847 indebito
636 2812 765 2847 soluto.
812 2812 863 2846 Et
899 2812 1040 2857 quidem
1063 2812 1094 2848 si
1118 2814 1196 2858 quis

107 2857 304 2893 indebitum
326 2857 493 2902 ignorans
518 2857 640 2899 solvit,
664 2867 730 2902 per-
752 2857 847 2892 hanc
871 2857 1050 2892 actionem
1075 2858 1196 2893 condi-

108 2913 187 2938 cere
210 2906 346 2948 potest:
379 2902 443 2938 sed
466 2902 496 2937 si
520 2903 634 2938 sciens
659 2912 698 2937 se
721 2913 794 2938 non
818 2903 946 2938 debere
970 2903 1093 2945 solvit,
1119 2913 1195 2938 ces-

109 2951 166 2982 sat
188 2948 362 2993 repetitio.

152 2990 178 3029 2
202 2993 307 3028 IDEM
336 2993 426 3028 libro
456 2995 561 3028 sexto
593 2992 732 3028 decimo
763 2992 812 3027 ad
835 2992 1009 3028 Sabinum
1056 2993 1094 3028 Si
1118 2994 1195 3038 quis

108 3038 158 3073 sic
189 3038 350 3080 solverit,
382 3041 441 3080 ut,
476 3038 506 3073 si
538 3038 764 3082 apparuisset
799 3048 877 3073 esse
910 3038 1107 3073 indebitum
1142 3039 1195 3074 vel

108 3083 267 3119 Falcidia
291 3083 481 3126 emerserit,
504 3083 686 3125 reddatur,
710 3083 873 3127 repetitio
891 3083 1010 3118 locum
1030 3084 1193 3119 habebit:

111 3131 124 3162 1
174 3129 353 3173 negotium
378 3128 470 3163 enim
494 3132 719 3163 contractum
744 3132 798 3163 est
820 3129 913 3163 inter
937 3139 1008 3163 eos.
1057 3128 1094 3164 Si
1111 3129 1195 3174 quid

109 3184 151 3207 ex
173 3177 384 3208 testamento
410 3173 568 3208 solutum
599 3174 663 3215 sit,
696 3173 792 3218 quod
822 3177 949 3218 postea
978 3173 1109 3209 falsum
1140 3175 1195 3209 vel

107 3218 344 3254 inofficiosum
366 3218 422 3253 vel
444 3218 582 3253 irritum
605 3219 660 3253 vel
683 3222 827 3263 ruptum
851 3219 1069 3263 apparuerit,
1093 3230 1194 3298 refie-

108 3266 210 3304 tetur,
234 3264 288 3298 vel
313 3264 343 3298 si
393 3266 449 3298 ost
467 3264 617 3298 multum
637 3264 805 3308 temporis
829 3265 1009 3299 emerserit
1029 3274 1089 3299 aes
1109 3274 1131 3299 a
1147 3265 1194 3299 'e-

109 3319 212 3351 num,
235 3309 290 3344 vel
314 3319 354 3344 co
382 3308 466 3343 icilli
491 3309 551 3343 diu
576 3309 681 3344 celati
704 3309 876 3353 prolati⁵,
937 3309 975 3344 ui
998 3309 1194 3354 ademptio-

109 3363 188 3388 nem
213 3354 395 3388 continent
413 3354 610 3397 legatorum
629 3354 826 3389 solutorum
845 3354 900 3389 vel
946 3354 1195 3390 eminutionem

110 3409 172 3441 per
202 3399 289 3441 hoc,
322 3399 405 3443 quia
429 3399 506 3433 aliis
531 3409 671 3444 quoque
694 3399 811 3444 legata
834 3399 959 3434 relicta
983 3403 1077 3436 sunt.
1112 3410 1196 3434 nam

111 3442 209 3478 divus
233 3443 436 3478 Hadrianus
470 3444 565 3479 circa
595 3443 834 3479 inofficiosum
865 3448 900 3479 et
929 3444 1060 3479 falsum
1082 3448 1194 3479 testa-

110 3491 266 3522 mentum
300 3489 480 3532 rescripsit
514 3489 690 3524 actionem
726 3489 878 3524 dandam
913 3490 963 3532 ei,
1000 3489 1196 3525 secundum

111 3543 214 3576 quem
239 3533 282 3568 de
304 3533 501 3568 hereditate
523 3534 720 3569 iudicatum
745 3538 809 3568 est.

113 3645 151 3684 (1)
178 3646 283 3677 etius.
298 3645 466 3678 Schrader

115 3690 155 3727 (3)
182 3689 428 3722 condicticione
440 3690 475 3722 F

158 3735 200 3771 (4)
226 3734 307 3767 Sab.
321 3742 806 3770 2.4...8.10...16.18...20.22...41
821 3747 828 3774 ;
842 3737 907 3768 Ed.
926 3744 949 3769 1.
969 3744 996 3770 9.
1015 3743 1059 3769 17.
1076 3743 1194 3769 42...53.

648 3648 691 3688 (2)
716 3648 764 3679 sic
776 3646 866 3686 F2S,
881 3646 1135 3679 commenduero
1148 3646 1193 3678 Ιῑη

1200 109 1277 157 169

2170 116 2255 158 XII
2286 119 2366 159 5.6

1317 231 1341 271 3
1368 233 1615 270 PAPINJAst
1636 235 1726 270 libro
1754 237 1943 272 vicensimo
1965 241 2090 273 octavo
2112 238 2365 283 quaestionum

1272 279 1370 314 Idem
1395 284 1450 314 est
1474 283 1510 314 et
1533 279 1564 314 si
1588 280 1713 314 solutis
1738 281 1861 325 legatis
1882 292 1975 317 nova
1995 286 2031 316 et
2048 282 2234 328 inopinata
2256 293 2367 317 eausa

1271 324 1505 360 hereditatem
1526 325 1684 366 abstulit,
1706 326 1814 360 veluti
1832 330 1917 362 nato
1938 331 2116 371 postumo,
2138 338 2244 372 quem
2262 328 2367 363 heres

1271 370 1309 404 iu
1332 373 1434 404 utero
1459 369 1571 405 fuisse
1594 369 1800 413 ignorabat,
1833 372 1888 405 vel
1919 372 2027 406 etiam
2050 373 2096 407 ab
2120 373 2286 408 hostibus
2310 383 2365 407 re·

1271 424 1372 450 verso
1405 415 1497 457 filio,
1531 424 1635 459 quem
1666 418 1770 460 pater
1801 416 1919 451 obisse
1942 417 2034 452 falso
2058 424 2365 463 praesumpserat:

1273 470 1354 494 nam
1378 460 1483 496 utiles
1508 460 1669 495 actiones
1694 463 1860 504 postumo
1888 462 1941 496 vel
1971 462 2064 504 filio,
2121 463 2158 497 ui
2188 463 2365 498 heredita-

1273 508 1343 540 tem
1368 506 1539 546 evicerat,
1566 505 1643 540 dari
1666 508 1833 550 oportere
1856 506 1892 539 in
1917 516 1995 549 eos,
2022 508 2082 551 qui
2097 475 2261 552 (legatum
2283 518 2364 554 per-

1272 555 1462 595 ceperunt,
1487 551 1682 595 imperator
1706 550 1811 585 Titus
1835 551 2039 587 Antoninus
2063 553 2263 598 rescripsit,
2297 554 2365 588 sci-

1271 595 1354 630 licet
1377 595 1473 640 quod
1499 596 1614 630 bonae
1636 595 1720 630 fidei
1743 605 1931 640 possessor
1953 596 1990 630 in
2015 602 2186 641 quantum
2205 599 2363 644 locuple-

1270 640 1341 675 tior
1363 640 1482 676 factus
1507 645 1562 676 est
1585 644 1726 675 tenetur
1750 651 1816 675 nec
1867 641 2036 676 ericulum
2066 643 2270 678 huiusmodi
2301 654 2364 679 no-

1271 686 1404 720 minum
1428 686 1475 721 ad
1499 696 1589 727 eum,
1615 686 1675 730 qui
1699 686 1775 721 sine
1800 696 1844 720 cu
1859 696 1906 730 pa
1930 687 2044 728 solvit,
2069 688 2270 732 pertinebit.

1317 729 1342 766 4
1376 730 1536 766 Panes
1564 731 1655 766 libro
1688 732 1793 766 tertio
1829 731 1879 765 acl
1910 730 2084 766 Sabinum
2132 733 2227 768 Idem
2265 734 2365 769 divus

1270 775 1474 854 {Iadrianus
1510 776 1695 820 rescripsit
1730 779 1766 811 et
1801 775 1832 811 si
1866 776 1965 811 aliud
1998 780 2250 813 testamentum
2283 790 2365 824 pro-

1288 824 1419 855 eratur.

1317 864 1341 902 5
1373 865 1568 902 ULPJANUs
1589 867 1680 902 libro
1705 869 1809 901 sexto
1834 866 1972 902 decimo
1997 866 2047 902 ad
2069 866 2243 902 Sabinum
2288 869 2365 904 Nec

1271 921 1421 954 novum,
1454 915 1495 946 ut
1519 912 1613 956 quod
1638 912 1726 946 alius
1751 911 1897 947 solverit
1920 911 2012 946 alius
2037 916 2187 956 repetat.
2225 924 2306 948 nam
2332 918 2367 949 et

1271 967 1352 991 cum
1388 957 1503 992 minor
1538 957 1660 1001 viginti
1696 957 1852 1009 quinque
1887 957 1989 991 annis
2024 957 2226 993 inconsulte
2268 959 2366 994 adita

1270 1001 1468 1037 hereditate
1492 1002 1618 1037 solutis
1642 1002 1767 1046 legatis
1790 1013 1829 1036 in
1851 1002 2028 1046 integrum
2051 1003 2269 1045 restituitur,
2295 1016 2366 1038 non

1270 1047 1340 1091 ipsi
1362 1047 1612 1092 repetitionem
1637 1050 1857 1092 competere,
1890 1047 1953 1082 sed
1986 1047 2038 1089 ei,
2071 1048 2118 1082 ad
2142 1059 2247 1092 quem
2272 1049 2367 1084 bona

1270 1092 1461 1137 pertinent,
1485 1093 1590 1127 Arrio
1616 1092 1758 1127 Titiano
1783 1092 1998 1137 rescriptum
2023 1096 2089 1128 est.

1317 1134 1342 1174 6
1367 1136 1529 1173 PAULUS
1549 1138 1640 1173 libro
1666 1138 1771 1172 tertio
1794 1138 1844 1172 ad
1866 1137 2041 1173 Sabinum
2089 1137 2127 1172 Si
2150 1144 2364 1182 procurator

1270 1186 1352 1217 tuus
1365 1182 1563 1217 indebitum
1583 1182 1728 1218 solverit
1748 1186 1783 1218 et
1801 1186 1842 1218 tu
1861 1187 1979 1217 ratum
1999 1194 2072 1218 non
2090 1183 2237 1225 habeas,
2259 1194 2366 1228 posse

1268 1228 1380 1272 repeti
1405 1227 1529 1263 Labeo
1553 1228 1653 1263 libris
1677 1228 1916 1273 posteriorum
1941 1229 2102 1273 scripsit:
2129 1229 2225 1273 quod
2250 1229 2280 1264 si
2305 1229 2364 1263 de-

1269 1273 1384 1308 bitum
1406 1273 1552 1315 fuisset,
1585 1284 1657 1308 non
1687 1284 1796 1318 posse
1826 1274 1940 1318 repeti
1965 1274 2109 1309 Celsus:
2140 1274 2240 1316 ideo,
2276 1285 2364 1319 quo-

1269 1318 1383 1360 niam,
1418 1329 1498 1354 cum
1523 1319 1602 1364 quis
1626 1323 1896 1363 procuratorem
1920 1329 2038 1354 rerum
2062 1329 2208 1354 suarum
2234 1320 2366 1354 consti-

1269 1364 1358 1406 tuit,
1383 1363 1419 1398 id
1444 1374 1584 1409 quoque
1608 1364 1780 1399 mandare
1802 1364 1958 1406 videtur,
1984 1369 2025 1399 ut
2048 1365 2163 1400 solvat
2187 1365 2366 1407 creditori,

1269 1419 1384 1454 neque
1407 1413 1536 1454 postea
1566 1409 1847 1454 exspectandum
1879 1410 1969 1452 sit⁶,
2001 1413 2041 1445 ut
2071 1413 2191 1445 ratum
2222 1410 2365 1445 habeat.

1272 1457 1286 1488 1
1337 1454 1435 1489 Idem
1458 1455 1580 1490 Labeo
1607 1455 1667 1496 ait,
1692 1454 1723 1490 si
1741 1455 1970 1500 procuratori
1989 1454 2186 1490 indebitum
2208 1456 2366 1490 solutum

1270 1502 1290 1534 2
1339 1500 1384 1534 sit
1397 1503 1433 1535 et
1446 1499 1610 1535 dominus
1622 1504 1740 1535 ratum
1752 1510 1825 1535 non
1836 1500 1980 1543 habeat,
2000 1511 2107 1545 posse
2125 1511 2164 1535 re
2192 1501 2249 1536 eti.
2288 1501 2366 1535 Cel-

1269 1555 1330 1579 sus
1362 1545 1414 1580 ait
1445 1555 1544 1587 eum,
1577 1545 1639 1590 qui
1661 1545 1889 1590 procuratori
1914 1545 2098 1580 debitum⁷
2122 1556 2161 1581 so
2176 1546 2245 1588 vit,
2280 1557 2365 1581 con-

1268 1590 1369 1625 tinuo
1381 1590 1527 1626 liberari
1545 1601 1661 1635 neque
1679 1591 1970 1626 ratihabitionem
1991 1590 2250 1626 considerari⁸z
2272 1592 2367 1636 quod

1270 1635 1300 1670 si
1312 1635 1510 1670 indebitum
1530 1636 1720 1681 acceperit,
1740 1636 1820 1671 ideo
1843 1636 1935 1681 exigi
1954 1636 2256 1678 ratihabitionem,
2278 1647 2365 1681 quo-

1269 1681 1365 1716 niam
1388 1681 1477 1716 nihil
1501 1681 1545 1716 de
1567 1681 1637 1716 hoc
1661 1681 1805 1716 nomine
1829 1681 2000 1726 exigendo
2021 1681 2210 1717 mandasse
2229 1682 2365 1717 videre-

1268 1729 1347 1768 tur,
1372 1730 1409 1760 et
1430 1726 1532 1769 ideo,
1564 1726 1595 1761 si
1618 1730 1737 1761 ratum
1761 1737 1834 1762 non
1857 1727 2052 1769 habeatur,
2086 1737 2108 1761 a
2132 1731 2367 1771 procuratore

1270 1774 1290 1806 3
1337 1771 1584 1816 repetendum.
1632 1771 1791 1807 Iulianus
1827 1771 1878 1806 ait
1912 1782 2027 1816 neque
2062 1775 2218 1807 tutorem
2249 1782 2363 1817 neque

1268 1820 1538 1861 procuratorem
1551 1817 1727 1852 solventes
1740 1819 1903 1861 repetere
1948 1827 2029 1852 osse
2048 1827 2163 1862 neque
2182 1817 2365 1860 interesse,

1269 1872 1372 1897 suam
1395 1863 1585 1906 pecuniam
1610 1872 1656 1896 an
1680 1862 1806 1906 pupilli
1830 1862 1886 1896 vel
1934 1862 2043 1897 omini
2067 1863 2218 1897 solvant.

1316 1905 1339 1942 7
1366 1907 1596 1942 POMPONIUS
1616 1907 1707 1943 libro
1731 1918 1827 1942 nono
1852 1906 1902 1942 ad
1924 1906 2100 1943 Sabinum
2149 1907 2252 1950 Quod
2265 1907 2364 1942 inde-

1269 1953 1383 1988 bitum
1406 1963 1472 1998 per
1495 1963 1652 1988 errorem
1685 1952 1850 1995 solvitur,
1883 1956 1946 1987 aut
1975 1953 2093 1997 ipsum
2124 1957 2187 1987 aut
2219 1956 2364 1988 tantun-

1270 1998 1347 2034 dem
1372 1999 1555 2043 repetitur.

1316 2040 1340 2081 8
1366 2043 1526 2079 Panos
1553 2044 1645 2079 libro
1669 2046 1775 2078 sexto
1800 2042 1849 2077 ad
1871 2041 2047 2078 Sabinum
2095 2043 2199 2087 Quod
2223 2043 2366 2078 nomine

1269 2089 1406 2130 mariti,
1439 2089 1499 2133 qui
1523 2088 1690 2124 solvendo
1716 2098 1788 2123 non
1813 2088 1877 2129 sit,
1911 2088 2001 2123 alius
2026 2088 2165 2123 mulieri
2189 2089 2363 2131 solvisset,

1268 2138 1431 2179 repetere
1455 2145 1528 2169 non
1551 2137 1687 2179 potest:
1714 2133 1803 2168 adeo
1829 2133 1989 2168 debitum
2013 2134 2131 2168 esset⁹
2154 2134 2303 2169 mulieri.

1317 2177 1342 2216 9
1373 2176 1570 2215 Urmzws
1599 2179 1689 2214 libro
1720 2180 1976 2225 sexaqensimo
2007 2183 2112 2214 sexto
2137 2179 2187 2214 ad
2209 2179 2363 2215 edictum

1268 2224 1363 2260 Nam
1387 2228 1424 2260 et
1446 2225 1615 2267 maritus,
1648 2224 1697 2266 si,
1730 2234 1810 2259 cum
1832 2223 1954 2258 facere
1976 2224 2064 2258 nihil
2087 2224 2220 2269 possit,
2245 2224 2362 2259 dotem

1269 2270 1424 2311 solverit,
1449 2271 1486 2305 in
1511 2281 1553 2305 ea
1578 2280 1689 2304 causa
1713 2272 1767 2304 est
1792 2273 1832 2303 ut
1855 2272 2016 2313 repetere
2039 2280 2111 2305 non
2134 2270 2261 2314 possit.

1318 2314 1368 2353 10
1393 2315 1554 2351 Panos
1582 2315 1672 2350 libro
1703 2315 1855 2360 septimo
1888 2314 1939 2349 ad
1971 2313 2145 2350 Sabin-um
2191 2315 2233 2349 In
2269 2314 2361 2350 diem

1269 2360 1409 2396 debitor
1432 2361 1521 2396 adeo
1547 2360 1686 2395 debitor
1710 2363 1782 2402 est,
1815 2363 1857 2394 ut
1888 2362 1971 2394 ante
2003 2359 2095 2394 diem
2127 2359 2280 2395 solutum
2306 2370 2359 2395 re-

1268 2409 1390 2451 petere
1413 2417 1486 2442 non
1510 2406 1635 2451 possit.

1302 2450 1365 2488 ⁴11
1401 2451 1597 2487 ULPJANUS
1618 2451 1709 2486 libro
1734 2451 1943 2496 triqensimo
1967 2450 2093 2495 quinto
2118 2449 2169 2484 ad
2186 2448 2362 2485 Sabinum

1268 2496 1306 2531 Si
1328 2497 1371 2539 is,
1397 2507 1478 2532 cum
1503 2507 1574 2541 quo
1599 2496 1642 2531 de
1665 2496 1806 2541 peculio
1831 2499 1952 2530 actum
1976 2498 2042 2536 est,
2066 2506 2131 2540 per
2153 2495 2358 2539 impruden-

1267 2542 1354 2577 tiam
1376 2542 1457 2587 plus
1481 2552 1590 2587 quam
1612 2542 1651 2576 in
1673 2541 1814 2586 peculio
1839 2544 1894 2575 est
1917 2540 2078 2582 solverit,
2103 2544 2265 2585 repetere
2288 2551 2361 2575 non

1293 2591 1400 2623 otest.

1266 2599 1290 2633 p
1316 2630 1367 2669 12
1392 2631 1554 2668 PAULUS
1581 2631 1671 2666 libro
1702 2631 1855 2677 septimo
1887 2630 1938 2665 ad
1967 2629 2143 2666 Sabinum
2191 2629 2228 2665 Si
2258 2629 2361 2665 fundi

1267 2678 1336 2713 mei
1367 2688 1473 2713 usum
1504 2676 1667 2711 fructum
1696 2676 1763 2710 tibi
1794 2675 1923 2710 dedero
1955 2675 2047 2710 falso
2073 2675 2279 2710 existimans
2303 2686 2361 2710 me

1268 2734 1348 2758 eum
1382 2723 1449 2758 tibi
1484 2722 1613 2757 debere
1648 2725 1683 2756 et
1718 2724 1909 2765 antequam
1944 2724 2105 2765 repetam
2136 2720 2359 2763 decesserim,

1268 2768 1445 2804 condictio
1471 2767 1546 2802 eius
1570 2766 1616 2801 ad
1639 2766 1805 2801 heredem
1830 2776 1969 2810 quoque
1993 2776 2109 2800 meum
2131 2765 2309 2800 transibit.

1317 2812 1366 2851 13
1398 2813 1510 2848 IDEM
1538 2812 1629 2847 libro
1661 2812 1796 2847 decimo
1828 2811 1878 2845 ad
1907 2810 2083 2846 Sabinum
2137 2810 2360 2845 Naturaliter

1267 2860 1373 2894 etiam
1397 2868 1520 2894 servus
1545 2856 1741 2901 obligatur:
1776 2859 1811 2890 et
1834 2855 1934 2898 ideo,
1959 2856 1989 2890 si
2014 2856 2092 2900 quis
2116 2856 2260 2890 nomine
2284 2856 2358 2890 eius

1267 2905 1382 2939 solvat
1411 2903 1467 2939 vel
1498 2903 1575 2947 ipse
1604 2901 1862 2943 manumissus,
1895 2905 1937 2936 ut
1966 2901 2188 2946 Pomponius
2221 2901 2356 2943 scribit,

1271 2951 1298 2970 ¹⁰
1308 2960 1351 2984 ex
1374 2948 1525 2994 peculio,
1552 2947 1652 2981 cuius
1677 2947 1825 2981 liberam
1850 2946 2194 2981 administrationem
2213 2946 2356 2987 habeat,

1265 2995 1380 3039 repeti
1411 3004 1484 3028 non
1514 2992 1662 3037 poterit:
1696 2995 1732 3026 et
1764 2992 1808 3026 ob
1832 2991 1869 3026 id
1896 2995 1931 3027 et
1953 2991 2143 3027 fideiussor
2165 3002 2231 3036 pro
2257 3001 2357 3026 servo

1266 3043 1436 3084 acceptus
1467 3041 1610 3072 tenetur
1641 3040 1676 3072 et
1707 3036 1834 3081 pignus
1866 3047 1931 3081 pro
1965 3047 2007 3071 eo
2033 3036 2156 3071 datum
2179 3036 2358 3070 tenebitur

1267 3089 1312 3127 et,
1338 3085 1369 3120 si
1392 3093 1526 3124 servu&
1548 3082 1609 3126 qui
1654 3082 1759 3117 eculii
1779 3082 2121 3117 administrationem
2142 3082 2262 3123 habet,
2282 3091 2357 3115 rem

1265 3129 1404 3175 pignori
1426 3129 1463 3163 in
1486 3127 1524 3162 id
1547 3137 1616 3172 quo
1666 3127 1794 3162 debeat
1818 3127 1972 3169 dederit,
2004 3127 2101 3162 utilis
2124 3126 2357 3171 pigneraticia

1270 3178 1283 3209 1
1335 3173 1516 3209 reddenda
1549 3176 1613 3207 est.
1668 3172 1758 3207 Item
1794 3172 1889 3216 quod
1923 3172 2080 3217 pupillus
2116 3172 2192 3207 sine
2226 3171 2355 3205 tutoris

1266 3220 1480 3254 auctoritate
1503 3221 1665 3252 mutuum
1689 3218 1829 3262 accepit
1854 3221 1889 3252 et
1910 3217 2123 3262 locupletior
2145 3216 2264 3251 faetus
2289 3219 2353 3256 est,

1265 3266 1295 3300 si
1345 3265 1431 3299 ubes
1455 3263 1574 3298 factus
1599 3263 1724 3305 solvat,
1749 3273 1822 3298 non
1845 3263 1985 3307 repetit.

1341 3308 1365 3345 4
1390 3309 1621 3344 POMPONIUS
1640 3307 1731 3343 libro
1755 3309 1945 3343 vicensimo
1962 3308 2086 3353 primo
2110 3306 2160 3342 ad
2182 3305 2354 3356 Sabinum

1264 3354 1358 3390 Nam
1381 3355 1450 3388 hoc
1474 3356 1605 3388 natura
1627 3362 1780 3398 aequum
1805 3356 1860 3388 est
1890 3353 2064 3387 neminem
2097 3362 2177 3387 cum
2208 3351 2353 3385 altenus

1266 3399 1474 3434 detrimento
1499 3398 1577 3433 fieri
1599 3398 1878 3443 locupletiorem.
2245 3439 2251 3446 ·
2273 3438 2279 3445 .

1315 3442 1364 3480 15
1395 3443 1549 3478 PAULUS
1569 3442 1660 3479 libro
1684 3443 1821 3478 decimo
1846 3442 1895 3477 ad
1918 3441 2091 3477 Sabinum
2129 3440 2350 3490 Indebitlso3

1265 3489 1331 3524 luti
1356 3488 1532 3523 condictio
1565 3488 1741 3523 naturalis
1773 3492 1828 3523 est
1860 3491 1896 3521 et
1926 3487 2005 3521 ideo
2039 3486 2143 3520 etiam
2177 3483 2270 3528 quod
2301 3493 2353 3517 rei

1266 3534 1405 3569 solutae
1429 3533 1592 3576 accessit,
1617 3534 1714 3569 venit
1735 3533 1773 3568 in
1797 3532 2068 3572 condictionem,
2093 3534 2133 3564 ut
2156 3533 2244 3573 puta
2267 3538 2351 3573 par-

1267 3653 1321 3685 65:
1335 3645 1420 3688 Pap.
1431 3653 1457 3679 3.
1470 3653 1641 3680 21.54...c4.
1653 3653 1708 3685 663
1723 3648 1810 3688 App.
1822 3652 1921 3678 67.—
1937 3644 2023 3676 Bas.
2034 3644 2086 3681 24,
2099 3649 2126 3674 6.
2142 3659 2188 3664 —
2203 3640 2258 3691 pyt
2272 3639 2350 3672 Cod.

1266 3692 1298 3731 4,
1309 3699 1324 3724 5
1396 3691 1437 3732 (5)
1452 3691 1579 3733 prolati
1592 3691 1653 3725 dez.
1727 3692 1770 3732 (6)
1785 3690 1842 3729 sit]
1858 3691 1907 3721 est
1919 3701 1981 3721 scr.
2042 3689 2083 3728 (7)
2099 3684 2286 3718 indebitum
2298 3683 2350 3716 F2

1268 3738 1311 3778 (8)
1338 3735 1522 3768 desiderari
1534 3749 1596 3769 scr.
1679 3737 1723 3777 (9)
1749 3738 1800 3767 est
1811 3747 1874 3767 scr.
1957 3733 2015 3773 (10)
2039 3731 2091 3763 vel
2104 3733 2163 3764 ins.
2178 3730 2349 3771 Schultiny

2036 3788 2076 3819 22
