2528 3918
875 761 1246 824 SIGNORUM
1289 762 1749 826 EXPLICATIO.

192 942 279 977 Va
290 942 394 976 codex
413 942 639 976 bibliothecae
660 941 859 984 capitularis
871 940 1075 974 Veronensis
1087 939 1272 974 XXXVIII

230 989 313 1032 (36),
347 988 403 1022 oui
434 988 554 1021 insunt
584 988 678 1021 varia
711 986 874 1030 opuscula
906 986 1054 1029 Sulpicii
1087 985 1203 1019 Severi
1227 987 1270 1028 (v.

230 1033 482 1074 Reifferscheid,
502 1032 709 1066 bibliotheca
730 1036 864 1074 patrum
881 1042 913 1074 p.
930 1032 1018 1074 110).
1051 1031 1094 1064 ad
1114 1031 1273 1075 supplen-

231 1079 311 1112 dum
334 1079 438 1112 huius
461 1077 543 1111 libri
567 1078 698 1111 hiatum
722 1080 838 1120 postea
862 1077 1076 1120 adglutinata
1101 1079 1181 1109 sunt
1205 1076 1272 1109 tria

230 1123 314 1157 folia
344 1124 528 1167 rescripta,
561 1134 701 1166 quorum
735 1123 903 1165 scriptura
927 1122 1100 1164 antiquior
1124 1121 1273 1154 continet

231 1179 272 1202 ex
281 1169 484 1202 Iustinianis
504 1168 780 1202 institutionibus
801 1168 949 1201 indicem
969 1167 1147 1200 titulorum
1167 1178 1272 1209 usquc

230 1214 273 1248 ad
297 1216 328 1255 3,
342 1216 374 1255 5,
407 1214 571 1258 prooemii
603 1214 702 1246 finem
734 1213 813 1246 inde
837 1224 857 1246 a
880 1213 991 1246 verbis
1019 1217 1035 1252 ἕ
1061 1214 1081 1246 5
1108 1215 1149 1246 ab
1174 1213 1272 1255 impe-

238 1261 337 1303 riali,
367 1260 448 1294 libri
476 1260 578 1304 primi
606 1259 744 1292 titulum
773 1259 792 1291 Ι
821 1260 855 1292 et
882 1258 921 1291 11
948 1258 1027 1291 inde
1057 1269 1077 1291 a
1103 1263 1119 1298 §
1146 1261 1167 1292 4
1191 1261 1276 1293 extr.

237 1305 362 1349 scripta
380 1308 460 1338 sunt
479 1305 602 1338 litteris
619 1303 822 1338 maiusculis.
858 1303 989 1336 contuli
1006 1303 1158 1337 Veronae
1179 1305 1274 1339 1868.

196 1351 228 1385 R
250 1368 295 1381 ε
318 1351 420 1384 codex
439 1350 520 1384 bibl.
539 1361 608 1392 reg.
622 1349 858 1387 Berolinensis,
878 1348 959 1382 olim
974 1349 1180 1392 Rosnyanus,
1198 1350 1273 1382 Lat.

238 1396 297 1430 fol.
311 1407 345 1430 n.
359 1397 424 1430 269
437 1407 519 1430 saec.
533 1395 597 1437 IX,
617 1395 791 1428 continens
809 1394 908 1427 finem
926 1394 1178 1427 institutionum
1195 1394 1274 1428 inde

239 1451 260 1474 a
278 1441 386 1474 verbis
405 1443 438 1482 4,
458 1443 510 1482 18,
532 1443 552 1475 5
571 1441 619 1474 in.
642 1454 694 1474 eos
712 1441 770 1484 qui
789 1441 938 1473 homines.
976 1438 1106 1472 contuli
1126 1439 1205 1482 ipse.

201 1487 237 1521 U
253 1503 297 1516 ε-
316 1485 605 1520 Vercellensis122
626 1495 708 1518 saec.
728 1484 782 1518 IX
800 1485 852 1518 vel
872 1484 916 1527 X,
940 1485 1000 1527 qui
1024 1485 1174 1518 continet
1196 1495 1272 1528 pro-

238 1532 392 1565 oemium.
428 1531 558 1565 contuli
577 1530 738 1564 Vercellis
761 1541 790 1563 a.
817 1532 911 1564 1868.

186 1576 217 1608 A
239 1591 285 1602 =
307 1574 362 1607 lex
382 1575 533 1607 Romana
553 1575 716 1607 canonice
737 1577 871 1616 compta
892 1574 944 1615 (de
965 1584 1031 1616 qua
1051 1574 1092 1607 cf.
1106 1574 1271 1614 Maassen,

229 1619 340 1652 Ueber
361 1620 436 1652 eine
457 1619 510 1652 lex
523 1619 674 1652 Romana
694 1620 857 1652 canonice
877 1623 1021 1662 compta.
1054 1620 1156 1652 Wien
1172 1621 1271 1654 1860.

230 1665 274 1706 8.)
300 1675 367 1697 una
389 1675 463 1697 cum
484 1664 683 1697 collectione
703 1664 861 1697 Anselmo
882 1664 1053 1697 dedicata:
1078 1665 1172 1697 illam
1193 1676 1271 1698 con-

229 1711 316 1742 tinet
340 1710 443 1742 codex
467 1710 669 1743 Parisiensis
696 1711 805 1744 12448
831 1711 942 1751 (antea
967 1710 1171 1743 Harleianus
1192 1711 1270 1750 386)

229 1754 360 1788 saec.X
384 1758 440 1796 (=
452 1755 528 1796 Al),
553 1766 650 1797 quem
674 1754 777 1788 habui
801 1755 971 1796 Berolini,
1005 1756 1107 1788 huius
1131 1756 1272 1789 adhibui

227 1801 362 1834 codices
373 1800 651 1854 Bambergensem
664 1801 699 1853 ‚P
718 1801 736 1833 I
760 1802 800 1834 12
822 1810 905 1834 saec.
919 1800 970 1833 IX
992 1802 1049 1842 (=
1061 1799 1150 1843 Aba),
1173 1812 1272 1844 quem

228 1846 1272 1934 zssffatssg’ssssxffssessssefiassffssfiiffedt{23521231222251332‘35

229 1937 346 1970 thecae
381 1937 614 1970 universitatis
649 1937 887 1978 Tubingensis.
936 1937 1054 1969 insunt
1088 1938 1168 1970 huic
1203 1938 1271 1970 col-

228 1983 367 2017 lectioni
398 1982 655 2015 institutionum
686 1981 781 2015 tituli
807 1984 836 2023 1,
861 1984 932 2016 1..4.
949 1983 977 2016 8.
994 1983 1023 2016 9.
1042 1984 1092 2017 10.
1112 1984 1170 2022 12;
1191 1985 1224 2025 2,
1242 1985 1271 2017 1.

227 2028 260 2107 Ξ.
275 2030 296 2107 (¹3
310 2029 390 2108 (2.185
409 2039 473 2062 om.
487 2029 565 2063 Ans.
581 2028 666 2070 ded.)
684 2029 723 2061 14
740 2032 755 2067 §
771 2028 878 2067 5..12;
893 2029 924 2070 3,
938 2029 959 2062 6
979 2030 1271 2070 pr...§9.15.19;

252 2098 261 2114 ,
300 2075 352 2107 ..4.
391 2075 512 2108 .9.18.

189 2119 221 2152 Β
242 2135 288 2148 =
312 2119 415 2152 codex
438 2117 661 2151 bibliothecae
687 2118 843 2161 publicae
867 2118 1125 2161 Bambergensis
1143 2119 1174 2152 D
1193 2119 1229 2151 11
1250 2120 1271 2153 3

230 2172 314 2196 caeo.
337 2165 391 2199 IX
418 2162 470 2195 vel
498 2160 543 2203 X,
570 2163 738 2204 integrum
767 2162 1020 2195 institutionum
1049 2173 1170 2205 corpus
1191 2174 1270 2197 oon-

231 2208 356 2250 tinens,
390 2206 520 2239 contuli
545 2206 705 2240 Beroliui.

194 2253 222 2286 1'
247 2268 293 2282 =
325 2251 427 2285 codex
458 2251 674 2284 Taurinensis
709 2250 931 2285 bibliothecae
965 2252 1076 2294 regiae
1110 2253 1268 2285 Athenaei

231 2297 261 2330 D
284 2297 338 2329 111
362 2299 401 2330 13
423 2296 517 2339 (olim
537 2297 573 2329 H
592 2296 642 2329 VI
662 2297 697 2337 4)
720 2306 803 2329 saec.
825 2296 878 2329 IX
899 2296 951 2330 vel
970 2296 1015 2330 X.
1050 2297 1150 2330 habet
1174 2299 1268 2330 haec:
1291 2320 1293 2322 v

234 2344 364 2382 1‚13,3
391 2349 420 2375 te
444 2343 477 2375 in
497 2343 607 2384 patris
632 2366 650 2375 ..
678 2344 730 2382 14,
745 2344 764 2375 3
785 2354 882 2385 posse
907 2343 993 2383 dari,
1022 2344 1074 2383 19,
1095 2342 1178 2376 med.
1196 2351 1270 2386 post

231 2388 348 2421 obitum
373 2411 393 2419 ..
418 2388 528 2428 25,13
550 2394 657 2430 potest
677 2399 842 2428 excusare,
867 2389 953 2427 26,3
975 2389 1090 2420 endum
1110 2395 1159 2421 est
1178 2390 1273 2431 quasi

232 2456 250 2464 ..
276 2433 307 2473 2,
328 2433 359 2474 7,
380 2434 400 2466 3
426 2433 557 2475 nuptias
588 2432 830 2475 appellabatur,
860 2433 892 2472 2,
911 2433 931 2465 8
955 2442 1005 2474 pr.
1032 2433 1083 2466 lex
1106 2434 1139 2467 in
1163 2433 1228 2466 soli
1251 2456 1269 2464 ..

234 2481 249 2515 5
266 2478 286 2510 2
298 2476 354 2530 sin.
376 2478 510 2511 eandem
530 2490 692 2518 summam,
712 2478 744 2517 9,
758 2478 777 2510 2
797 2478 886 2520 quod
903 2479 957 2510 sui
967 2478 1054 2529 ‘iuris
1073 2501 1092 2510 ..
1104 2480 1167 2531 ¹16,
1184 2479 1198 2512 1
1214 2477 1272 2510 fin.

228 2522 749 2601 {ussfffacrffiussugssnfftffflgisaff
769 2546 795 2602 ’ὲ
817 2524 871 2600 ig?
891 2523 1192 2612 ἓῐυῖωοῖἱεῖἷὲῗᾶἰηζ
1212 2523 1275 2610 2²:3²

230 2612 250 2644 5
275 2611 359 2645 med,
383 2612 521 2656 sinqulis
545 2625 701 2656 quoque..
716 2614 748 2653 3,
769 2615 855 2654 24,5
880 2614 927 2646 in.
953 2615 1062 2648 omnia
1083 2616 1266 2657 secundum,

231 2657 320 2696 25,9
341 2657 530 2701 praevaluit
553 2681 560 2688 .
597 2659 674 2698 4,1,
692 2659 732 2691 16
756 2658 840 2690 med.
858 2661 969 2702 furem
986 2661 1079 2703 furti
1100 2661 1265 2694 actionem.

1387 941 1466 974 inde
1484 940 1626 974 averbis
1647 942 1678 982 3,
1691 942 1746 983 23,
1760 943 1780 976 3
1801 942 1859 975 fin.
1880 944 2018 977 nondum
2038 951 2159 987 emptor
2178 954 2297 976 manus
2317 945 2425 986 prima

1387 986 1429 1038 ob
1450 987 1985 1065 ⁸¹¹tperi2du⁰ti2nfffn1ssae⁰fX·1V
1996 991 2034 1021 ut
2045 989 2178 1022 videtur
2190 989 2312 1022 factam
2325 1000 2425 1033 saepe

1387 1042 1481 1064 incer
1498 1043 1518 1065 a
1542 1043 1576 1066 es
1594 1056 1602 1065 .
1634 1043 1696 1065 con
1715 1044 1736 1064 u
1752 1044 1764 1065 ι
1818 1043 1873 1065 ero
1890 1044 1950 1065 ini.

1346 1077 1375 1111 C'
1393 1071 1440 1106 =v
1461 1077 1544 1110 folia
1567 1079 1608 1111 21
1642 1077 1724 1110 libri
1756 1078 2011 1111 institutionum
2036 1088 2120 1111 saec.
2141 1077 2175 1111 X
2198 1078 2249 1111 vel
2273 1079 2334 1120 XI,
2359 1079 2425 1112 iam

1388 1123 1539 1165 dispersa
1559 1123 1594 1155 in
1614 1123 1789 1156 codicibus
1809 1123 2006 1156 monasterii
2025 1124 2150 1156 montis
2163 1123 2279 1157 casini
2301 1135 2334 1157 n.
2352 1126 2426 1160 160.

1391 1169 1465 1202 169.
1491 1170 1565 1202 175.
1586 1169 1662 1202 200.
1688 1170 1762 1202 270.
1784 1170 1861 1203 295.
1884 1170 1963 1203 326.
1984 1170 2061 1208 394,
2095 1168 2218 1211 quibus
2243 1170 2426 1211 teguminis

1386 1213 1459 1245 loco
1484 1213 1600 1246 addita
1624 1217 1712 1246 sunt.
1759 1215 1936 1247 continent
1961 1216 1991 1255 2,
2014 1216 2045 1254 5,
2067 1216 2087 1248 3
2107 1221 2216 1258 potest
2240 1215 2286 1248 ad
2308 1239 2328 1246 ..
2353 1217 2385 1256 6,
2405 1217 2424 1248 7

1386 1259 1432 1291 in.
1459 1266 1562 1292 autem
1587 1260 1641 1301 ad,
1679 1261 1730 1299 10,
1751 1261 1792 1292 12
1807 1261 1879 1301 fiat
1901 1283 1920 1292 ..
1952 1261 2001 1300 16,
2023 1261 2043 1293 2
2069 1266 2257 1294 testamenta
2282 1260 2427 1300 alterum,

1387 1306 1441 1345 22,
1464 1306 1480 1338 1
1507 1304 1555 1338 in.
1580 1306 1612 1338 si
1638 1305 1719 1338 Titii
1736 1317 1820 1348 pars
1845 1329 1863 1338 ..
1890 1306 1944 1345 23,
1973 1307 1983 1337 l
2012 1305 2068 1338 fin.
2095 1306 2146 1338 ius
2169 1306 2298 1346 diceret,
2331 1306 2385 1345 23,
2405 1306 2426 1339 9

1385 1349 1471 1384 med.
1505 1362 1547 1383 an
1572 1351 1726 1394 expediat
1748 1374 1767 1383 ..
1793 1351 1824 1390 3,
1847 1351 1876 1390 1,
1898 1351 1918 1384 2
1944 1351 2166 1393 existimamur
2188 1357 2232 1393 ut,
2261 1351 2290 1390 1,
2314 1352 2354 1384 13
2379 1350 2420 1383 in.

1386 1396 1547 1429 naturalis
1562 1396 1713 1439 parentis
1727 1421 1745 1429 ..
1762 1397 1801 1429 15
1824 1395 1880 1429 fin.
1898 1396 2008 1438 patris
2026 1397 2088 1435 sui,
2110 1396 2164 1437 23,
2182 1397 2197 1429 1
2222 1395 2307 1429 med.
2329 1397 2423 1429 aesti-

1386 1442 1521 1474 maverit
1543 1443 1601 1474 sub
1627 1465 1646 1472 ..
1672 1442 1716 1474 24
1740 1451 1790 1483 pr.
1816 1441 1943 1484 quidem
1968 1441 2075 1482 locati,
2101 1442 2154 1480 27,
2175 1442 2194 1474 ’1
2220 1441 2266 1473 in.
2294 1453 2333 1474 esc
2357 1442 2426 1484 qui-

1388 1487 1445 1519 bus
1469 1486 1577 1519 causis
1603 1510 1620 1518 ..
1647 1487 1701 1526 29,
1723 1487 1742 1520 2
1767 1486 1851 1518 med.
1877 1498 1930 1519 res
1954 1487 2016 1519 erit
2047 1487 2094 1525 (ct
2117 1485 2300 1518 secundum
2324 1485 2427 1518 Bluh-

1330 1565 1339 1583 ἱ
1387 1532 1491 1563 mium
1515 1532 1616 1563 etiam
1642 1533 1684 1565 24
1709 1542 1759 1573 pr.
1775 1555 1793 1564 ..
1808 1533 1862 1571 27,
1877 1532 1921 1572 7),
1946 1533 1977 1571 4,
1995 1533 2024 1572 1,
2038 1533 2057 1564 3
2079 1531 2162 1564 med.
2175 1533 2304 1575 furlum
2326 1532 2426 1564 mani—

1378 1578 1502 1620 festum
1527 1601 1545 1608 ..
1575 1578 1616 1611 16
1641 1577 1724 1608 med.
1759 1577 1953 1610 concedatur
1984 1583 2014 1610 et
2046 1578 2220 1617 adversa-5,
2245 1577 2276 1616 3,
2298 1577 2318 1610 9
2343 1577 2424 1610 occi-

1388 1623 1471 1655 derit
1494 1623 1553 1665 qui
1575 1646 1593 1654 ..
1619 1623 1650 1662 6,
1665 1623 1684 1655 5
1710 1629 1791 1655 esset
1813 1634 1874 1655 usu
1898 1623 2025 1665 ceperit.
2063 1621 2186 1654 collata
2205 1624 2286 1653 sunt
2306 1621 2424 1654 Schra-

1387 1666 1466 1699 dero
1491 1677 1511 1699 a
1534 1667 1710 1707 Bluhmio,
1744 1667 1827 1699 mihi
1860 1667 1992 1719 maiore⁸
2017 1677 2058 1699 ex
2080 1669 2176 1710 parte
2201 1667 2240 1699 G.
2255 1667 2421 1699 Henzenii

1342 1757 1376 1790 Ρ
1387 1712 1871 1835 ῐΪ-ῗᾶιέἓξοχννῦξῗξῗὲἓῖἓέθ
1879 1711 2302 1836 ᾗῇξρεῌῖξιέἓξὼὲῒήεῑεῃεῑε
2337 1759 2420 1791 4421

1388 1812 1471 1835 saec.
1547 1827 1555 1835 .
1590 1812 1653 1835 con
1669 1813 1692 1835 u
1768 1813 1823 1835 ero
1838 1813 1888 1835 im
1911 1812 1940 1835 a.
2054 1826 2062 1834 .

1343 1847 1381 1881 E
1398 1864 1444 1876 =
1467 1847 1569 1881 codex
1592 1847 1814 1881 bibliothecae
1836 1847 1991 1890 publicae
2015 1847 2265 1889 Bambergeusis
2288 1848 2318 1880 D
2342 1847 2379 1880 11
2402 1849 2424 1882 4

1389 1903 1471 1926 saec.
1495 1893 1547 1926 XI
1571 1892 1623 1926 vel
1647 1892 1730 1927 XII.
1766 1892 1896 1926 contuli
1919 1892 1998 1935 ipse.

1355 1938 1398 1972 W
1415 1955 1461 1967 =
1483 1938 1586 1971 codex
1614 1938 1836 1971 bibliothecae
1864 1938 2010 1970 civitatis
2034 1937 2194 1970 Coloniae
2218 1937 2423 1980 Agrippinae

1389 1982 1434 2025 X,
1459 1984 1490 2023 8,
1514 1982 1594 2016 olim
1616 1982 1879 2024 Wallmffianus,
1903 1993 1984 2016 saec.
2007 1982 2088 2016 XII.
2125 1982 2254 2016 contuli
2277 1982 2357 2025 ipse.

1345 2028 1377 2062 Θ
1398 2045 1444 2058 =
1466 2028 1645 2071 Theophili
1662 2029 1872 2071 paraphrasis
1887 2029 2014 2062 Graeca
2031 2028 2292 2061 institutionum.
2326 2037 2423 2078 prae·

1387 2075 1439 2107 tex·
1475 2073 1599 2107 librum
1634 2075 1875 2107 Messanensem
1912 2073 1954 2106 ad
1992 2073 2082 2106 locos
2119 2075 2286 2116 suspectos
2318 2071 2424 2106 libros

1386 2119 1589 2153 Parisienses
1624 2121 1657 2152 et
1690 2119 1936 2152 Laurentianos
1969 2129 2000 2151 a.
2036 2120 2118 2152 1868
2156 2121 2190 2151 et
2223 2119 2308 2153 1869
2344 2128 2418 2151 con-

1341 2164 1485 2243 deffh':
1509 2208 1590 2241 libri
1615 2207 1807 2248 deteriores,
1834 2218 1973 2249 quorum
1998 2206 2161 2240 lectiones
2183 2206 2367 2239 laudantur
2390 2206 2425 2238 in

1385 2254 1533 2287 editione
1558 2253 1746 2286 Schraderi.

1407 2299 1475 2331 Ubi
1499 2298 1663 2331 lib-rorum
1687 2298 1857 2340 scriptura
1879 2296 2056 2330 emendata
2080 2299 2150 2337 est,
2183 2295 2280 2339 siglis
2311 2306 2425 2329 eorum

1339 2345 1381 2377 ad
1413 2344 1629 2377 indicandam
1661 2343 1927 2376 emendationem
1958 2341 2144 2375 litterulam
2168 2340 2184 2363 θ
2207 2344 2259 2382 et,
2291 2341 2321 2374 si
2352 2352 2424 2374 rur-

1339 2401 1395 2422 sus
1420 2400 1458 2422 ea
1482 2389 1658 2421 emendata
1681 2391 1748 2427 est,
1774 2390 1788 2408 ⁶
1812 2387 1946 2421 addidi:
1979 2387 2154 2430 primitiva
2177 2387 2348 2429 scriptura
2371 2385 2425 2419 his

1338 2435 1422 2467 locis
1446 2434 1598 2467 litterula
1621 2437 1639 2455 ‘²
1663 2433 1885 2476 significatur.
1919 2432 1979 2465 ubi
2003 2432 2040 2465 in
2063 2432 2149 2475 ipsis
2167 2431 2266 2464 libris
2287 2433 2426 2464 notatur

1338 2480 1514 2513 diversitas
1538 2479 1744 2521 scripturae,
1769 2479 1855 2512 hanc
1888 2477 2078 2520 significavi
2109 2476 2261 2510 litterula
2285 2481 2311 2517 ³,
2345 2486 2425 2509 oon-

1337 2529 1465 2558 textum
1488 2525 1569 2557 libri
1592 2524 1744 2557 litterula
1757 2526 1777 2559 θ.
1801 2523 2079 2566 interrogationis
2103 2522 2239 2565 signum
2262 2521 2425 2556 librorum

1336 2571 1433 2612 siglis
1458 2570 1609 2603 additum
1633 2580 1764 2612 semper
1794 2569 1838 2603 ad
1867 2568 2018 2612 proxime
2047 2568 2251 2611 praecedens
2281 2566 2425 2600 referen-

1337 2617 1415 2648 dum
1440 2618 1499 2650 est.
