2528 3918
144 141 204 201 Εἰ·
229 169 292 200 ms
320 169 416 201 siin.
446 168 574 202 cons.
602 162 854 201 amomum

145 278 347 316 habendum
367 282 404 316 et
423 289 536 322 servo,
558 278 618 324 qui
638 277 745 314 etiam
763 278 832 315 sibi
851 278 1006 324 legatum
1027 278 1229 325 adscripsit,

145 325 284 361 veniam
308 324 397 360 dari.
445 335 510 369 ego
524 326 534 346 ¹
565 324 679 360 tutius
701 334 780 359 esse
813 328 901 369 puto
932 325 1071 360 veniam
1102 329 1228 370 peten-

146 371 228 406 dam
260 370 307 406 ab
337 370 567 422 imperatore,
605 369 743 412 scilicet
772 379 815 404 eo
847 369 943 414 quod
978 369 1142 405 relictum
1173 373 1228 404 est

146 418 166 450 2
213 415 484 450 abstinentibus.
521 415 610 449 Item
634 418 779 449 senatus
804 414 952 456 censuit,
977 418 1025 457 ut,
1051 415 1082 450 si
1104 424 1228 450 servus

145 460 279 496 domini
311 460 367 495 sui
404 459 506 495 iussu
537 463 749 495 testamento
783 459 999 495 codicillisve
1027 459 1227 495 libertatem

146 506 214 541 sibi
238 505 478 550 adscripserit,
503 504 550 540 ob
574 514 653 539 eam
672 514 757 546 rem,
783 504 879 549 quod
899 504 1011 549 ipsius
1032 515 1140 539 manu
1164 504 1227 538 ad·

144 550 317 602 scriptum
354 554 424 593 est,
461 549 578 584 minus
606 549 697 584 liber
732 550 796 585 sit:
834 549 896 585 sed
934 549 1082 585 libertas
1120 549 1152 584 ei
1183 559 1228 584 ex

145 594 407 631 fideicommissi
431 605 541 630 causa
564 596 807 639 praestatur2:
845 595 875 629 si
905 594 1011 630 modo
1043 598 1127 640 post
1151 603 1227 629 eam

145 640 359 686 scripturam
381 650 489 675 manu
512 650 579 675 sua
601 643 752 675 testator
774 642 986 675 testamento
1011 639 1227 675 codicillisve

147 689 166 720 3
213 685 475 730 subscripserit.
522 685 573 719 Et
603 689 778 729 quatenus
810 685 854 719 de
884 684 962 720 sola
987 684 1106 730 specie
1127 683 1226 719 fidei·

145 731 355 766 commissae
384 729 560 766 libertatis
591 730 660 765 hoc
690 734 834 765 senatus
871 730 1036 765 consulto
1068 730 1226 765 contine-

144 776 261 819 batur,
285 776 385 811 divus
409 774 494 810 Pius
518 776 702 820 rescripsit
717 774 928 811 sententiam
948 774 1060 819 magis
1077 785 1226 820 sequen-

145 821 227 856 dam
258 830 336 856 esse
366 820 471 855 huius
504 825 648 856 senatus
679 820 832 856 consulti
863 830 970 865 quam
993 820 1226 864 scripturam:

144 876 227 901 nam
251 876 389 908 servos,
421 876 503 900 cuin
537 865 689 902 dominis
727 865 801 901 suis
832 869 980 910 parent,
1012 865 1227 901 necessitate

144 911 332 957 potestatis
357 911 541 953 excusari,
573 910 603 946 si
625 916 744 945 tamen
772 910 923 946 accedat
946 910 1078 946 domini
1102 913 1226 945 aucto-

144 956 232 992 ritas
263 956 519 992 subscribentis
557 966 596 991 se
626 965 668 990 ea
707 956 862 992 dictasse
894 959 930 990 et
961 955 1226 1000 recognovisse:

143 1001 255 1037 videri
285 1001 379 1036 enim
413 1001 464 1036 ait
491 1001 603 1046 ipsius
632 1001 766 1036 domini
796 1011 903 1036 manu
935 1001 1087 1046 scripta,
1125 1000 1228 1036 cuius

144 1047 326 1082 voluntate
350 1057 393 1082 ea
416 1047 551 1091 scripta
574 1049 669 1081 sunt.
714 1046 829 1090 ‘Quod
853 1047 994 1089 tamen',
1019 1046 1144 1091 inquit,
1170 1045 1228 1081 ‘ad

145 1092 287 1127 ‘liberas
311 1102 502 1137 personas,
526 1091 564 1126 in
588 1102 677 1136 quas
700 1091 837 1126 nullum
860 1091 915 1126 ius
939 1095 1090 1127 testator
1113 1091 1227 1126 habu-

145 1138 241 1179 ‘erit,
277 1136 418 1172 extendi
456 1148 528 1172 non
566 1135 687 1172 debet:
721 1137 844 1181 quaeri
875 1140 996 1172 tamen
1031 1137 1157 1178 debet,
1182 1147 1228 1171 an

145 1185 269 1227 ‘aeque
300 1182 561 1235 subsequendi³
591 1181 786 1217 necessitas
810 1185 847 1217 et
869 1182 1020 1217 honesta
1043 1182 1227 1217 excusatio

145 1231 212 1263 ‘est
252 1237 326 1262 non
363 1226 596 1269 facientibus,
647 1227 741 1272 quod
783 1238 856 1262 non
899 1227 946 1263 sit
994 1227 1226 1263 concessum'.

146 1276 164 1307 4
212 1272 320 1308 Matri
339 1283 489 1318 quoque,
514 1272 571 1308 cui
594 1282 659 1318 pei·
682 1283 821 1308 servum
846 1283 949 1308 suum
975 1272 1132 1307 dictante
1154 1272 1229 1308 filio

144 1318 298 1363 legatum
329 1318 501 1363 scriptum
529 1321 641 1359 esset,
678 1317 838 1352 veniam⁴
876 1317 1102 1353 tribuendam
1141 1318 1228 1362 legis

145 1367 164 1397 5
214 1362 398 1398 Corneliae
421 1362 568 1408 placuit.
615 1362 712 1398 Idem
736 1362 774 1397 in
798 1363 923 1405 filiam,
953 1373 1046 1408 quae
1069 1363 1228 1398 dictante

145 1412 258 1443 matre
281 1418 348 1443 sua
371 1419 435 1452 per
464 1408 701 1452 ignorantiam
724 1407 812 1443 iuris
842 1408 876 1443 le
900 1411 998 1443 atum
1022 1408 1091 1444 sibi
1114 1409 1227 1453 scrip-

145 1456 165 1489 6
212 1456 325 1495 serat,
349 1456 495 1488 senatus
521 1452 670 1488 censuit.
707 1453 744 1487 Si
769 1453 847 1497 quis
897 1454 1012 1489 uobus
1036 1453 1228 1489 heredibus

143 1498 316 1534 institutis
340 1498 530 1539 adiecerit,
555 1501 606 1540 ut,
631 1498 661 1533 si
685 1498 857 1534 alteruter
879 1499 982 1534 heres
1007 1499 1083 1534 sine
1106 1499 1228 1534 liberis

143 1543 370 1587 decessisset,
401 1543 436 1579 ei
459 1543 518 1588 qui
542 1547 747 1589 superesset
778 1547 814 1579 et
837 1543 967 1580 liberos
991 1544 1142 1579 haberet
1165 1544 1227 1579 he-

144 1589 276 1625 reditas
300 1588 508 1624 redderetur
530 1588 600 1632 vel,
631 1589 662 1624 si
687 1591 835 1634 uterque
859 1588 935 1625 sine
959 1589 1080 1624 liberis
1105 1589 1227 1625 deces-

144 1634 267 1677 sisset,
299 1633 476 1670 hereditas
507 1633 648 1677 (deinde
679 1634 750 1669 alia
773 1638 895 1677 manu)
926 1635 1092 1679 scriptori
1115 1638 1227 1670 testa-

144 1678 254 1715 menti
295 1679 559 1714 restitueretur:
602 1679 723 1724 placet
763 1681 1033 1716 testamentario
1074 1690 1229 1725 poenam

144 1723 231 1770 legis
255 1724 441 1760 Corneliae
464 1723 606 1760 remitti.
655 1724 718 1760 sed
740 1724 928 1769 benignius
952 1729 1025 1768 est,
1058 1729 1099 1760 ut
1121 1726 1229 1760 etiam

144 1779 206 1811 ea,
242 1779 334 1814 quae
368 1779 479 1815 supra
513 1769 648 1815 scripta
681 1773 783 1813 sunt,
824 1769 929 1805 simili
962 1770 1068 1806 modo
1103 1781 1227 1806 conse-

167 1817 285 1850 uatur.

143 1826 167 1860 q
192 1858 243 1898 16
268 1859 426 1895 Panas
454 1859 545 1895 libro
569 1859 673 1895 tertio
696 1870 953 1906 responsorum
1008 1860 1230 1906 ‘Respondit

142 1905 460 1941 instrumentorum
479 1905 731 1950 subreptorum
750 1905 883 1940 crimen
906 1916 979 1942 non
998 1916 1077 1942 esse
1095 1906 1229 1951 publici

143 1950 275 1992 iudicii,
296 1950 365 1985 nisi
383 1953 634 1985 testamentum
652 1950 802 1985 alicuius
821 1950 1031 1996 subreptum
1044 1955 1227 1996 arguatur.

149 1999 161 2030 l
211 1995 345 2030 Paulus
379 1995 565 2040 respondit
599 1995 687 2040 legis
724 1995 910 2031 Corneliae
939 2007 1070 2050 ‘poena
1105 2007 1228 2033 omnes

143 2040 274 2084 teneri,
318 2041 380 2086 qui
418 2041 526 2075 etiam
557 2045 659 2075 extra
697 2044 911 2076 testamenta
951 2043 1095 2077 cetera⁶
1134 2041 1229 2077 falsa

144 2089 164 2121 2
211 2085 422 2130 signassent.
472 2085 542 2121 Sed
565 2091 600 2121 et
623 2089 779 2128 ceteros,
805 2086 865 2130 qui
887 2086 925 2121 in
948 2087 1149 2122 rationibus
1172 2091 1228 2122 ta-

144 2131 236 2166 bulis
260 2131 387 2167 litteris
411 2131 564 2176 publicis
584 2131 697 2166 aliave
721 2141 792 2176 qua
810 2141 850 2167 re
867 2132 944 2167 sine
961 2132 1229 2177 consignatione

143 2176 273 2212 falsum
303 2175 467 2212 fecerunt
497 2176 570 2218 vel,
600 2180 642 2211 ut
671 2187 794 2212 verum
817 2187 890 2211 non
921 2182 1110 2222 appareat,
1143 2178 1228 2223 quid

144 2222 349 2257 celaverunt
379 2221 478 2257 subri
505 2224 636 2256 uerunt
671 2221 878 2257 deleverunt
912 2222 1142 2258 subiecerunt
1172 2233 1227 2258 re-

144 2267 390 2311 signaverunt,
426 2276 470 2302 ea
494 2277 550 2302 ein
573 2276 691 2312 poena
714 2267 821 2302 adfici
845 2267 960 2303 solere
984 2267 1132 2303 dubium
1156 2279 1228 2304 non

144 2322 234 2348 esse.
1169 2348 1171 2351 ,

193 2354 242 2394 17
267 2355 373 2391 IDEM
394 2356 485 2392 libro
509 2356 613 2392 tertio
633 2356 990 2402 fideicommissorum
1037 2357 1125 2393 Cum
1150 2358 1227 2403 qui-

144 2402 226 2438 dam
256 2411 323 2437 sua
352 2411 461 2436 manu
492 2412 631 2437 servum
667 2401 737 2437 sibi
767 2402 922 2447 legatum
957 2403 1162 2448 scripsisset
1193 2407 1228 2439 et

144 2457 225 2482 eum
253 2447 502 2482 manumittere
533 2451 679 2492 rogatus
708 2452 823 2489 esset,
847 2451 994 2483 senatus
1018 2449 1157 2484 censuit
1181 2449 1228 2484 ab

144 2492 307 2528 omnibus
331 2491 523 2527 heredibus
548 2503 628 2527 eum
651 2492 980 2528 manumittendum.

193 2534 265 2575 18⁷
289 2536 397 2572 IDEM
420 2537 511 2573 libro
544 2538 648 2572 tertio
677 2539 933 2573 sententiarum
990 2538 1101 2575 Uxori
1131 2539 1227 2584 lega-

143 2586 220 2618 tum
250 2582 288 2618 in
318 2582 434 2618 alieno
464 2585 676 2618 testamento
710 2582 869 2618 scribere
892 2594 965 2619 non
987 2584 1228 2629 prohibemur.

149 2631 160 2662 1
212 2627 281 2672 Qui
299 2637 338 2663 se
356 2627 429 2662 filio
453 2627 636 2662 testatoris
655 2627 831 2672 impuberi
850 2631 1005 2664 tutorem
1026 2629 1227 2674 adscripsit,

143 2672 212 2708 etsi
235 2676 423 2717 suspectus
447 2682 525 2708 esse
547 2673 803 2717 praesumitur,
859 2673 931 2709 uod
961 2674 1056 2709 ultro
1080 2674 1229 2709 tutelam

143 2718 319 2754 videbitur
341 2717 528 2753 affectasse
538 2717 562 2760 ⁸,
595 2721 735 2759 tamen,
768 2717 799 2753 si
821 2718 835 2753 i
861 2728 972 2754 oneus
996 2729 1075 2755 esse
1098 2719 1227 2765 adpro-

144 2763 259 2806 betur,
279 2773 353 2797 non
370 2772 414 2797 ex
431 2765 655 2805 testamento,
676 2762 738 2798 sed
750 2772 794 2797 ex
813 2763 958 2799 decreto
970 2767 1070 2799 tutor
1090 2764 1229 2800 dandus

145 2812 210 2843 est.
256 2817 322 2842 nec
345 2807 528 2842 excusatio
552 2807 630 2843 eius
653 2807 873 2851 admittetur,
898 2809 983 2854 quia
1007 2809 1230 2845 consensisse

145 2852 284 2888 videtur
306 2852 480 2887 voluntati
503 2853 695 2888 testatoris.

194 2895 245 2934 19
275 2896 383 2932 IDEM
416 2897 506 2933 libro
544 2898 668 2943 quinto
698 2899 955 2933 sententiarum
1002 2899 1071 2944 Qui
1101 2898 1229 2935 falsam

145 2945 324 2979 monetam
357 2943 618 2987 percusserint,
659 2942 690 2979 si
727 2943 790 2978 id⁹
823 2947 938 2979 totum
972 2943 1128 2980 formare
1163 2955 1228 2980 no-

143 2988 304 3031 luerunt,
347 2986 515 3033 suffragio
549 2988 663 3023 iustae
702 2987 942 3033 paenitentiae
982 2989 1228 3026 absolvuntur.

151 3036 162 3068 1
211 3032 405 3069 Accusatio
437 3032 614 3078 suppositi
641 3038 766 3078 partus
798 3033 898 3069 nulla
930 3035 1100 3080 temporis
1124 3045 1228 3080 prae-

145 3077 336 3123 scriptione
360 3077 566 3122 depellitur,
597 3088 671 3114 nec.
686 3078 853 3122 interest,
878 3079 1072 3115 decesserit
1095 3090 1160 3116 nec
1184 3090 1230 3115 ne

145 3133 198 3166 ea,
247 3133 315 3158 uae
338 3126 482 3168 partum
505 3122 704 3159 subdidisse
729 3123 966 3160 contenditur.

191 3134 246 3205 23
268 3167 613 3203 Hmuoowuws
633 3168 723 3204 libro
746 3172 851 3205 sexto
875 3170 968 3205 iuris
990 3169 1229 3216 epitomarum

146 3212 247 3248 Falsi
269 3223 387 3258 poena
410 3216 620 3248 coercentur
642 3216 679 3248 et
707 3213 768 3258 qui
791 3214 838 3248 ad
865 3214 964 3250 litem
985 3213 1230 3250 instruendam

145 3257 379 3294 advocatione
401 3258 553 3294 testibus
577 3257 765 3302 pecuniam
789 3262 1018 3305 acceperunt,
1043 3259 1229 3305 obligatio-

146 3313 227 3338 nem
249 3303 448 3349 pactionem
471 3302 655 3344 fecerunt,
680 3302 886 3339 societatem
908 3305 1075 3347 inierunt,
1100 3309 1141 3339 ut
1164 3304 1229 3340 ali-

145 3347 231 3393 quid
254 3358 378 3383 eorum
400 3348 504 3383 fieret
529 3351 754 3383 curaverunt.

192 3391 241 3430 21
271 3392 428 3429 Panos
453 3394 544 3429 libro
576 3393 631 3428 sin
660 3392 759 3428 ulan·
779 3392 829 3428 ad
849 3398 998 3430 senatus
1028 3394 1230 3431 consultum

152 3437 413 3483 Turpillianum
459 3437 527 3483 Qui
558 3438 628 3473 duo
655 3448 699 3472 us
729 3437 767 3472 in
797 3437 950 3474 solidum
977 3439 1127 3475 eandem
1156 3450 1231 3475 rem

146 3555 187 3595 (1)
211 3563 290 3596 ergo
310 3554 342 3586 F

146 3597 347 3640 obsequendi
358 3610 420 3632 scr.

147 3644 192 3686 (o)
216 3653 290 3676 cera
302 3655 365 3678 scr.

442 3555 488 3595 (2)
510 3554 696 3596 praestetur
717 3553 765 3586 F2
866 3555 910 3595 (3)
933 3553 1167 3596 subsequendi]
1187 3554 1229 3585 iis

493 3603 535 3636 (4)
561 3608 628 3631 esse
641 3598 798 3631 tuendam
812 3598 844 3631 F
902 3600 945 3640 (5)
969 3598 1090 3641 paulus
1102 3600 1161 3632 ins.
1178 3598 1230 3631 F²

435 3644 479 3686 (Ἰ)
505 3648 520 3682 9
535 3651 549 3677 1
561 3659 607 3673 ε-
619 3643 714 3676 Paul.
730 3645 761 3684 3,
774 3650 848 3684 6,15
918 3645 962 3685 (8)
987 3644 1048 3676 etsi
1059 3646 1230 3686 suspectus

147 3698 214 3721 esse
225 3688 449 3731 praesumitur
460 3688 550 3730 quod
560 3687 653 3722 ultro
663 3687 803 3721 tutelam
814 3687 982 3721 videbitur
999 3688 1176 3731 affectasse]
1191 3690 1230 3720 ut
1297 3687 1432 3729 quando
1451 3700 1513 3721 scr.

147 3735 317 3778 suspectus
334 3743 354 3766 a
371 3732 478 3767 tutela
495 3733 713 3766 removendus
732 3734 791 3775 est,
809 3732 852 3766 ad
869 3742 970 3775 quam
989 3732 1080 3766 ult-ro
1096 3733 1229 3765 videtur

148 3778 314 3812 affectasse
326 3778 461 3819 Paulae,
481 3791 502 3812 a
514 3790 577 3822 quo
591 3779 709 3812 absunt
720 3791 803 3822 quae
813 3786 990 3822 sequuntur
1052 3780 1097 3820 (9)
1115 3778 1152 3811 ίιι
1165 3790 1227 3811 εον.

1202 131 1291 201 805

2019 129 2292 205 xxxxviii
2327 166 2375 205 10

1296 278 1444 315 diversis
1466 278 1708 315 contractibus
1732 280 1904 326 vendidit,
1935 293 2051 327 poena
2073 282 2157 320 falsi
2182 289 2376 327 coercetur,

1297 327 1332 359 et
1354 324 1424 377 hoc
1453 327 1490 376 et
1513 323 1619 377 divus·
1637 325 1838 362 Hadrianus
1869 328 2063 363 constituit.
2111 330 2142 365 is
2174 330 2379 375 adiungitur

1297 373 1332 404 et
1354 380 1386 405 is
1442 370 1517 404 u1¹⁰
1546 368 1698 404 iudicem
1731 382 1870 406 corrum
1897 372 1972 408 it¹¹.
2020 373 2084 409 sed
2107 376 2286 410 remissius
2310 387 2377 429 pu-

1296 414 1364 449 niri
1386 424 1426 450 so
1442 418 1512 456 ent,
1537 417 1579 449 ut
1601 414 1647 449 ad
1670 418 1808 460 tempus
1832 384 2032 462 relegentur
2043 420 2070 440 '²
2101 429 2167 455 nec
2190 421 2285 456 bona
2308 421 2378 456 illis

1295 459 1518 494 auferantur.

1343 502 1397 541 22
1436 503 1544 539 IDEM
1579 503 1670 540 libro
1708 505 1890 551 sinqularz·
1916 508 1965 542 ad
2001 514 2148 544 senatus
2178 511 2377 546 consultum

1294 547 1536 585 Libonianum
1570 548 1794 594 Impuberem
1816 551 1853 585 in
1877 552 1945 587 hoc
1970 553 2122 588 edictum
2145 555 2302 590 incidere
2325 556 2377 591 di-

1296 593 1447 646 cendum
1478 605 1550 629 non
1581 598 1653 638 est,
1692 595 1858 639 quoniam
1890 596 1971 633 falsi
2002 598 2147 634 crimine
2178 600 2234 634 vix
2266 601 2379 645 possit

1295 642 1425 680 teneri,
1459 649 1541 674 cum
1565 638 1667 675 dolus
1692 640 1806 675 malus
1830 641 1866 675 in
1890 651 1967 676 eam
1999 647 2151 679 aetatem
2175 656 2246 680 non
2271 646 2374 680 cadit.

1300 688 1312 718 1
1365 684 1402 719 Si
1425 684 1459 719 ei
1482 683 1571 726 filio,
1619 684 1656 719 ui
1675 684 1773 730 apud
1793 685 1914 721 hostes
1934 690 1998 728 est,
2023 688 2253 734 adscripserit
2276 695 2378 735 pater

1295 729 1462 774 legatum,
1488 695 1676 765 dicendum
1696 734 1751 765 est
1770 740 1910 766 reverso
1930 742 1971 766 eo
1990 733 2145 768 incidere
2169 735 2205 768 in
2228 746 2379 780 poenam

1297 778 1443 810 senatus
1479 774 1649 809 consulti:
1692 774 1789 820 quod
1820 776 1850 810 si
1886 776 1936 812 ibi
1967 776 2173 820 decesserit,
2208 779 2378 816 innocens

1297 823 1316 854 2
1363 822 1467 865 pater
1497 819 1770 855 existimatur¹³.
1827 820 1898 856 Sed
1929 826 1964 856 et
1992 822 2023 857 si
2052 825 2277 869 emancipato
2307 825 2380 861 filio

1297 864 1468 900 adscribit
1481 865 1518 908 ¹⁴,
1544 868 1640 900 recte
1663 865 1700 899 id
1722 864 1847 900 faciet:
1872 866 1956 901 item
1980 866 2014 901 in
2036 867 2261 913 adoptionem
2284 870 2379 905 dato.

1297 913 1317 945 3
1363 909 1454 945 Item
1474 909 1504 945 si
1525 920 1638 953 servo,
1664 910 1723 945 cui
1739 921 1875 946 moram
1896 911 1980 946 fecit
2002 912 2039 946 in
2057 912 2382 950 fideicommissaria

1296 955 1462 990 libertate
1482 955 1709 1000 praestanda,
1734 955 1976 1001 adscripserit,
2001 957 2187 993 dicendum
2207 963 2261 995 est
2279 964 2382 995 extra

1297 1000 1509 1036 sententiam
1524 1004 1671 1036 senatus
1698 1001 1853 1036 consulti
1870 1012 1951 1036 eum
1969 1012 2055 1045 esse,
2080 1004 2246 1047 quoniam
2263 1005 2382 1050 placet

1298 1055 1417 1087 omne,
1450 1045 1546 1089 quod
1577 1055 1643 1091 per
1673 1046 1876 1081 huiusmodi
1908 1057 2048 1082 servum
2078 1048 2291 1100 adquisitum
2315 1054 2380 1091 est,

1298 1095 1319 1126 4
1365 1091 1505 1126 restitui
1529 1095 1695 1136 oportere
1717 1091 1947 1127 manumisso.
1995 1092 2045 1126 Et
2068 1093 2099 1127 si
2121 1104 2153 1128 ei
2177 1104 2297 1138 servo,
2322 1096 2381 1139 qui

1296 1137 1393 1172 bona
1417 1135 1487 1171 fide
1511 1136 1636 1178 servit,
1669 1136 1804 1182 aliquid
1827 1136 2035 1179 adscribsit,
2059 1138 2155 1182 quod
2179 1139 2225 1173 ad
2249 1139 2380 1184 cogita-

1296 1181 1430 1217 tionem
1454 1182 1569 1216 ·animi
1599 1191 1733 1217 nocens
1766 1186 1840 1224 est,
1873 1182 1956 1227 quia
1986 1183 2020 1218 ei
2050 1182 2239 1227 adscribit,
2279 1196 2382 1229 quem

1299 1238 1403 1263 suum
1426 1230 1548 1272 putat:
1585 1227 1648 1262 sed
1672 1227 1841 1272 quoniam
1863 1238 1978 1272 neque
2006 1228 2161 1272 legatum
2184 1239 2298 1274 neque
2321 1230 2382 1265 he-

1298 1272 1431 1307 reditas
1456 1273 1572 1307 bonae
1594 1271 1679 1308 fidei
1709 1272 1911 1318 possessori
1934 1272 2151 1317 adquiritur,
2185 1273 2342 1310 dicamus
2357 1277 2384 1296 ¹⁵

1299 1321 1318 1352 5
1365 1327 1446 1352 eum
1478 1327 1616 1362 poenae
1647 1317 1871 1353 eximendum
1903 1328 1992 1353 esse.
2048 1318 2086 1354 Si
2126 1318 2288 1355 dominus
2319 1320 2375 1355 ad-

1298 1362 1481 1408 scripserit
1504 1373 1605 1398 servo
1630 1363 1803 1408 legatum,
1829 1374 1910 1398 cum
1934 1363 2023 1398 liber
2045 1363 2131 1406 erit,
2157 1364 2304 1400 dicimus
2329 1376 2384 1401 se-

1298 1411 1404 1443 natus
1430 1408 1595 1444 consulto
1629 1408 1812 1444 dominum
1842 1412 2054 1444 excusatum
2077 1419 2171 1451 esse,
2204 1410 2265 1455 qui
2288 1421 2384 1445 com-

1297 1453 1427 1497 pendio
1459 1463 1524 1488 suo
1554 1453 1653 1488 nullo
1686 1453 1791 1490 modo
1831 1454 2066 1499 prospexerit.
2114 1454 2237 1490 eadem
2274 1460 2310 1491 et
2341 1455 2385 1490 de

1298 1503 1318 1532 6
1365 1498 1439 1533 filio
1471 1502 1599 1543 postea
1629 1499 1852 1544 emancipato
1884 1498 1956 1534 dici
1977 1502 2097 1544 potest
2109 1501 2146 1534 ¹⁶.
2196 1500 2264 1544 Qui
2287 1501 2383 1536 codi-

1299 1544 1400 1579 cillos
1424 1549 1508 1579 ante
1531 1547 1784 1580 testamentum
1806 1543 1935 1586 factos,
1959 1543 1997 1579 in
2021 1544 2149 1589 quibus
2173 1544 2328 1590 legatum
2352 1546 2385 1581 ei

1298 1588 1519 1642 adscriptum
1552 1593 1649 1632 erat,
1689 1589 1893 1632 confirmat,
1934 1589 1970 1624 in
2001 1594 2148 1626 senatus
2184 1591 2386 1626 consultum

1300 1637 1317 1668 7
1366 1634 1509 1670 incidit:
1535 1634 1632 1679 quod
1656 1638 1691 1670 et
1713 1634 1874 1670 Iulianus
1898 1634 2033 1670 scribit.
2075 1635 2272 1671 Adimendo
2296 1647 2385 1681 quo-

1298 1689 1367 1724 que
1390 1678 1524 1725 aliquid
1537 1681 1562 1701 ¹⁷
1593 1679 1751 1716 incidere
1784 1680 1823 1715 in
1851 1690 2005 1725 poenam
2036 1679 2159 1723 debet,
2193 1682 2294 1726 quasi
2317 1681 2387 1717 sibi

1297 1724 1433 1769 aliquid
1468 1724 1622 1760 dederit:
1660 1725 1771 1760 veluti
1800 1725 1832 1761 si
1870 1735 1971 1761 servo
2003 1725 2120 1771 legato
2153 1726 2220 1762 sibi
2245 1726 2385 1763 eodem-

1298 1780 1366 1815 que
1380 1771 1407 1791 ¹⁸
1430 1770 1648 1806 manumisso
1666 1770 1870 1806 libertatem
1895 1781 1962 1806 sua
1981 1781 2090 1806 manu
2109 1770 2281 1808 ademerit
2303 1773 2386 1815 (hoc

1296 1815 1366 1857 ita,
1403 1815 1434 1851 si
1462 1815 1644 1851 voluntate
1676 1815 1859 1851 testatoris
1892 1815 2081 1852 ademerit:
2115 1827 2198 1852 nam
2230 1817 2261 1852 si
2282 1817 2385 1862 igno-

1297 1864 1401 1896 rante
1424 1871 1478 1903 eo,
1502 1860 1650 1896 libertas
1669 1861 1833 1903 valet¹⁹):
1858 1860 1944 1896 item
1966 1861 2008 1904 si,
2032 1865 2178 1906 rogatus
2199 1862 2386 1898 restituere

1297 1906 1453 1950 legatum
1485 1906 1553 1941 sibi
1583 1905 1822 1951 adscriptum,
1862 1905 2172 1942 fideicommissum
2202 1907 2383 1943 ademerit.

1299 1953 1319 1985 8
1367 1950 1476 1995 Qui²⁰
1506 1951 1625 1986 liberti
1647 1950 1933 1996 adsignationem
1956 1962 2023 1987 sua
2053 1962 2160 1987 manu
2183 1952 2384 1998 adscripsit,

1298 2006 1372 2031 non
1399 1996 1534 2039 verbis,
1576 1995 1640 2032 sed
1667 1996 1847 2032 sententia
1879 2001 2025 2032 senatus
2057 1997 2210 2033 consulti
2233 2001 2383 2034 tenetur.

1299 2044 1319 2076 9
1365 2041 1455 2077 Item
1490 2052 1564 2077 non
1600 2041 1803 2077 continetur
1841 2041 1957 2077 verbis
1996 2052 2137 2085 servus,
2178 2043 2237 2087 qui
2267 2043 2385 2079 alieno

1296 2090 1511 2122 testamento
1534 2086 1845 2123 fideicommissam
1868 2087 2071 2123 libertatem
2094 2087 2162 2123 sibi
2185 2087 2383 2133 adscripsit.

1297 2131 1362 2168 sed
1393 2131 1438 2167 de
1468 2132 1576 2167 h0c²¹
1615 2136 1736 2177 potest
1766 2132 1958 2175 haesitari,
1988 2132 2173 2178 quoniam,
2206 2137 2247 2169 ut
2275 2144 2386 2178 supra

1297 2177 1470 2220 diximus,
1503 2180 1650 2213 senatus
1682 2178 1734 2212 ita
1763 2177 1904 2213 demum
1927 2177 1976 2220 ei,
2012 2177 2073 2223 qui
2096 2178 2164 2213 sibi
2186 2175 2385 2214 libertatem

1296 2222 1607 2258 fideicommissam
1624 2222 1662 2258 in
1681 2226 1894 2258 testamento
1920 2222 2053 2258 domini
2076 2222 2276 2268 adscripsit,
2300 2234 2385 2268 poe-

1297 2277 1380 2303 nam
1411 2267 1565 2310 remisit,
1598 2268 1629 2303 si
1661 2267 1824 2304 dominus
1865 2268 2089 2314 subscripsit.
2137 2268 2244 2304 immo
2275 2269 2386 2313 magis

1297 2312 1486 2348 dicendum
1509 2316 1565 2348 est
1588 2313 1684 2348 hunc
1709 2317 1836 2348 contra
1859 2317 2005 2349 senatus
2030 2314 2231 2349 consultum
2254 2313 2385 2356 facere,

1298 2368 1405 2403 quam
1435 2367 1516 2393 eum
1547 2358 1610 2404 qui
1640 2359 1796 2403 legatum
1820 2358 1888 2394 sibi
1912 2358 2101 2400 adscribit,
2135 2369 2215 2393 cum
2238 2358 2385 2394 libertas

1298 2403 1501 2438 omnimodo
1533 2403 1603 2448 ipsi
1634 2404 1872 2449 competitura
1902 2404 1966 2445 sit,
1998 2403 2152 2448 legatum
2176 2407 2296 2439 autem
2320 2403 2384 2439 do-

1303 2452 1341 2483 10
1388 2447 1484 2484 mino
1508 2448 1648 2493 adquiri
1671 2449 1795 2493 possit.
1833 2448 1871 2484 Si
1887 2448 2174 2484 testamentarius
2198 2459 2299 2484 servo
2319 2460 2385 2485 suo

1296 2492 1606 2529 fideicommissam
1622 2493 1827 2529 libertatem
1839 2493 1986 2537 dederit,
2006 2493 2198 2536 videamus,
2220 2504 2265 2529 ne
2284 2498 2386 2529 extra

1297 2549 1450 2583 poenam
1474 2538 1538 2580 sit,
1570 2538 1737 2584 quoniam
1761 2539 1898 2574 nullum
1929 2537 2041 2584 ipsius
2066 2538 2287 2574 commodum
2311 2543 2383 2575 est:

1297 2584 1366 2619 nisi
1388 2583 1468 2619 ideo
1493 2583 1743 2629 adscripserit,
1782 2588 1823 2619 ut
1847 2595 1970 2620 servus
1995 2593 2121 2628 magno
2152 2584 2267 2629 pretio
2290 2584 2382 2619 redi-

1303 2632 1338 2663 11
1388 2632 1508 2664 matur
1531 2629 1577 2664 ab
1602 2639 1643 2664 eo
1669 2633 1705 2664 et
1728 2629 2011 2664 manumittatur.
2059 2628 2129 2664 Sed
2154 2632 2188 2663 et
2210 2629 2286 2673 ille,
2311 2629 2383 2674 qui,

1299 2685 1380 2709 cum
1398 2674 1493 2710 Titio
1516 2674 1651 2710 fundus
1674 2674 1865 2719 legaretur,
1889 2674 2019 2710 adiecit
2042 2684 2108 2709 sua
2125 2684 2233 2709 manu
2243 2675 2273 2695 ²²
2298 2684 2382 2710 con-

1299 2719 1474 2755 dicionem
1497 2720 1671 2765 pecuniae
1696 2719 1765 2755 sibi
1788 2719 1944 2762 dandae,
1979 2719 2016 2754 in
2040 2719 2257 2755 voluntatem
2279 2729 2384 2755 sena-

1302 2768 1340 2799 12
1388 2768 1447 2800 tus
1472 2765 1627 2801 consulti
1649 2764 1785 2800 incidit.
1833 2764 1902 2809 Qui
1925 2768 2044 2799 autem
2066 2764 2249 2800 voluntate
2271 2764 2385 2809 patris

1298 2819 1337 2845 se
1369 2809 1564 2845 exheredat
1594 2810 1649 2845 vel
1680 2810 1838 2854 legatum
1868 2809 1936 2845 sibi
1960 2809 2098 2852 adimit,
2130 2819 2245 2854 neque
2267 2809 2384 2845 verbis

1299 2858 1444 2890 senatus
1469 2855 1626 2890 consulti
1649 2864 1764 2900 neque
1788 2855 1965 2890 sententia
1991 2854 2202 2890 continetur.

1344 2898 1397 2937 23
1431 2899 1539 2935 IDEM
1571 2900 1662 2936 libro
1701 2899 1887 2953 sinqulari
1912 2900 1957 2935 de
1988 2900 2120 2946 poenis
2148 2909 2383 2945 paqanorum

1298 2944 1392 2989 Quid
1415 2945 1462 2980 sit
1479 2944 1622 2988 falsum,
1647 2948 1847 2990 quaeritur:
1873 2947 1909 2980 et
1927 2943 2066 2980 videtur
2085 2943 2121 2979 id
2141 2953 2230 2986 esse,
2254 2942 2285 2978 si
2305 2943 2382 2988 quis

1298 2990 1453 3025 alienum
1484 2990 1759 3035 chirographum
1790 2989 1947 3025 imitetur
1975 2993 2039 3024 aut
2067 2989 2225 3024 libellum
2246 2987 2302 3022 vel
2323 2998 2381 3022 ra-

1297 3035 1413 3070 tiones
1437 3034 1627 3070 intercidat
1649 3035 1705 3070 vel
1724 3034 1913 3076 describat,
1938 3045 2010 3070 non
2034 3033 2095 3078 qui
2118 3033 2205 3068 alias
2228 3032 2266 3067 in
2285 3043 2377 3067 com-

1298 3081 1483 3125 putatione
1506 3079 1562 3115 vel
1584 3080 1623 3115 in
1645 3080 1786 3115 ratione
1809 3080 1987 3114 mentitur.

1345 3123 1399 3161 24
1424 3124 1628 3160 SCAEVOLA
1652 3124 1744 3161 libro
1768 3125 1958 3160 vicensimo
1982 3122 2137 3158 secundo
2162 3122 2381 3174 diqestprum

1298 3169 1460 3205 Aithales
1492 3179 1633 3212 servus,
1666 3169 1724 3204 cui
1754 3172 1968 3204 testamento
1993 3167 2100 3202 Betiti
2125 3166 2286 3201 Callinici
2317 3176 2382 3210 per

1298 3214 1609 3250 fideicommissum
1638 3214 1787 3250 libertas
1819 3217 1855 3249 et
1876 3213 1992 3259 portio
2024 3211 2230 3247 hereditatis
2253 3210 2381 3245 relic-ta

1298 3263 1377 3295 erat
1408 3259 1454 3294 ab
1486 3259 1561 3301 his,
1599 3259 1660 3304 qui
1690 3269 1736 3295 ex
1774 3258 1939 3294 undecim
1975 3256 2198 3302 portionibus
2229 3254 2379 3307 heredes

1299 3308 1403 3340 erant
1432 3303 1606 3346 instituti,
1644 3303 1829 3349 professus
1859 3307 1913 3338 est
1942 3302 2111 3337 indicium
2143 3299 2239 3345 apud
2261 3299 2379 3335 Maxi-

1298 3349 1430 3384 millam
1453 3348 1563 3384 filiam
1586 3349 1769 3385 testatoris
1792 3359 1837 3384 ex
1859 3350 1960 3393 parte
1984 3344 2192 3381 duodecima
2214 3344 2380 3380 heredem

1299 3394 1490 3447 scriptam:
1536 3403 1576 3430 se
1613 3404 1721 3440 posse
1761 3394 1914 3439 probare
1957 3390 2087 3426 falsum
2129 3392 2380 3425 testamentum

1299 3438 1409 3474 Betiti
1433 3437 1606 3475 Callinici.
1654 3443 1691 3474 et
1717 3437 1814 3485 apud
1844 3436 2072 3481 magistratus
2094 3435 2333 3480 interrogatus
2355 3444 2379 3469 a

1298 3554 1359 3594 (10)
1382 3552 1643 3595 adiuniungitur
1664 3554 1698 3585 et
1716 3552 1744 3583 is
1763 3550 1822 3593 qui
1842 3549 1901 3591 qui
1923 3550 1957 3581 F
2070 3550 2124 3586 (ii)
2148 3547 2299 3589 corrupit
2317 3559 2378 3598 scs.

1297 3598 1357 3639 (12)
1380 3597 1574 3641 relegantur
1595 3599 1630 3631 F
1720 3597 1779 3637 (13)
1804 3592 2010 3627 existimetur
2030 3591 2080 3625 F²
2172 3592 2233 3632 (14)
2257 3591 2380 3642 adscri-

1298 3642 1418 3676 batF'²
1488 3645 1546 3681 (15)
1571 3642 1713 3675 dicimus
1724 3640 1799 3674 edd.
1869 3642 1928 3678 (16)
1952 3639 2091 3680 possunt
2102 3649 2164 3670 scr.
2236 3639 2293 3675 (ιτ)
2317 3635 2380 3668 ah-

1629 3688 1688 3726 (18)
1715 3684 1886 3725 eidemque
1903 3684 1976 3715 edd.
2100 3683 2158 3718 (19)
2184 3679 2308 3713 valebit
2331 3681 2360 3713 F
2365 3680 2380 3700 ²

1299 3734 1361 3773 (20)
1385 3732 1450 3766 sibi
1463 3734 1522 3766 ins.
1617 3733 1674 3772 (21)
1699 3739 1766 3762 nun
1780 3730 1840 3762 im.
1934 3730 1995 3769 (22)
2021 3727 2057 3759 in
2071 3728 2127 3759 ins.
2143 3726 2178 3758 F
2180 3727 2193 3747 ⁵
