2528 3918
123 169 198 202 Um
224 166 436 199 PUPILLUS
466 165 663 197 EDUGARI

121 279 308 315 videamus.
333 274 515 321 praecedit
546 277 665 309 autem
697 274 767 308 alia
791 275 965 319 quaestio,
998 278 1210 310 testamento

119 335 163 360 ex
187 323 242 357 die
264 321 320 356 vel
343 321 409 356 sub
434 319 643 355 condicione
660 322 797 354 tutores
822 319 897 354 dati
921 330 967 354 an
987 330 1026 355 se
1042 329 1213 355 excusare

119 372 201 404 ante
225 366 317 401 diem
341 364 628 401 condicionemve
651 374 796 399 necesse
811 365 970 399 habeant
985 365 1073 400 etin
1089 364 1212 410 primis

118 424 165 448 an
189 412 259 446 iam
283 410 358 445 dies
382 409 639 454 quinquaginta
663 409 712 444 eis
737 409 877 451 cedant,
909 409 1005 444 intra
1036 420 1126 455 quos
1150 419 1211 444 ne-

118 467 215 493 cesse
239 459 292 491 est
316 465 444 490 causas
469 454 708 489 excusationis
733 464 908 489 exercere.
936 455 999 489 sed
1013 465 1134 490 verum
1159 457 1213 489 est

118 513 190 538 non
213 504 296 536 ante
320 509 397 535 esse
420 503 586 541 tutorem,
604 509 710 543 quam
727 499 801 534 dies
825 500 1003 535 venerit¹:
1038 510 1121 535 nam
1144 509 1211 534 nec

117 550 306 591 antequam
337 544 435 580 adita
467 544 513 579 sit
543 544 734 579 hereditas.
767 544 852 589 quia
881 544 988 589 igitur
1019 555 1064 580 ex
1089 545 1211 580 eodem

117 594 328 627 testamento
352 589 423 624 iam
446 592 548 633 gesta
570 589 640 624 fuit
662 589 777 624 tutela
801 592 837 624 et
860 590 921 634 qui
939 594 1132 625 excusatus
1157 593 1212 624 est

116 636 205 672 alias
229 634 394 670 afuturus
426 634 478 670 rei
508 634 674 679 publicae
699 644 827 677 causa,
852 645 1015 670 reversus
1041 635 1209 670 continuo

115 683 239 717 haeret
261 680 380 715 tutelis
406 683 489 714 ante
512 679 688 724 susceptis
714 679 820 714 etiam
851 680 946 714 intra
977 690 1122 722 annum,
1148 679 1211 715 sed

115 726 173 762 hic
204 736 249 761 ex
278 725 355 769 ipso
389 727 600 759 testamento
635 724 779 759 desierit
811 735 889 760 esse
923 725 1047 760 tutor2
1072 728 1107 760 et
1130 725 1209 760 ideo

116 774 136 806 2
184 781 228 806 ex
251 770 409 806 secunda
432 770 546 804 tutela
570 779 744 804 excusare
760 779 798 805 se
821 774 951 814 potest.
999 770 1037 805 Si
1060 780 1082 804 a
1106 780 1209 815 prae-

115 820 192 852 tore
215 815 319 850 detur
345 818 490 850 curator
513 818 631 849 mente
652 818 758 860 capto
783 819 847 849 aut
863 819 961 851 muto
987 816 1060 850 sive
1083 815 1209 857 ventri,

115 864 135 897 3
184 864 376 896 excusatur
406 860 483 894 iure
514 859 720 894 liberorum.
775 859 912 896 Romae
944 860 1047 896 datos
1070 863 1209 895 tutores

115 916 176 943 eos
206 909 347 940 tantum
378 905 541 949 accipere
572 905 761 947 debemus,
794 906 855 950 qui
885 906 941 941 vel
972 916 994 940 a
1024 905 1208 950 praefecto

114 951 212 987 urbis
235 951 290 986 vel
314 961 336 985 a
360 955 526 995 praetore
556 950 611 985 vel
641 950 679 984 in
709 953 921 986 testamento
954 950 1092 986 Romae
1123 961 1208 986 con-

114 999 135 1032 4
181 996 275 1031 fecto
307 996 363 1031 vel
401 995 438 1030 in
470 995 733 1030 continentibus
774 995 848 1030 dati
879 999 975 1031 sunt.
1039 995 1076 1030 Si
1106 999 1210 1031 tanta

114 1041 274 1086 corporis
299 1044 363 1076 aut
385 1041 513 1076 mentis
530 1040 733 1076 valetudine
749 1041 794 1075 ab
816 1041 961 1086 agendis
977 1041 1084 1076 rebus
1102 1041 1208 1076 liber-

112 1091 170 1122 tus
194 1086 437 1131 prohibeatur,
462 1089 503 1120 ut
525 1095 572 1121 ne
595 1085 669 1121 suis
694 1086 834 1131 quidem
858 1087 1008 1131 negotiis
1041 1085 1207 1129 sufficiat,

112 1132 319 1167 necessitati
343 1131 410 1166 erit
433 1130 750 1174 subcumbendum,
784 1141 830 1166 ne
859 1131 1069 1176 inpossibile
1090 1131 1207 1167 iniun-

111 1180 216 1244 gatur
239 1177 373 1212 tutelae
396 1186 536 1219 munus,
562 1176 658 1221 quod
681 1176 771 1211 obiri
797 1186 819 1211 a
841 1176 968 1212 liberto
993 1187 1066 1212 non
1088 1179 1209 1222 potest

136 1233 217 1258 cum
240 1221 463 1257 incommodo
488 1222 615 1266 pupilli
638 1224 673 1257 et
697 1222 866 1257 adversus
898 1222 1090 1257 utilitatem
1122 1222 1206 1257 eius.

157 1265 211 1305 46
238 1266 318 1302 “PA
326 1276 369 1302 Ut
376 1276 420 1302 σε
440 1266 531 1302 libro
548 1266 733 1312 sinqulari
748 1267 792 1301 de
808 1268 1075 1313 coqm‘tz'om‘bus
1115 1266 1184 1312 Qui
1195 1269 1208 1288 ⁵

110 1313 147 1348 in
172 1312 317 1357 collegio
353 1312 527 1357 pistorum
562 1315 656 1354 sunt,
693 1322 716 1347 a
750 1312 869 1347 tutelis
906 1316 1144 1355 excusantur,
1178 1312 1207 1347 si

111 1359 215 1394 modo
240 1368 306 1403 per
328 1358 463 1392 semet⁶
486 1357 677 1402 pistrinum
702 1361 910 1393 exerceant:
936 1357 1000 1393 sed
1019 1368 1093 1392 non
1116 1358 1206 1393 alios

110 1408 197 1448 puto
235 1402 458 1438 excusandos
494 1412 601 1447 quam
637 1402 696 1447 qui
729 1403 825 1437 intra
867 1413 1053 1438 numerum
1088 1406 1173 1438 sunt
1182 1404 1205 1436 ⁷.

114 1452 129 1483 1
181 1448 301 1484 Urbici
324 1448 468 1482 autem⁸
491 1447 644 1492 pistores
669 1457 691 1482 a
709 1447 924 1493 collegarum
950 1458 1091 1493 quoque
1113 1447 1205 1484 filio-

111 1496 130 1528 2
178 1504 258 1528 rum
282 1492 403 1528 tutelis
428 1496 656 1527 excusantur.
707 1492 777 1528 Sed
801 1496 836 1528 et
859 1493 929 1529 hoc
960 1504 1072 1539 genus
1097 1503 1205 1528 excu-

110 1539 259 1575 sationis
284 1541 348 1581 est,
373 1538 404 1573 si
422 1538 499 1583 quis
519 1548 558 1573 se
575 1537 661 1572 dicit
674 1538 723 1573 ibi
741 1538 956 1574 domicilium
973 1549 1046 1574 non
1062 1539 1206 1581 habere,

109 1584 171 1619 ubi
196 1584 242 1619 ad
265 1583 412 1619 tutelam
436 1583 541 1618 datus
567 1587 638 1618 est:
670 1583 777 1628 idque
791 1583 987 1629 imperator
1001 1584 1205 1619 Antoninus

114 1640 192 1665 tum
217 1629 296 1665 divo
321 1631 424 1674 patre
448 1627 669 1673 significavit.

629 1766 700 1808 11⁹.

115 1834 188 1867 UBI
212 1831 438 1866 PUPILLUS
463 1832 665 1864 EDUGARI
697 1833 788 1865 VEL
821 1833 997 1865 MORARI
1022 1833 1205 1866 DEBEAT

236 1878 297 1911 ET
321 1879 381 1910 DE
406 1877 658 1910 ALIMENTIS
684 1878 733 1910 EI
757 1878 1081 1911 PRAESTANDIS.

159 1945 175 1981 1
213 1944 413 1981 ULPJANUS
451 1945 541 1980 libro
578 1945 760 1991 triqesimo
800 1947 932 1990 quarto
967 1944 1017 1980 ad
1050 1944 1205 1980 edictum

111 1991 208 2027 Solet
230 1994 375 2035 praetor
397 1990 683 2035 frequentissime
707 1989 806 2031 adiri,
833 1993 871 2024 ut
903 1990 1118 2032 constituat,
1143 1990 1206 2025 ubi

112 2036 173 2071 filii
196 2036 250 2070 vel
275 2035 418 2070 alantur
440 2035 493 2070 vel
520 2039 723 2076 morentur,
758 2045 830 2069 non
854 2037 995 2070 tantum
1018 2035 1056 2070 in
1105 2039 1203 2071 ostu-

113 2085 127 2116 1
176 2080 263 2123 mis,
299 2091 421 2116 verum
456 2081 599 2115 omnino
634 2080 671 2115 in
706 2079 826 2125 pueris
841 2080 878 2114 ¹⁰.
949 2080 999 2115 Et
1034 2090 1073 2116 so
1090 2083 1126 2115 et
1161 2091 1206 2116 ex

109 2136 284 2168 persona,
336 2136 379 2161 ex
424 2125 633 2161 condicione
677 2128 712 2161 et
754 2135 797 2160 ex
839 2128 999 2170 tempore
1035 2129 1204 2169 statuere,

111 2171 171 2207 ubi
194 2171 315 2216 potius
340 2171 487 2206 alendus
513 2171 576 2206 sit:
618 2173 653 2205 et
684 2180 951 2215 nonnumquam
975 2181 998 2206 a
1020 2171 1206 2206 voluntate

108 2217 221 2263 patris
252 2216 387 2251 recedit
417 2219 571 2261 praetor.
617 2215 768 2260 denique
800 2226 881 2250 cum
919 2216 1062 2261 quidam
1092 2219 1203 2251 testa—

108 2266 227 2297 mento
253 2272 317 2296 suo
343 2261 512 2304 cavisset,
537 2265 579 2296 ut
602 2260 695 2296 filius
726 2260 823 2305 apud
855 2261 1090 2296 substitutum
1114 2261 1203 2297 edu-

110 2311 222 2349 cetur,
253 2306 446 2351 imperator
471 2306 620 2341 Severus
652 2306 836 2351 rescripsit
866 2310 1066 2351 praetorem
1097 2306 1203 2342 aesti-

109 2362 207 2387 mare
239 2351 368 2387 debere
398 2351 647 2396 praesentibus
681 2351 807 2387 ceteris
839 2352 1049 2397 propinquis
1073 2351 1203 2387 libero-

108 2409 204 2432 rum:
236 2396 274 2431 id
297 2397 389 2431 enim
413 2406 517 2441 agere
539 2401 742 2441 praetorem
774 2399 933 2441 oportet,
967 2400 1008 2432 ut
1031 2397 1108 2432 sine
1131 2397 1204 2432 ulla

109 2446 128 2478 2
165 2442 318 2486 maligna
330 2442 533 2487 suspicione
545 2442 664 2477 alatur
675 2445 799 2487 partus
813 2445 849 2476 et
865 2442 1048 2478 educetur.
1073 2442 1203 2487 Quam-

109 2488 159 2523 vis
192 2491 312 2522 autem
343 2490 487 2532 praetor
521 2491 747 2523 recusantem
779 2487 877 2532 apud
900 2497 939 2522 se
963 2487 1108 2523 educari
1131 2498 1205 2523 non

109 2562 111 2566 ,
135 2533 320 2568 olliceatur
344 2542 381 2567 se
406 2536 624 2574 coacturum,
650 2535 808 2567 attamen
824 2533 1041 2577 quaestionis
1067 2535 1132 2575 est,
1158 2543 1205 2568 an

109 2544 238 2614 debeat
263 2578 370 2612 etiam
393 2578 541 2612 invitum
558 2588 693 2622 cogere,
711 2581 751 2612 ut
766 2581 856 2622 puta
870 2578 1048 2621 libertum,
1073 2589 1203 2623 paren-

109 2627 180 2658 tem
203 2623 256 2658 vel
281 2633 385 2667 quem
409 2623 516 2658 alium
540 2622 584 2657 de
607 2622 786 2658 adfinibus
803 2623 1015 2667 cognatisve.
1041 2627 1077 2658 et
1092 2624 1204 2668 magis

110 2672 129 2703 3
178 2672 242 2710 est,
278 2671 319 2703 ut
351 2668 530 2703 interdum
566 2667 696 2703 debeat
729 2667 766 2703 id
800 2667 932 2703 facere.
992 2667 1096 2703 Certe
1131 2679 1204 2704 non

109 2713 201 2748 male
237 2713 395 2755 dicetur,
432 2713 463 2748 si
497 2713 690 2757 legatarius
724 2713 779 2748 vel
819 2712 923 2748 heres
959 2713 1205 2749 educationem

108 2762 250 2794 recuset
280 2761 493 2793 testamento
527 2758 595 2793 sibi
628 2758 844 2800 iniunctam,
876 2758 1043 2803 denegari
1076 2759 1108 2794 ei
1143 2770 1204 2794 ac-

110 2804 224 2839 tiones
249 2803 376 2838 debere
401 2803 562 2848 exemplo
587 2803 716 2838 tutoris
741 2806 953 2838 testamento
986 2803 1079 2838 dati:
1111 2804 1205 2849 quod

110 2849 161 2884 ita
185 2848 324 2884 demum
347 2848 492 2894 placuit,
528 2848 558 2884 si
589 2848 722 2884 idcirco
756 2848 803 2883 sit
832 2848 1013 2884 relictum:
1048 2852 1205 2884 ceterum

111 2894 141 2929 si
166 2898 259 2929 esset
281 2894 480 2935 relicturus,
506 2894 644 2928 etiamsi
675 2893 924 2929 educationem
955 2897 1205 2929 recusaturum

111 2939 226 2981 sciret,
251 2949 324 2974 non
349 2938 582 2983 denegabitur
606 2939 638 2973 ei
661 2938 767 2981 actio,
793 2942 829 2973 et
851 2939 903 2974 ita
927 2938 1028 2974 divus
1053 2938 1204 2975 Severus

110 2984 317 3028 saepissime
341 2984 477 3018 statuit.

157 3027 181 3065 2
206 3028 314 3063 IDEM
341 3029 431 3065 libro
457 3029 639 3075 triqesimo
663 3031 768 3064 sexto
793 3028 843 3063 ad
872 3028 1027 3064 edictum
1075 3028 1203 3065 Officio

111 3073 247 3116 iudicis,
281 3074 342 3118 qui
373 3074 506 3109 tutelae
538 3073 740 3118 cognoscit,
773 3074 937 3118 congruit
960 3074 1203 3119 reputationes

111 3119 239 3154 tutoris
264 3129 336 3153 non
359 3119 538 3163 improbas
564 3119 757 3160 admittere,
783 3122 823 3153 ut
845 3122 934 3163 puta
966 3119 995 3154 si
1020 3118 1116 3154 dicat
1138 3119 1203 3154 im-

116 3166 129 3197 1
178 3163 382 3208 pendisse¹¹
405 3164 442 3198 in
466 3164 634 3199 alimenta
657 3164 782 3209 pupilli
805 3164 860 3199 vel
875 3163 1091 3208 disciplinas.
1123 3165 1203 3200 Mo-

113 3207 178 3243 dus
203 3211 333 3251 autem,
357 3209 388 3244 si
411 3208 552 3254 quidem
575 3212 720 3254 praetor
743 3209 937 3244 arbitratus
963 3213 1034 3252 est,
1066 3209 1096 3244 is
1130 3220 1203 3245 ser-

113 3253 187 3287 vari
211 3253 325 3296 debet,
350 3264 455 3298 quem
478 3258 624 3298 praetor
647 3254 791 3289 statuit:
825 3254 856 3289 si
873 3264 954 3289 vero
970 3258 1115 3299 praetor
1131 3265 1204 3290 non

112 3302 168 3332 est
191 3298 321 3340 aditus,
345 3309 410 3343 pro
443 3299 549 3334 modo
581 3298 807 3333 facultatium
830 3299 956 3343 pupilli
980 3299 1084 3335 debet
1108 3300 1203 3335 arbi-

113 3342 179 3377 trio
211 3343 337 3378 iudicis
373 3344 572 3379 aestimari:
606 3354 673 3378 nec
707 3343 798 3378 enim
836 3345 1109 3388 permittendum
1150 3348 1205 3380 est

116 3456 154 3496 (1)
180 3455 322 3488 venierit
333 3457 367 3489 F
483 3459 526 3498 (2)
552 3457 632 3498 quia
644 3457 750 3498 igitur
764 3480 772 3489 .
787 3480 796 3488 .
810 3480 818 3488 .
832 3457 898 3488 iam
911 3460 1006 3499 gesta
1019 3457 1085 3489 fuit
1097 3457 1203 3488 tutela

115 3502 148 3531 et
160 3500 242 3532 alias
255 3502 314 3542 qui
327 3503 502 3534 excusatus
514 3505 564 3534 est
577 3502 731 3534 afuturus
744 3501 794 3533 rei
806 3500 963 3543 publicae
973 3512 1084 3542 causa,
1094 3512 1202 3534 rever-

114 3555 170 3576 sus
183 3546 343 3577 continuo
356 3547 472 3578 haeret
485 3572 493 3580 .
509 3572 518 3581 .
533 3572 542 3580 .
556 3547 657 3578 etiam
671 3548 762 3578 intra
782 3557 917 3588 annum,
933 3549 1013 3588 [una
1035 3546 1140 3578 tutela
1153 3546 1202 3578 vi-

116 3589 186 3620 deri
199 3592 309 3630 potest
322 3591 554 3632 cogendusque
568 3592 802 3624 administrare
815 3591 915 3623 etiam
934 3592 1025 3624 intra
1045 3593 1201 3632 annumJ:

113 3633 172 3665 sed
181 3634 235 3666 hic
245 3645 285 3666 ex
294 3635 368 3676 ipso
379 3638 577 3668 testamento
587 3636 731 3668 desierat
741 3647 810 3668 esse
821 3639 915 3668 tutor
921 3649 983 3670 scr.
1079 3638 1120 3676 (3)
1135 3636 1201 3668 nisi

117 3678 175 3710 ins.
252 3680 293 3720 (4)
309 3680 329 3712 l.
340 3687 375 3713 46
382 3692 434 3722 pr.
449 3685 463 3719 ς)
477 3682 546 3713 [sic
557 3681 657 3723 plane
670 3683 813 3724 afferunt
833 3682 904 3714 Vat.
919 3689 982 3715 233.
997 3689 1050 3715 235
1066 3683 1119 3723 (cf.
1134 3685 1200 3717 237)

117 3733 185 3754 cum
196 3726 450 3767 praescriptione
460 3720 640 3767 ‘Ulpianus
662 3726 701 3758 de
722 3726 832 3758 officio
853 3727 1017 3767 praetoris
1038 3726 1201 3757 tutelaris'

121 3767 160 3806 ib)
185 3767 242 3799 sed
254 3768 312 3809 qui
334 3770 404 3802 Vat.

522 3771 564 3810 (6)
590 3770 680 3811 ipsos
693 3772 837 3804 ins.Vat.
954 3772 996 3812 (7)
1023 3772 1091 3813 qui,
1111 3771 1203 3802 intra

1206 145 1285 195 361

2113 155 2280 196 XXVII
2301 159 2334 195 1.
2352 158 2378 196 2

1282 273 1390 308 tutori
1413 276 1556 307 tantum
1579 277 1746 317 reputare
1770 279 1941 319 quantum
1966 275 2081 319 dedit,
2106 276 2136 311 si
2159 276 2239 322 plus
2264 286 2378 321 aequo

1282 321 1306 369 2.
1350 317 1455 353 dedit.
1504 318 1586 353 Hoc
1611 319 1761 363 amplius
1787 324 1821 354 et
1845 321 1875 355 si
1898 325 2042 366 praetor
2065 321 2208 356 modum
2232 322 2377 357 alimen-

1281 366 1326 397 tis
1358 363 1502 402 statuit,
1534 367 1780 399 verumtamen
1811 365 1907 400 ultra
1945 366 2035 402 vires
2067 366 2293 402 facultatium
2324 371 2379 402 est

1280 408 1376 486 ξμιοᾱ
1407 408 1593 443 decretum
1624 412 1679 443 est
1710 419 1775 444 nec
1811 412 1984 454 suggessit
2013 412 2171 456 praetori
2202 412 2247 447 de
2280 415 2379 448 statu

1297 453 1517 495 acultatium,
1543 463 1618 488 non
1642 453 1748 488 debet
1771 456 1862 489 ratio
1888 456 2011 491 haberi
2028 457 2279 492 alimentorum
2302 468 2377 493 om-

1281 498 1389 540 nium,
1416 498 1512 542 quia,
1539 498 1571 533 si
1594 499 1836 542 suggessisset,
1862 505 1925 534 aut
1948 502 2191 538 minuerentur
2221 503 2292 538 iam
2316 503 2376 538 de-

1281 545 1300 577 3
1349 546 1447 578 creta
1470 547 1534 578 aut
1558 553 1631 578 non
1654 547 1756 578 tanta
1780 544 2062 581 decernerentur.
2111 547 2181 583 Sed
2212 548 2244 583 si
2274 552 2380 594 pater

1280 588 1407 623 statuit
1440 589 1610 623 alimenta
1640 588 1761 624 liberis
1794 600 1882 633 quos
1913 590 2061 627 heredes
2094 593 2164 628 scri
2191 593 2295 636 serit,
2336 604 2379 629 ea

1278 633 1495 678 praestando
1532 636 1632 668 tutor
1666 637 1833 678 reputare
1866 636 2015 679 poterit,
2051 637 2119 672 nisi
2170 642 2248 673 orte
2281 639 2379 674 ultra

1278 678 1370 713 vires
1394 677 1622 713 facultatium
1647 680 1829 714 statuerit:
1862 684 1949 715 tunc
1967 682 2059 716 enim
2075 682 2310 727 imputabitur
2334 684 2376 727 ei,

1280 733 1345 758 cur
1367 733 1441 759 non
1465 723 1563 758 adito
1588 727 1752 768 praetore
1776 724 1988 760 desideravit
2011 727 2178 763 alimenta
2201 729 2322 764 minui.

1326 765 1350 805 3
1376 767 1486 803 IDEM
1506 768 1599 804 libro
1616 770 1741 815 primo
1766 770 1811 804 de
1834 771 1999 806 omnibus
2031 772 2270 809 tribunalibus
2316 774 2377 809 Ius

1279 813 1528 848 alimentorum
1569 813 1874 849 decernendorum
1905 816 2047 860 pupillis
2086 819 2241 862 praetori
2280 830 2376 854 com·

1278 858 1378 903 petit,
1404 861 1445 892 ut
1467 859 1544 903 ipse
1568 859 1788 902 moderetur,
1820 870 1927 905 quam
1958 871 2131 896 summam
2161 867 2298 899 tutores
2322 865 2378 900 vel

1279 907 1463 938 curatores
1509 903 1555 938 ad
1601 904 1769 940 alimenta
1811 906 1956 950 pupillis
1999 907 2053 941 vel
2088 907 2377 946 adulescentibus

1281 951 1296 982 1
1357 952 1542 993 praestare
1585 949 1749 984 debeant.
1820 951 1969 986 Modum
2012 955 2132 987 autem
2199 954 2377 990 atrimonii

1278 997 1444 1039 spectare
1467 993 1584 1036 debet,
1609 1005 1690 1029 cum
1714 995 1882 1030 alimenta
1907 996 2082 1032 decernit:
2116 1001 2153 1032 et
2200 999 2279 1035 ebet
2302 1004 2375 1035 sta-

1277 1041 1380 1074 tuere
1402 1042 1478 1074 tam
1500 1039 1693 1082 moderate,
1718 1044 1759 1074 ut
1782 1051 1855 1076 non
1873 1041 2077 1077 universum
2090 1043 2242 1079 reditum
2265 1046 2375 1090 patri-

1277 1084 1387 1119 monii
1410 1084 1448 1118 in
1471 1083 1641 1119 alimenta
1665 1084 1845 1128 decernat,
1870 1086 1933 1121 sed
1957 1097 2097 1132 semper
2120 1088 2167 1123 sit
2181 1090 2219 1132 ¹²,
2247 1093 2288 1124 ut
2312 1090 2376 1125 ali-

1277 1131 1298 1163 2
1346 1128 1432 1174 quid
1456 1139 1500 1164 ex
1523 1129 1640 1164 reditu
1665 1131 1830 1175 supersit.
1867 1132 1963 1167 Ante
1980 1133 2103 1168 oculos
2119 1133 2252 1169 habere
2271 1134 2377 1170 debet

1275 1174 1313 1208 in
1337 1174 1560 1210 decernendo
1588 1178 1623 1210 et
1647 1176 1836 1220 mancipia,
1862 1187 1954 1221 quae
1985 1178 2129 1222 pupillis
2162 1179 2375 1222 deserviunt,

1278 1222 1314 1254 et
1336 1219 1517 1255 mercedes
1532 1221 1559 1240 ¹³
1581 1221 1798 1265 pupillorum
1823 1225 1859 1257 et
1882 1225 2014 1257 vestem
2031 1226 2066 1258 et
2080 1226 2217 1259 tectum
2231 1225 2374 1270 pupilli:

1277 1267 1431 1299 aetatem
1456 1265 1562 1299 etiam
1587 1266 1831 1310 contemplari,
1854 1267 1892 1301 in
1915 1278 1987 1312 qua
2007 1269 2223 1304 constitutus
2241 1274 2295 1305 est
2319 1271 2377 1305 cui

1277 1312 1297 1344 3
1346 1310 1514 1345 alimenta
1538 1310 1789 1347 decernuntur.
1838 1312 1881 1346 In
1905 1313 2030 1358 amplis
2055 1317 2174 1349 tamen
2205 1315 2376 1359 patrimo-

1276 1354 1344 1390 niis
1368 1355 1495 1400 positis
1527 1366 1600 1391 non
1625 1357 1789 1392 cumulus
1813 1358 2037 1402 patrimonii,
2070 1359 2133 1394 sed
2181 1360 2254 1395 uod
2278 1361 2376 1396 exhi-

1276 1404 1297 1434 4
1334 1400 1461 1436 bitioni
1473 1400 1659 1445 frugaliter
1671 1401 1805 1437 sufficit
1817 1402 1960 1438 modum
1972 1404 2147 1440 alimentis
2185 1405 2272 1440 abit.
2306 1405 2376 1441 Sed

1277 1445 1307 1480 si
1331 1456 1404 1481 non
1429 1449 1580 1489 constat,
1607 1447 1686 1491 quis
1710 1447 1837 1483 modus
1861 1448 2087 1484 facultatium
2111 1450 2175 1492 sit,
2200 1451 2293 1486 inter
2316 1455 2375 1486 tu-

1276 1494 1391 1526 torem
1416 1494 1451 1526 et
1475 1502 1573 1534 eum,
1599 1492 1660 1537 qui
1691 1492 1860 1528 alimenta
1893 1493 2036 1529 decerni
2068 1494 2263 1539 desiderat,
2297 1506 2375 1532 sus-

1277 1536 1395 1581 cipere
1419 1536 1525 1572 debet
1550 1537 1786 1582 cognitionem
1810 1548 1876 1574 nec
1900 1542 2032 1575 temere
2063 1540 2231 1576 alimenta
2255 1541 2377 1577 decer-

1276 1591 1371 1624 nere,
1396 1592 1442 1616 ne
1466 1582 1502 1616 in
1519 1582 1728 1618 alterutram
1746 1587 1885 1628 partem
1905 1584 2105 1630 delinquat:
2138 1586 2238 1631 prius
2255 1590 2376 1622 tamen

1276 1626 1415 1672 exigere
1439 1626 1555 1669 debet,
1581 1631 1620 1662 ut
1642 1628 1854 1673 profiteatur
1876 1633 1992 1673 tutor,
2018 1640 2109 1675 quae
2132 1631 2179 1666 sit
2229 1641 2312 1668 enes
2337 1643 2376 1668 se

1276 1682 1425 1714 summa,
1451 1676 1487 1707 et
1511 1673 1718 1708 comminari
1740 1674 1919 1718 graviores
1944 1676 1977 1710 ei
2000 1686 2127 1711 usuras
2152 1677 2188 1711 in
2218 1677 2263 1722 ’gi
2287 1678 2374 1720 eius,

1277 1717 1372 1762 quod
1396 1727 1507 1763 supra
1530 1717 1787 1762 professionem
1806 1720 1902 1764 apud
1921 1730 2000 1755 eum
2015 1720 2123 1756 fuerit
2140 1723 2374 1767 comprehen-

1276 1766 1295 1797 5
1344 1773 1434 1797 sum.
1483 1762 1580 1797 Idem
1604 1762 1651 1798 ad
1681 1764 1952 1800 instructionem
1986 1776 2127 1811 quoque
2157 1767 2375 1812 pupillorum

1274 1807 1330 1842 vel
1353 1807 1638 1843 adulescentium
1661 1809 1877 1854 pupillarum
1892 1811 1919 1831 ¹⁴
1942 1811 1997 1846 vel
2021 1821 2153 1854 earum,
2171 1822 2264 1858 quae
2280 1813 2376 1849 intra

1274 1853 1505 1888 vicensimum
1529 1864 1662 1888 annum
1688 1855 1904 1890 constitutae
1927 1859 2028 1899 sunt,
2062 1857 2152 1892 solet
2184 1857 2376 1894 decernere

1273 1902 1442 1943 respectu
1464 1898 1692 1934 facultatium
1710 1903 1745 1934 et
1761 1901 1889 1935 aetatis
1908 1911 2030 1936 eorum
2051 1902 2111 1946 qui
2133 1901 2374 1940 instruuntur.

1275 1946 1295 1978 6
1343 1942 1414 1978 Sed
1445 1944 1476 1978 si
1508 1943 1609 1988 egeni
1641 1944 1712 1979 sint
1742 1945 1888 1990 pupilli,
1914 1946 1958 1981 de
1982 1957 2047 1982 suo
2073 1957 2134 1982 eos
2158 1948 2253 1983 alere
2277 1951 2376 1984 tutor

1274 1999 1348 2024 non
1372 1989 1605 2033 compellitur.
1642 1992 1678 2024 et
1701 1989 1732 2025 si
1756 1989 1850 2025 forte
1899 1995 1956 2026 ost
1976 1992 2119 2027 decreta
2136 1993 2305 2028 alimenta
2329 1994 2376 2029 ad

1275 2037 1468 2078 egestatem
1492 2034 1599 2069 fuerit
1622 2035 1778 2079 pupillus
1808 2046 1873 2081 per
1899 2039 2025 2079 uctus,
2058 2037 2213 2073 deminui
2245 2039 2375 2074 debent

1274 2088 1367 2124 quae
1391 2078 1537 2114 decreta
1568 2083 1670 2122 sunt,
1703 2081 2001 2125 quemadmodum
2032 2082 2150 2117 solent
2181 2084 2319 2128 augeri,
2345 2085 2373 2121 si

1275 2124 1360 2170 quid
1410 2124 1599 2159 atrimonio
1624 2126 1827 2161 accesserit.

1313 2168 1345 2222 ‚4
1370 2135 1564 2205 Pomm
1584 2170 1675 2222 libro
1700 2171 1866 2207 vicesimo
1916 2172 2008 2207 rimo
2033 2172 2256 2218 dz'qestorum
2307 2173 2376 2218 Qui

1272 2214 1383 2249 fihum
1415 2214 1580 2250 heredem
1611 2215 1835 2259 msfituerat,
1905 2217 1961 2252 iae
1992 2217 2084 2253 dotis
2108 2219 2268 2261 nomine,
2294 2229 2375 2255 cum

1272 2260 1310 2294 in
1332 2259 1467 2295 familia
1491 2260 1689 2305 nupsisset,
1715 2262 1870 2297 ducenta
1893 2263 2071 2307 legaverat
2094 2273 2160 2298 nec
2185 2263 2375 2309 quicquam

1273 2308 1471 2350 praeterea,
1490 2309 1525 2340 et
1548 2309 1703 2341 tutorem
1722 2306 1771 2342 eis
1789 2306 2037 2352 Sempronium
2062 2307 2176 2343 dedit:
2201 2309 2232 2344 is
2253 2320 2276 2344 a
2292 2320 2373 2355 cog-

1273 2351 1368 2385 natis
1394 2354 1430 2385 et
1453 2361 1476 2386 a
1498 2351 1707 2396 propinquis
1731 2353 1888 2397 pupillae
1911 2353 2105 2398 perductus
2122 2353 2169 2388 ad
2186 2354 2373 2398 magistra-

1273 2399 1349 2430 tum
1371 2396 1490 2431 iussus
1516 2399 1570 2430 est
1594 2396 1763 2432 alimenta
1785 2398 1943 2442 pupillae
1962 2401 1996 2432 et
2011 2398 2203 2441 mercedes,
2220 2403 2261 2434 ut
2283 2399 2372 2436 libe-

1273 2441 1410 2476 ralibus
1434 2441 1572 2476 artibus
1596 2441 1852 2485 institueretur,
1870 2443 2027 2488 pupillae
2043 2443 2185 2479 nomine
2199 2454 2372 2490 praecep-

1273 2486 1412 2522 toribus
1438 2486 1540 2521 dare:
1573 2486 1686 2532 pubes
1709 2486 1828 2523 factus
1852 2488 2008 2532 pupillus
2024 2488 2151 2532 puberi
2165 2489 2237 2524 iam
2252 2489 2373 2526 factae

1274 2532 1388 2566 sorori
1420 2541 1507 2566 suae
1539 2531 1695 2567 ducenta
1724 2533 1832 2577 legati
1865 2543 1975 2568 causa
2005 2533 2120 2568 solvit.
2170 2535 2373 2579 quaesitum

1274 2580 1339 2619 est,
1360 2587 1407 2611 an
1427 2576 1561 2612 tutelae
1572 2576 1703 2612 iudicio
1717 2578 1887 2623 consequi
1906 2578 2030 2623 possit,
2046 2578 2191 2623 quodin
2203 2580 2373 2617 alimenta

1272 2622 1429 2667 pupillae
1465 2625 1500 2657 et
1535 2622 1715 2657 mercedes
1750 2632 1772 2657 a
1807 2626 1926 2658 tutore
1950 2633 1994 2657 ex
2017 2624 2130 2658 tutela
2160 2625 2372 2669 praestitum

1273 2667 1328 2703 sit.
1354 2667 1539 2712 respondi:
1573 2667 1756 2709 existimo,
1790 2668 1856 2702 etsi
1887 2668 1976 2703 citra
2007 2669 2278 2713 magistratuum
2309 2671 2370 2706 de-

1273 2715 1409 2748 cretum
1433 2716 1532 2748 tutor
1555 2722 1713 2748 sororem
1737 2713 1862 2757 pupilli
1886 2713 1942 2748 sui
1965 2713 2093 2748 aluerit
2109 2717 2144 2749 et
2162 2715 2371 2752 liberalibus

1273 2758 1409 2793 artibus
1433 2757 1635 2799 instituerit,
1662 2768 1742 2792 cum
1766 2758 1857 2793 haec
1880 2758 1984 2793 aliter
2014 2758 2046 2793 ei
2070 2760 2275 2805 contingere
2298 2772 2371 2797 non

1272 2803 1549 2883 potssfflt,t·giihil
1572 2812 1623 2882 iffi
1646 2803 1963 2892 Epaiggpaeretultgkl‘ae
1992 2803 2122 2840 iudicio
2146 2806 2281 2850 pupillo
2307 2809 2370 2842 aut

1290 2859 1315 2883 u
1341 2859 1357 2883 s
1375 2859 1387 2882 1
1403 2859 1427 2882 u
1444 2859 1455 2881 1
1497 2859 1570 2892 pup
1925 2859 1992 2884 ere.

1319 2892 1343 2929 5
1377 2892 1572 2928 ULPJANUS
1592 2893 1683 2928 libro
1709 2893 1813 2928 tertio
1838 2893 1883 2928 de
1906 2894 1957 2939 of
1977 2895 2031 2929 cio
2049 2895 2286 2940 proconsulis
2332 2896 2370 2931 Si

1273 2938 1502 2982 disceptetur,
1527 2937 1589 2972 ubi
1611 2937 1744 2972 morari
1763 2938 1817 2973 vel
1832 2938 1895 2973 ubi
1911 2949 1930 2974 e
1956 2940 2058 2974 ucari
2074 2940 2248 2985 pupillum
2263 2951 2369 2986 opor-

1272 2986 1358 3025 teat,
1384 2993 1494 3017 causa
1526 2983 1669 3027 cognita
1700 2982 1736 3017 id
1766 2984 1965 3028 praesidem
1998 2988 2155 3019 statuere
2179 2986 2367 3030 oportebit.

1271 3029 1308 3063 in
1333 3038 1465 3063 causae
1490 3027 1691 3072 cognitione
1706 3027 1861 3063 evitandi
1884 3034 1977 3070 sunt,
2003 3030 2062 3074 qui
2086 3031 2279 3075 pudicitiae
2302 3031 2366 3066 im-

1272 3073 1398 3118 puberi
1412 3074 1439 3094 ¹⁵
1461 3076 1613 3117 possunt
1636 3072 1805 3108 insidiari.

1320 3116 1344 3156 6
1372 3118 1651 3153 TRYPHONINUS
1664 3118 1756 3154 libro
1781 3122 1913 3163 quarto
1931 3119 2065 3154 decimo
2084 3119 2139 3154 dis
2166 3120 2366 3154 utate'onum

1273 3164 1311 3198 Si
1335 3164 1465 3198 absens
1489 3163 1536 3198 sit
1558 3165 1658 3198 tutor
1681 3166 1717 3198 et
1740 3163 1908 3198 alimenta
1931 3164 2087 3209 pupillus
2145 3164 2311 3205 esideret,
2337 3165 2366 3198 si

1273 3209 1413 3253 quidem
1436 3207 1658 3252 neglegentia
1689 3211 1725 3243 et
1755 3208 1864 3244 nimia
1899 3209 2050 3244 cessatio
2081 3210 2118 3243 in
2143 3208 2365 3243 administra-

1272 3255 1369 3289 tione
1393 3253 1520 3288 tutoris
1534 3254 1562 3274 ¹⁶
1585 3253 1774 3296 obiciatur,
1799 3264 1891 3299 quae
1912 3255 2018 3289 etiam
2036 3265 2078 3288 ex
2094 3254 2162 3288 hoc
2183 3256 2364 3297 arguatur,

1273 3299 1369 3343 quod
1400 3309 1464 3343 per
1495 3298 1692 3333 absentiam
1723 3299 1798 3334 eius
1830 3299 1972 3334 deserta
2009 3298 2246 3343 derelictaque
2281 3301 2366 3333 sunt

1272 3344 1398 3389 pupilli
1423 3343 1575 3387 negotia,
1601 3344 1757 3379 evocatis
1774 3344 1950 3379 adfinibus
1968 3347 2074 3389 atque
2090 3343 2211 3378 amicis
2235 3343 2364 3378 tutoris

1272 3467 1444 3488 numerum
1454 3457 1642 3497 constituti,
1652 3458 1881 3489 centenarium
1892 3457 2072 3498 pistrinum
2082 3455 2262 3487 secundum
2270 3454 2363 3487 litte·

1272 3511 1325 3532 ras
1348 3501 1418 3533 divi
1439 3502 1577 3534 Traiani
1595 3502 1637 3534 ad
1659 3502 1849 3545 Sulpicium
1871 3501 2020 3533 Similem
2041 3502 2251 3532 excerceant:
2277 3510 2362 3540 quae

1271 3547 1385 3577 omnia
1407 3546 1530 3579 litteris
1555 3547 1717 3589 praefecti
1749 3557 1905 3579 annonae
1929 3544 2151 3587 significanda
2174 3547 2254 3576 sunt
2286 3545 2361 3579 Vat.

1272 3592 1315 3632 (8)
1341 3594 1451 3623 autem
1465 3604 1525 3624 om.
1545 3593 1613 3625 Vat.
1711 3594 1755 3634 (9)
1782 3593 1957 3629 8αὸ.1...5;
1981 3591 2063 3632 Pap.
2079 3597 2105 3622 6.
2118 3606 2163 3618 --
2177 3590 2260 3622 Bas.
2276 3590 2329 3629 38,
2344 3597 2360 3624 2

1271 3655 1315 3658 -
1332 3636 1381 3676 Cfi
1401 3638 1476 3669 Cod.
1493 3639 1524 3677 5,
1539 3645 1584 3670 49.
1600 3645 1636 3671 50
1752 3639 1812 3678 (10)
1838 3635 1979 3677 pupillis
1991 3647 2053 3667 scr.
2172 3636 2225 3675 (11)
2251 3644 2284 3665 se
2299 3635 2359 3668 ins.

1271 3681 1443 3715 Ruclcerus
1582 3683 1639 3723 (12)
1667 3683 1714 3714 sic
1737 3683 1807 3713 edd.
1948 3681 2005 3721 (13)
2032 3681 2285 3720 praeceptorum
2298 3680 2358 3712 ins.

1271 3726 1430 3766 (similiter
1445 3728 1627 3770 Leoninus)
1719 3730 1775 3766 (14)
1803 3736 1839 3756 ve
1852 3727 1910 3758 ins.
2006 3725 2061 3764 (15)
2087 3723 2270 3766 impuberis
2287 3724 2357 3755 dect.

1271 3772 1329 3811 (16)
1356 3772 1460 3804 tutori
1473 3785 1536 3806 scr.

2040 3825 2083 3857 46
