2528 3918
177 100 382 146 1112.13

181 230 196 262 1
273 225 426 260 eriturae
450 226 535 259 sunt
557 226 621 258 aut
644 223 794 258 actionis
819 223 893 259 dies
919 223 1079 258 exiturus
1105 227 1168 258 est.
1206 222 1267 257 Li-

178 273 199 307 2
273 270 382 306 eralia
394 278 535 322 quoque
546 267 679 303 iudicia
691 267 787 304 omni
797 272 957 314 tempore
970 268 1153 303 finiuntur.
1179 268 1269 303 Item

177 315 215 351 in
239 325 330 357 eum,
356 326 416 367 qul
440 314 526 359 quid
548 312 788 349 nundinarum
811 313 952 349 nomine
977 313 1146 348 adversus
1171 323 1267 348 com-

178 371 319 396 munem
331 359 520 395 utilitatem
540 358 731 411 acceperit,
756 359 853 395 omni
871 362 1031 404 tempore
1050 358 1106 393 ius
1127 357 1266 393 dicitur.

224 404 251 443 4
275 404 435 441 PAmws
455 404 545 440 libro
562 414 688 450 premo
711 403 762 440 ad
783 404 937 440 edictum
982 402 1167 439 Praesides
1183 413 1267 448 pro·

176 451 374 486 vinciarum
399 460 442 485 ex
467 447 727 485 consuetudine
750 449 923 495 cuiusque
945 448 1017 484 loci
1040 448 1156 484 solent
1175 458 1267 483 mes-

178 497 226 532 sis
250 494 506 531 vindemiarum
531 504 577 530 ue
601 495 734 531 causa'¹
757 498 899 540 tempus
923 492 1092 529 statuere.

224 539 248 577 5
277 539 472 576 Urmzws
488 539 517 576 li
537 550 580 575 ro
599 540 853 587 sexaqensimo
864 538 1023 576 secundo
1045 538 1096 574 ad
1113 538 1267 574 edictum

177 585 295 621 Pridie
318 585 493 621 kalendas
516 585 729 621 Ianuarias²
752 585 981 630 magistratus
1002 593 1118 629 neque
1136 583 1193 620 ius
1214 583 1266 619 di-

178 641 271 674 cere,
296 631 360 666 sed
383 640 450 667 nec
473 629 530 666 sui
551 633 767 676 potestatem
789 630 911 666 facere
935 631 1166 665 consuerunt.

224 673 249 713 6
273 675 384 711 IDEM
401 675 494 712 libro
524 686 564 711 se
593 676 817 723 tuaqensimo
848 675 999 722 septimo
1032 674 1082 710 ad
1111 674 1267 711 edictum

177 721 216 757 Si
237 719 376 757 feriatis
401 720 526 757 diebus
548 686 659 756 fflerit
680 720 898 763 iudicatum,
929 719 1007 765 lege
1031 722 1178 755 cautum
1201 723 1266 763 est,

176 776 222 802 ne
244 766 300 802 his
325 766 449 803 diebus
472 765 642 802 iudicium
665 766 713 801 sit
735 765 803 801 nisi
828 776 872 801 ex
894 765 1078 801 voluntate
1097 764 1265 811 partium,

177 815 213 848 et
248 811 346 858 quod
381 811 485 848 aliter
515 811 686 847 adversus
719 821 761 846 ea
791 810 988 846 iudicatum
1020 810 1087 846 erit
1117 820 1163 846 ne
1187 810 1266 855 quis

174 855 375 893 iudicatum
396 856 518 893 facere
540 866 628 892 neve
651 857 787 892 solvere
811 855 958 898 debeat,
991 865 1079 891 neve
1110 855 1189 901 quis
1221 855 1268 890 ad

176 912 282 948 quem
299 902 342 938 de
362 912 405 938 ea
415 902 504 938 rein
515 902 570 937 ius
584 901 720 937 aditum
733 901 800 936 erit
810 900 1006 936 iudicatum
1017 900 1138 937 facere
1150 903 1265 946 cogat.

223 945 247 984 7
272 946 383 983 Imm
400 947 492 984 libro
509 948 634 994 primo
658 947 703 982 de
733 946 860 992 officio
892 946 1051 982 consulis
1097 945 1268 982 Oratione

177 992 319 1074 guidem
355 992 426 1029 divi
458 992 575 1028 Marci
610 991 762 1037 amplius
799 1001 907 1044 quam
941 991 1051 1027 semel
1084 1001 1158 1027 non
1191 1001 1268 1027 esse

202 1038 333 1074 andam
366 1038 686 1074 instrumentorum
718 1036 924 1072 dilatlonem
956 1046 1163 1082 expressum
1195 1039 1266 1072 est:

176 1083 240 1120 sed
251 1083 415 1119 utilitatis
425 1083 639 1129 litigantium
656 1082 772 1127 gratia
792 1092 904 1117 causa
924 1082 1066 1126 cognita
1086 1085 1122 1118 et
1138 1082 1268 1117 iterum

177 1128 299 1165 dilatio
322 1132 398 1164 tam
421 1139 466 1164 ex
490 1128 613 1164 eadem
638 1138 745 1173 quam
769 1137 813 1162 ex
837 1127 907 1162 alia
929 1126 1114 1172 provincia
1137 1137 1266 1163 secun-

177 1174 262 1210 dum
284 1174 514 1211 moderamen
537 1173 697 1209 locorum
719 1173 891 1218 impertiri
915 1172 1024 1215 solet,
1058 1176 1094 1208 et
1115 1172 1268 1208 maxime

176 1219 207 1256 si
239 1219 375 1265 aliquid
403 1218 628 1264 inopinatum
660 1221 826 1263 emergat.
872 1217 962 1253 illud
992 1217 1203 1261 videndum,
1238 1217 1269 1253 si

177 1264 369 1300 defunctus
402 1263 582 1309 acceperit
613 1263 769 1315 aliquam
801 1263 1006 1298 dilationem
1036 1274 1101 1308 pro
1129 1266 1184 1298 ter
1213 1262 1267 1298 in-

176 1312 387 1352 strumenta,
412 1319 459 1344 an
480 1318 679 1344 successorl
698 1318 768 1354 quo
795 1318 841 1344 ue
861 1309 936 1344 eius
958 1308 1036 1343 dari
1056 1308 1100 1344 de
1128 1312 1197 1351 eat,
1221 1318 1268 1343 an

175 1366 272 1397 vero,
298 1355 381 1401 quia
403 1354 474 1389 iam
498 1353 584 1389 data
608 1357 672 1396 est,
698 1363 780 1399 amp
797 1354 849 1389 'us
874 1353 952 1388 dari
975 1364 1048 1389 non
1070 1353 1210 1399 possit?
1234 1357 1270 1389 et

176 1412 211 1436 m
260 1401 288 1437 's
313 1403 378 1443 e'st,
403 1402 444 1435 ut
467 1402 506 1434 et·
525 1399 585 1434 hic
609 1408 721 1434 causa
744 1399 887 1444 cognita
912 1398 989 1434 dari
1011 1398 1153 1434 debeat.

213 1411 434 1483 ΒξιΡΑσισει
462 1444 554 1480 libro
579 1445 684 1480 tertio
709 1443 845 1480 decimo
871 1444 921 1479 ad
943 1443 1119 1480 Sabinum
1165 1444 1269 1480 More

174 1490 339 1527 Romano
365 1489 440 1525 dies
465 1499 488 1525 a
510 1489 627 1524 media
650 1492 757 1524 nocte
779 1489 905 1535 incipit
924 1492 961 1525 et
979 1489 1161 1535 sequentis
1180 1499 1267 1524 noc-

174 1537 221 1571 tis
244 1535 362 1571 media
384 1538 488 1580 parte
510 1534 645 1570 finitur.
681 1534 802 1579 itaque
846 1534 908 1569 uid
932 1534 995 1570 uid
1013 1534 1052 1569 in
1070 1534 1126 1570 his
1145 1534 1269 1579 viginti

176 1585 347 1627 quattuor
369 1580 488 1623 horis,
520 1579 559 1615 id
583 1583 637 1615 est
661 1579 800 1615 duabus
822 1545 910 1615 gimi
937 1579 1017 1615 'atis
1040 1579 1208 1615 noctibus
1233 1583 1269 1615 et

174 1626 254 1662 luce
273 1625 402 1668 media,
428 1628 549 1660 actum
566 1628 634 1667 est,
654 1625 803 1670 perinde
823 1628 887 1667 est,
910 1625 1013 1671 quasi
1034 1624 1157 1670 quavis
1177 1625 1267 1661 hora

173 1671 266 1707 lucis
290 1675 412 1706 actum
437 1674 541 1706 esset.

221 1714 246 1754 9
278 1715 475 1753 Uzmws
497 1715 589 1751 libro
620 1716 773 1762 septimo
805 1715 850 1751 de
881 1715 1008 1761 officio
1066 1715 1269 1752 roconsulis

173 1761 287 1797 Divus
311 1761 489 1796 Traianus
513 1760 660 1796 Minicio
680 1760 803 1796 Natali
825 1760 1010 1805 rescripsit
1049 1760 1141 1796 erias
1166 1771 1188 1796 a
1210 1759 1266 1796 fo-

173 1806 339 1842 rensibus
362 1809 502 1842 tantum
526 1805 675 1850 negotiis
699 1805 786 1841 dare
808 1805 1042 1849 vacationem,
1069 1815 1112 1841 ea
1135 1809 1266 1848 autem,

175 1862 267 1904 quae
285 1851 333 1886 ad
353 1850 602 1896 disciplinam³
620 1850 808 1886 militarem
827 1850 1017 1896 pertinent,
1032 1851 1139 1886 etiam
1157 1850 1266 1886 feria-

173 1901 220 1932 tis
245 1896 370 1932 diebus
390 1895 615 1949 peragenda:
647 1896 742 1931 inter
772 1906 865 1942 quae
897 1895 1143 1931 custodiarum
1175 1907 1263 1942 quo-

175 1952 244 1988 que
268 1952 310 1977 co
361 1941 506 1976 ‘tionem
531 1951 620 1976 esse.

223 1985 274 2025 10
298 1953 460 2023 &aas
491 1986 583 2022 libro
619 1987 745 2032 quinto
776 1986 1035 2038 sententiarum
1082 1985 1124 2020 In
1155 1995 1265 2031 pecu-

173 2031 296 2068 niariis
330 2031 449 2068 causis
481 2031 646 2067 omnibus
659 2031 674 2052 ⁴
707 2030 829 2068 dilat1o
855 2031 908 2066 sin
959 2031 1002 2066 lis
1035 2030 1154 2066 causis
1185 2031 1266 2076 plus

174 2077 282 2113 semel
313 2077 423 2112 tribui
453 2087 527 2112 non
550 2078 688 2121 potest:
724 2076 762 2111 in
798 2076 917 2120 capita
933 2076 1012 2111 'bus
1049 2079 1169 2111 autem
1202 2086 1265 2111 reo

173 2125 246 2158 tres
279 2122 488 2164 dilationes,
521 2121 726 2157 accusatori
758 2120 852 2156 duae
883 2121 961 2156 dari
994 2124 1165 2166 possunt:
1203 2120 1266 2156 sed

172 2171 366 2213 utrumque
390 2176 502 2203 causa
526 2167 680 2212 cognita.

652 2259 748 2298 XIII
758 2258 783 2298 ⁶.

571 2324 634 2356 DE
658 2324 859 2357 EDENDO.

221 2390 242 2429 1
277 2389 472 2428 Urpmws
492 2390 584 2426 libro

174 2447 244 2483 que
267 2436 409 2472 actione
432 2446 454 2471 a
479 2446 538 2471 ere
560 2447 603 2471 vo
621 2438 674 2479 et,
707 2446 786 2471 eam
810 2435 915 2471 edere
939 2435 1062 2471 debet:
1095 2445 1179 2470 nam
1204 2446 1262 2470 ae-

173 2482 382 2528 quissimum
412 2481 447 2516 vi
473 2484 553 2517 etur
584 2491 665 2516 eum
689 2481 749 2527 qui
773 2485 919 2516 acturus
944 2484 999 2516 est
1022 2480 1127 2516 edere
1150 2480 1262 2516 actio-

171 2537 264 2570 nem,
289 2530 331 2562 ut
351 2526 503 2572 proinde
525 2525 616 2562 sciat
637 2536 732 2570 reus,
757 2529 878 2562 utrum
903 2525 1029 2562 cedere
1049 2536 1096 2560 an
1116 2529 1262 2562 conten-

173 2573 257 2608 dere
280 2572 377 2607 ultra
400 2571 540 2614 debeat,
567 2575 613 2614 et,
637 2571 668 2607 si
693 2571 980 2607 contendendum
1003 2574 1120 2616 putat,
1144 2571 1264 2606 veniat

171 2617 368 2652 instructus
393 2616 440 2652 ad
463 2616 639 2662 agendum
660 2617 802 2662 cognita
821 2617 963 2652 actione
1006 2626 1054 2651 ua
1074 2616 1262 2651 convenia-

175 2666 189 2697 1
239 2665 310 2697 tur.
358 2661 478 2697 Edere
502 2665 557 2697 est
581 2661 687 2697 etiam
713 2673 754 2697 co
783 2662 853 2697 iam
878 2661 995 2697 deseri
1022 2661 1103 2697 endi
1121 2660 1260 2697 facere:

171 2707 227 2743 vel
249 2707 287 2742 in
317 2706 436 2742 libello
469 2706 659 2752 complecti
691 2711 726 2742 et
782 2717 862 2742 are:
897 2707 952 2742 vel
987 2706 1134 2742 dictare.
1183 2716 1262 2741 eum

172 2761 314 2798 quoque
339 2751 443 2787 edere
466 2751 588 2787 Labeo
615 2752 684 2795 ait,
721 2753 780 2798 qui
812 2752 989 2798 producat
1020 2751 1262 2787 adversarium

171 2807 277 2833 suum
309 2796 356 2831 ad
387 2796 507 2832 album
539 2801 574 2832 et
598 2797 817 2833 demonstret
840 2797 936 2843 quod
960 2796 1159 2832 dictaturus
1184 2798 1262 2832 est⁰

172 2844 192 2877 2
238 2841 295 2877 vel
317 2841 354 2876 id
378 2841 527 2878 dicendo
538 2843 563 2885 ⁷,
590 2853 659 2888 quo
684 2843 737 2878 uti
760 2843 853 2878 velit.
901 2842 1088 2878 Editiones
1108 2842 1185 2878 sine
1205 2842 1262 2877 die

172 2891 208 2922 et
242 2886 390 2922 consule
421 2886 498 2922 fieri
531 2886 679 2931 debent,
711 2897 757 2923 ne
788 2887 873 2933 quid
898 2887 1118 2940 excogitetur
1142 2886 1261 2922 edito⁸

172 2932 229 2968 die
253 2935 289 2968 et
313 2932 464 2967 consule
489 2936 525 2967 et
546 2933 736 2978 praelato⁹
760 2932 817 2968 die
839 2932 915 2968 fiat.
964 2932 1056 2968 d1em
1080 2935 1200 2967 autem
1225 2936 1261 2968 et

172 2976 356 3013 consulem
376 2977 515 3029 excepit
533 2982 678 3022 praetor
698 2989 768 3024 quo
788 2978 1064 3014 instrumentum
1076 2978 1259 3022 conscrip-

170 3026 248 3058 tum
272 3025 336 3064 est,
361 3032 435 3057 non
457 3033 495 3057 m
515 3033 619 3068 quem
639 3023 768 3059 solutio
790 3026 966 3068 concepta
985 3026 1057 3058 est:
1081 3032 1165 3058 nam
1185 3022 1260 3058 dies

171 3066 358 3104 solutionis
383 3066 488 3102 sicuti
512 3078 651 3103 summa
673 3078 756 3114 pars
781 3072 837 3104 est
859 3068 905 3104 sti
931 3068 1110 3104 ulationis.
1148 3068 1259 3103 ratio-

171 3122 235 3148 nes
258 3115 380 3147 tamen
405 3122 486 3147 cum
510 3112 565 3148 die
590 3116 626 3148 et
649 3114 795 3149 consule
820 3113 877 3149 edi
934 3113 1059 3155 ebent,
1092 3113 1260 3158 quoniam

170 3160 323 3203 accepta
346 3159 382 3192 et
405 3156 491 3192 data
513 3168 586 3193 non
606 3158 694 3194 alias
714 3162 868 3204 possunt
886 3168 1072 3204 apparere,
1097 3158 1166 3193 nisi
1186 3158 1260 3193 dies

171 3205 192 3239 3
240 3207 277 3238 et
300 3201 426 3238 consul
449 3201 559 3237 fuerit
582 3202 710 3239 editus.
758 3203 911 3239 Edenda
922 3206 1007 3239 sunt
1018 3203 1147 3245 omnia,
1169 3213 1260 3248 quae

171 3247 251 3294 quis
286 3246 385 3292 apud
414 3246 568 3283 iudicem
599 3247 759 3283 editurus
791 3253 863 3284 est:
896 3259 969 3285 non
999 3252 1121 3284 tamen
1152 3251 1193 3283 ut
1225 3251 1261 3283 et

170 3293 418 3335 instrumenta,
467 3292 572 3327 uibus
594 3293 672 3338 quis
692 3303 823 3329 usurus
842 3304 916 3330 non
936 3296 1000 3336 est,
1026 3293 1261 3338 compellatur

171 3341 192 3374 4
239 3337 355 3374 edere.
402 3336 435 3372 E
462 3347 521 3373 ere
532 3348 605 3373 non
623 3337 763 3373 videtur
782 3339 842 3384 qui
862 3338 1129 3384 stipulationem
1146 3341 1260 3374 totam

171 3386 190 3418 5
239 3393 311 3419 non
323 3381 434 3418 edidit
445 3382 484 3418 ²⁰.
520 3382 598 3426 Eis,
623 3382 684 3428 qui
707 3383 752 3418 ob
778 3387 930 3419 aetatem
952 3383 1009 3419 vel
1023 3383 1260 3419 rusticitatem

633 2394 740 2426 uarto
773 2390 822 2426 ad
852 2390 1007 2426 edictum
1054 2390 1133 2434 Qua
1168 2390 1263 2435 quis-

517 3497 560 3538 (2)
585 3495 740 3529 kalendis
753 3495 918 3528 ianuariis
931 3496 980 3530 [2²

479 3542 522 3585 (4)
546 3541 594 3575 εἰσ
607 3541 644 3581 S,
657 3541 767 3574 omnis
779 3541 814 3574 F

172 3499 211 3538 (1)
237 3507 337 3530 causa
351 3498 412 3531 del.
1089 3497 1133 3538 (3)
1157 3496 1260 3529 dicis-

171 3542 334 3586 ciplinam
346 3543 382 3575 F

217 3587 260 3630 (5)
284 3587 351 3621 Ed.
363 3605 410 3612 —-
422 3587 507 3620 Bas.
522 3588 609 3628 7,1s.
621 3604 667 3611 —
683 3587 733 3630 Ost
752 3586 829 3621 Cod.
844 3586 876 3626 2,
887 3593 900 3620 1
992 3587 1036 3629 (e)
1061 3587 1110 3620 sic
1123 3585 1212 3627 F³S‚
1226 3588 1260 3619 et

171 3631 222 3665 Γ*
314 3633 357 3674 (7)
382 3631 435 3665 vel
447 3631 630 3665 indicando
641 3643 703 3664 scr.
794 3631 840 3674 (8)
865 3632 913 3665 sic
927 3631 959 3664 F
962 3630 986 3671 ²,
1001 3631 1112 3664 edicto
1125 3631 1162 3674 S,
1177 3641 1194 3663 e
1206 3632 1243 3664 F
1247 3631 1257 3651 ¹

172 3678 217 3717 (9)
243 3677 291 3711 ez‘c
303 3677 338 3710 F
344 3677 387 3710 ¹S
399 3689 467 3710 cum
479 3677 525 3719 B,
540 3676 673 3720 prolato
685 3675 738 3710 F’
751 3678 827 3711 dcte.

172 3721 221 3753 Ρ·
294 3723 348 3762 (11)
374 3722 583 3754 Modestinus
596 3722 671 3755 Hal

1278 95 1334 145 26

944 3677 1004 3718 (ιο)
1025 3677 1074 3710 sic
1081 3675 1172 3719 F’S,
1187 3676 1259 3709 edit
1327 3677 1361 3708 et
1372 3675 1429 3716 ΙΝ,
1443 3678 1477 3708 et
1488 3676 1551 3709 hoo
1564 3676 1598 3708 et
1605 3674 1660 3715 1³,
1675 3675 1732 3708 sed
1744 3677 1795 3708 est
1803 3675 1866 3707 hoc
1878 3677 1912 3708 et
1924 3675 1954 3708 S

757 3723 815 3763 (12)
841 3723 927 3754 esset
940 3721 973 3754 F
980 3721 1082 3755 altero
1096 3722 1175 3761 loco,
1190 3734 1258 3755 cum
1327 3720 1410 3752 turii
1421 3720 1473 3753 F¹

2153 115 2216 149 DE
2243 116 2433 153 Immo

1337 224 1393 259 vel
1425 224 1471 260 ob
1504 235 1629 261 sexum
1659 224 1751 270 lapsi
1780 235 1854 262 non
1885 226 2070 262 ediderunt
2092 226 2149 262 vel
2176 236 2221 263 ex
2244 226 2316 263 alia
2336 227 2432 265 iusta

1338 279 1460 311 causa,
1485 270 1727 306 subvenietur.

1383 312 1409 351 2
1433 313 1594 351 Paows
1613 314 1703 351 libro
1728 316 1833 352 tertio
1857 316 1907 352 ad
1929 315 2083 352 edictum
2129 316 2168 352 Si
2187 316 2202 353 l
2248 320 2347 353 atum
2393 327 2430 355 e-

1336 363 1446 402 tatur,
1470 370 1543 396 non
1564 359 1665 395 iubet
1681 363 1827 406 praetor
1845 361 1955 397 verba
1972 362 2179 397 testamenti
2199 327 2322 399 §gerez
2347 362 2361 398 i
2387 373 2431 400 eo

1335 403 1501 448 fortasse,
1526 405 1610 451 quia
1631 404 1780 442 heredes
1803 406 1921 442 solent
1939 406 2075 443 habere
2095 407 2296 454 exemplum
2317 411 2429 444 testa·

1337 454 1750 533 mgltimvmcuffvsss
1775 496 1868 532 libro
1892 496 2050 533 secundo
2075 496 2120 533 de
2170 497 2272 534 oenis
2318 497 2428 534 Sena-

1336 543 1396 575 tus
1420 540 1571 586 censuit,
1593 550 1640 576 ne
1663 541 1850 587 quisquam
1874 552 2009 585 eorum,
2034 552 2057 577 a
2080 508 2209 587 quiens
2233 542 2320 588 quid
2339 542 2430 580 fisco

1336 588 1490 630 petetur,
1512 586 1583 621 alia
1593 585 1830 622 instrumenta
1843 586 1994 625 delatori
2016 591 2166 632 cogatur
2187 587 2302 631 edere,
2346 598 2429 623 uam

1337 640 1430 676 quae
1453 630 1500 666 ad
1523 641 1602 667 eam
1626 640 1772 667 causam
1794 632 2032 677 pertinerent,
2066 641 2111 668 ex
2133 642 2206 678 qua
2228 642 2268 669 se
2291 632 2336 668 de
2353 643 2433 669 erre
2503 633 2511 654 ἵ

1335 674 1520 722 professus
1544 675 1648 712 estffl.

1382 719 1408 758 4
1441 720 1637 757 ULPIANUS
1655 721 1747 757 libro
1771 724 1903 767 quarto
1928 721 1979 757 ad
1999 721 2155 758 edictum
2188 721 2339 758 Praetor
2360 722 2430 758 ait:

1337 766 1583 812 ‘Argentariae
1605 775 1750 802 mensae
1774 766 1990 802 exercitores
2013 766 2190 803 rationem
2201 767 2242 810 ¹³,
2266 777 2360 813 quae
2384 771 2431 803 ad

1339 814 1354 846 1
1406 814 1457 847 ‘se
1477 811 1643 856 pertinet,
1656 810 1763 847 edent
1775 812 1803 832 ¹⁴
1823 811 1964 847 adiecto
1978 811 2035 847 die
2048 814 2083 847 et
2095 811 2267 848 consule.’
2313 811 2431 848 Huius

1336 855 1444 892 edicti
1465 856 1557 892 ratio
1582 856 1796 910 aequissima
1819 860 1891 892 est:
1916 866 2001 892 nam
2024 867 2106 892 cum
2129 857 2157 893 s'

2246 867 2349 892 orum
2371 867 2430 893 ra·

1335 902 1451 938 tiones
1476 901 1668 947 argentarii
1691 901 1895 945 conficiant,
1920 912 2073 948 aequum
2096 901 2166 937 fuit
2187 901 2226 937 1d
2245 901 2343 948 quod
2362 902 2432 938 mei
2500 903 2502 906 ’

1337 957 1448 983 causa
1472 945 1628 983 confecit
1646 957 1764 983 meum
1777 948 1805 968 ¹⁵

1337 995 1357 1027 2
1405 992 1491 1027 mihi
1525 992 1591 1027 edi.
1641 991 1712 1027 Sed
1747 995 1783 1027 et

1336 1037 1465 1080 verbis,
1489 1040 1530 1072 ut
1553 1037 1608 1072 vel
1629 1037 1708 1082 ipse
1731 1040 1880 1082 cogatur
1904 1037 2025 1073 edere:
2051 1047 2099 1073 an
2123 1040 2159 1073 et
2179 1040 2295 1083 pater,
2320 1047 2431 1084 quae-

1851 946 2089 983 uodammodo
2103 948 2132 970 ¹⁶
2153 947 2432 983 instrumentum

1831 992 1912 1027 ‘'us
1946 991 2109 1028 familias
2136 992 2342 1028 continetur
2373 991 2431 1028 his

1339 1083 1441 1118 ritur.
1501 1082 1625 1118 Labeo
1660 1082 1787 1118 scribit
1820 1086 1961 1128 patrem
1996 1092 2070 1118 non
2105 1082 2323 1128 cogendum,
2359 1082 2429 1118 nisi
2496 1077 2507 1103 ³⁴

1340 1128 1475 1164 sciente
1499 1137 1540 1163 eo
1573 1127 1776 1172 argentaria
1808 1131 2015 1163 exercetur:
2049 1127 2113 1163 sed
2143 1131 2242 1164 recte
2273 1127 2431 1164 Sabinus

1336 1172 1524 1219 respondit
1546 1175 1634 1208 tunc
1657 1172 1695 1208 id
1719 1172 1989 1216 admittendum,
2015 1183 2098 1208 cum
2119 1173 2217 1218 patri
2240 1176 2430 1218 quaestum
2492 1189 2501 1201 τ

1338 1221 1358 1254 3
1406 1217 1528 1253 refert.
1577 1217 1649 1253 Sed
1671 1218 1702 1253 si
1726 1227 1848 1254 servus
1881 1218 2121 1264 argentariam
2152 1217 2266 1253 faciat
2297 1220 2429 1263 (potest

1337 1263 1454 1307 enim),
1479 1263 1511 1299 si
1533 1262 1675 1316 quidem
1697 1263 1881 1299 voluntate
1900 1262 2034 1299 domini
2051 1263 2188 1306 fecerit,
2214 1263 2428 1309 compellen-
2499 1264 2501 1266 ’

1337 1309 1422 1344 ᾱιιιιι
1454 1308 1637 1344 dommum
1661 1307 1767 1343 edere
1790 1318 1834 1344 ac
1857 1308 2005 1353 perinde
2027 1308 2066 1343 in
2090 1318 2171 1344 eum
2194 1307 2352 1343 dandum
2376 1310 2430 1344 est
2500 1319 2502 1321 ’

1335 1354 1517 1397 iudicium,
1542 1363 1586 1389 ac
1609 1353 1639 1388 si
1670 1353 1682 1388 i
1709 1363 1748 1388 se
1777 1353 1934 1389 fecisset.
1983 1353 2047 1389 sed
2078 1354 2110 1389 si
2139 1353 2251 1389 inscio
2284 1352 2429 1390 domino

1335 1399 1441 1442 fecit,
1466 1399 1555 1435 satis
1580 1408 1658 1434 esse

1335 1445 1479 1480 habere.
1522 1444 1554 1480 si
1586 1454 1710 1480 servus
1739 1444 1958 1489 peculiarem
1988 1443 2102 1479 faciat
2114 1444 2143 1465 ¹⁷
2177 1443 2428 1488 argentariam,

1337 1490 1500 1525 dominus
1525 1489 1569 1524 de
1591 1488 1732 1534 peculio
1756 1489 1811 1525 vel
1834 1489 1879 1524 de
1900 1489 1939 1525 in
1960 1499 2037 1524 rem
2055 1498 2158 1525 verso
2178 1491 2340 1524 tenetur:
2365 1488 2430 1524 sed

1706 1398 1862 1434 ominum
1885 1399 2004 1434 iurare
2028 1409 2089 1434 eas
2113 1408 2153 1434 se
2174 1398 2332 1434 rationes
2356 1408 2430 1434 non
2497 1395 2499 1435 Ῑ

1335 1535 1367 1571 si
1390 1535 1555 1571 dominus
1579 1534 1689 1570 habet
1711 1534 1869 1570 rationes
1893 1545 1961 1570 nec
1985 1534 2067 1578 edit,
2091 1534 2130 1569 in
2152 1533 2306 1570 solidum
2328 1537 2427 1570 tene-
2491 1547 2500 1559 ⁴

1336 1583 1357 1616 4
1403 1583 1474 1615 tur.
1521 1579 1643 1614 Etiam
1666 1579 1698 1615 is
1722 1579 1783 1625 qui
1815 1579 1921 1615 desiit
1951 1579 2190 1624 argentariam
2215 1578 2355 1622 facere,
2380 1578 2428 1614 ad

1335 1628 1355 1660 5
1404 1625 1594 1661 editionem
1629 1625 1862 1670 compellitur.
1910 1624 1981 1660 Sed
2010 1624 2060 1660 ibi
2093 1624 2171 1670 quis
2205 1623 2430 1670 compellitur

1336 1670 1452 1713 edere,
1476 1670 1540 1705 ubi
1563 1670 1800 1715 argentariam
1825 1670 1993 1713 exercuit,
2019 1673 2056 1705 et
2077 1670 2148 1705 hoc
2172 1670 2270 1705 est¹⁸
2294 1669 2426 1705 consti-

1334 1719 1464 1750 tutum.
1498 1714 1594 1760 quod
1614 1715 1645 1750 si
1664 1715 1939 1750 instrumentum
1960 1715 2183 1760 argentariae
2201 1715 2240 1750 in
2260 1714 2332 1750 alia
2342 1725 2427 1760 pro·

1334 1760 1451 1796 vincia
1473 1761 1625 1803 habeat,
1657 1760 1695 1795 in
1718 1760 1790 1795 alia
1813 1760 2131 1803 administraverit,
2161 1759 2213 1795 ibi
2268 1763 2331 1796 uto
2367 1770 2427 1795 co-

1334 1805 1489 1851 gendum
1521 1805 1643 1848 edere,
1674 1805 1738 1841 ubi
1770 1805 2008 1851 argentariam
2032 1804 2209 1841 exercuit:
2269 1815 2313 1840 oc
2335 1805 2428 1840 enim

1335 1851 1488 1896 primum
1521 1850 1686 1903 deliquit,
1719 1850 1815 1896 quod
1839 1850 1909 1886 alio
1932 1851 2207 1886 instrumentum
2230 1849 2426 1885 transtulit.

1336 1895 1432 1942 quod
1456 1896 1487 1931 si
1510 1896 1548 1931 in
1572 1896 1640 1931 alio
1665 1895 1745 1931 loco
1771 1896 2010 1940 argentariam
2031 1898 2184 1938 exercet,
2209 1895 2295 1930 alibi
2307 1898 2427 1930 autem

1335 1941 1383 1976 ad
1407 1941 1597 1976 editionem
1622 1941 1873 1986 compelletur,
1905 1941 2048 1976 minime
2078 1941 2149 1976 hoc
2179 1940 2300 1976 facere
2332 1940 2427 1985 cogi-

1335 1990 1411 2022 tur:
1446 1986 1514 2022 nisi
1537 1986 1754 2039 descriptum
1777 1986 1863 2022 velis
1886 1986 1950 2022 ubi
1981 1986 2026 2021 de
2058 1996 2101 2022 ea
2130 1995 2170 2021 re
2200 1986 2316 2031 agitur
2347 1995 2428 2021 eum

1334 2031 1400 2067 tibi
1424 2031 1520 2075 dare,
1545 2031 1617 2067 tuis
1638 2031 1803 2067 videlicet
1825 2031 2044 2077 sumptibus:

1382 2075 1406 2114 5
1431 2074 1489 2112 ΡΑ
1497 2086 1592 2112 vsvs
1611 2076 1704 2113 libro
1727 2078 1832 2112 tertio
1857 2077 1906 2112 ad
1927 2076 2082 2112 edictum
2128 2076 2356 2122 spatiumque
2380 2075 2426 2111 ad

1334 2121 1567 2167 perferendas
1592 2131 1652 2157 eas
1676 2121 1904 2157 tribuendum
1927 2125 1992 2157 est.

1380 2165 1405 2204 6
1438 2166 1632 2203 ULPJANUs
1653 2166 1744 2203 libro
1769 2170 1901 2213 quarto
1925 2167 1976 2202 ad
1997 2166 2152 2203 edictum
2199 2165 2238 2201 Si
2269 2165 2348 2211 quis
2383 2175 2427 2201 cx

1334 2211 1556 2257 argentariis,
1580 2214 1622 2247 ut
1639 2212 1800 2257 plerique
1820 2222 1953 2255 eorum,
1976 2212 2014 2247 in
2036 2211 2120 2246 villa
2139 2211 2273 2246 habeat
2293 2211 2426 2246 instru-

1333 2261 1492 2292 mentum
1502 2256 1558 2292 vel
1568 2256 1606 2292 in
1617 2257 1764 2292 horreo:
1790 2260 1853 2291 aut
1866 2257 1912 2292 ad
1924 2257 2043 2292 locum
2054 2260 2091 2291 te
2102 2256 2277 2301 perducet
2289 2259 2352 2291 aut
2365 2255 2426 2291 de-

1337 2305 1351 2336 1
1403 2302 1557 2346 scriptas
1580 2301 1737 2337 rationes
1762 2301 1872 2336 dabit.
1921 2301 1971 2337 Co
1997 2304 2101 2336 entur
2132 2304 2168 2336 et
2198 2310 2427 2337 successores

1334 2346 1527 2392 argentarii
1552 2346 1656 2382 edere
1678 2346 1848 2381 rationes.
1897 2356 1967 2392 quo
2017 2346 2047 2381 si
2068 2346 2190 2391 plures
2215 2349 2301 2382 sunt
2323 2346 2425 2381 here-

1335 2392 1397 2427 des
1423 2396 1459 2427 et
1481 2401 1575 2427 unus
1598 2391 1740 2434 habeat,
1765 2391 1863 2427 solus
1888 2391 1935 2427 ad
1959 2390 2148 2426 editionem
2173 2390 2424 2436 compelletur:

1333 2437 1395 2472 sed
1419 2437 1450 2472 si
1473 2446 1597 2472 omnes
1632 2436 1790 2471 habeant
1822 2440 1858 2471 et
1889 2446 1982 2472 unus
2015 2435 2181 2479 ediderit,
2219 2446 2341 2472 omnes
2379 2435 2426 2471 ad

1333 2482 1522 2518 editionem
1547 2481 1781 2526 compellendi
1804 2485 1898 2517 sunt.
1947 2481 2032 2527 quid
2055 2481 2148 2516 enim
2171 2481 2203 2516 si
2225 2481 2366 2516 humilis
2390 2484 2425 2516 et

1332 2527 1538 2572 deploratus
1570 2537 1672 2562 unus*
1696 2526 1825 2569 edidit,
1857 2530 1899 2562 ut
1929 2526 2094 2562 dubitare
2125 2526 2205 2579 quis
2229 2526 2354 2561 merito
2382 2525 2426 2562 de

1331 2572 1402 2608 fide
1414 2572 1578 2608 editionis
1590 2572 1730 2617 possit?
1753 2575 1794 2607 ut
1813 2572 1922 2617 igitur
1942 2581 2143 2617 comparari
2162 2571 2321 2607 rat-lones
2338 2581 2422 2616 pos—

1332 2618 1422 2660 sint,
1456 2617 1564 2653 etiam
1598 2617 1706 2652 ceteri
1730 2616 1834 2652 edere
1858 2617 1988 2652 debent
2011 2620 2074 2651 aut
2098 2619 2195 2652 certe
2217 2616 2325 2652 unius
2350 2616 2423 2651 edi-

1330 2663 1419 2698 tioni
1451 2662 1686 2698 subscribere.
1718 2662 1788 2697 hoc
1810 2661 1904 2698 idem
1928 2661 1994 2698 erit
2018 2664 2053 2697 et
2076 2661 2107 2696 si
2137 2662 2257 2707 plures
2290 2661 2425 2696 fuerint

1331 2707 1540 2753 argentarii,
1575 2717 1597 2742 a
1628 2707 1756 2753 quibus
1782 2707 1889 2742 editio
1921 2706 2155 2743 desideratur.
2202 2716 2287 2742 nam
2322 2709 2358 2742 et
2392 2706 2423 2742 si

1330 2753 1450 2799 plures
1480 2755 1619 2788 tutores
1650 2753 1798 2788 tutelam
1831 2751 2167 2788 administraverunt
2201 2751 2326 2794 simul,
2359 2754 2424 2787 aut

1330 2808 1452 2834 omnes
1484 2797 1589 2833 edere
1620 2797 1751 2833 debent
1781 2800 1845 2832 aut
1873 2797 1981 2832 unius
2013 2796 2158 2832 editioni
2181 2796 2420 2832 subscribere.

1331 2846 1350 2878 2
1398 2843 1563 2889 Exigitur
1587 2846 1707 2878 autem
1729 2842 1775 2878 ab
1800 2841 2002 2877 adversario
2027 2841 2219 2886 argentarii
2241 2842 2421 2877 iusiuran-

1331 2888 1416 2924 dum
1435 2899 1508 2924 non
1529 2887 1728 2924 calumniae
1748 2897 1860 2923 causa
1869 2886 2054 2933 postulare
2074 2886 2132 2922 edi
2152 2886 2237 2922 sibi:
2262 2897 2309 2922 ne
2328 2886 2423 2922 forte

1329 2934 1383 2969 vel
1395 2942 1636 2979 supervacuas
1647 2932 1804 2968 rationes
1816 2932 1870 2967 vel
1890 2942 1980 2978 quas
1999 2932 2111 2967 habet
2130 2931 2187 2967 edi
2207 2931 2276 2967 sibi
2296 2935 2420 2977 postu·

1330 2981 1349 3014 3
1397 2978 1448 3014 let
1469 2977 1622 3014 vexandi
1645 2977 1838 3022 argentarii
1851 2977 1880 2998 ¹⁹
1903 2987 2025 3013 causa.
2073 2976 2263 3012 Rationem
2299 2979 2419 3012 autem

1331 3033 1410 3059 esse
1432 3023 1557 3058 Labeo
1581 3022 1633 3058 ait
1655 3022 1749 3058 ultro
1775 3022 1864 3058 citro
1889 3021 1998 3057 dandi
2021 3021 2237 3067 accipiendi,
2271 3021 2417 3057 creden-

1329 3068 1416 3111 di20,
1441 3067 1621 3120 obligandi
1645 3067 1802 3103 solvendi
1825 3068 1881 3102 sui
1901 3077 2012 3103 causa
2031 3067 2325 3119 negotiationem:
2351 3076 2418 3102 nec

1329 3113 1437 3148 ullam
1460 3116 1633 3148 rat10nem
1657 3112 1754 3147 nuda
1778 3113 1966 3148 dumtaxat
1987 3112 2165 3147 solutione
2189 3111 2298 3147 debiti
2328 3111 2417 3147 inci-

1328 3168 1423 3203 pere.
1471 3168 1537 3193 nec
1562 3157 1592 3192 si
1615 3157 1742 3203 pignus
1768 3158 1948 3203 acceperit
1972 3160 2036 3192 aut
2058 3156 2285 3199 mandatum,
2319 3167 2416 3192 com-

1327 3202 1530 3248 pellendum
1554 3202 1675 3238 edere:
1701 3203 1770 3238 hoc
1795 3203 1888 3238 enim
1912 3206 2013 3238 extra
2035 3202 2212 3238 rationem
2236 3211 2325 3237 esse.
2350 3201 2415 3237 sed

2474 2983 2494 3083 ’ζωρά-Δ,
2481 2966 2485 2977 »-
2476 2926 2487 2960 τινα

1328 3252 1364 3284 et
1398 3247 1494 3293 quod
1525 3248 1616 3283 solvi
1649 3248 1852 3290 constituit,
1891 3247 2115 3292 argentarius
2149 3246 2253 3282 edere
2288 3246 2414 3282 debet:
2477 3240 2482 3275 ἶ

1327 3295 1349 3328 4
1395 3302 1479 3328 nam
1503 3296 1539 3328 et
1562 3293 1631 3328 hoc
1655 3303 1700 3328 ex
1723 3293 1923 3345 argentaria
1953 3291 2058 3327 venit.
2105 3291 2165 3326 Ex
2195 3292 2266 3327 hoc
2298 3290 2415 3327 edicto

1328 3340 1348 3373 5
1393 3337 1432 3372 in
1454 3338 1491 3373 id
1515 3337 1612 3383 quod
1634 3337 1795 3373 interfmt
1818 3337 1912 3373 actio
1937 3336 2123 3389 competit:
2148 3336 2244 3372 unde
2265 3339 2417 3382 apparet
2473 3343 2483 3360 ³

1326 3382 1379 3418 ita
1401 3382 1543 3419 demum
1566 3388 1688 3419 tenere
1710 3383 1779 3419 hoc
1803 3382 1968 3424 edictum,
1993 3392 2023 3417 s1
2047 3381 2094 3417 ad
2118 3391 2199 3417 eum
2222 3382 2413 3427 pertineat.
2481 3409 2483 3414 ι

1329 3496 1410 3529 hacc
1421 3498 1521 3529 verba
1533 3497 1582 3530 ibi
1592 3496 1743 3541 leyantur
1755 3497 1804 3530 bis
1949 3495 2007 3537 (18)
2033 3495 2155 3537 cuique
2172 3495 2233 3528 ins.
2247 3494 2417 3528 Muretus.-

1327 3541 1388 3574 sed
1406 3542 1526 3574 excidit
1540 3542 1653 3584 potius
1673 3541 1738 3574 talc
1758 3541 1858 3584 quid:
1882 3550 1982 3582 quam
2004 3540 2080 3582 quis
2098 3539 2249 3583 postulat
2272 3539 2339 3571 sibi
2361 3537 2414 3571 edi

1329 3586 1388 3627 (14)
1413 3585 1593 3618 edanteffi·
1685 3587 1743 3627 (15)
1767 3595 1943 3627 meumque
1956 3597 2018 3618 scr.
2097 3586 2158 3627 (16)
2183 3583 2416 3627 quodadmodo

1327 3631 1362 3664 F
1446 3631 1504 3672 (1¹1)
1528 3631 1577 3664 sic
1587 3629 1678 3673 F³S‚
1691 3630 1751 3663 flat
1762 3629 1813 3664 ΙΝ
1914 3631 1973 3672 (18)
1999 3630 2056 3662 sed
2068 3629 2131 3662 hoc
2145 3632 2195 3662 est
2206 3628 2268 3669 ΙΝ,
2285 3639 2339 3661 ees
2351 3628 2415 3660 hoo

1552 3721 1616 3762 (20)
1641 3719 1783 3753 debendi
1797 3721 1858 3754 ins.

2041 3676 2100 3716 (19)
2125 3675 2173 3708 εἰσ
2185 3673 2275 3716 F³S,
2290 3682 2412 3716 argen-
