2528 3918
141 153 339 185 murenis
367 154 663 185 AUFERUNTUR
1198 140 1285 187 497

138 265 266 300 factum
291 267 326 299 et
356 264 392 299 id
416 264 511 309 quod
542 264 703 300 relictum
735 267 789 300 est
820 264 867 301 ad
891 265 1017 301 fiscum
1042 265 1220 311 pertinere

134 309 295 355 proxime
318 309 383 345 tibi
406 309 584 355 respondi.

182 353 231 391 15
255 354 362 389 Imm
382 355 472 390 libro
491 359 595 390 sexto
610 365 865 400 responsorum
904 355 1048 398 Heredi,
1073 356 1134 400 qui
1153 355 1219 391 fal-

134 410 192 435 sos
217 399 398 435 codicillos
422 409 500 435 esse
524 400 612 435 dixit
635 410 749 445 neque
766 400 929 444 optinuit,
954 401 1132 436 hereditas
1148 412 1220 436 non

133 444 312 488 aufertur;
338 445 368 480 si
391 448 512 479 tamen
537 444 667 488 aliquid
692 455 715 480 a
739 445 912 480 coherede
930 446 1100 482 codicillis
1116 456 1218 482 acce-

156 489 232 531 erit,
257 489 333 524 eius
353 489 445 524 actio
463 489 705 534 denegibitur.
740 490 861 533 itaque
877 491 908 525 si
929 491 1104 527 bonorum
1127 492 1220 527 inter

132 501 278 570 iieredes
298 534 502 570 divisionem
527 534 717 570 defunctus
742 535 912 570 codicillis
937 536 1072 579 fecerit,
1099 540 1219 582 partes

131 579 271 625 quidem
295 579 540 621 hereditarias,
565 580 601 614 in
617 580 745 624 quibus
763 581 919 625 legatum
933 582 1130 617 consistere
1147 592 1220 617 non

132 624 257 669 potuit,
282 625 427 666 tenebit,
453 625 516 660 sed
541 625 724 660 Falcidiae
747 625 917 661 beneficio
943 637 1015 662 non
1031 630 1164 669 utetur,
1190 627 1220 662 si

131 673 269 704 tantum
292 670 329 705 in
352 670 490 706 amissis
524 670 750 715 portionibus
786 671 870 713 erit,
903 672 998 716 quod
1022 671 1219 707 Falcidiam

129 726 170 750 ae
198 715 306 750 uitate
331 726 408 750 com
437 714 631 750 ensationis
658 718 878 751 reeusaret1.

173 727 227 797 (16
251 760 358 795 IDEM
378 726 468 795 libro
502 764 628 795 octavo
660 772 916 806 responsorum
965 761 1054 797 Cum
1086 762 1218 797 tabulis

130 805 293 840 secundis
315 808 418 850 pater
436 805 612 850 impuberi
632 805 704 840 filio
726 806 848 841 fratris
869 806 962 842 filios
984 807 1218 843 coheredibus

129 851 220 885 datis
245 850 489 894 substituisset
513 861 556 885 ac
579 851 762 886 substituti
786 851 907 887 fratris
932 852 995 887 filii
1019 856 1101 897 post
1123 863 1217 888 mor-

130 900 199 930 tem
222 894 326 941 pueri
349 899 499 931 matrem
531 895 606 931 eius
638 900 764 940 partus
797 897 947 932 subiecti
971 907 1068 933 ream
1093 900 1217 942 postu-

128 941 273 983 lassent,
299 943 339 975 ut
363 940 596 976 hereditatem
619 942 739 986 patrui
770 942 962 986 legitimam
998 943 1215 987 optinerent:

131 986 232 1021 victis
256 985 486 1021 auferendam
519 996 596 1021 esse
628 990 767 1031 partem
797 987 1006 1023 hereditatis
1039 999 1083 1023 ex
1107 998 1218 1023 causa

129 1031 391 1067 substitutionis
415 1031 594 1076 respondi,
620 1032 702 1076 quia
716 1042 760 1067 ex
776 1035 988 1068 testamento
1006 1033 1216 1069 sententiam

134 1080 143 1111 1
195 1076 390 1112 secundum
422 1087 461 1112 se
496 1076 627 1112 dictam
667 1088 739 1112 non
775 1078 982 1114 haberent2.
1042 1078 1216 1123 Quoniam

128 1126 289 1167 stuprum
313 1122 349 1156 in
373 1132 415 1157 ea
439 1122 602 1158 contrahi
625 1133 697 1157 non
713 1123 858 1167 placuit,
883 1134 976 1168 quae
1000 1135 1038 1159 se
1055 1135 1126 1159 non
1149 1134 1215 1169 pa-

127 1168 219 1202 troni
243 1168 477 1203 concubinam
503 1177 579 1203 esse
593 1168 739 1212 patitur,
766 1169 876 1211 ³eius‚
902 1170 962 1214 qui
981 1169 1216 1204 concubinam

127 1212 261 1254 habuit,
287 1212 407 1257 quod⁴
431 1215 643 1248 testamento
668 1214 832 1248 relic-tum
857 1218 922 1256 est,
948 1215 1041 1249 actio
1059 1225 1131 1249 non
1155 1214 1215 1249 de-

126 1257 324 1302 negabitur.
371 1257 478 1302 idque
502 1258 538 1293 in
562 1262 776 1294 testamento
802 1259 929 1294 Coccei
955 1260 1117 1295 Cassiani
1143 1259 1215 1294 cla-

127 1303 253 1338 rissimi
278 1303 360 1344 viri,
387 1304 448 1348 qui
473 1302 640 1338 Rufinam
663 1304 851 1348 ingenuam
876 1305 1011 1340 honore
1033 1305 1138 1350 pleno
1163 1305 1215 1339 di-

125 1350 272 1391 lexerat,
305 1349 429 1393 optimi
453 1349 667 1393 maximique
698 1350 875 1395 principes
902 1351 1014 1385 nostri
1037 1350 1215 1386 iudicave-

125 1397 225 1429 runt·
258 1394 358 1429 cuius
383 1393 504 1435 filiam,
538 1404 647 1437 quam
672 1395 850 1430 alumnam
882 1399 1095 1431 testamento
1129 1396 1215 1430 Cas-

125 1440 245 1474 sianus
276 1439 375 1484 nepti
409 1439 619 1474 coheredem
658 1440 778 1475 datam
816 1451 860 1485 ap
890 1441 1073 1484 ellaverat,
1111 1441 1215 1486 vulgo

125 1488 143 1518 2
192 1484 412 1529 quaesitam-‘¹
432 1484 609 1529 apparuit.
651 1485 739 1521 Cum
763 1486 847 1520 here
874 1487 902 1521 is
928 1497 1055 1522 nomen
1079 1490 1217 1521 mutata

126 1530 309 1564 voluntate
332 1533 438 1574 pater
461 1529 613 1565 familias
636 1530 757 1566 incisis
782 1531 914 1567 tabulis
938 1532 1137 1567 induxisset
1161 1536 1214 1566 at-

151 1585 195 1609 ue
227 1575 306 1610 ideo
339 1574 426 1610 fisco
458 1575 632 1621 portionis
665 1577 941 1612 emolumentum
974 1577 1214 1612 adiudicatum

140 1620 262 1662 uisset,
288 1630 366 1655 eam
382 1631 457 1655 rem
473 1620 653 1665 legatariis
669 1633 741 1657 non
758 1622 895 1664 obesse,
920 1623 980 1667 qui
996 1623 1217 1658 retinuerant

124 1665 357 1708 voluntatem,
390 1665 469 1701 divo
500 1666 627 1702 Marco
659 1667 814 1712 placuit,
851 1671 886 1703 et
920 1668 999 1704 ideo
1037 1679 1117 1704 cum
1149 1679 1214 1704 suo

122 1721 229 1746 onere
252 1710 378 1747 fiscum
403 1711 605 1747 succedere.

171 1754 220 1793 17
248 1756 355 1792 IDEM
375 1757 466 1792 libro
495 1758 600 1792 tercio
631 1757 767 1793 decimo
799 1769 1055 1805 responsorum
1102 1758 1214 1794 Here-

126 1801 217 1844 dem,
249 1801 309 1846 qui
332 1801 448 1838 sciens
479 1801 640 1838 defuncti
671 1803 864 1838 vindictam
899 1804 1045 1849 insuper
1078 1804 1213 1848 habuit,

124 1846 264 1882 fruetus
300 1857 423 1883 omnes
458 1848 646 1883 restituere
678 1849 875 1893 cogendum
915 1850 1112 1884 existimavi
1147 1860 1213 1885 nec

123 1892 236 1937 probe
260 1892 540 1929 desideraturum
565 1894 739 1929 actionem
765 1894 951 1930 confusam
968 1895 1126 1930 restitui:
1153 1895 1213 1930 de-

124 1941 266 1982 ceptum
290 1941 409 1976 autem
443 1939 666 1983 ignoratione
697 1938 785 1974 facti
817 1940 932 1975 bonae
965 1939 1047 1974 fidei
1070 1950 1212 1985 posses-

122 1983 210 2018 soris
236 1983 476 2019 defensionem
488 1984 696 2019 habiturum
721 1988 804 2020 ante
816 1989 947 2020 motam
968 1985 1104 2020 scilicet
1128 1996 1212 2021 con-

120 2029 339 2071 troversiam,
357 2029 388 2064 si
402 2029 492 2064 ratio
508 2029 691 2065 fructuum
707 2030 942 2073 subducatur,
967 2041 1033 2066 nec
1052 2030 1213 2076 improbe

121 2073 306 2109 confusam
331 2074 506 2110 actionem
531 2074 630 2110 reddi
653 2076 931 2120 postulaturum.

168 2116 219 2156 18
243 2118 350 2154 IDEM
370 2120 461 2155 libro
486 2120 612 2166 quinto
638 2121 775 2156 decimo
800 2132 1059 2166 responsorum
1106 2122 1212 2164 Eum,

122 2164 183 2208 qui
204 2164 352 2200 tacitum
375 2164 687 2201 fideicommissum
701 2165 739 2200 in
762 2166 926 2202 fraudem
942 2167 1027 2212 legis
1042 2168 1211 2212 suscepit,

120 2221 180 2245 eos
205 2220 346 2255 quoque
369 2209 519 2253 fructus,
546 2222 635 2256 quos
661 2215 744 2247 ante
768 2212 865 2247 litem
891 2216 1023 2248 motam
1040 2213 1210 2258 percepit,

119 2254 306 2291 restituere
331 2256 527 2301 cogendum
551 2257 731 2301 respondi,
763 2257 859 2302 quod
883 2258 997 2293 bonae
1021 2258 1104 2293 fidei
1154 2269 1210 2293 os-

120 2311 239 2336 sessor
267 2300 381 2336 fuisse
412 2312 484 2337 non
519 2302 659 2337 videtur
696 2302 855 2347 exemplo
872 2304 886 2324 θ
918 2303 1094 2339 bonorum
1149 2314 1210 2340 sco

120 2346 390 2382 vindicatorum.
446 2350 530 2391 post
558 2350 690 2382 motam
720 2347 763 2383 de
794 2348 904 2383 tacito
937 2348 1210 2385 fideicommisso

120 2392 400 2427 controversiam
435 2393 540 2428 ante⁷
570 2393 686 2438 pretia
716 2392 898 2429 fructuum
927 2398 1098 2439 percepta
1130 2405 1211 2430 cum

120 2437 237 2473 usuris
265 2447 343 2473 esse
366 2437 588 2473 restituenda
610 2438 791 2483 respondi,
823 2439 911 2474 sed⁸
935 2440 1090 2474 omnium
1114 2439 1210 2475 fruc-

121 2486 236 2525 tuum,
262 2493 413 2527 quorum
436 2483 552 2527 pretia
575 2487 745 2529 percepta
767 2483 924 2519 fuerant:
951 2485 1046 2529 quod
1071 2485 1100 2520 si
1114 2485 1211 2521 fruc-

121 2531 180 2563 tus
203 2527 241 2563 in
265 2539 333 2563 usu
357 2528 495 2569 habuit,
519 2538 643 2564 eorum
666 2529 782 2574 pretia
805 2533 942 2565 tantum
967 2530 1108 2566 restitui
1124 2531 1210 2566 satis

123 2573 200 2608 erit.
248 2573 311 2608 sed
343 2573 443 2608 divus
475 2572 625 2609 Severus
658 2574 833 2610 bonorum
864 2575 973 2611 tacite
1004 2576 1211 2611 relictorum

122 2618 212 2653 citra
247 2618 511 2654 distinctionem
546 2619 714 2664 temporis
749 2619 890 2655 fructus
927 2620 1113 2656 dumtaxat
1149 2621 1209 2657 de-

119 2664 209 2706 beri,
234 2674 306 2699 non
331 2664 437 2699 etiam
461 2674 590 2700 usuras
614 2674 736 2700 eorum
760 2665 910 2709 benigne
935 2665 1106 2702 decrevit:
1140 2677 1209 2711 quo

124 2712 137 2743 l
187 2708 264 2744 iure
287 2709 434 2745 utimur.
478 2709 588 2745 Bonis
610 2709 782 2745 universis
801 2720 843 2745 ex
868 2720 977 2746 causa
992 2711 1095 2746 taciti
1110 2711 1208 2747 fidei-

120 2754 298 2790 commissi
327 2754 416 2790 fisco
448 2754 621 2790 restitutis
658 2755 825 2790 heredem
855 2766 943 2791 onus
979 2756 1072 2792 aeris
1102 2756 1209 2792 alieni

120 2810 193 2834 non
217 2802 380 2845 spectare
405 2800 586 2836 convenit:
612 2810 679 2836 nec
704 2800 800 2835 aliud
816 2805 977 2836 servatur
1000 2804 1114 2837 morte
1137 2813 1209 2838 non

120 2844 277 2880 defensa.
324 2844 355 2880 si
379 2845 462 2889 quid
485 2848 603 2881 tamen
629 2845 673 2880 ob
699 2846 831 2881 aditam
847 2846 1080 2882 hereditatem
1097 2847 1208 2883 actio-

119 2890 222 2925 nibus
247 2893 311 2925 aut
334 2890 562 2926 servitutibus
586 2890 743 2926 confusis
768 2891 935 2934 amiserit,
959 2892 1118 2928 auxilio⁹
1133 2902 1207 2928 res-

120 2937 140 2969 2
185 2935 361 2971 titutionis
382 2946 454 2971 non
466 2936 670 2972 merebitur.
701 2936 772 2972 Pro
785 2939 887 2982 parte
902 2937 1003 2972 heres
1024 2937 1208 2973 institutus

119 2980 254 3025 praedii
276 2980 431 3026 legatum
462 2984 653 3027 acceperat
682 2982 785 3017 etin
816 2982 1012 3018 hereditate
1043 2993 1117 3018 non
1148 2993 1207 3019 ca·

120 3095 159 3130 (ι)
184 3095 374 3127 recusarent
385 3107 448 3128 scr.
558 3096 600 3136 (2)
627 3095 706 3136 quia
716 3106 756 3129 ex
768 3097 964 3130 testamento
976 3097 1143 3130 sententia
1154 3107 1202 3130 se-

120 3138 265 3171 cundum
276 3150 310 3172 se
322 3139 410 3172 dicta
421 3150 490 3172 non
510 3140 642 3173 adirent
653 3154 716 3174 scr.
878 3144 919 3182 (3)
946 3142 977 3175 ei
996 3155 1064 3175 cum
1083 3143 1119 3175 B
1139 3143 1200 3176 ins.

122 3185 162 3222 (4)
188 3185 299 3224 qqu
442 3186 485 3226 (5)
511 3185 743 3226 quaesitumF
895 3189 937 3229 (6)
964 3187 1128 3229 extemplo
1141 3200 1201 3220 scr.

123 3231 163 3267 (7)
189 3230 265 3261 ante
279 3230 339 3262 del.
354 3230 405 3263 vel
414 3242 476 3263 scr.
490 3232 601 3263 autem
701 3233 745 3272 (8)
770 3231 898 3265 scilicet
909 3245 972 3266 scr.
1074 3234 1120 3274 (9)
1144 3242 1203 3266 au-

1272 3096 1392 3129 xilium
1407 3098 1479 3131 edd.

1272 3153 1332 3175 suo
1344 3143 1378 3174 F

2097 154 2314 197 XXXIIII
2344 157 2369 196 {J

1291 265 1403 310 pienti
1445 265 1654 302 restituendi
1695 267 1843 301 tacitum
1887 267 2118 304 ministerium
2160 274 2377 315 susceperat.

1291 322 1504 364 quamquam
1532 311 1687 356 legatum
1723 322 1788 356 pro
1820 313 1932 356 ipsius
1964 318 2065 358 parte
2096 326 2167 350 non
2199 315 2377 351 constitis-

1290 361 1345 392 set
1358 358 1385 378 ²⁰
1408 357 1560 402 ideoque
1610 357 1783 391 ortionem
1802 356 1906 392 istam
1930 369 1994 402 pro
2013 360 2144 396 herede
2168 361 2378 405 possideret.

1290 405 1409 437 tamen
1434 402 1466 437 ei
1488 412 1576 447 prae
1604 401 1675 436 'um
1698 402 1875 446 integrum
1907 414 1984 438 esse
2007 405 2274 449 relinquendum
2302 416 2377 441 res-

1289 447 1419 491 pondi:
1444 457 1559 492 neque
1583 447 1677 482 enim
1700 447 1874 482 rationem
1898 448 1984 483 iuris
2009 460 2051 484 ac
2068 451 2301 494 possessionis
2316 462 2376 487 va-

1289 492 1452 527 rietatem
1475 492 1644 527 inducere
1667 491 1875 528 divisionem
1898 493 2099 530 voluntatis.

1338 534 1389 574 19
1414 537 1574 573 Panos
1595 537 1686 573 libro
1710 540 1816 573 sexto
1840 537 1976 573 decimo
1993 550 2051 574 res
2063 551 2248 575 Jonsorum
2288 541 2377 578 Res·

1288 582 1434 627 pondit,
1467 583 1498 618 si
1530 582 1672 627 scriptis
1704 582 1895 618 heredibus
1930 583 2010 619 ideo
2071 585 2222 621 ereditas
2256 587 2378 622 ablata

1289 630 1353 670 est,
1403 627 1475 663 uod
1498 631 1651 663 testator
1682 627 1780 663 aliud
1810 631 2062 664 testamentum
2094 635 2230 666 mutata
2253 633 2376 668 volun-

1287 676 1362 707 tate
1402 683 1507 709 acere
1521 673 1632 709 voluit
1648 676 1683 708 et
1696 673 1887 718 impeditus
1904 674 1950 709 ab
1966 673 2054 719 ipsis
2071 678 2135 717 est,
2153 677 2198 712 ab
2214 677 2376 714 universo

1287 717 1419 753 iudicio
1471 718 1565 753 riore
1588 719 1779 754 recessisse
1803 728 1884 754 eum
1907 718 2030 754 videri.

1333 760 1386 799 20
1452 772 1758 799 ERMOGENJANUS
1782 764 1873 799 libro
1895 765 1999 799 tertio
2026 765 2117 800 iuris
2141 767 2375 811 epitoniorum

1286 807 1342 851 Ei,
1369 808 1428 852 qui
1451 811 1600 844 mortem
1625 809 1747 844 uxoris
1772 819 1845 845 non
1869 808 2044 852 defendit,
2082 813 2121 845 ut
2144 810 2286 856 indigno
2313 814 2376 848 dos

1286 852 1460 890 aufertur.

1333 896 1382 935 21
1411 898 1467 934 ΡΑ
1476 908 1571 935 Ubus
1599 899 1690 934 libro
1727 899 1852 945 quinto
1877 901 2136 935 sententiarum
2190 901 2376 939 Portiones

1286 954 1427 988 quoque
1450 954 1574 980 eorum
1602 943 1691 980 fisco
1721 944 1966 988 vindicantur,
1999 946 2060 990 qui
2091 949 2240 981 mortem
2269 948 2376 984 liber-

1286 993 1404 1024 torum
1429 1000 1489 1025 sus
1518 993 1596 1025 ecto
1622 989 1868 1025 decedentium
1890 1001 1963 1026 non
1977 990 2229 1027 defenderunt:
2256 1004 2376 1029 omnes

1286 1034 1379 1070 enim
1403 1035 1487 1070 here
1514 1045 1551 1071 es
1575 1034 1631 1070 vel
1655 1045 1717 1070 eos
1741 1035 1802 1079 qui
1833 1035 1912 1071 loco
1937 1036 2079 1071 heredis
2111 1040 2196 1072 sunt
2219 1037 2377 1074 officiose

1286 1089 1391 1124 agere
1416 1080 1512 1115 circa
1537 1080 1695 1116 defuncti
1718 1080 1909 1116 vindictam
1934 1082 2109 1117 convenit.

1332 1123 1386 1161 22
1413 1125 1693 1160 TRYPHONJNUS
1713 1125 1804 1161 libro
1830 1127 1955 1179 quinto
1981 1127 2267 1173 disputationum
2305 1129 2375 1164 Tu-

1286 1174 1411 1212 torem,
1437 1171 1499 1215 qui
1520 1170 1648 1216 pupilli
1672 1170 1729 1206 sui
1753 1182 1894 1207 nomine
1919 1171 2047 1207 falsum
2071 1172 2125 1207 vel
2140 1172 2377 1209 inofficiosum

1286 1218 1537 1251 testamentum
1551 1216 1652 1258 dixit,
1676 1226 1746 1251 non
1766 1216 1914 1261 perdere
1935 1227 2002 1252 sua
2025 1217 2153 1261 legata,
2179 1218 2210 1254 si
2224 1229 2296 1254 non
2314 1231 2376 1264 op-

1285 1261 1449 1303 tinuerit,
1486 1272 1505 1296 o
1534 1261 1621 1296 tima
1652 1261 1792 1296 ratione
1823 1262 2027 1298 defenditur
2058 1266 2111 1305 et,
2149 1262 2179 1298 si
2211 1263 2375 1299 libertum

1285 1306 1398 1351 patris
1423 1307 1507 1352 pup'
1525 1307 1550 1342 li
1578 1306 1674 1342 sui¹¹
1700 1307 1843 1342 nomine
1867 1307 1996 1352 capitis
2032 1309 2271 1351 accusaverit,
2305 1321 2376 1345 non

1285 1352 1410 1396 repelli
1433 1363 1454 1387 a
1479 1353 1654 1387 bonorum
1686 1352 1913 1396 possessione
1938 1356 2064 1389 contra
2095 1354 2256 1396 tabulas,
2293 1356 2378 1399 quia

1287 1397 1396 1432 officii
1420 1397 1616 1433 necessitas
1640 1401 1676 1432 et
1699 1398 1828 1433 tutoris
1852 1397 1940 1434 fides
1966 1402 2138 1434 excusata
2162 1410 2240 1435 esse
2260 1400 2375 1436 debet.

1286 1453 1352 1477 nec
1377 1443 1565 1487 quisquam
1588 1442 1746 1478 iudicum
1771 1443 1950 1478 calumnia
1973 1444 2113 1479 notabit
2127 1448 2291 1487 tutorem,
2318 1447 2377 1490 qui

1286 1499 1357 1523 non
1381 1488 1455 1523 suis
1479 1488 1720 1524 simultatibus
1750 1488 2015 1524 accusationem
2047 1490 2113 1524 sub
2147 1491 2287 1526 nomine
2311 1503 2374 1536 pu-

1285 1533 1361 1577 pilli
1383 1533 1549 1577 instituit,
1586 1533 1649 1568 sed
1674 1537 1822 1578 cogente
1845 1534 1939 1569 forte
1961 1538 2076 1570 matre
2108 1535 2233 1580 pupilli
2255 1536 2310 1571 vel
2334 1536 2374 1571 li-

1286 1578 1395 1614 bertis
1420 1579 1534 1623 patris
1558 1579 1788 1614 instantibus.
1836 1582 1873 1614 et
1903 1579 1936 1615 si
1963 1583 2062 1615 tutor
2092 1591 2192 1615 reum
2224 1581 2373 1626 aliquem

1284 1624 1519 1668 postulaverit
1542 1624 1669 1669 pupilli
1687 1625 1830 1659 nomine
1854 1628 1890 1660 et
1906 1624 1986 1660 ideo
2012 1637 2083 1660 non
2108 1626 2154 1660 sit
2172 1631 2373 1669 exsecutus,

1285 1669 1381 1714 quod
1404 1670 1545 1704 interim
1569 1669 1615 1704 ad
1639 1670 1865 1715 pubertatem
1889 1670 2046 1715 pupillus
2068 1671 2278 1715 pervenerit,
2303 1684 2374 1707 non

1285 1718 1427 1759 oportet
1450 1715 1522 1750 dici
1544 1714 1582 1750 in
1595 1715 1858 1760 Turpillianum
1873 1717 1900 1737 ¹2
1915 1725 1996 1750 eum
2010 1720 2157 1752 senatus
2173 1718 2374 1752 consultum

1285 1760 1464 1795 incidisse.
1513 1760 1669 1796 discreta
1693 1764 1778 1795 sunt
1801 1760 1895 1796 enim
1918 1760 2009 1803 iura,
2035 1762 2194 1805 quamvis
2210 1763 2314 1807 plura
2337 1763 2373 1797 in

1286 1806 1435 1840 eandem
1466 1816 1657 1850 personam
1681 1805 1903 1848 devenerint,
1935 1806 2031 1841 aliud
2054 1807 2205 1850 tutoris,
2239 1808 2374 1843 aliud¹³

1283 1850 1463 1895 legatarii:
1491 1855 1527 1886 et
1551 1862 1631 1886 cum
1655 1862 1728 1886 non
1751 1861 1839 1886 suae
1857 1862 2033 1896 personae
2055 1851 2144 1895 iure,
2169 1852 2231 1887 sed
2248 1854 2374 1898 pupilli

1284 1896 1526 1939 accusaverit,
1570 1896 1753 1942 propriam
1788 1906 1941 1941 poenam
1983 1897 2111 1932 mereri
2150 1909 2221 1932 non
2257 1899 2371 1934 debet.

1285 1941 1436 1986 denique
1459 1941 1595 1987 pupillo
1620 1941 1745 1977 relicta
1768 1941 1806 1976 in
1831 1951 1873 1977 eo
1896 1945 2121 1984 testamento,
2147 1943 2216 1978 nisi
2230 1954 2251 1978 a
2274 1944 2371 1988 prin—

1284 1986 1362 2031 cipe
1387 1991 1598 2023 conservata
1613 1986 1695 2028 sint,
1722 1990 1891 2032 pereunt:
1918 1987 2006 2023 adeo
2023 1987 2083 2023 ille
2100 1992 2154 2022 est
2172 1993 2371 2031 accusator,

1282 2032 1312 2068 is
1338 2031 1505 2068 defensor
1529 2036 1564 2068 et
1588 2032 1692 2077 quasi
1705 2035 1891 2077 patronus.
1938 2032 2033 2068 idem
2047 2036 2083 2068 et
2099 2033 2255 2069 Sabinus
2273 2035 2371 2071 libris

1282 2077 1328 2112 ad
1351 2077 1535 2113 Vitellium
1559 2077 1714 2122 scripsit.

1328 2120 1380 2159 23
1409 2122 1534 2159 GAms
1553 2124 1644 2159 libro
1667 2122 1852 2169 sinqulari
1872 2122 1917 2158 de
1950 2123 2069 2158 tacitis
2088 2123 2372 2168 fideicommissis

1282 2167 1320 2202 Si
1344 2168 1492 2213 quilibet
1522 2169 1626 2204 heres
1655 2179 1700 2204 ex
1730 2169 1986 2213 cuiuscumque
2019 2171 2230 2205 testamento
2263 2171 2371 2207 tacite

1281 2217 1427 2258 rogatus
1451 2213 1570 2257 fuerit,
1600 2217 1641 2249 ut
1665 2214 1914 2259 quadrantem,
1946 2223 2051 2258 quem
2078 2213 2165 2259 legis
2189 2215 2372 2252 Falcidiae

1281 2258 1456 2294 beneficio
1480 2259 1638 2303 retinuit,
1664 2270 1737 2294 non
1761 2259 1916 2304 capienti
1938 2258 2115 2302 restituat,
2140 2270 2253 2304 aeque
2268 2261 2369 2297 locus

1282 2304 1349 2339 erit
1372 2307 1517 2339 senatus
1543 2305 1726 2340 consulto:
1758 2314 1873 2349 neque
1904 2303 1998 2339 enim
2028 2305 2179 2341 multum
2209 2305 2371 2342 intererit

1280 2349 1374 2384 inter
1392 2349 1464 2385 tale
1487 2350 1798 2386 fideicommissum
1823 2353 1859 2384 et
1882 2349 2003 2384 cum¹⁴
2027 2349 2106 2394 quis
2129 2350 2177 2392 id,
2204 2351 2300 2395 quod
2324 2352 2369 2387 ad

1281 2405 1319 2430 se
1344 2405 1389 2430 ex
1412 2395 1610 2431 hereditate
1634 2395 1844 2440 pervenerit,
1869 2394 2056 2430 restituere
2078 2399 2225 2440 rogatus
2250 2396 2306 2431 sit.

1327 2438 1381 2477 24
1405 2440 1653 2476 mmmmm
1674 2441 1765 2476 libro
1790 2443 1915 2476 octavo
1950 2439 2086 2475 decimo
2119 2442 2368 2485 quaestionum

1281 2485 1319 2521 Si
1353 2488 1604 2522 testamentum
1633 2486 1748 2566 ffitris
1771 2485 1849 2520 iure
1881 2484 2016 2520 factum
2051 2484 2144 2520 filius
2159 2487 2186 2507 ¹⁵
2215 2487 2367 2531 negavit,

1281 2530 1450 2576 quoniam
1473 2530 1517 2566 de
1535 2530 1614 2567 iure
1659 2531 1666 2538 “
1688 2530 1837 2575 putavit,
1860 2541 1934 2565 non
1957 2529 2127 2565 iudicium
2150 2530 2369 2576 impugnavit

1281 2580 1345 2611 aut
1367 2576 1562 2618 accusavit,
1586 2576 1715 2612 retinet
1739 2575 1899 2611 defuncti
1922 2575 2150 2611 voluntatem.

1326 2619 1378 2658 25
1411 2621 1520 2657 IDEM
1549 2621 1640 2657 libro
1676 2625 1806 2701 cqluczrlo
1842 2621 1978 2655 decimo
2014 2631 2271 2666 responsorum
2329 2622 2366 2657 Si

1278 2677 1386 2711 gener
1410 2677 1574 2703 socerum
1590 2666 1675 2702 here
1703 2677 1758 2702 em
1770 2665 1964 2709 reliquerit,
1989 2666 2089 2700 taciti
2106 2666 2366 2703 fideicommissi

1279 2712 1516 2757 suspicionem
1539 2712 1618 2748 sola
1641 2711 1733 2747 ratio
1766 2714 1938 2757 paternae
1969 2710 2167 2747 affectionis
2198 2723 2271 2747 non
2301 2713 2364 2748 ad-

1279 2757 1398 2792 mittit.

1325 2801 1378 2840 26
1402 2802 1515 2849 Apud
1543 2801 1781 2838 SOAEVOLAM
1810 2801 1900 2836 libro
1933 2802 2115 2848 triqesimo
2145 2802 2364 2847 diqestorum

1282 2848 1476 2883 CLAUDIUS
1495 2850 1618 2883 notat.-
1659 2847 1697 2882 Si
1720 2847 1797 2882 vivo
1821 2849 1993 2882 testatore
2025 2847 2217 2883 decesserit
2239 2847 2281 2890 is,
2307 2849 2365 2884 cui

1277 2892 1399 2928 illicite
1422 2893 1578 2937 legatum
1600 2893 1764 2928 relictum
1787 2895 1875 2933 erat,
1900 2902 1972 2927 non
1995 2891 2082 2927 fisco
2113 2892 2183 2927 hoc
2206 2892 2363 2929 vindica-

1278 2941 1348 2983 tur,
1373 2937 1437 2974 sed
1460 2938 1557 2983 apud
1581 2948 1662 2974 eum
1684 2948 1707 2973 a
1731 2947 1800 2982 quo
1825 2936 1987 2973 relictum
2011 2941 2066 2973 est
2089 2942 2260 2974 remanet.

1613 3098 1671 3139 (10)
1696 3096 1971 3130 consistitissetF
2095 3098 2149 3139 (11)
2173 3099 2222 3130 sic
2233 3110 2301 3130 cum
2315 3098 2361 3137 Β,

1495 3144 1553 3184 (12)
1577 3141 1892 3185 interpupillianum
1909 3142 1979 3183 F1,
2001 3142 2038 3174 in
2058 3142 2290 3175 tertullianum
2309 3142 2361 3175 1⁸²

1273 3191 1330 3230 (13)
1356 3186 1462 3220 aliiF
1549 3189 1608 3230 (14)
1634 3188 1756 3221 eumF
1844 3188 1903 3230 (15)
1927 3187 2053 3220 filiisF

2044 3819 2086 3851 63
