2528 3918
218 115 443 161 XXXX7

218 240 484 286 quaestionem¹
509 248 588 275 esse
611 239 647 275 in
670 239 739 275 hac
763 238 898 285 specie,
936 249 1027 285 quae
1059 242 1095 275 et
1117 239 1157 276 in
1177 239 1304 285 legatis

265 286 376 320 'tatur
399 285 463 320 ‘illi
487 295 568 320 cum
590 284 651 320 illo
676 284 746 327 do’,
778 295 826 320 an
857 285 969 321 altero
1003 284 1190 321 deficiente
1212 285 1304 321 alter

218 342 240 365 a
303 330 456 375 legatum
496 329 726 366 admittatur:
765 330 862 375 quod
899 340 957 366 ma
982 330 1011 365 's
1049 329 1119 365 sibi
1149 330 1302 375 placere,

217 374 363 420 perinde
392 385 436 410 ac
468 374 500 411 si
527 374 580 409 ita
609 375 782 420 scriptum
811 378 907 411 esset
930 340 991 409 ‘iffi
1015 379 1051 409 et
1073 374 1148 409 illi'.
1197 375 1304 410 aliam

217 420 323 455 etiam
340 430 419 456 esse
438 419 693 465 quaestionem,
716 430 765 455 an
788 419 1036 455 contubernali
1056 429 1198 464 quoque
1218 430 1304 456 cou-

217 464 311 500 dicio
334 465 458 500 iuncta
488 465 553 500 sit:
609 464 683 500 uod
712 465 824 509 magis
855 468 958 500 esset.
1007 465 1128 509 itaque
1151 465 1181 499 si
1204 465 1304 500 nulla

217 509 354 554 reliqua
377 509 521 545 Stichus
545 509 591 545 ha
618 509 728 552 uerit,
760 509 880 545 statim
911 519 989 544 eam
1012 508 1163 544 liberam
1188 519 1267 545 esse
1276 511 1302 553 ¹,

217 554 248 590 si
271 555 439 590 habuerit
460 554 610 599 reliqua,
633 554 763 590 debere
786 564 865 590 eam
887 564 1075 589 numerare
1094 555 1304 599 pecuniam:

216 610 283 635 nec
317 603 436 635 tamen
465 599 645 635 liciturum
672 610 717 635 ex
748 610 813 635 suo
840 599 984 652 peculio
1015 599 1118 641 dare,
1152 600 1237 644 quia
1266 598 1305 635 id

215 645 284 680 illis
306 644 520 689 permissum
542 645 608 687 sit,
642 644 701 689 qui
735 644 980 689 principaliter
1010 655 1077 689 pro
1106 654 1174 682 sua
1196 644 1303 680 liber-

215 693 291 725 tate
313 689 503 734 pecuniam
527 689 613 725 dare
636 689 815 724 iubentur.

261 731 316 772 32
339 733 552 770 memvs
568 734 747 770 Rvmnvs
767 734 858 769 libro
871 734 996 780 primo
1017 734 1227 781 reqularum
1264 733 1302 770 Si

215 779 355 815 duobus
369 779 558 816 heredibus
571 779 742 814 institutis
757 788 879 814 servus
894 778 984 814 liber
997 789 1076 815 esse
1086 779 1206 815 iussus
1221 779 1268 814 sit
1277 780 1302 822 ³,

215 825 246 860 si
269 824 391 860 decem
413 824 604 860 heredibus
629 823 783 866 dederit,
816 824 862 859 ab
894 823 1008 860 altero
1040 834 1084 859 ex
1112 824 1303 860 heredibus

215 869 364 905 venierit
386 873 423 905 et
443 869 597 904 traditus
620 869 738 911 fuerit,
762 879 827 913 pro
878 870 979 904 arte⁴
1002 869 1106 905 alteri
1130 880 1176 905 ex
1200 870 1301 905 here-

215 914 331 958 dibus,
355 924 379 950 a
401 925 472 959 quo
493 924 565 949 non
585 914 743 957 venierit,
769 913 839 949 dan
866 924 886 949 ο
906 916 1095 959 pecuniam
1113 915 1204 950 liber
1224 915 1300 950 erit.

262 957 315 998 33
341 959 586 995 Psmmzws
607 959 698 995 libro
717 959 874 995 secundo
892 961 1142 1005 quaestionum
1179 959 1301 995 Statu-

214 1005 406 1041 liberorum
429 1004 510 1039 iura
529 1014 595 1049 per
610 1002 776 1039 heredem
790 1003 870 1039 fieri
884 1015 957 1040 non
972 1008 1127 1050 possunt
1142 1005 1300 1040 duriora.

259 1048 314 1088 34
338 1049 444 1085 Imm
464 1049 555 1084 libro
579 1049 770 1084 vicensimo
789 1050 911 1095 primo
933 1051 1183 1095 quaestionum
1219 1049 1300 1086 Ser-

214 1106 278 1131 vus
302 1095 333 1131 si
356 1094 478 1130 heredi
502 1093 624 1129 decem
655 1093 811 1136 dederit,
842 1094 935 1130 liber
966 1104 1044 1130 esse
1074 1095 1194 1131 iussus
1225 1099 1300 1131 est:

215 1140 462 1176 statuliberum
485 1139 590 1174 heres
614 1149 694 1174 eum
717 1139 923 1174 manumisit
946 1149 990 1175 ac
1007 1143 1136 1184 postea
1151 1140 1300 1176 defunc-

213 1191 271 1221 tus
296 1189 362 1221 est.
402 1183 543 1220 heredis
566 1183 689 1219 heredi
712 1183 866 1229 pecunia
883 1183 1002 1219 danda
1016 1195 1089 1220 non
1104 1189 1180 1221 est:
1206 1185 1301 1230 quod

212 1231 306 1266 enim
327 1229 466 1283 placuit
487 1228 629 1264 heredis
652 1229 775 1264 heredi
791 1229 870 1264 dari
890 1233 1066 1275 oportere,
1090 1232 1204 1266 tunc⁵
1227 1240 1300 1266 me-

213 1276 355 1311 mineris
378 1275 497 1310 locum
520 1274 670 1316 habere,
696 1284 778 1309 cum
801 1275 901 1320 prior
923 1276 1027 1310 heres
1051 1274 1214 1311 dominus
1238 1285 1299 1311 ac-

212 1325 382 1366 cepturus
406 1319 595 1365 pecuniam
617 1319 696 1354 fuit.
738 1329 830 1364 quae
853 1329 964 1355 causa
986 1319 1076 1356 facit
1098 1321 1298 1357 ambulato-

212 1366 321 1408 riam,
351 1369 393 1400 ut
414 1365 466 1400 ita
489 1364 655 1409 dixerim,
685 1364 951 1400 condicionem:
982 1365 1075 1401 duae
1097 1370 1182 1402 sunt
1205 1366 1299 1402 enim

212 1420 361 1453 causae,
393 1420 458 1455 per
486 1420 575 1462 quas
604 1410 642 1445 in
664 1409 769 1455 prin1i
791 1410 933 1446 heredis
955 1420 1111 1456 persona
1135 1411 1297 1447 condicio

210 1457 387 1510 impletur,
412 1455 557 1491 dominii
580 1455 684 1499 ratio,
713 1455 798 1491 item
819 1465 997 1501 personae
1020 1456 1298 1493 demonstratio:

210 1512 309 1547 prior
331 1510 443 1537 causa
465 1500 596 1536 transit
616 1500 656 1535 in
679 1511 819 1536 omnem
843 1511 1099 1544 successorem,
1122 1501 1170 1537 ad
1193 1512 1299 1547 quem

211 1546 412 1592 pervenerit
439 1545 629 1582 statuliber
657 1556 725 1591 per
751 1545 898 1581 dominii
919 1546 1086 1582 translati
1111 1547 1297 1582 continua-

210 1592 354 1634 tionem,
378 1600 531 1636 sequens
554 1600 729 1636 personae
753 1591 941 1627 dumtaxat
958 1591 1046 1636 eius,
1071 1591 1132 1637 qui
1153 1592 1298 1628 demon-

216 1641 230 1672 1
279 1640 417 1673 stratus
448 1640 523 1679 est,
555 1636 737 1672 adhaeret.
783 1636 985 1682 Imperator
1006 1637 1210 1673 Antoninus
1232 1647 1297 1685 ‚re-

210 1682 354 1728 scripsit
375 1681 512 1718 iussum
533 1681 690 1718 rationes
706 1680 859 1718 reddere
883 1685 919 1717 et
941 1681 1092 1718 liberum
1103 1684 1127 1704 ⁵·
1152 1692 1241 1725 esse,
1268 1683 1299 1719 si

211 1729 314 1763 heres
338 1726 546 1763 causabitur
569 1726 731 1772 accipere
750 1726 922 1770 rationes,
945 1727 1057 1764 nihilo
1075 1727 1192 1764 minus
1210 1727 1299 1764 libe-

210 1783 288 1808 rum
311 1771 401 1808 fore.
448 1771 544 1817 quod
574 1772 788 1817 rescriptum
810 1772 862 1807 ita
884 1772 1002 1826 accipi
1024 1772 1146 1817 debet,
1175 1776 1235 1816 ut,
1268 1773 1299 1809 si

209 1818 348 1863 reliqua
369 1828 442 1853 non
464 1817 599 1858 trahat,
622 1817 713 1853 liber
736 1817 801 1853 sit:
832 1817 928 1862 quod
950 1828 982 1853 si
1004 1818 1137 1861 trahat,
1161 1818 1213 1854 ita
1235 1818 1297 1854 de-

209 1874 316 1906 mum,
340 1862 373 1899 si
396 1862 526 1908 optulit
541 1872 620 1898 eam
637 1862 884 1908 quantitatem,
909 1873 1002 1908 quae
1017 1863 1159 1899 refundi
1175 1863 1299 1899 debuit

210 1918 254 1943 ex
275 1907 347 1944 fide
371 1907 550 1944 veritatis:
582 1917 656 1943 non
678 1907 773 1943 enim
795 1907 953 1943 libertati
975 1907 1109 1944 sufficit
1131 1908 1297 1945 heredem

209 1954 247 1989 in
269 1963 370 1989 mora
391 1952 514 1995 fuisse,
539 1953 571 1988 si
592 1963 665 1988 non
688 1952 726 1988 id
747 1952 813 1988 fiat
830 1963 896 1998 per
915 1953 1176 1997 statuliberum,
1201 1954 1297 1999 quod

208 2002 347 2034 remota
374 2008 476 2034 mora
505 1997 665 2034 libertati
693 1997 830 2033 aditum
861 1997 976 2034 daret.
1024 1998 1111 2044 quid
1141 1998 1235 2034 enim
1266 1999 1298 2035 si

208 2044 260 2080 ita
290 2043 546 2079 manumissum
581 2042 709 2078 ‘Dama
739 2042 771 2078 si
801 2042 840 2078 in
868 2042 916 2078 Hi
961 2043 1080 2079 aniam
1112 2044 1296 2104 profectus

210 2092 315 2125 ‘anno
347 2088 509 2134 proximo
541 2087 682 2123 fructus
712 2087 887 2133 coegerit,
918 2088 944 2123 h
970 2098 1010 2125 er
1038 2092 1115 2125 esto
1159 2089 1297 2125 Romae

208 2134 361 2170 retineat
389 2134 494 2169 heres
525 2143 640 2178 neque
677 2132 859 2178 proficisci
893 2133 1080 2178 patiatur?
1124 2134 1298 2179 numquid

209 2179 341 2214 dicturi
371 2188 494 2215 sumus
525 2178 645 2213 statim
675 2181 760 2214 ante
790 2177 930 2214 fructus
965 2181 1111 2215 coactos
1145 2178 1297 2215 liberum

208 2224 311 2261 fore?
347 2234 432 2259 nam
464 2226 500 2259 et
531 2233 613 2258 cum
636 2222 772 2258 Romae
804 2222 989 2269 stipulatio
1022 2223 1224 2270 concipitur
1245 2225 1298 2260 ita

209 2272 365 2305 ‘centum
391 2269 431 2305 in
451 2267 628 2314 Hispania
656 2267 744 2320 dare
773 2268 927 2348 {pondes
936 2269 977 2311 P,
1007 2268 1126 2305 inesse
1156 2273 1296 2315 tempus

209 2313 442 2360 stipulationi,
466 2314 564 2359 qu0⁶
585 2312 701 2359 possit
722 2323 761 2348 ιιι
812 2313 840 2348 's
867 2313 985 2349 aniam
1007 2314 1203 2359 pervenire,
1228 2325 1296 2350 nec

209 2365 293 2396 ante
315 2360 393 2395 iure
416 2358 475 2405 agi
497 2357 645 2404 placuit.
693 2357 756 2394 sed
779 2357 811 2402 si
859 2368 936 2394 eres
960 2359 1119 2404 acceptis
1142 2358 1294 2395 rationi-

210 2405 279 2441 bus
303 2408 341 2441 et
362 2403 509 2457 reliquis
534 2403 748 2449 computatis
772 2402 908 2439 donare
931 2414 971 2440 se
995 2405 1060 2440 ea⁷
1084 2404 1294 2440 statulibero

209 2461 282 2487 non
304 2449 451 2486 habenti
474 2449 571 2495 quod
593 2448 725 2485 inferat
745 2448 974 2494 proscribat-⁸
1004 2452 1069 2484 aut
1099 2450 1206 2485 etiam
1236 2450 1294 2485 lit-

209 2495 294 2532 teris
318 2494 366 2531 ad
388 2505 469 2531 eum
492 2493 610 2530 missis
633 2494 754 2539 palam
776 2493 907 2537 faciat,
932 2494 1094 2530 condicio
1118 2494 1295 2531 libertatis

208 2540 355 2586 impleta
383 2539 570 2576 videbitur.
625 2538 711 2585 quid
741 2549 844 2584 ergo,
882 2538 914 2575 si
946 2543 1051 2585 neget
1085 2549 1124 2576 se
1158 2540 1296 2585 reliqua

209 2585 362 2622 traxisse
393 2589 502 2637 atque
530 2583 629 2627 ideo,
659 2584 744 2629 quia
774 2594 839 2629 per
867 2583 1034 2620 heredem
1065 2585 1223 2628 steterit,
1254 2589 1296 2620 ut

209 2630 287 2666 acci
313 2630 365 2666 iat
386 2634 556 2673 rationes,
578 2629 732 2665 liberum
752 2628 898 2672 factum,
922 2629 1025 2665 heres
1042 2633 1163 2666 autem
1179 2640 1295 2676 neque

210 2686 249 2711 se
287 2674 401 2711 ecisse
423 2685 559 2712 moram
583 2678 620 2710 et
640 2674 779 2719 reliqua
798 2674 926 2710 debere
942 2674 1191 2710 statuliberum
1209 2686 1293 2711 con-

209 2720 358 2757 tendat?
387 2719 483 2766 apud
505 2730 587 2756 eum
611 2718 732 2764 quide
746 2719 911 2755 libertate
929 2720 1120 2765 cognoscit,
1145 2730 1193 2756 an
1209 2731 1293 2756 con-

211 2765 305 2801 dicio
329 2765 375 2800 sit
389 2765 546 2811 impleta,
571 2764 769 2800 constabit:
795 2763 898 2800 cuius
915 2764 1035 2801 officio
1053 2764 1295 2801 continebitur

209 2810 255 2846 de
283 2820 385 2846 mora
412 2809 640 2846 considerare
667 2820 734 2846 nec
763 2809 881 2845 minus
905 2813 1113 2855 computare
1135 2810 1294 2846 rationes

209 2859 257 2898 et,
281 2855 314 2891 si
335 2854 474 2901 reliqua
495 2854 591 2890 trahi
612 2854 834 2900 compererit,
857 2865 930 2890 non
944 2865 1024 2891 esse
1042 2855 1194 2891 liberum
1209 2866 1293 2901 pro-

209 2900 388 2937 nuntiare.
435 2899 499 2936 sed
530 2900 561 2936 si
591 2911 676 2935 num
701 2910 785 2935 uam
812 2899 955 2945 negavit
983 2899 1123 2946 reliqua
1153 2900 1292 2944 debere,

210 2956 293 2983 cum
316 2949 435 2981 autem
458 2945 663 2981 conveniret
711 2943 851 2981 eredem
874 2948 910 2980 et
932 2944 1090 2981 rationes
1113 2945 1258 2981 offerret
1267 2947 1292 2988 ⁹,

209 2990 396 3037 professus
427 2989 474 3025 sit
502 2989 725 3033 refusumm,
764 2989 937 3036 quidquid
969 2989 1010 3026 in
1038 2990 1184 3036 reliquis
1215 3001 1293 3027 esse

210 3034 411 3072 constiterit
433 3038 469 3070 et
491 3035 566 3070 eius
589 3035 762 3080 pecuniae
785 3045 885 3070 reum
915 3045 1104 3071 numerare
1127 3039 1293 3080 paratum

209 3080 377 3117 idoneum
399 3089 422 3115 o
448 3079 530 3115 tulit
553 3084 590 3115 et
611 3080 714 3116 heres
735 3080 774 3115 in
796 3090 896 3116 mora
918 3079 1006 3116 fuit:
1031 3080 1208 3117 sententia
1226 3091 1292 3127 pro

209 3126 376 3162 libertate
398 3124 420 3161 d
436 3128 547 3161 cetur.

256 3168 310 3209 35
333 3169 443 3207 Ion!
461 3169 552 3206 libro
575 3180 670 3205 nono
694 3180 949 3217 responsorum
1002 3169 1086 3207 Non
1115 3170 1293 3207 videbitur

209 3225 276 3262 per
297 3215 544 3252 stauiliberum
566 3224 639 3250 non
655 3218 761 3256 stare,
786 3226 857 3260 quo
871 3215 988 3252 minus
1005 3215 1168 3252 condicio
1185 3215 1291 3252 liber-

209 3260 296 3297 tatis
327 3260 476 3303 existat,
507 3259 539 3296 si
562 3258 607 3295 de
629 3259 787 3312 peculio,
820 3260 916 3305 quod
947 3260 1044 3307 apud
1073 3260 1292 3297 venditorem

210 3316 333 3342 servus
355 3305 492 3348 habuit,
515 3313 705 3350 pecuniam
727 3304 945 3341 condicionis
969 3304 1097 3342 offerre
1115 3316 1189 3342 non
1207 3316 1292 3352 pos-

211 3350 276 3387 sit:
300 3350 347 3387 ad
370 3350 525 3386 alienum
547 3349 639 3385 enim
654 3349 832 3395 peculium
849 3350 1013 3387 voluntas
1032 3349 1192 3387 defuncti
1207 3362 1292 3396 por-

209 3394 279 3442 rigi
306 3406 379 3432 non
407 3395 535 3440 potuit.
580 3393 674 3431 idem
697 3394 765 3429 erit
787 3398 823 3429 et
845 3395 876 3431 si
900 3406 981 3432 cum
1003 3395 1144 3441 peculio
1169 3406 1291 3432 servus

210 3440 359 3477 venierit
387 3446 426 3476 et
453 3438 616 3476 venditor
643 3438 714 3475 fide
742 3443 849 3484 rupta
878 3440 1055 3485 peculium
1085 3440 1291 3477 retinuerit:

211 3555 252 3597 (ι)
276 3554 507 3596 quaestionum
518 3554 555 3587 F
683 3556 726 3595 (2)
750 3556 833 3586 esset
846 3552 896 3586 Γ*
1032 3556 1076 3598 (3)
1100 3554 1157 3598 sit]
1169 3554 1216 3588 sic
1226 3567 1290 3588 scr.

211 3599 255 3638 (⁴)
278 3599 431 3642 emptori,
441 3609 502 3642 pro
513 3600 606 3642 parte
618 3598 681 3632 ins.
748 3599 790 3639 (5)
814 3597 908 3642 tunc]
920 3608 980 3631 neo
992 3599 1027 3631 F
1085 3599 1142 3641 (δ’)
1167 3598 1253 3633 liber
1264 3599 1300 3633 F

213 3645 256 3684 (e)
280 3643 371 3686 quod
382 3644 418 3677 F
504 3648 547 3685 (ι)
570 3653 604 3676 se
616 3653 687 3677 ease
702 3643 761 3685 ΙΝ,
780 3652 814 3677 se
824 3652 878 3675 ess
888 3642 941 3675 Γ*
1039 3645 1084 3684 (s)
1109 3643 1292 3687 perscribat

213 3688 398 3732 Stephanus
450 3691 495 3728 (ο)
518 3689 635 3721 offerre
650 3688 685 3721 F
733 3690 791 3729 (ιο)
816 3686 922 3721 fllium
932 3688 1073 3722 servoF'
1123 3690 1178 3730 (ιι)
1203 3688 1301 3723 cett·

1300 114 1388 165 634

2054 131 2117 169 DF.
2143 131 2456 166 summamus

1371 241 2174 333 gssfflfflpoeuhfflmffiffiiwmff‘ssffi’
2211 247 2331 283 '³¹³⁰'
2360 248 2459 294 ²⁹⁰⁶

1446 328 1471 368 6
1503 330 1609 366 Ion
1635 331 1726 368 libro
1756 333 1913 368 seeundo
1945 332 2191 378 definitionum
2245 334 2288 370 In
2324 335 2456 372 tabulis

1371 375 1536 412 secundis
1553 375 1626 412 filio
1642 387 1783 413 servum
1795 378 1824 399 ¹⁰
1846 376 1932 412 data
1948 377 2114 415 libertate
2129 379 2363 416 substitutum
2377 380 2455 416 iure

1370 420 1572 474 statuliberi
1594 421 1788 466 prudentes
1805 422 2028 458 munierunt:
2052 423 2149 469 quod
2164 424 2300 460 utilitas
2317 425 2455 471 recipit,

1371 465 1508 501 scilicet
1529 470 1571 501 ut
1590 477 1672 501 cum
1690 476 1757 502 sua
1775 478 1885 503 causa
1901 468 2129 511 alienaretur,
2153 479 2198 505 ne
2217 470 2329 514 patris
2345 474 2455 506 testa-

1370 514 1528 545 mentum
1549 521 1641 556 puer
1661 511 1756 547 filius
1779 512 1971 548 rescindat.
2020 523 2112 557 quae
2141 514 2230 550 iuris
2261 515 2456 551 auctoritas

1374 555 1466 608 citra
1491 554 1660 591 dilectum
1691 556 1823 592 ordinis
1853 557 1901 592 ad
1924 558 2120 594 secundum
2143 569 2285 604 quoque
2307 560 2363 596 vel
2384 564 2458 596 ter-

1371 603 1462 635 tium
1485 601 1717 636 substitutum
1739 607 1906 647 porrecta
1930 608 1995 638 est.

1417 642 1471 683 37
1490 644 1733 699 fluns-libro
1756 647 1938 692 sinqulari
1957 648 2005 684 de
2027 649 2170 685 casibus
2215 648 2254 684 Si
2273 649 2324 684 ita
2342 649 2454 695 scrip-

1370 691 1446 725 tum
1469 693 1537 726 sit:
1570 689 1743 726 ‘Stichum
1767 691 1863 728 Titio
1887 692 1950 735 do,
1978 697 2021 728 ut
2044 704 2123 729 eum
2146 693 2394 730 manumittat:
2426 694 2456 730 si

1371 738 1455 771 ‘non
1478 736 1733 781 manumiserit,
1757 736 1847 772 liber
1870 738 1960 773 esto*
1973 740 2013 781 ¹¹,
2037 738 2159 775 statim
2183 738 2347 774 Stichum
2368 739 2455 775 libe-

1370 791 1450 815 rum
1473 790 1563 816 esse.

1417 822 1470 863 38
1496 825 1655 861 Psaros
1675 826 1766 862 libro
1783 827 1908 873 primo
1931 827 1982 862 ad
2004 826 2193 863 Neratium
2238 828 2322 865 Non
2352 839 2455 865 omne

1370 870 1416 906 ab
1447 870 1589 906 heredis
1620 881 1775 916 persona
1804 871 2042 907 interveniens
2072 872 2110 908 in
2157 873 2349 909 dimentum
2382 878 2454 910 sta-

1370 915 1524 951 tulibero
1555 926 1621 961 pro
1654 916 1795 961 expleta
1818 916 2027 952 condicione
2051 927 2091 952 ce
2130 922 2163 962 t,
2195 918 2258 954 sed
2287 919 2325 954 id
2355 918 2454 955 dum-

1369 963 1483 1003 taxat,
1508 960 1604 1006 quod
1626 960 1871 1006 impediendae
1894 961 2072 998 libertatis
2094 962 2231 999 factum
2253 967 2320 1000 est.

1416 1003 1470 1043 39
1484 1007 1513 1028 ¹²
1551 1005 1598 1041 ΙΑ
1607 1015 1776 1042 vonimus
1811 1006 1902 1057 ltgbro
1942 1011 2072 1052 quarto
2109 1018 2160 1044 ex
2189 1009 2455 1063 posterioribus

1370 1050 1550 1087 Labeonis
1595 1050 1768 1086 ‘Stichum
1791 1052 1891 1086 Attio
1916 1051 1960 1087 do
1985 1052 2062 1098 lego
2085 1057 2141 1096 et,
2173 1064 2205 1089 sl
2233 1053 2265 1089 is
2295 1053 2329 1090 ei
2352 1064 2453 1090 num-

1370 1099 1458 1131 ‘mos
1483 1099 1624 1131 eentum
1648 1096 1796 1139 dederit,
1819 1097 1911 1132 liber
1933 1098 2034 1132 esto'.
2070 1098 2102 1133 si
2131 1108 2255 1134 servus
2277 1108 2322 1134 ex
2343 1103 2453 1134 testa-

1368 1145 1489 1176 mento
1513 1152 1675 1177 nummos
1699 1142 1799 1178 Attio
1824 1141 1995 1186 dedisset,
2019 1152 2081 1178 eos
2105 1148 2267 1195 repetere
2289 1144 2453 1180 heredem

1368 1196 1441 1221 non
1465 1196 1571 1231 posse
1594 1186 1717 1222 Labeo
1741 1186 1936 1229 existimat,
1993 1187 2054 1222 uia
2075 1188 2196 1224 Attius
2220 1199 2282 1224 eos
2306 1198 2329 1225 a
2350 1199 2451 1226 servo

1368 1241 1434 1267 suo
1466 1231 1663 1276 acceperit,
1700 1242 1774 1267 non
1802 1232 1848 1267 ab
1880 1232 1966 1267 here
1992 1232 2021 1268 is
2053 1243 2167 1269 servo.
2224 1244 2304 1270 enm
2335 1239 2454 1270 autem

1368 1276 1616 1312 statuliberum
1651 1286 1730 1312 esse
1758 1277 1912 1321 Quintus
1942 1277 2103 1320 Mucius,
2144 1278 2268 1315 Gallus
2307 1283 2343 1315 et
2377 1280 2454 1325 ipse

1367 1321 1490 1357 Labeo
1510 1325 1662 1375 putantz
1686 1321 1841 1365 Servius,
1866 1322 1992 1358 Ofilius
2011 1333 2084 1358 non
2103 1333 2192 1360 esse.
2234 1325 2453 1369 superiorem

1367 1370 1579 1403 sentenuam
1606 1367 1739 1420 probo,
1772 1367 1824 1403 ita
1854 1371 1990 1410 tamen,
2022 1371 2064 1403 ut
2091 1367 2123 1404 is
2153 1378 2277 1405 servus
2300 1369 2453 1412 heredis,

1370 1422 1443 1447 non
1472 1412 1633 1457 legatarii
1663 1412 1726 1454 sit,
1758 1416 1885 1458 utpote
1908 1423 1989 1448 cum
2011 1412 2167 1458 legatum
2190 1413 2454 1451 statuliber-tate

1370 1460 1384 1491 1
1434 1457 1635 1494 tollatur¹³.
1683 1457 1838 1494 ‘Stichus
1861 1458 1952 1494 liber
1974 1462 2072 1501 esto,
2102 1459 2245 1504 quando
2276 1469 2338 1495 aes
2367 1460 2452 1495 alie·

1368 1503 1464 1537 ‘num
1488 1513 1604 1538 meum
1628 1502 1785 1539 solutum
1808 1503 2087 1539 creditoribusve
2117 1505 2204 1540 meis
2227 1504 2451 1542 satisfactum

1367 1547 1468 1583 ‘erit'.
1515 1548 1673 1601 quamvis
1697 1549 1800 1584 heres
1823 1548 1984 1594 locuples
2007 1548 2200 1592 extitisset,
2230 1553 2350 1585 tamen
2379 1560 2452 1586 non

1366 1592 1467 1637 prius
1489 1592 1650 1628 Stichum
1672 1593 1823 1629 liberum
1845 1593 2017 1637 futurum,
2042 1604 2148 1647 quam
2172 1594 2367 1630 creditores
2389 1605 2451 1640 pe-

1367 1637 1507 1673 cuniam
1540 1642 1604 1673 aut
1631 1638 1721 1674 satis
1751 1648 1839 1674 acce
1864 1638 1976 1675 issent
2006 1638 2121 1674 ahove
2150 1650 2220 1685 quo
2251 1639 2355 1676 modo
2384 1639 2452 1676 sibi

1368 1684 1388 1717 2
1437 1682 1632 1726 cavissent,
1662 1683 1786 1719 Labeo
1813 1684 1842 1719 Ο
1884 1683 1939 1719 'us
1967 1683 2241 1729 responderunt.
2287 1684 2326 1720 Si
2348 1684 2452 1721 heres

1366 1737 1469 1764 servo
1491 1728 1682 1773 pecuniam
1706 1728 1752 1764 ad
1775 1727 2028 1774 negotiandum
2057 1728 2232 1772 dedisset,
2265 1730 2449 1766 statulibe-

1366 1783 1446 1808 rum
1477 1783 1557 1809 eam
1587 1773 1600 1809 i
1627 1783 1704 1809 sam
1735 1773 1955 1810 numerando
1985 1773 2131 1809 liberari
2164 1784 2210 1810 ex
2239 1777 2451 1811 testamento

1366 1828 1439 1854 non
1461 1829 1569 1864 posse
1625 1819 1715 1854 abeo
1739 1818 1932 1855 Trebatius
1954 1818 2233 1864 responderunt,
2262 1819 2347 1866 quia
2369 1820 2450 1856 red-

1367 1863 1451 1899 dere
1477 1873 1555 1899 eam
1578 1864 1691 1908 magis
1714 1874 1821 1909 quam
1844 1864 1929 1900 dare
1951 1863 2142 1900 videretur.
2186 1874 2252 1910 ego
2284 1868 2389 1910 puto,
2419 1865 2451 1901 si

1365 1908 1565 1954 peculiares
1588 1909 1722 1944 nummi
1745 1908 1907 1952 fuerunt,
1938 1919 1982 1945 ex
2011 1913 2225 1946 testamento
2255 1919 2336 1946 eum
2363 1910 2449 1946 libe-

1367 1958 1386 1989 3
1433 1964 1514 1989 rum
1536 1953 1709 1990 futurum.
1761 1955 1787 1975 ¹⁴
1797 1954 1924 1990 ‘Dama
1954 1964 2076 1990 servus
2111 1965 2191 1990 cum
2222 1954 2344 1991 heredi
2371 1965 2449 1991 meo

1366 2002 1554 2034 ‘annorum
1577 2000 1755 2044 septem¹³
1778 2009 1905 2045 operas
1930 1999 2089 2044 solverit,
2121 2000 2213 2036 liber
2241 2001 2329 2037 esto’
2361 2004 2398 2036 et
2419 2001 2450 2037 is

1365 2054 1488 2080 servus
1516 2044 1612 2080 intra
1642 2048 1777 2090 septem
1806 2054 1920 2080 annos
1951 2044 1989 2080 in
2019 2043 2151 2081 iudicio
2181 2045 2326 2090 publico
2356 2050 2451 2082 esset

1365 2093 1402 2125 et
1415 2090 1443 2110 ¹⁶
1474 2089 1645 2134 septimus
1676 2100 1792 2126 annus
1847 2089 2071 2133 taeter-isset,
2110 2089 2253 2126 Servius
2288 2090 2340 2126 ait
2370 2101 2448 2127 eum

1364 2144 1438 2170 non
1467 2133 1614 2170 liberari
1643 2134 1792 2177 debere,
1857 2135 1965 2179 abeo,
2002 2138 2038 2170 et
2067 2133 2100 2170 si
2128 2139 2256 2180 postea
2284 2135 2448 2172 solvisset

1365 2189 1542 2215 annorum
1565 2183 1702 2226 septem
1724 2190 1864 2232 operas,
1887 2179 2041 2215 liberum
2063 2179 2245 2216 futurum:
2270 2180 2366 2227 qnod
2388 2191 2447 2217 ve·

1365 2227 1386 2259 4
1432 2234 1512 2260 rum
1531 2227 1597 2260 est.
1633 2224 1684 2260 ‘Si
1699 2224 1841 2261 Stichus
1857 2224 1979 2260 Attiae
2000 2224 2095 2261 mille
2118 2235 2281 2262 nummos
2300 2225 2447 2268 dederit,

1365 2269 1468 2305 ‘liber
1490 2270 1592 2306 esto’.
1631 2270 1732 2305 Attia
1754 2270 1831 2306 vivo
1855 2273 2027 2306 testatore
2051 2269 2223 2306 decessit:
2247 2281 2321 2307 non
2341 2281 2448 2317 posse

1367 2314 1529 2350 Stichum
1558 2314 1710 2351 liberum
1741 2325 1821 2351 esse
1850 2314 1973 2351 Labeo
2005 2314 2131 2351 Ofilius
2166 2315 2445 2361 responderunt:

1364 2359 1575 2402 Trebatius,
1606 2359 1639 2396 si
1661 2364 1746 2396 ante
1768 2363 2020 2396 testamentum
2042 2359 2178 2395 factum
2200 2361 2302 2396 Attia
2324 2360 2446 2398 deces-

1364 2405 1479 2447 sisset,
1503 2404 1614 2440 idem:
1645 2405 1677 2441 si
1698 2409 1844 2450 postea,
1875 2415 1956 2440 eum
1979 2405 2128 2441 liberum
2153 2404 2325 2442 futurum.
2372 2406 2443 2442 La-

1363 2449 1487 2485 beonis
1507 2453 1544 2485 et
1560 2449 1656 2486 Ofilii
1678 2450 1854 2486 sententia
1875 2450 2050 2486 rationem
2074 2449 2215 2495 quidem
2238 2450 2358 2494 habet,
2382 2451 2443 2487 sed

1363 2494 1432 2530 hoc
1454 2494 1532 2530 iure
1554 2495 1697 2538 utimur,
1721 2498 1763 2531 ut
1784 2495 1816 2531 is
1839 2505 1962 2532 servus
1986 2505 2031 2531 ex
2050 2499 2262 2532 testamento
2277 2495 2369 2532 liber
2386 2497 2446 2533 sit.

1363 2543 1383 2574 5
1431 2539 1469 2574 Si
1492 2550 1614 2575 servus
1639 2550 1766 2585 operas
1790 2544 1962 2576 extraneo
1986 2539 2072 2576 dare
2094 2540 2213 2576 iussus
2237 2545 2341 2586 esset,
2364 2541 2447 2577 nnl-

1362 2584 1419 2620 lus
1433 2585 1459 2606 ¹⁷
1490 2584 1633 2621 nomine
1660 2586 1753 2626 servi
1783 2596 1867 2622 suas
1897 2595 2025 2631 operas
2057 2584 2175 2621 dando
2197 2585 2348 2623 liberare
2371 2596 2446 2622 ser-

1363 2640 1445 2665 vum
1466 2633 1605 2675 potest:
1638 2630 1735 2675 quod
1764 2630 1802 2666 in
1829 2631 1982 2676 pecunia
2005 2629 2109 2666 aliter
2132 2630 2356 2675 observatur,
2387 2635 2443 2667 ut-

1362 2678 1447 2719 pote
1471 2685 1552 2710 cum
1575 2678 1767 2711 extraneus
1789 2686 1855 2722 pro
1879 2685 1921 2712 eo
1944 2686 2046 2712 servo
2059 2676 2090 2697 ¹⁸
2117 2674 2235 2711 dando
2258 2676 2445 2722 pecuniam

1363 2729 1503 2755 servum
1526 2719 1706 2756 liberaret.

1408 2758 1462 2803 40
1486 2764 1691 2800 Seuerou
1721 2764 1813 2801 libro
1842 2765 2031 2801 vicensimo
2061 2769 2193 2812 quarto
2224 2765 2443 2812 diqestorum

1363 2809 1486 2845 Sticho
1514 2810 1662 2846 libertas
1693 2809 1779 2846 data
1810 2813 1882 2846 est:
1921 2810 1979 2846 ‘ab
2013 2810 2204 2846 heredibus
2237 2810 2326 2847 meis
2359 2815 2443 2857 peto

1362 2854 1514 2900 fideique
1538 2865 1660 2891 eorum
1683 2855 1885 2898 committo,
1916 2859 1958 2890 ut
1979 2856 2178 2892 rationibus
2200 2855 2347 2892 redditis
2371 2855 2441 2892 Sti·

1363 2900 1469 2935 chum
1491 2899 1765 2935 manumittant’.
1814 2900 2014 2945 quaesitum
2038 2904 2109 2945 est,
2134 2911 2216 2936 cum
2238 2900 2356 2946 ampla
2371 2910 2440 2953 pe-

1362 2945 1469 2980 cunia
1491 2949 1618 2980 exacta
1630 2945 1658 2966 ¹⁹
1680 2948 1764 2990 post
1785 2949 1935 2981 mortem
1958 2945 2140 2982 testatoris
2163 2945 2232 2981 sibi
2255 2955 2443 2982 commissa

1361 2989 1556 3035 reliquetur
1589 2994 1626 3026 et
1655 2989 1828 3035 quasdam
1858 3000 2014 3026 summas
2046 3001 2069 3026 a
2099 2990 2233 3026 colonis
2265 2990 2442 3027 exactis²⁰

1360 3035 1558 3071 rationibus
1594 3045 1667 3070 non
1706 3035 1868 3071 intulerit
1903 3035 2132 3071 hereditatem
2158 3045 2203 3071 ue
2239 3035 2442 3089 spoliaverit

1361 3079 1494 3126 apertis
1526 3079 1617 3115 clam
1648 3079 1787 3116 horreis
1810 3080 2030 3125 sublatisque
2052 3090 2141 3125 supe
2169 3080 2263 3116 ectih
2286 3084 2322 3116 et
2343 3084 2440 3117 voete

1361 3130 1398 3161 et
1418 3124 1603 3171 apothecis
1625 3125 1827 3161 exhaustis:
1851 3135 1900 3161 an
1918 3135 1991 3161 non
2004 3125 2105 3171 prius
2122 3125 2155 3160 ei
2169 3124 2441 3162 fideicommissa

1360 3170 1504 3206 libertas
1528 3169 1716 3213 debeatur,

1360 3218 1491 3261 quatus
1514 3218 1570 3250 est
1592 3225 1683 3268 quae
1693 3216 1721 3237 ²¹
1763 3219 1887 3251 uratus
1910 3218 1976 3257 est,
2000 3214 2211 3261 reposuerit.
2257 3215 2440 3260 respondit

1360 3270 1433 3296 non
1454 3259 1554 3306 prius
1578 3270 1611 3295 el
1631 3260 1938 3296 fideicommissum
1960 3259 2161 3296 libertatem
2177 3259 2438 3306 praestandam,

1359 3314 1467 3351 quam
1490 3307 1526 3340 et
1547 3304 1685 3350 reliqua
1708 3308 1744 3341 et
1766 3305 1896 3347 omnia,
1919 3314 2011 3351 quae
2032 3314 2098 3350 per
2120 3315 2201 3341 eum
2219 3305 2438 3349 abessent²¹,

1363 3353 1379 3386 1
1426 3349 1651 3386 restituisset.
1705 3349 1922 3396 ‘Pamphilus
1955 3349 2047 3386 liber
2083 3353 2161 3386 esto
2197 3350 2337 3396 peculio
2372 3360 2438 3387 suo

1359 3394 1562 3431 ‘heredibus
1584 3405 1666 3431 vere
1689 3394 1798 3432 dato’.
1844 3394 2043 3441 quaesitum
2067 3398 2140 3438 est,
2168 3405 2249 3431 cum
2270 3394 2350 3442 plus
2374 3394 2457 3431 do·-

1359 3439 1455 3475 mino
1478 3439 1608 3476 debeat
1630 3450 1737 3486 qnam
1758 3440 1796 3476 in
1821 3438 1964 3486 peculio
1992 3439 2125 3476 habeat
2154 3443 2190 3475 et
2219 3449 2340 3476 omnes
2367 3449 2438 3484 ses,

1770 3180 1852 3206 uam
1876 3179 1934 3214 ea,
1966 3180 2058 3215 quae
2079 3170 2176 3205 mala
2197 3170 2336 3207 ratione
2358 3170 2439 3206 reli·

1358 3551 1498 3587 tollatur
1509 3566 1571 3586 scr.
1641 3555 1698 3595 (ιι)
1724 3563 1799 3587 cum
1811 3553 1859 3586 ita
1870 3553 1944 3595 quis
1955 3552 2137 3597 scripsisset
2148 3553 2206 3586 ine.
2283 3555 2340 3592 (ts)
2364 3561 2436 3595 sep·

1358 3600 1424 3631 tem
1436 3611 1494 3631 om.
1510 3599 1546 3631 F
1605 3601 1664 3640 (ιο)
1689 3601 1723 3632 et
1733 3611 1792 3632 om.
1805 3598 1839 3631 F
1907 3600 1965 3640 (ιτ)
1990 3598 2019 3631 si
2029 3608 2143 3631 servus
2154 3607 2268 3641 operas
2279 3595 2357 3630 dure
2366 3596 2436 3629 ius—

1357 3653 1414 3675 sus
1425 3646 1517 3685 emet,
1533 3645 1708 3677 extraneus
1719 3642 1834 3676 nullus
1844 3655 1905 3677 scr.
1982 3644 2042 3684 (18)
2067 3652 2159 3676 servo
2179 3643 2240 3676 del.
2311 3643 2371 3683 (ιθ)
2396 3651 2436 3675 ex

1357 3697 1434 3720 arca
1445 3700 1506 3721 scr.
1571 3690 1636 3730 (20)
1660 3690 1789 3721 exeam
1801 3689 1876 3722 deu.
1945 3690 2003 3729 (21)
2028 3697 2176 3730 quaeque
2189 3687 2436 3721 Brencmannus

212 3734 272 3775 (ιι)
289 3734 360 3773 σάς
372 3740 387 3766 a
402 3734 443 3777 qs:
456 3733 475 3767 1.
486 3741 518 3767 ιι
531 3738 547 3772 5
558 3741 570 3767 1
580 3734 611 3766 Ιι.
621 3740 639 3765 t.
689 3735 746 3773 (ιι)
763 3734 879 3775 utpote
890 3742 964 3765 cum
976 3732 1125 3775 legatum
1136 3732 1290 3767 libertate
1359 3734 1422 3774 (22)
1446 3732 1571 3766 abesset
1582 3732 1616 3767 F
