2528 3918
107 154 273 186 EDICTO

107 264 353 306 redhibitioni,
385 266 427 299 ut
457 265 546 307 puta
575 260 661 296 levis
684 259 859 304 lippitudo
883 265 950 294 aut
972 259 1057 294 levis
1082 258 1196 294 dentis

108 309 333 345 auriculaeve
355 307 458 343 dolor
479 310 543 341 aut
573 304 752 340 mediocre
783 304 905 339 ulcus:
938 314 1014 339 non
1045 304 1196 356 denique

106 354 317 390 febriculam
349 350 643 399 quantulamlibet
677 349 724 384 ad
759 359 905 384 causam
939 349 1047 385 huius
1091 348 1197 384 edicti

133 400 296 436 ertinere.

107 411 130 446 p
154 444 178 482 5
203 443 362 479 PAozvs
381 441 472 477 libro
495 440 683 475 undecimo
707 439 758 474 ad
779 438 954 474 Sabinum
1001 439 1051 474 Et
1083 449 1195 484 quan-

106 494 183 525 tum
201 489 351 524 interest
367 486 460 522 inter
477 485 568 520 haec
585 484 672 520 vitia
691 493 784 530 quae
795 483 927 520 Graeci
946 482 1195 527 κακοήθειανι

107 535 232 570 dicunt
268 533 431 577 interque
459 528 584 565 πάθας
624 532 688 565 aut
724 528 835 564 νόμον
872 531 939 565 gut
948 526 1196 580 κῖρρωστιαῳξ,

106 584 245 614 tantum
267 578 361 613 inter
383 575 471 611 talia
493 574 579 610 vitia
603 578 638 610 et
661 584 742 609 eum
760 584 936 618 murnum,
961 585 1007 610 ex
1023 584 1096 621 que
1115 584 1194 622 (ἓως
1224 567 1232 626 ξ

106 625 222 660 minus
246 626 353 668 aptus
376 621 458 657 usui
482 621 538 663 sit,
563 620 693 655 differt.

152 666 177 706 6
209 667 405 704 ULPJANUS
433 666 525 702 libro
547 666 665 710 primo
689 664 740 700 ad
761 664 915 700 edictum
939 664 1110 700 aedilium
1134 675 1195 701 cu-

105 714 237 749 rulium
284 711 504 757 Pomponius
534 714 633 746 recte
664 710 715 745 ait
737 719 810 745 non
833 713 972 744 tantum
997 710 1044 745 ad
1066 720 1112 755 pe
1158 719 1194 745 e-

105 763 187 794 tuos
206 758 362 799 morbos,
384 766 505 792 verum
526 755 573 790 ad
593 755 828 800 temporarios
848 765 989 799 quoque
1006 755 1077 791 hoc
1099 720 1194 790 effic-

108 808 123 839 1
173 807 250 838 tum
270 802 457 848 pertinere.
505 801 696 836 Trebatius
720 800 772 835 ait
793 800 840 834 im
869 800 1078 845 etiginosum
1100 810 1194 836 mor-

105 850 234 885 bosum
256 858 328 883 non
353 857 449 889 esse,
482 846 513 881 si
536 856 577 881 eo
602 845 780 887 membro,
811 856 837 880 u
863 845 875 879 i
898 845 1065 890 impetigo
1089 849 1194 887 esset,

105 903 218 940 aeque
252 897 350 928 recte
382 896 521 927 utatur:
559 895 595 926 et
629 891 715 925 mihi
747 890 886 925 videtur
919 900 1004 925 vera
1037 890 1197 926 Trebatii

106 942 126 975 2
174 938 362 975 sententia.
398 937 422 972 S
450 936 600 972 adonem
612 936 816 972 morbosum
828 946 901 971 non
923 946 1001 971 esse
1013 946 1129 981 neque
1144 936 1195 970 vi-

104 985 236 1021 tiosum
247 983 364 1019 verius
376 948 462 1017 mifii
473 981 622 1023 videtur,
645 981 707 1016 sed
720 991 846 1016 sanum
859 991 947 1024 esse,
969 981 1073 1016 sicuti
1085 981 1195 1023 illum,

107 1030 167 1076 qui
185 1040 296 1065 unum
313 1027 518 1064 testiculum
536 1027 656 1068 habet,
673 1027 734 1072 qui
752 1026 859 1061 etiam
878 1036 1046 1070 generare
1064 1030 1194 1071 potest.

152 1072 176 1111 7
202 1073 362 1110 PAULUs
380 1072 470 1109 libro
493 1072 681 1108 undecimo
706 1071 756 1107 ad
773 1070 948 1107 Sabinum
996 1071 1058 1106 Sin
1077 1075 1197 1106 autem

106 1120 184 1166 quis
207 1119 259 1154 ita
282 1118 395 1164 spado
420 1121 492 1160 est,
523 1121 565 1152 ut
594 1121 667 1152 tam
700 1116 904 1152 necessaria
926 1127 1010 1161 pars
1035 1116 1196 1162 corporis

108 1166 168 1201 et³
190 1164 333 1210 penitus
358 1163 463 1204 absit,
486 1163 674 1198 morbosus
699 1165 763 1197 est.

152 1207 176 1247 8
209 1209 404 1246 [limnas
432 1208 522 1244 libro
540 1208 664 1254 primo
689 1207 739 1242 ad
760 1207 913 1243 edictum
939 1206 1110 1242 aedilium
1134 1217 1196 1243 cu-

105 1255 241 1292 rulium
288 1254 326 1289 Si
349 1253 407 1289 cui
428 1253 549 1298 lingua
573 1252 716 1287 abscisa
740 1252 804 1295 sit,
837 1261 884 1286 an
909 1262 1017 1287 sanus
1043 1262 1122 1287 esse
1144 1252 1195 1286 vi—

106 1300 245 1342 deatur,
271 1299 464 1345 quaeritur.
501 1302 537 1333 et
560 1301 678 1333 exstat
700 1297 790 1332 haec
814 1297 976 1342 quaestio
1002 1297 1098 1342 apud
1123 1296 1195 1332 ofi-

105 1345 192 1382 lium
214 1344 329 1380 relata
352 1343 449 1389 apud
472 1353 552 1378 eum
573 1343 611 1378 in
635 1352 742 1388 equo:
775 1342 826 1377 ait
849 1342 943 1377 enim
966 1343 1063 1378 hunc
1085 1342 1197 1377 videri

106 1401 179 1426 non
204 1400 282 1426 esse
306 1400 443 1424 sanum.

153 1434 178 1473 9
211 1435 320 1470 IDEM
346 1434 436 1469 libro
469 1433 748 1480 quadraqesimo
779 1436 911 1479 quarto
944 1432 994 1468 ad
1021 1431 1196 1468 Sabinum

106 1481 249 1517 Mutum
273 1480 479 1515 morbosum
510 1488 590 1514 esse
621 1478 774 1513 Sabinus
808 1477 877 1513 ait:
910 1478 1073 1513 morbum
1105 1477 1197 1512 enim

108 1536 186 1562 esse
209 1525 286 1561 sine
308 1534 397 1560 voce
420 1534 498 1560 esse
521 1527 683 1569 apparet.
720 1523 784 1558 sed
795 1523 868 1576 >qui
897 1523 1051 1568 graviter
1081 1522 1196 1568 loqui-

106 1571 177 1613 tur,
201 1570 388 1606 morbosus
412 1579 486 1605 non
510 1573 582 1611 est,
606 1579 674 1604 nec
698 1569 758 1614 qui
784 1569 974 1614 ασαφῶς4ι
1007 1568 1114 1613 plane
1138 1569 1198 1613 qui

109 1612 281 1659 ἀσήμωε5
303 1615 472 1660 loquitur,
496 1614 554 1649 hic
578 1614 700 1659 utique
723 1614 912 1649 morbosus
937 1618 1002 1648 est.

157 1660 207 1699 10
232 1660 339 1696 IDEM
368 1660 459 1695 libro
484 1660 608 1705 primo
640 1659 690 1694 ad
719 1659 872 1694 edictum
897 1658 1066 1694 aedilium
1091 1669 1197 1694 czeru-

108 1707 194 1742 lz'um
240 1705 339 1740 Idem
365 1704 489 1740 Ofilius
514 1704 574 1746 ait,
599 1704 631 1739 si
652 1704 787 1739 homini
810 1703 940 1749 digitus
964 1703 1012 1739 sit
1034 1703 1198 1739 abscisus

107 1751 297 1787 membrive
321 1750 406 1795 quid
427 1750 642 1791 laceratum,
667 1749 826 1794 quamvis
852 1749 1144 1791 consanaveritfl,
1168 1749 1199 1784 si

106 1800 227 1832 tamen
251 1796 296 1831 ob
323 1805 400 1830 eam
422 1805 498 1830 rem
522 1804 563 1829 eo
587 1795 703 1829 minus
735 1794 788 1829 uti
819 1794 952 1839 possit,
985 1805 1058 1829 non
1087 1794 1199 1829 videri

110 1846 124 1877 1
176 1852 302 1877 sanum
327 1850 415 1875 esse.
464 1839 635 1875 Catonem
682 1849 801 1884 uoque
825 1839 980 1875 scribere
1010 1839 1108 1884 lego,
1141 1839 1199 1874 cui

109 1887 238 1932 digitus
262 1886 306 1921 de
329 1896 438 1920 manu
462 1888 526 1920 aut
544 1885 588 1920 de
607 1850 698 1929 pege
716 1885 901 1929 praecisus
921 1885 979 1927 sit,
1004 1894 1084 1920 eum
1104 1894 1197 1919 mor-

107 1933 234 1968 bosum
259 1941 355 1966 esse:
390 1929 485 1975 quod
507 1940 629 1965 verum
655 1933 709 1965 est
732 1929 928 1965 secundum
952 1940 994 1964 su
1021 1940 1062 1964 ra
1085 1929 1197 1974 scrip-

108 1981 128 2012 2
175 1981 249 2012 tam
271 1975 541 2011 distinctionem.
590 1974 661 2010 Sed
684 1974 714 2009 si
738 1975 816 2019 quis
840 1975 960 2019 plures
1008 1975 1110 2020 igitos
1133 1975 1197 2009 ha-

106 2023 193 2058 beat
215 2022 287 2057 sive
309 2021 347 2055 in
370 2020 533 2055 manibus
557 2020 630 2055 sive
652 2020 689 2054 in
713 2020 882 2065 pedibus,
915 2020 945 2055 si
977 2020 1065 2055 nihil
1087 2020 1197 2065 impe-

109 2067 204 2103 ditur
226 2077 374 2102 numero
400 2076 541 2107 eorum,
565 2076 638 2100 non
663 2068 717 2100 est
739 2065 777 2099 in
801 2075 911 2100 causa
932 2065 1197 2101 redhibitionis:

107 2116 256 2158 propter
272 2111 369 2157 quod
390 2121 461 2146 non
481 2110 569 2145 illud
589 2110 823 2155 spectandum
844 2114 907 2152 est,
934 2110 1012 2155 quis
1030 2120 1198 2145 numerus

108 2158 156 2193 sit
179 2157 215 2192 di
241 2157 387 2199 'torum,
418 2155 483 2191 sed
514 2166 561 2190 an
585 2156 661 2190 sine
684 2155 934 2200 impedimento
958 2155 1013 2190 vel
1036 2155 1198 2200 pluribus

110 2205 129 2238 3
176 2214 198 2238 v
254 2201 484 2247 paucioribus
507 2200 561 2236 uti
582 2201 707 2246 possit.
754 2200 810 2235 De
839 2210 979 2280 ”³5⁰3ss
999 2201 1199 2245 quaesitum

111 2252 185 2290 est,
219 2257 266 2282 an
299 2257 408 2282 sanus
441 2249 552 2282 esset:
590 2250 625 2281 et
655 2249 742 2290 puto
775 2255 856 2280 eum
879 2255 918 2280 re
970 2245 1056 2280 ‘beri
1079 2256 1197 2297 posse.

109 2296 130 2328 4
178 2292 249 2328 Sed
274 2296 310 2328 et
332 2290 548 2325 νυκτάλωπα
571 2291 778 2326 morbosum
803 2301 881 2326 esse
906 2294 1060 2333 constat,
1083 2290 1121 2325 1d
1145 2294 1200 2326 est

109 2338 171 2374 ubi
192 2338 299 2373 homo
325 2347 438 2382 neque
461 2336 635 2371 matutino
660 2339 821 2381 tempore
844 2335 940 2370 videt
972 2345 1089 2380 neque
1121 2345 1198 2371 ves-

136 2383 261 2426 ertino,
287 2382 381 2428 quod
404 2392 514 2427 genus
537 2381 651 2416 morbi
670 2380 799 2415 Graeci
818 2384 948 2416 vocant
969 2378 1196 2416 νυκτᾶλωπα.

122 2428 334 2463 uscitionem
367 2437 446 2462 eam
478 2437 556 2462 esse
580 2426 724 2471 quidam
773 2429 894 2468 utant,
927 2426 990 2460 ubi
1013 2426 1119 2461 homo
1144 2426 1198 2461 lu-

110 2476 129 2508 5
177 2473 270 2508 mine
294 2472 451 2507 adhibito
475 2472 562 2506 nihil
580 2471 685 2506 videt.
766 2471 942 2506 uaesitum
966 2474 1030 2514 est,
1056 2481 1102 2506 an
1121 2471 1198 2506 bal-

109 2519 177 2554 bus
211 2522 248 2554 et
277 2518 420 2553 blaesus
454 2521 490 2552 et
521 2520 649 2562 atypus
672 2516 774 2561 isque
798 2516 859 2561 qui
881 2515 1018 2551 tardius
1041 2516 1200 2561 loquitur

111 2567 147 2599 et
165 2573 272 2599 varus
292 2566 328 2598 et
346 2562 463 2597 vatius
483 2572 591 2597 sanus
613 2561 676 2596 sit:
697 2566 732 2596 et
750 2561 877 2606 opinor
897 2571 957 2596 eos
979 2571 1086 2596 sanos
1108 2571 1197 2596 esse.

159 2607 206 2645 11
234 2608 292 2644 ΡΑ
300 2617 395 2643 Ubus
415 2607 505 2643 libro
526 2607 714 2642 undecimo
735 2607 784 2641 ad
803 2605 978 2641 Sabinum
1025 2605 1090 2641 Cui
1111 2606 1198 2641 dens

110 2655 222 2696 abest,
247 2663 320 2688 non
344 2656 399 2688 est
421 2652 625 2687 morbosus:
650 2661 781 2696 magna
800 2651 892 2686 enim
913 2661 996 2702 pars
1017 2651 1199 2686 hominum

111 2699 229 2743 aliquo
254 2698 360 2734 dente
385 2701 483 2732 caret
513 2706 630 2749 neque
658 2696 739 2731 ideo
771 2696 927 2731 morbosi
961 2700 1063 2730 suut:
1095 2707 1198 2741 prae-

111 2744 231 2779 sertim
263 2754 344 2778 cum
376 2742 452 2777 sine
484 2742 648 2777 dentibus
679 2741 859 2776 nascimur
889 2750 956 2775 nec
978 2740 1058 2776 ideo
1083 2741 1199 2776 minus

111 2788 190 2824 sani
212 2799 334 2824 sumus
359 2787 472 2824 donec
497 2787 618 2822 dentes
642 2787 857 2822 habeamus:
891 2786 1048 2830 alioquin
1079 2787 1198 2822 nullus

112 2843 222 2870 senex
245 2843 353 2868 sanus
378 2836 482 2868 esset.

160 2876 212 2915 12
243 2877 437 2914 ULPIANUS
458 2877 547 2913 libro
597 2877 688 2911 rimo
709 2876 759 2911 ad
777 2876 930 2912 edictum
950 2875 1120 2911 aedilium
1138 2887 1198 2912 cu-

111 2924 243 2959 rulium
289 2923 358 2967 Qui
392 2922 530 2958 clavum
590 2922 691 2963 abet,
727 2921 914 2956 morbosus
951 2924 1021 2956 est:
1067 2921 1130 2955 sed
1164 2925 1200 2956 et

117 2971 129 3002 l
178 2968 383 3013 polyposus.
431 2967 537 3009 Eum,
559 2967 620 3011 qui
638 2967 788 3001 alterum
807 2966 949 3001 oculum
969 2969 1032 3000 aut
1051 2966 1200 3001 alteram

112 3013 291 3048 maxillam
313 3013 483 3048 maiorem
505 3012 634 3054 habet,
659 3011 689 3047 si
711 3015 809 3046 recte
831 3011 874 3046 iis
897 3014 1040 3053 utatur,
1074 3021 1199 3046 sanum

112 3057 223 3093 videri
244 3057 376 3093 Pedius
400 3057 540 3093 scribit:
574 3056 625 3092 ait
648 3056 740 3091 enim
762 3056 1051 3101 inaequalitatem
1074 3056 1199 3090 maxil-

112 3102 230 3138 larum
263 3102 448 3139 oculorum
478 3101 725 3144 brachiorum,
757 3102 788 3136 si
818 3101 905 3136 nihil
937 3111 982 3136 ex
1004 3101 1198 3136 ministerio

113 3147 330 3192 praestando
354 3146 551 3188 subtrahit,
585 3150 687 3181 extra
716 3146 988 3181 redhibitionem
1012 3156 1100 3181 esse.
1138 3146 1200 3181 sed

115 3193 184 3227 et⁶⁸
207 3192 303 3228 latus
320 3192 376 3227 vel
396 3202 477 3227 crus
501 3191 641 3227 brevius
665 3195 786 3236 potest
809 3190 948 3226 adferre
970 3191 1199 3235 impedimen-

114 3239 134 3271 2
180 3239 273 3272 tum:
307 3247 389 3281 ergo
423 3240 458 3272 et
486 3237 545 3271 hic
570 3236 637 3271 erit
659 3235 908 3271 redhibendus.
958 3235 995 3270 Si
1026 3236 1104 3281 quis
1135 3246 1199 3270 na-

115 3284 198 3315 tura
219 3285 428 3326 gutturosus
452 3281 499 3317 sit
522 3285 586 3316 aut
609 3281 731 3316 oculos
756 3281 950 3316 eminentes
974 3281 1116 3323 habeat,
1142 3291 1199 3315 sa-

117 3328 136 3359 3
183 3336 250 3369 nus
274 3326 423 3361 videtur.
469 3326 560 3361 Item
579 3325 761 3361 sciendum
779 3330 834 3361 est
853 3335 1016 3361 scaevam
1033 3336 1105 3360 non
1122 3335 1200 3361 esse

114 3370 318 3406 morbosum
340 3371 395 3406 vel
416 3371 598 3412 vitiosum,
630 3374 880 3415 praeterquam
912 3370 942 3405 si
971 3370 1200 3405 inbecillitate

119 3413 265 3450 dextrae
287 3415 436 3451 validius
460 3415 604 3451 sinistra
625 3415 758 3450 utitur:
791 3414 855 3450 sed
885 3415 981 3450 hunc
1004 3425 1077 3450 non
1100 3425 1200 3450 scae-

117 3460 138 3492 4
183 3469 272 3501 vam,
297 3460 360 3494 sed
378 3470 542 3495 mancum
563 3470 650 3495 esse.
698 3460 733 3495 Is
757 3459 815 3495 cui
838 3470 880 3495 os
904 3459 1000 3494 oleat
1023 3470 1069 3494 an
1090 3470 1199 3494 sanus

118 3502 164 3537 sit
187 3504 383 3547 quaesitum
406 3508 476 3540 est:
509 3505 701 3540 Trebatius
724 3505 776 3539 ait
797 3514 870 3540 non
895 3514 973 3539 esse
995 3504 1200 3540 morbosum

119 3614 159 3654 (1)
185 3615 221 3646 id
232 3622 296 3647 est.-
308 3615 416 3647 morbi
428 3617 609 3658 malignam
622 3618 766 3659 speciem

121 3662 179 3689 aut
191 3659 339 3691 morbum
353 3663 412 3691 aut
423 3662 686 3702 aegrotationem
767 3663 809 3703 (3)
834 3664 880 3703 et]
895 3663 928 3694 ei
942 3664 1016 3695 dett.
1099 3665 1139 3701 (4)
1167 3662 1204 3694 id

120 3709 186 3734 est:
198 3713 266 3734 non
279 3703 367 3735 clare
438 3707 479 3745 (5)
505 3706 542 3738 id
553 3713 620 3739 est:
632 3717 698 3739 non
710 3706 984 3748 intellegibiliter
1052 3709 1095 3746 (6)
1122 3716 1201 3738 con-

122 3747 271 3779 sanuerit
282 3748 484 3781 Hotomanus
542 3751 598 3791 (6⁸)
622 3753 656 3782 et
668 3751 730 3784 del.
798 3752 841 3792 (7)
866 3761 905 3783 os
918 3751 1022 3783 alicui
1034 3751 1123 3782 olere
1138 3751 1199 3783 del.

877 3620 923 3658 (2)
948 3619 986 3650 id
996 3623 1064 3650 est.-
1078 3616 1202 3648 malum

1185 132 1264 180 271

2195 137 2354 180 XX11

1266 268 1308 293 os
1340 257 1448 293 alicui
1480 257 1618 299 olere⁷‚
1654 257 1763 293 veluti
1794 259 1993 302 hircosum,
2029 260 2253 295 strabonem:
2287 260 2357 296 hoc

1267 303 1359 338 onim
1382 313 1426 338 ex
1449 302 1568 338 illuvie
1588 302 1661 337 oris
1682 303 1845 338 accidere
1865 304 1990 339 solere.
2027 305 2057 340 si
2076 309 2195 340 tamen
2214 315 2259 340 ex
2278 315 2356 341 cor-

1265 348 1362 394 poris
1386 348 1470 384 vitio
1494 347 1532 382 id
1556 347 1698 390 accidit,
1722 348 1831 383 veluti
1855 350 1950 393 quod
1973 350 2092 392 iecur,
2117 349 2213 395 quod
2235 350 2357 395 pulmo

1265 396 1330 428 aut
1352 393 1450 428 aliud
1472 392 1558 438 quid
1582 392 1742 428 similiter
1764 393 1871 436 dolet,
1895 395 2084 430 morbosus
2109 399 2173 430 est.

1315 435 1366 476 13
1395 438 1520 474 Gaws
1548 437 1640 473 libro
1656 439 1782 484 primo
1806 438 1857 473 ad
1879 439 2032 475 edictum
2056 440 2226 476 aedilium
2249 451 2358 477 curu-

1265 483 1352 520 lium
1398 483 1489 519 Item
1513 483 1637 519 clodus
1661 484 1849 519 morbosus
1874 488 1938 519 est.

1313 526 1366 566 14
1397 527 1593 565 mmm
1613 528 1704 564 libro
1720 529 1845 575 primo
1865 529 1915 563 ad
1933 529 2086 565 edictum
2106 531 2276 566 aedilium
2296 542 2358 567 ou-

1263 574 1398 610 rulium
1445 573 1636 619 Quaeritur
1659 574 1703 609 de
1727 584 1770 610 ea
1792 573 1958 616 muliere,
2007 585 2076 610 uae
2098 585 2240 622 semper
2261 586 2357 612 mor-

1264 623 1346 655 tuos
1370 618 1475 664 parit,
1501 629 1548 654 au
1572 619 1742 655 morbosa
1765 619 1829 655 sitt
1856 622 1891 654 et
1914 619 1965 654 ait
2015 620 2153 664 abinus,
2178 621 2209 657 si
2231 621 2358 657 vulvae

1271 670 1279 698 1
1333 664 1418 700 vitio
1454 664 1525 700 hoc
1560 664 1750 710 contingit,
1785 665 1989 700 morbosam
2025 675 2112 700 esse.
2161 666 2199 701 Si
2231 666 2360 702 mulier

1263 719 1440 755 praegnas
1471 709 1639 751 venierit,
1670 709 1765 746 inter
1795 720 1918 746 omnes
1943 711 2107 745 convenit
2130 721 2255 746 sanam
2279 722 2357 747 eam

1265 765 1361 791 esse:
1393 754 1586 790 maximum
1617 754 1712 790 enim
1735 765 1778 790 ac
1801 755 2033 800 praecipuum
2056 766 2185 791 munus
2207 756 2357 792 femina-

1265 803 1285 835 2
1333 811 1412 835 rum
1433 804 1488 835 est
1506 800 1694 845 accipere⁸
1712 811 1756 835 ac
1776 801 1869 836 tueri
1889 805 2119 846 conceptum:
2139 801 2357 847 Puerperam

1265 856 1408 891 quoque
1436 855 1562 880 sanam
1592 855 1689 888 esse,
1721 846 1752 881 si
1775 845 1880 881 modo
1905 845 1993 881 nihil
2017 846 2238 882 extrinsecus
2262 848 2356 883 acci-

1265 891 1328 933 dit,
1353 890 1450 936 quod
1474 901 1604 936 corpus
1629 891 1705 926 eius
1728 891 1766 925 in
1790 891 1946 936 aliquam
1969 891 2206 927 valetudinem
2229 892 2356 927 immit-

1266 939 1285 971 3
1333 939 1435 971 teret.
1483 936 1539 970 De
1574 936 1685 972 sterili
1721 935 1862 972 Caelius
1897 936 2113 981 distinguere
2148 936 2357 972 Trebatium

1266 981 1363 1023 dicit,
1387 985 1439 1024 ut,
1463 981 1495 1017 si
1517 985 1648 1017 natura
1671 981 1800 1017 sterilis
1824 982 1888 1024 sit,
1912 992 2003 1017 sana
2026 982 2091 1024 sit,
2115 982 2146 1017 si
2169 982 2253 1018 vitio
2278 993 2357 1018 cor-

1266 1029 1287 1061 4
1333 1026 1443 1072 poris,
1468 1030 1606 1061 contra.
1654 1027 1744 1062 Item
1767 1026 1813 1062 de
1836 1037 1878 1062 eo
1903 1027 1963 1071 qui
1982 1027 2122 1062 urinam
2141 1027 2230 1062 facit
2250 1038 2357 1072 quae-

1265 1072 1366 1107 ritur.
1405 1075 1441 1107 et
1472 1071 1603 1107 Pedius
1637 1072 1688 1107 ait
1719 1083 1792 1107 non
1822 1072 1868 1108 ob
1905 1082 1985 1107 eam
2018 1082 2093 1108 rem
2125 1083 2252 1108 sanum
2285 1084 2358 1109 non

1266 1127 1356 1159 esse,
1381 1116 1478 1162 quod
1500 1117 1538 1152 in
1561 1117 1654 1152 lecto
1679 1127 1804 1153 somno
1827 1117 1982 1162 vinoque
2004 1128 2149 1162 pressus
2171 1121 2234 1153 aut
2252 1118 2358 1153 etiam

1265 1162 1406 1208 pigritia
1430 1163 1598 1207 surgendi
1620 1162 1761 1197 urinam
1784 1162 1916 1198 fariate
1942 1161 1998 1198 sin
2022 1168 2142 1199 autem
2162 1163 2247 1198 vitio
2267 1164 2358 1198 vesi-

1267 1218 1331 1243 cae
1369 1208 1557 1243 collectum
1592 1218 1753 1243 umorem
1790 1208 1973 1244 continere
2007 1219 2080 1244 non
2113 1212 2251 1254 potest,
2286 1219 2359 1244 non

1266 1253 1349 1298 quia
1372 1253 1512 1288 urinam
1535 1253 1572 1287 in
1595 1253 1688 1288 lecto
1711 1252 1812 1296 facit,
1836 1253 1900 1289 sed
1922 1253 2006 1298 quia
2027 1254 2190 1289 vitiosam
2206 1253 2359 1289 vesicam

1265 1298 1395 1341 habet,
1429 1298 1607 1333 redhiberi
1637 1308 1761 1343 posse:
1795 1302 1831 1334 et
1861 1299 1977 1334 verius
2010 1303 2065 1334 est
2096 1299 2191 1344 quod
2214 1299 2357 1334 Pedius.

1266 1346 1286 1377 5
1333 1343 1433 1378 Idem
1457 1343 1519 1386 ait,
1544 1343 1575 1379 si
1598 1354 1668 1379 uva
1691 1344 1842 1379 alicuius
1866 1344 2029 1388 praecisa
2052 1344 2110 1387 sit,
2133 1344 2259 1380 tollere
2281 1354 2358 1379 ma-

1265 1388 1319 1433 gis
1343 1399 1450 1434 quam
1474 1392 1659 1434 praestare
1682 1389 1973 1431 redhibitionem,
2006 1389 2101 1434 quod
2124 1389 2270 1424 morbus
2293 1389 2359 1427 mie

1266 1434 1407 1469 nuitur:
1437 1444 1500 1479 ego
1525 1437 1625 1479 puto,
1650 1434 1681 1469 si
1703 1434 1848 1470 morbus
1872 1434 2019 1476 desinit,
2043 1445 2116 1470 non
2140 1445 2218 1470 esse
2240 1434 2358 1470 redhi-

1266 1479 1391 1514 bitioni
1414 1479 1550 1522 locum,
1587 1479 1642 1514 sin
1666 1483 1788 1515 autem
1810 1480 1932 1515 vitium
1955 1483 2172 1525 perseveret.
2204 1479 2359 1515 redhibi-

1267 1528 1288 1559 6
1335 1524 1469 1559 tionem
1491 1525 1610 1560 locum
1633 1525 1776 1560 habere.
1826 1524 1864 1560 Si
1896 1525 1974 1570 quis
2007 1525 2123 1570 digitis
2156 1525 2357 1561 coniunctis

1266 1573 1449 1611 nascatur,
1475 1580 1546 1605 non
1570 1569 1710 1605 videtur
1733 1580 1843 1605 sanus
1868 1580 1956 1613 esse,
1981 1570 2044 1606 sed
2066 1570 2118 1605 ita
2142 1570 2301 1613 demum,
2326 1570 2358 1605 si

1268 1618 1287 1648 7
1334 1615 1621 1650 incommodatur
1644 1615 1691 1650 ad
1713 1625 1818 1650 usum
1837 1625 1976 1650 manus.
2024 1615 2210 1651 Mulierem
2229 1615 2282 1650 ita
2301 1625 2359 1650 ar—

1266 1664 1358 1702 tam,
1391 1664 1433 1695 ut
1462 1660 1589 1695 mulier
1619 1660 1697 1695 fieri
1727 1671 1800 1696 non
1850 1660 1957 1703 ossit,
1990 1671 2114 1696 sanam
2145 1671 2218 1696 non
2248 1660 2360 1696 videri

1268 1708 1288 1740 8
1335 1708 1488 1740 constat.
1537 1705 1575 1740 Si
1598 1706 1677 1750 quis
1703 1702 1808 1739 ἁντιά
1834 1706 1898 1740 ‹rs-⁹
1920 1705 2071 1748 habeat,
2103 1716 2149 1741 an
2181 1705 2360 1741 redhiberi

1268 1751 1372 1796 quasi
1394 1750 1543 1786 vitiosus
1575 1751 1708 1795 possit,
1741 1751 1935 1796 quaeritur.
1974 1754 2010 1786 et
2033 1751 2064 1786 si
2095 1748 2260 1786 ἀντιάδες
2290 1750 2360 1786 hae

1268 1799 1353 1831 sunt
1376 1806 1466 1848 quas
1499 1795 1679 1838 existimo,
1711 1795 1749 1830 id
1780 1799 1835 1831 est
1864 1796 2098 1839 inveteratas,
2130 1799 2167 1831 et
2198 1796 2260 1841 qui
2288 1796 2360 1831 iam

1269 1841 1399 1876 discuti
1422 1851 1495 1876 non
1525 1841 1665 1885 possint
1694 1840 1853 1876 faucium
1883 1845 2061 1884 tumores,
2094 1841 2154 1893 qui
2188 1837 2360 1876 ἂντιάδας

1269 1888 1289 1920 9
1335 1886 1446 1921 habet
1475 1886 1624 1921 vitiosus
1656 1890 1720 1921 est.
1769 1885 1808 1921 Si
1838 1886 2000 1922 venditor
2023 1886 2231 1921 nominatim
2255 1895 2359 1921 exce-

1268 1931 1361 1976 perit
1384 1931 1429 1966 de
1453 1931 1571 1976 aliquo
1595 1931 1721 1966 morbo
1746 1935 1783 1967 et
1806 1931 1850 1966 de
1874 1935 1992 1967 cetero
2018 1941 2145 1966 sanum
2164 1941 2243 1967 esse
2262 1931 2359 1966 dixe-

1268 1977 1316 2011 rit
1347 1979 1411 2011 aut
1443 1976 1663 2021 promiserit,
1699 1976 1867 2012 standum
1898 1980 1953 2012 est
1985 1987 2027 2012 eo
2063 1976 2160 2022 quod
2196 1976 2359 2012 convenit

1270 2021 1544 2063 (remittentibus
1577 2021 1670 2056 enim
1701 2021 1861 2057 actiones
1894 2032 1978 2057 suas
2002 2032 2076 2057 non
2100 2026 2155 2057 est
2177 2031 2357 2066 regressus

1269 2066 1443 2108 dandus),
1475 2066 1544 2101 nisi
1575 2067 1690 2102 sciens
1713 2066 1877 2102 venditor
1899 2067 2063 2102 morbum
2087 2067 2250 2102 consulto
2274 2067 2355 2101 reti-

1269 2112 1360 2147 cuit:
1393 2116 1480 2147 tunc
1512 2111 1605 2147 enim
1636 2111 1791 2147 dandam
1815 2122 1894 2147 esse
1917 2112 1962 2147 de
1986 2112 2066 2147 dolo
2092 2112 2184 2147 malo
2209 2111 2356 2156 replica-

1272 2160 1311 2192 10
1358 2157 1502 2191 tionem.
1552 2156 1589 2191 Si
1612 2156 1821 2192 nominatim
1846 2158 1990 2192 morbus
2015 2161 2185 2202 exceptus
2209 2167 2282 2192 non
2302 2156 2359 2198 sit,

1267 2201 1348 2237 talis
1372 2205 1493 2237 tamen
1517 2202 1662 2236 morbus
1687 2202 1743 2244 sit,
1769 2202 1830 2247 qui
1853 2202 2017 2237 omnibus
2041 2203 2159 2247 potuit
2183 2211 2358 2246 apparere

1270 2250 1323 2288 (ut
1344 2250 1434 2292 puta
1458 2257 1587 2282 caecus
1610 2247 1717 2282 homo
1741 2247 1886 2282 venibat
1899 2249 1944 2289 ¹⁰,
1978 2251 2041 2282 aut
2073 2247 2133 2292 qui
2157 2246 2360 2282 cicatricem

1268 2291 1463 2327 evidentem
1494 2295 1529 2326 et
1559 2292 1797 2337 periculosam
1827 2292 1986 2327 habebat
2016 2293 2072 2328 vel
2101 2293 2138 2327 in
2164 2292 2281 2337 capite
2304 2292 2360 2326 vel

1266 2337 1303 2372 in
1324 2336 1394 2372 alia
1413 2341 1517 2382 parte
1530 2338 1557 2358 ¹¹
1583 2338 1768 2382 corporis),
1793 2337 1868 2372 eius
1890 2338 2032 2373 nomine
2051 2348 2123 2372 uon
2143 2337 2257 2372 teneri
2270 2336 2358 2371 Cae-

1268 2382 1370 2417 cilius
1384 2382 1411 2403 ¹²
1430 2382 1493 2424 ait,
1517 2382 1663 2427 perinde
1682 2392 1725 2417 ac
1746 2383 1777 2417 si
1796 2382 2003 2418 nominatim
2022 2383 2167 2417 morbus
2189 2385 2358 2426 exceptus

1266 2427 1411 2462 fuisset:
1444 2427 1490 2462 ad
1514 2437 1576 2462 eos
1599 2427 1693 2462 enim
1716 2428 1860 2463 morbos
1884 2428 2039 2472 vitiaque
2062 2428 2239 2471 pertinere
2263 2426 2358 2462 edic-

1267 2477 1344 2507 tum
1368 2472 1534 2507 aedilium
1557 2472 1783 2517 probandum
1807 2476 1872 2515 est,
1897 2483 1989 2518 quae
2014 2473 2091 2517 quis
2113 2471 2288 2517 ignoravit
2303 2471 2359 2507 vel

1268 2518 1432 2563 ignorare
1455 2518 1583 2562 potuit.

1317 2561 1367 2599 15
1393 2561 1450 2597 ΡΑ
1458 2572 1553 2598 mws
1573 2562 1663 2598 libro
1687 2562 1874 2598 undecimo
1895 2562 1945 2597 ad
1962 2561 2136 2597 Sabinum
2182 2561 2283 2605 Quae
2303 2561 2359 2597 bis

1267 2608 1305 2643 in
1327 2617 1448 2642 mense
1472 2611 1656 2653 purgatur,
1682 2617 1771 2642 sana
1790 2618 1861 2642 non
1882 2611 1944 2649 est,
1968 2607 2053 2641 item
2072 2616 2164 2652 quae
2183 2617 2257 2642 non
2272 2617 2357 2652 pur-

1267 2657 1383 2698 gatur,
1407 2652 1477 2688 nisi
1500 2663 1565 2697 per
1589 2655 1742 2687 aetatem
1766 2652 1907 2687 accidit.

1318 2695 1368 2735 16
1393 2696 1624 2732 POMPONIUS
1653 2697 1744 2732 libro
1775 2697 1940 2732 vicesimo
1973 2697 2077 2731 tertio
2110 2696 2160 2731 ad
2183 2694 2358 2732 Sabinum

1269 2743 1371 2787 Quod
1393 2742 1445 2777 ita
1469 2746 1634 2777 sanatum
1657 2745 1730 2783 est,
1764 2745 1805 2776 ut
1826 2741 1864 2776 in
1886 2741 2075 2786 pristinum
2098 2744 2232 2776 statum
2253 2741 2357 2777 resti-

1268 2790 1437 2829 tueretur,
1455 2787 1602 2832 perinde
1621 2786 1825 2822 habendum
1846 2791 1909 2829 est,
1932 2787 2034 2832 quasi
2052 2796 2246 2832 numquam
2263 2796 2357 2822 mor-

1268 2833 1396 2868 bosum
1420 2833 1563 2867 esset¹³.

1317 2875 1367 2913 17
1400 2876 1594 2912 UJ-,mzvvs
1614 2877 1704 2912 libro
1721 2877 1845 2922 primo
1865 2876 1915 2912 ad
1932 2876 2086 2912 edictum
2107 2877 2277 2913 aedilium
2296 2887 2357 2912 cu-

1268 2922 1401 2957 rulium
1417 2922 1443 2942 ¹⁴
1491 2921 1584 2965 Quid
1608 2922 1654 2956 sit
1672 2921 1852 2966 fugitivus,
1877 2921 2000 2956 definit
2020 2921 2164 2957 Ofilius:
2188 2921 2357 2967 fugitivus

1270 2970 1335 3009 est,
1361 2966 1421 3011 qui
1446 2970 1548 3001 extra
1572 2966 1704 3001 domini
1729 2966 1871 3001 domum
1893 2966 2000 3011 fugae
2024 2977 2152 3009 causa,
2201 2977 2248 3002 uo
2273 2976 2312 3002 se
2336 2976 2358 3000 a

1272 3014 1286 3046 1
1338 3011 1480 3046 domino
1507 3011 1650 3053 celaret,
1675 3011 1816 3046 mansit.
1866 3011 2006 3047 Caelius
2031 3015 2149 3047 autem
2189 3011 2357 3056 ugitivum

1269 3066 1347 3091 esse
1371 3056 1421 3091 ait
1445 3065 1536 3098 eum,
1560 3056 1620 3108 qui
1644 3066 1686 3091 ea
1709 3060 1826 3091 mente
1850 3057 2020 3099 discedat,
2045 3066 2091 3092 ne
2110 3056 2157 3091 ad
2178 3056 2357 3092 dominum

1268 3101 1411 3143 redeat,
1443 3104 1587 3135 tametsl
1619 3105 1755 3136 mutato
1788 3102 1934 3137 consilio
1967 3102 2013 3137 ad
2036 3111 2116 3137 eum
2138 3104 2354 3137 revertatur:

1269 3156 1371 3181 nemo
1397 3146 1490 3180 enim
1513 3146 1577 3180 tali
1600 3150 1771 3190 peccato,
1795 3146 1928 3192 inquit,
1959 3146 2179 3191 paenitentia
2202 3156 2268 3181 sua
2291 3155 2355 3179 no-

1269 3194 1289 3226 2
1338 3201 1421 3226 cens
1454 3201 1531 3226 esse
1566 3190 1705 3226 desinit.
1755 3191 1899 3227 Cassius
1924 3202 2065 3236 quoque
2089 3191 2212 3226 scribit
2235 3189 2355 3234 fugiti-

1268 3247 1350 3271 vum
1384 3245 1479 3277 esse,
1516 3235 1577 3279 qui
1609 3240 1705 3271 certo
1737 3237 1920 3281 proposito
1952 3237 2133 3271 dominum
2167 3235 2353 3279 relinquat.

1269 3284 1289 3316 3
1336 3281 1425 3315 Item
1457 3280 1554 3325 apud
1576 3280 1764 3316 Vivianum
1795 3282 1947 3316 relatum
1978 3285 2034 3316 est
2063 3281 2248 3325 fugitivum
2279 3278 2355 3313 fere

1270 3326 1315 3360 ab
1358 3325 1489 3360 affectu
1530 3326 1637 3360 animi
1676 3326 1950 3371 intellegendum
1992 3336 2088 3367 esse,
2130 3335 2202 3360 non
2234 3323 2355 3374 utique

1270 3381 1292 3405 a
1324 3370 1427 3414 fuga:
1461 3380 1545 3405 nam
1580 3381 1678 3413 eum,
1711 3372 1772 3416 qui
1803 3372 1942 3406 hostem
1976 3374 2039 3405 aut
2072 3370 2266 3408 latronem,
2299 3378 2353 3402 in-

1270 3415 1433 3450 cendium
1466 3415 1648 3451 ruinamve
1682 3416 1835 3460 fugeret,
1878 3415 2036 3460 quamvis
2067 3414 2199 3458 fugisse
2233 3422 2353 3447 verum

1270 3463 1334 3501 est,
1359 3470 1431 3494 non
1454 3462 1574 3494 tamen
1597 3460 1781 3505 fugitivum
1806 3471 1894 3495 esse.
1930 3461 2013 3494 item
2037 3469 2081 3493 ne
2102 3469 2181 3493 eum
2201 3456 2354 3501 quidem.

1270 3505 1330 3548 qui
1360 3514 1382 3538 a
1412 3509 1645 3550 praeceptore
1678 3506 1736 3541 cui
1764 3506 1801 3540 in
1835 3505 2056 3549 disciplinam
2091 3502 2242 3536 traditus
2277 3507 2355 3536 erat

2154 3616 2214 3654 (10)
2240 3613 2351 3645 venie-

2186 3660 2243 3699 (13)
2268 3661 2356 3690 esset

1273 3620 1316 3656 (8)
1341 3617 1519 3658 concipere
1531 3618 1612 3650 Hal.
1697 3620 1741 3659 (9)
1768 3619 1804 3650 id
1815 3624 1881 3649 est.-
1895 3616 2049 3647 tonsillas

1271 3661 1375 3693 batF
1441 3663 1495 3703 (11)
1520 3666 1637 3703 aperta
1650 3664 1709 3695 ins.
1791 3664 1849 3702 (12)
1876 3660 2009 3692 Caelius
2022 3659 2104 3692 Hal.

1271 3705 1335 3739 del.
1428 3707 1485 3747 (14)
1514 3711 1530 3745 ς
1545 3714 1558 3740 1
1572 3723 1616 3735 =
1628 3707 1674 3740 D.
1688 3708 1742 3748 47,
1755 3714 1783 3746 2,
1798 3714 1834 3739 65
