2528 3918
81 124 234 158 CONST.
265 127 411 158 TANTA

75 237 136 272 nia
157 237 266 282 igitur
289 237 454 273 confecta
478 237 562 270 sunt
586 234 726 270 domino
759 238 794 270 et
819 234 883 270 deo
910 238 1033 272 nostro
1057 236 1166 272 Ihesu

76 283 218 319 Christo
256 282 527 328 possibilitatem
566 284 640 315 tam
677 280 780 316 nobis
817 291 923 325 quam
959 282 1093 318 nostris
1128 282 1166 316 in

79 331 92 362 1
143 328 213 364 hoc
245 327 455 363 satellitibus
517 329 710 362 raestante.
757 326 808 361 Et
839 327 1056 372 principales
1089 327 1165 372 qui-

76 374 153 409 dem
179 373 452 409 constitutiones
500 372 663 407 uodecim
685 371 787 407 libris
813 371 969 417 digestas
990 373 1062 407 iam
1083 377 1167 408 ante

75 420 112 454 in
138 419 295 455 codicem
319 421 444 454 nostro
469 418 610 452 nomine
632 417 916 462 praefulgentem
940 419 1165 454 contulimus.

74 470 201 509 postea
231 474 314 499 vero
346 463 537 498 maximum
576 474 665 507 opus
703 463 951 508 adgredientes
990 464 1070 509 ipsa
1107 475 1165 499 ve-

75 509 218 545 tustatis
256 508 517 544 studiosissima
557 518 666 553 opera
697 508 769 543 iam
799 519 914 553 paene
948 510 1099 545 confusa
1131 513 1167 544 et

75 555 249 590 dissoluta
280 555 393 590 eidem
422 554 497 589 viro
529 554 669 589 excelso
701 554 927 599 permisimus
960 558 1035 590 tam
1067 555 1165 591 colli-

73 610 155 645 gere
171 610 277 645 quam
292 604 390 635 certo
404 599 659 635 moderamini¹
679 600 833 635 tradere.
867 600 932 635 sed
951 611 1031 635 cum
1049 601 1167 636 omnia

74 646 392 690 percontabamur‚
429 655 451 679 a
482 644 646 690 praefato
680 645 753 680 viro
785 646 927 681 excelso
961 650 1166 691 suggestum

74 695 128 726 est
148 691 219 726 duo
241 701 355 737 paene
376 691 472 725 milia
497 691 668 726 librorum
694 700 772 726 esse
797 692 1002 736 conscripta
1026 696 1063 727 et
1085 692 1166 736 plus

73 747 178 782 quam
208 736 400 772 trecenties
433 736 554 772 decem
584 736 706 771 milia2
737 746 903 772 versuum
935 748 957 772 a
988 738 1165 773 veteribus

75 782 203 826 effusa,
237 793 330 827 quae
358 792 507 818 necesse
538 785 633 817 esset
662 782 780 817 omnia
809 785 845 816 et
875 782 992 827 legere
1025 787 1061 818 et
1086 793 1164 828 per-

73 828 252 863 scrutari³
282 830 318 863 et
349 838 393 863 ex
425 828 480 863 his
511 827 542 863 si
566 827 651 872 quid
676 827 847 872 optimum
872 828 1001 863 fuisset
1024 829 1164 873 eligere.

73 873 169 918 quod
204 873 351 909 caelesti
389 873 529 918 fulgore
567 876 603 908 et
638 883 798 908 summae
834 873 1003 909 trinitatis
1043 874 1166 909 favore

73 918 277 955 confectum
310 924 365 954 est
397 918 593 954 secundum
625 922 750 954 nostra
779 919 966 961 mandata,
1001 930 1092 964 quae
1120 919 1165 954 ab

72 964 172 1000 initio
197 965 244 999 ad
267 968 502 1000 memoratum
525 965 638 999 virum
663 965 844 1000 excelsum
868 964 1039 1007 fecimus,
1070 968 1106 1000 et
1129 965 1165 999 in

72 1010 328 1056 quinquaginta
352 1010 461 1045 libros
486 1020 590 1045 omne
615 1010 711 1054 quod
735 1010 963 1046 utilissimum
988 1014 1067 1046 erat
1091 1011 1164 1046 col-

71 1056 201 1091 lectum
225 1060 280 1091 est
304 1059 339 1091 et
363 1066 485 1091 omnes
510 1055 761 1100 ambiguitates
786 1055 929 1091 decisae
952 1056 1050 1091 nullo
1072 1056 1163 1091 sedi-

71 1102 163 1137 tioso
186 1102 323 1137 relicto.
362 1112 562 1146 nomenque
581 1101 681 1137 libris
701 1101 924 1146 inposuimus
946 1101 1164 1147 digestorum

71 1158 134 1183 seu
163 1147 441 1192 pandectarum,
475 1147 558 1192 quia
590 1157 712 1182 omnes
742 1146 1004 1192 disputationes
1036 1151 1072 1182 et
1103 1147 1163 1182 de-

71 1193 223 1229 cisiones
251 1193 289 1228 in
313 1203 352 1228 se
375 1193 511 1228 habent
535 1193 709 1238 legitimas
733 1196 770 1227 et
794 1193 889 1238 quod
913 1193 1072 1238 undique
1096 1193 1165 1227 fuit

71 1239 280 1281 collectum,
311 1239 380 1274 hoc
403 1238 440 1273 in
464 1238 563 1274 sinus
588 1249 673 1274 suos
696 1241 928 1283 receperunt,
959 1239 996 1273 in
1021 1242 1163 1274 centum

70 1284 327 1330 quinquaginta
358 1294 474 1329 paene
504 1284 602 1319 milia
632 1294 799 1320 versuum
822 1287 938 1320 totum
964 1294 1053 1329 opus
1078 1294 1162 1320 con-

69 1335 299 1366 summantes.
336 1335 374 1365 et
396 1330 434 1364 in
458 1334 594 1375 septem
618 1333 739 1374 partes
762 1339 822 1365 eos
845 1330 1066 1374 digessimus,
1091 1341 1163 1365 non

69 1386 255 1421 perperam
293 1385 408 1420 neque
445 1376 521 1411 sine
556 1376 714 1418 ratione,
755 1375 818 1410 sed
858 1375 896 1410 in
933 1386 1163 1411 numerorum

69 1426 234 1457 naturam
266 1425 302 1457 et
331 1425 445 1456 artem
474 1421 706 1467 respicientes
737 1424 772 1456 et
803 1425 1079 1457 consentaneam
1112 1422 1162 1456 eis

69 1467 277 1503 divisionem
300 1467 457 1513 partium
482 1467 725 1503 conficientes.

115 1516 134 1548 2
182 1513 293 1558 Igitur
311 1513 428 1558 prima
447 1513 587 1558 quidem
606 1523 692 1558 pars
712 1512 823 1548 totius
844 1516 1045 1556 contextus,
1071 1523 1163 1558 quae

70 1560 208 1594 Graeco
246 1559 422 1595 vocabulo
462 1559 591 1603 πρῶτα
627 1562 874 1604 nuncupatur,
916 1558 953 1593 in
991 1562 1164 1603 quattuor

69 1607 88 1639 3
135 1605 246 1640 libros
288 1604 446 1649 seposita
485 1608 550 1640 est.
602 1604 789 1639 Secundus
829 1607 949 1639 autem
988 1604 1161 1640 articulus

68 1654 203 1696 septem
236 1650 348 1686 libros
384 1650 511 1692 habet,
551 1650 611 1695 qui
647 1650 690 1685 de
724 1650 864 1685 iudiciis
897 1650 1125 1694 appellantur
1135 1651 1160 1684 ⁴.

68 1699 87 1730 4
135 1696 178 1731 In
200 1696 307 1731 tertia
330 1705 413 1730 vero
439 1695 714 1740 congregatione
739 1696 858 1730 omnia
876 1706 968 1740 quae
989 1695 1033 1731 de
1053 1696 1161 1731 rebus

67 1742 296 1777 nominantur
337 1742 572 1784 contulimus,
617 1745 697 1777 octo
738 1741 838 1777 libris
877 1741 927 1777 eis
966 1740 1160 1786 deputatis.

68 1791 87 1822 5
136 1787 293 1832 Quartus
318 1791 437 1822 autem
461 1787 579 1829 locus,
612 1787 673 1832 qui
697 1790 733 1822 et
755 1787 867 1822 totius
893 1787 1161 1832 compositionis

67 1833 170 1878 quasi
210 1832 387 1878 quoddam
423 1832 602 1868 invenitur
641 1833 848 1868 umbilicum
860 1834 883 1875 ⁵,
929 1837 1010 1868 octo
1050 1832 1160 1868 libros

67 1879 236 1923 suscepit.
271 1878 309 1913 in
333 1878 463 1923 quibus
488 1879 607 1913 omnia
632 1889 724 1923 quae
749 1878 795 1913 ad
819 1878 1059 1924 hypothecam
1078 1888 1159 1923 per-

66 1925 182 1959 tinent
205 1924 364 1970 reposita
388 1927 491 1966 sunt,
516 1928 556 1959 ut
580 1925 678 1959 ῐιοῐι6
699 1924 936 1969 pigneraticia
960 1924 1102 1959 actione
1124 1924 1162 1958 in

65 1971 165 2006 libris
198 1970 241 2005 de
271 1970 379 2005 rebus
412 1969 532 2015 posita
555 1970 729 2004 multum⁷
754 1969 946 2005 distarent:
973 1970 1044 2005 alio
1068 1969 1160 2005 libro

66 2016 190 2051 eodem
213 2016 350 2051 inserto
382 2015 578 2057 volumine,
636 2016 671 2050 ui
703 2015 906 2050 aedilicium
939 2015 1094 2050 edictum
1126 2018 1162 2050 et

66 2061 334 2096 redhibitoriam
359 2061 538 2095 actionem
560 2064 594 2096 et
639 2060 745 2105 uplae
765 2060 1044 2105 stipulationem,
1069 2071 1161 2106 quae

67 2107 110 2142 de
144 2106 379 2142 evictionibus
412 2106 598 2151 proposita
631 2111 701 2150 est,
739 2106 916 2149 continet,
954 2107 1038 2151 quia
1071 2107 1160 2141 haec

67 2152 187 2188 omnia
210 2152 322 2187 titulis
347 2151 566 2196 emptionum
592 2155 627 2187 et
650 2151 891 2187 venditionum
917 2155 1159 2188 consentanea

66 2201 151 2233 sunt
174 2201 211 2233 et
232 2196 440 2243 praedictae
465 2197 624 2232 actiones
650 2197 754 2242 quasi
776 2198 993 2243 pedisequae
1019 2198 1160 2232 illarum

66 2244 112 2278 ab
143 2242 245 2279 initio
276 2246 547 2288 processerunt,
579 2243 617 2278 in
640 2243 845 2279 vetustioris
878 2243 1021 2288 quidem
1052 2243 1159 2279 edicti

66 2288 290 2324 ordinatione
319 2288 357 2323 in
389 2288 470 2323 loca
503 2287 603 2324 devia
635 2292 671 2324 et
698 2289 811 2325 multo
848 2289 1018 2324 distantia
1054 2289 1159 2325 deva-

65 2338 208 2379 gantes,
232 2345 298 2379 per
321 2338 480 2369 nostram
506 2337 625 2369 autem
648 2334 907 2379 providentiam
931 2335 987 2370 his
1012 2345 1159 2380 congre-

64 2383 186 2425 gatae,
225 2391 305 2415 cum
343 2383 553 2425 oportuerat
590 2390 632 2415 ea
668 2390 761 2425 quae
800 2380 845 2416 de
881 2379 1005 2416 eodem
1045 2390 1159 2426 paene

65 2426 259 2471 loquuntur
282 2425 319 2460 in
343 2425 498 2461 confinio
523 2435 666 2470 ponere.
703 2426 795 2462 alius
818 2426 940 2471 itaque
964 2426 1055 2462 liber
1077 2429 1160 2471 post

65 2471 135 2506 duo
168 2471 302 2516 primos
334 2471 436 2507 nobis
470 2471 693 2517 excogitatus
724 2475 780 2507 est
811 2471 855 2508 de
879 2472 999 2508 usuris
1024 2475 1060 2507 et
1084 2476 1159 2507 tra-

64 2516 212 2552 iecticiis
243 2516 405 2561 pecuniis
443 2520 480 2552 et
511 2516 555 2552 de
583 2517 829 2553 instrumentis
869 2521 904 2553 et
938 2517 1092 2553 testibus
1123 2521 1159 2553 et

65 2562 338 2607 probationibus
376 2572 443 2597 nec
477 2572 550 2598 non
584 2563 935 2608 praesumptionibus
947 2564 971 2606 ⁸,
1012 2566 1048 2598 et
1086 2573 1158 2598 me-

67 2679 106 2718 (1)
132 2679 179 2710 sic
197 2676 234 2717 S,
252 2676 477 2709 moderamine
492 2677 526 2709 F
658 2678 702 2718 (2)
726 2677 839 2710 tricies
858 2679 998 2710 centena
1016 2676 1111 2709 milia
1129 2677 1158 2710 S

64 2724 108 2765 (3)
132 2724 339 2765 perscrutare
358 2723 391 2754 F
470 2724 512 2764 (4)
538 2721 726 2765 appellatur
744 2723 793 2756 F2
883 2725 924 2764 (5)
951 2723 1087 2765 quidam
1103 2723 1157 2755 iu-

66 2768 202 2801 venitur
216 2767 396 2800 umbilicus
410 2769 438 2801 S
572 2769 615 2810 (6)
640 2778 659 2800 a
676 2770 735 2802 ins.
755 2768 784 2801 S
910 2770 953 2809 (7)
978 2768 1111 2801 multim
1130 2769 1164 2801 F

65 2814 109 2854 (8)
135 2823 195 2846 nec
212 2824 281 2846 non
299 2823 405 2856 praes,
427 2827 483 2847 om.
509 2814 558 2846 F¹

66 2950 228 2982 taremur
262 2950 297 2982 et
330 2948 375 2983 de
406 2948 525 2985 dubiis
556 2950 728 2985 certiores
764 2951 954 2996 fieremus,
994 2950 1159 2986 omnibus

66 2996 184 3027 autem
246 3004 287 3027 ro
321 2994 429 3028 insita
460 2995 562 3030 nobis
594 3007 616 3030 a
649 2996 793 3031 domino
819 2996 884 3032 deo
915 2998 948 3030 et
979 2995 1159 3030 salvatore

65 3041 188 3073 nostro
230 3049 291 3073 esu
312 3038 451 3074 Christo
469 3040 715 3087 intelleqentia
732 3045 767 3076 et
776 3042 1008 3088 praestantia
1025 3041 1157 3075 iustum

70 3086 94 3135 1.
131 3083 241 3128 finem
271 3085 546 3131 imponeremus.
595 3086 644 3121 Et
667 3098 794 3122 sacras
818 3087 961 3132 quidem
986 3087 1157 3122 constitu-

66 3131 180 3164 tiones
204 3133 311 3164 antea
335 3131 408 3164 iam
433 3130 620 3167 duodecim
645 3132 748 3167 libris
777 3132 965 3179 complexi
992 3132 1157 3167 volumen

65 3185 88 3208 a
119 3177 245 3210 nostra
277 3176 463 3210 maiestate
492 3178 714 3212 nominatum
740 3179 1028 3224 composuimus:
1061 3189 1158 3213 nunc

65 3229 148 3254 vero
171 3221 328 3255 omnium
349 3221 415 3266 qui
432 3225 529 3257 retro
548 3223 704 3268 fuerunt
722 3224 812 3258 iuris
831 3223 1057 3259 conditorum
1077 3234 1157 3258 sen-

67 3267 198 3299 tentias
221 3265 390 3301 collectas
413 3277 462 3301 ex
487 3267 659 3302 librorum
683 3269 932 3311 multitudine,
966 3270 1031 3314 qui
1053 3272 1158 3304 erant

65 3309 115 3344 ad
137 3310 210 3345 duo
235 3310 348 3353 milia,
374 3322 538 3347 versuum
559 3317 677 3348 autem
698 3325 885 3349 numerum
906 3314 1086 3350 habebant
1109 3314 1159 3349 ad

66 3355 186 3407 tricies
209 3359 358 3391 centena
389 3357 509 3400 milia,
539 3358 588 3393 ad
617 3359 841 3394 moderatum
872 3360 982 3395 simul
1009 3364 1044 3395 et
1068 3370 1156 3406 per—

63 3410 228 3453 spicuum
272 3412 406 3447 corpus
447 3403 672 3440 reduximus.
725 3405 849 3451 itaque
889 3406 1157 3451 quinquaqinta

64 3455 208 3480 ommno
246 3446 357 3482 libros
390 3458 487 3483 nunc
520 3449 705 3493 effecimus
742 3461 792 3485 ea·
824 3451 1015 3496 prioribus
1051 3451 1156 3485 utilia

63 3490 291 3542 enucleantes
329 3495 664 3539 controversiasque
700 3506 823 3530 omnes
853 3499 1057 3531 resecantes
1091 3506 1157 3530 nec

65 3546 149 3580 quw
175 3546 259 3571 uam
297 3536 340 3571 de
378 3548 449 3583 quo
490 3539 732 3585 ambiqeretur
776 3542 847 3576 iam
891 3540 1156 3586 relinquentes:

65 3591 136 3632 quo
186 3592 278 3627 opus
307 3582 447 3627 diqesta
478 3584 535 3619 vel
558 3586 766 3630 pandecten
799 3586 1063 3633 appellavimus
1093 3597 1156 3621 no-

64 3636 158 3678 mine
187 3626 270 3661 inde
299 3626 424 3679 ducto,
457 3630 555 3674 quod
586 3633 622 3664 et
645 3630 762 3676 lequm
789 3632 1015 3676 definitiones
1039 3635 1073 3666 et
1097 3631 1155 3666 de-

65 3681 218 3722 czszones
248 3676 403 3707 continet
434 3677 469 3708 et
499 3674 599 3720 quod
625 3677 746 3710 omnia
771 3677 808 3710 in
833 3687 944 3711 unum
968 3679 1156 3712 contracta

65 3726 102 3749 m
133 3727 172 3751 se
199 3717 355 3763 recepit,
386 3728 534 3754 numero
566 3722 685 3755 autem
719 3731 886 3755 versuum
917 3722 952 3756 ei
973 3721 1057 3757 dato
1082 3732 1155 3756 non

64 3761 220 3807 amplius
251 3765 392 3798 centum
422 3766 456 3798 et
485 3765 752 3812 quinquaqinta
784 3766 941 3809 milium,
982 3767 1155 3802 divisione

1120 113 1284 156 XVlllI

1905 127 2060 159 CONST.
2094 125 2329 160 ΔΕΔΩΚΕΝ

1236 238 1297 270 καὶ
1330 236 1491 282 σωτῆρος
1524 235 1628 281 ἡμῶν
1657 234 1769 280 Ἰησοῦ
1799 240 1960 286 Χριστοῦ
1989 238 2158 286 γνώσεώς
2193 253 2234 274 τε
2271 242 2331 273 καὶ

1240 285 1252 316 1
1304 279 1481 335 θάλψεως
1518 282 1742 318 ἐπιτιθέντες
1778 287 1889 330 πέρας
1922 286 2118 331 προσῆκον.
2170 285 2235 320 Τὰς
2265 287 2332 330 μὲν

1237 322 1301 361 οὖν
1324 331 1476 371 ευσεβεῖς
1501 324 1681 367 διατάξεις
1711 327 1781 371 ἤδη
1805 329 1987 377 πρότερον
2011 329 2154 365 δώδεκα
2176 328 2330 376 βιβλίοις

1234 372 1519 419 περιστείλαντες
1554 371 1597 408 τὸ
1632 375 1693 416 τῆς
1728 372 1901 421 ἡμετέρας
1934 372 2111 421 εὐσεβείας
2140 375 2332 421 ἐπώνυμον

1237 418 1520 463 συντεθείκαμεν
1558 417 1721 464 βιβλίον·
1760 421 1824 453 νῦν
1864 419 1904 455 δὲ
1938 420 2002 457 τὰς
2042 419 2219 458 ἁπάντων
2254 423 2331 456 τῶν

1236 465 1449 510 ἔμπροσθεν
1478 463 1815 518 νομοθετησάντων
1840 466 2099 514 συναγαγόντες
2121 466 2267 515 γνώμας
2291 470 2330 501 ἐκ

1235 511 1300 543 τοῦ
1322 508 1487 552 πλήθους
1512 509 1608 544 απὸι
1633 511 1710 544 τῶν
1734 509 1908 554 βιβλίων,
1945 508 2036 557 ὅπερ
2067 509 2111 557 ἦν
2138 516 2206 558 μὲν
2237 508 2330 558 ἀμφὶ

1235 555 1280 589 τὰ
1315 553 1485 597 δισχίλια,
1530 550 1693 601 ἀριθμὸν
1732 554 1772 589 δὲ
1804 555 1898 598 εἷχεῖ
1936 561 2067 600 στίχων
2097 554 2160 593 οὐκ
2191 557 2328 593 ἐλάττω

1235 599 1427 646 μυριάδων
1449 604 1680 646 τριακοσίων,
1716 603 1775 636 ἐπὶ
1807 601 1987 649 ὲμμετρόν
2017 617 2057 637 τε
2090 600 2163 649 ἅμα
2187 607 2247 638 καὶ
2272 599 2329 637 εὗ-

1237 645 1418 681 σύνοπτον
1441 645 1688 693 συνηγάγομεν
1713 645 1911 694 ἄθροισμα.
1948 648 2174 691 πεντήκοντα
2199 645 2262 685 οὖν
2284 647 2330 683 τὰ

1236 691 1356 726 πάντα
1388 691 1626 736 πεποιήμεθα
1656 690 1782 737 βιβλία
1810 691 1856 726 τὰ
1880 694 1959 733 νῦν,
1997 693 2146 729 ἄνωθεν
2172 709 2328 742 συναγα-

1235 737 1358 784 γόντες
1381 737 1424 772 τὸ
1445 737 1623 784 χρήσιμον
1651 740 1712 771 καὶ
1737 734 1880 774 ἁπάσας
1909 737 1972 774 τὰς
2007 739 2166 783 ζητήσεις
2197 739 2329 784 τεμόν-

1235 796 1291 819 τες
1316 785 1376 817 καὶ
1398 782 1513 828 μηδὲν
1537 781 1797 819 καταλιπόντες
1821 785 1878 818 ἔτι
1901 784 2197 830 στασιαζόμενον.
2241 783 2329 831 ὅπερ

1234 827 1380 873 βιβλίον
1403 829 1539 873 digesta
1565 829 1637 863 εἴτε
1659 827 1867 872 πανδέκτην
1896 830 2254 876 προσηγορεύσαμεν,
2290 833 2329 865 ἔκ

1234 888 1275 908 τε
1296 876 1362 908 τοῦ
1383 876 1461 908 τῶν
1484 874 1610 919 νόμων
1630 877 1724 917 ἔχειν
1743 873 1931 921 διαιρέσεις
1952 888 1993 909 τε
2014 879 2074 910 καὶ
2094 875 2330 912 διατυπώσεις

1236 923 1276 954 ἔκ
1299 933 1339 954 τε
1361 921 1427 954 τοῦ
1449 919 1492 954 τὸ
1515 922 1591 955 πᾶν
1613 921 1660 955 εἰς
1681 923 1719 955 ἓν
1737 916 1949 966 ἀθροισθὲν
1967 918 2220 961 ὑποδέξασθαι
2239 921 2327 956 ταύ-

1234 979 1317 1008 την
1334 962 1433 1009 αὐτῷ
1466 966 1618 1011 θέμενοι
1649 965 1717 1009 τὴν
1747 969 2013 1013 προσηγορίαν,
2054 963 2096 1002 οὐ
2127 970 2327 1015 περαιτέρω

1234 1025 1274 1046 τε
1303 1013 1410 1046 πέντε
1441 1014 1502 1045 καὶ
1534 1009 1620 1045 δέκα
1651 1009 1841 1058 μυριάδων
1872 1016 2004 1055 στίχων
2034 1008 2197 1062 ἀριθμὸν
2228 1009 2327 1056 αὐτῷ

1236 1055 1358 1092 δόντες
1390 1059 1450 1090 καὶ
1483 1057 1528 1092 εἰς
1561 1055 1651 1092 ἑπτὰ
1682 1059 1789 1092 τοῦτο
1825 1054 2038 1103 διαθέμενοι
2071 1062 2326 1105 πραγματείας,

1236 1105 1296 1136 καὶ
1320 1103 1428 1137 τοῦτο
1454 1097 1497 1136 οὐ
1519 1106 1720 1149 παρέργως,
1757 1098 1845 1137 ἀλλὰ
1876 1105 1937 1146 τῆς
1962 1105 2039 1138 τῶν
2063 1100 2237 1151 ἀριθμῶν
2260 1103 2328 1150 φύ-

1237 1147 1327 1184 σεώς
1350 1161 1390 1182 τε
1414 1151 1475 1182 καὶ
1500 1146 1673 1194 ἁρμονίας
1700 1147 1972 1194 στοχασάμενοι.

1280 1516 1299 1547 2
1350 1511 1401 1546 Τά
1438 1526 1478 1547 τε
1515 1510 1584 1558 γὰρ
1627 1511 1828 1558 καλούμενα
1869 1513 1971 1560 παρὰ
2008 1516 2099 1549 πᾶσι
2129 1514 2257 1559 πρῶτα
2291 1517 2329 1548 ἐν

1234 1562 1253 1593 3
1300 1561 1495 1603 τέσσαρσιν
1520 1554 1740 1602 ἀπεθέμεθα
1763 1558 1927 1605 βιβλίοις.
1976 1555 2118 1606 Ἐφεξῆς
2140 1573 2181 1593 τε
2208 1558 2254 1593 τὰ
2285 1559 2329 1595 de

1233 1607 1253 1639 4
1301 1604 1440 1640 iudiciis
1466 1606 1505 1638 ἐν
1523 1605 1653 1648 ἑτέροις
1678 1604 1780 1639 ἑπτά.
1828 1608 1898 1639 Καὶ
1921 1605 1968 1640 τ’(ὶ
1993 1606 2037 1642 de
2061 1606 2170 1641 rebus
2202 1600 2266 1639 οὐκ
2290 1609 2329 1640 ἐν

1233 1654 1252 1685 5
1301 1648 1443 1685 πλείοσι
1477 1651 1554 1683 τῶν
1585 1646 1691 1684 ὀκτώ.
1745 1650 1791 1685 Τὸ
1824 1649 1864 1685 δὲ
1897 1650 2021 1697 ἐφεξῆς
2050 1652 2114 1686 τοῦ
2147 1649 2326 1698 συγγράμ-

1231 1707 1344 1740 ματος
1373 1698 1494 1741 μέρος,
1534 1690 1623 1740 ὅπερ
1655 1694 1700 1738 δὴ
1728 1695 1905 1741 τέταρτόν
1931 1710 1972 1731 τε
2009 1692 2083 1742 ἅμα
2120 1699 2181 1730 καὶ
2216 1699 2328 1741 μέσον

1234 1744 1308 1776 ἐστὶ
1330 1743 1396 1775 τοῦ
1419 1739 1572 1781 παντός,
1610 1736 1706 1775 ὀκτώ
1733 1741 1887 1787 βιβλίοις
1912 1741 2029 1778 ἄλλοις
2054 1742 2325 1787 ἐναπεθέμεθα.

1232 1791 1274 1822 ἐν
1306 1786 1358 1822 οἷς
1391 1789 1467 1821 ἔστι
1497 1789 1565 1831 μὲν
1593 1784 1615 1830 ἡ
1646 1784 1885 1834 ὑποθηκάρια
1918 1783 1960 1822 οὗ
1994 1786 2122 1834 πόρρω
2161 1800 2232 1822 πόυ
2266 1788 2328 1830 τῆς

1231 1833 1484 1879 pigneraticias
1516 1828 1728 1878 ἀφεστῶσα,
1762 1836 1839 1868 ἔστι
1864 1831 1903 1867 δὲ
1927 1836 1987 1868 καὶ
2011 1833 2199 1869 aedilicion
2223 1831 2327 1876 ἠδικ-

1231 1892 1299 1913 τον
1330 1881 1391 1912 καὶ
1423 1876 1445 1920 ἡ
1484 1881 1568 1924 περὶ
1598 1880 1676 1912 τῶν
1704 1878 1923 1922 ἐκνικὴσεων
1954 1878 2191 1935 ἐπερώτησις,
2235 1874 2326 1927 ἅπερ

1233 1922 1341 1970 ἄμφω
1375 1923 1740 1969 παρακολουθήματα
1771 1927 1838 1968 μὲν
1869 1925 2090 1959 καθεστωτα
2121 1926 2198 1959 τῶν
2226 1923 2324 1972 πρά-

1233 1983 1327 2004 σεων
1368 1969 1496 2015 πόρρω
1545 1968 1585 2003 δὲ
1626 1983 1696 2004 που
1737 1972 1799 2013 τῆς
1834 1971 2056 2015 νομοθεσίας
2092 1966 2327 2015 ἀπῳκισμένα

1232 2013 1478 2069 συνηγάγομεν
1501 2014 1655 2062 ἐγγύθεν
1679 2014 1739 2050 διὰ
1758 2014 1826 2059 τὴν
1845 2015 1933 2063 πρὸς
1956 2014 2088 2058 ἄλληλα
2111 2019 2326 2063 συγγένειαν,

1232 2061 1292 2094 ἵνα
1334 2075 1381 2095 τα
1421 2063 1504 2104 περὶ
1545 2063 1621 2095 τῶν
1662 2057 1783 2095 αὐτῶν
1827 2059 2061 2108 διαλεγόμενα
2106 2061 2155 2106 μὴ
2197 2060 2325 2108 πόορω

1232 2104 1440 2150 διεστήκοι3
1473 2101 1645 2150 ἀλλήλων.
1696 2107 1772 2141 εἶτα
1803 2105 2032 2155 ἐπηγάγομεν
2054 2106 2195 2143 τούτοις
2218 2093 2263 2141 τά
2287 2120 2327 2140 τε

1230 2155 1313 2198 περὶ
1349 2150 1473 2187 τόκων
1512 2155 1662 2200 ἐγγείων
1698 2155 1758 2186 καὶ
1794 2152 2024 2195 θαλασσίων,
2069 2157 2132 2187 καί
2163 2152 2211 2188 τὰ
2245 2156 2327 2198 περὶ

1232 2196 1463 2242 συμβολαίων
1479 2210 1521 2232 τε
1542 2201 1602 2232 καὶ
1621 2197 1787 2243 παρόδου
1805 2197 2001 2244 μαρτύρων
2021 2201 2081 2232 καὶ
2102 2197 2325 2238 ἀποδείξεών

1229 2256 1270 2277 τε
1302 2246 1362 2277 καὶ
1393 2241 1616 2292 προλήψεων
1652 2245 1699 2281 εἰς
1734 2243 1880 2289 βιβλίον
1920 2247 1975 2289 ἕν,
2015 2247 2098 2292 τρία
2135 2243 2175 2279 δὲ
2212 2246 2324 2279 ταῦτα

1227 2677 1268 2719 (1)
1295 2671 1367 2710 άπὸ
1392 2678 1454 2711 del.
1476 2677 1628 2722 Krueqer
2108 2677 2152 2720 (3)
2178 2674 2321 2718 διεστη-

1228 2734 1327 2756 κοιεν
1351 2724 1386 2757 F

1763 2678 1807 2719 (2)
1833 2689 1928 2719 ειχον
1953 2679 1988 2711 F

1229 2950 1350 2995 operis
1379 2950 1485 2995 facta
1517 2949 1553 2984 in
1586 2951 1763 2984 tractatus
1794 2953 1929 2996 septem
1954 2952 1989 2985 et
2012 2961 2055 2985 ea
2079 2950 2222 2996 quidem
2248 2961 2320 2985 non

1229 2998 1360 3030 temere
1384 2996 1560 3037 instituta,
1585 2995 1651 3030 sed
1673 2994 1722 3030 ad
1740 3005 1971 3031 numerorum
1994 2999 2163 3031 naturam
2184 2999 2219 3030 et
2237 3007 2319 3030 con-

1228 3041 1440 3076 venientiam
1465 3043 1605 3086 aptata.

1274 3089 1293 3121 2
1349 3085 1449 3129 Quae
1495 3086 1588 3121 enim
1635 3085 1745 3132 vulqo
1792 3086 2028 3133 appellantur
2073 3087 2221 3132 πρῶτα,
2282 3087 2319 3121 in

1229 3135 1248 3167 3
1297 3135 1470 3177 quattuor
1495 3130 1595 3167 libris
1619 3132 1866 3168 condidimus.-
1898 3132 2078 3179 Deinceps
2108 3132 2153 3167 de
2177 3131 2319 3167 iudiciis

1228 3181 1249 3212 4
1297 3188 1391 3223 quae
1427 3179 1529 3220 sunt,
1567 3178 1604 3212 in
1639 3177 1724 3213 aliis
1757 3181 1914 3224 septem:
1950 3176 2122 3223 Quaeque
2155 3180 2241 3212 sunt
2275 3177 2319 3212 de

1227 3226 1246 3257 5
1294 3223 1402 3258 rebus
1432 3223 1469 3257 in
1502 3222 1603 3258 libris
1625 3233 1698 3258 non
1716 3222 1807 3270 plus
1830 3226 1921 3259 octo.
1971 3223 2110 3259 Deinde
2141 3233 2237 3268 quae
2265 3233 2318 3257 se—

1228 3268 1352 3314 quitur
1384 3268 1505 3314 operis
1529 3279 1644 3316 pars,
1684 3279 1779 3314 quae
1815 3273 1850 3304 et
1885 3271 2019 3315 quarta
2058 3271 2111 3303 est
2144 3272 2179 3303 et
2210 3268 2319 3302 totius

1226 3313 1363 3355 media,
1396 3313 1479 3348 aliis
1503 3317 1582 3349 octo
1613 3313 1714 3350 libris
1745 3314 1911 3350 absoluta
1942 3317 2015 3356 est,
2050 3314 2088 3349 in
2112 3314 2243 3359 quibus
2266 3316 2317 3346 cst

1227 3358 1488 3405 hypothecaria
1520 3370 1593 3395 non
1626 3360 1734 3407 lonqe
1764 3363 1902 3395 remota
1926 3371 1949 3394 a
1967 3359 2234 3412 piqneraticia:
2265 3362 2316 3408 est

1228 3406 1309 3439 item
1334 3403 1538 3440 aedilicium
1563 3404 1716 3441 edictum
1742 3410 1776 3440 et
1799 3406 1844 3440 de
1868 3405 2099 3441 evictionibus
2118 3402 2316 3449 stipulatu),

1227 3460 1320 3496 quae
1352 3460 1432 3485 cum
1464 3451 1684 3497 appendices
1715 3452 1788 3486 sint
1819 3450 2051 3492 venditionis,
2076 3447 2214 3495 procul
2235 3444 2316 3482 inde

1227 3496 1264 3530 in
1282 3495 1361 3530 iure
1381 3499 1488 3531 antea
1506 3500 1644 3532 remota
1664 3507 1731 3532 nos
1749 3496 1799 3531 ad
1814 3506 1892 3531 eam
1910 3494 2152 3542 applicuimus
2161 3495 2317 3539 propter

1227 3541 1512 3577 coniunctionem
1537 3553 1672 3584 eorum,
1697 3553 1743 3577 ne
1767 3552 1861 3587 quae
1891 3540 1935 3576 de
1958 3539 2079 3574 eodem
2105 3540 2316 3584 arqumeneo

1227 3588 1387 3621 tractant
1417 3587 1526 3634 lonqo
1556 3588 1675 3633 spatio
1707 3599 1729 3622 a
1759 3598 1797 3622 se
1821 3586 1963 3621 distent.
2011 3583 2139 3619 deinde
2170 3581 2226 3634 liis
2247 3581 2318 3634 ‘ad-

1226 3632 1415 3667 iunximus
1453 3635 1647 3669 tractatum
1681 3633 1725 3667 de
1758 3633 1881 3667 usuris
1915 3635 1987 3665 tam
2024 3639 2098 3664 non
2129 3630 2318 3679 maritimis

1252 3687 1335 3711 uam
1374 3678 1595 3713 traiecticiae
1629 3678 1813 3724 pecuniae
1850 3679 1885 3711 et
1921 3676 1965 3711 de
2002 3675 2247 3709 instrumentis
2283 3676 2317 3706 et

1225 3687 1270 3756 Ξε
1303 3723 1444 3757 testium
1469 3724 1715 3770 productione
1750 3726 1785 3757 et
1821 3723 1865 3757 de
1895 3720 2177 3768 probationibus
2206 3728 2317 3763 prae-

1223 3769 1559 3814 sumptionibusque
1595 3779 1668 3804 uno
1707 3768 1819 3804 libro:
1858 3770 1931 3802 tres
1962 3767 2080 3801 autem
2112 3763 2178 3800 hos
2207 3763 2318 3800 libros

1970 3823 2042 3857 m*
