2528 3918
95 143 323 174 EMPTIONE

138 252 190 290 25
215 252 322 289 Imm
348 253 438 289 libro
470 251 653 297 triqesimo
685 255 816 297 quarto
848 250 898 286 ad
920 250 1094 288 Sabinum
1141 250 1179 286 Si

91 300 142 335 ita
165 298 386 334 distrahatur
408 297 479 332 ‘illa
503 298 567 330 aut
589 296 651 330 illa
673 296 754 339 res’,
787 299 904 331 utram
929 296 1033 341 eliget
1056 296 1177 332 vendi-

96 347 112 379 1
159 348 235 386 tor,
260 344 350 379 haec
374 342 441 377 erit
465 344 593 386 empta.
642 340 710 385 Qui
740 341 899 376 vendidit
928 352 1076 378 necesse
1106 352 1178 377 non

91 390 201 424 habet
222 388 373 423 fundum
397 386 564 432 emptoris
587 385 726 429 facere,
759 390 800 422 ut
832 386 972 432 cogitur
1003 387 1064 433 qui
1095 387 1177 422 fun-

92 435 175 470 dum
199 432 382 478 stipulanti
406 431 608 512 spopondit.
681 477 688 484 .

137 476 190 516 26
215 479 443 514 POMPONIUS
485 476 562 512 ibro
592 480 743 522 septzmo
768 476 905 513 decimo
930 477 980 512 ad
1002 476 1178 513 Sabinum

91 524 129 559 Si
161 524 275 559 sciens
308 533 420 558 emam
452 522 497 557 ab
531 532 572 557 eo
597 522 656 556 cui
678 522 782 557 bonis
806 522 1032 558 interdictum
1056 522 1103 557 sit
1124 521 1179 557 vel

91 570 149 605 cui
170 573 308 613 tempus
332 567 379 602 ad
402 566 667 602 deliberandum
692 566 736 602 de
758 567 955 602 hereditate
978 568 1030 603 ita
1054 567 1178 602 datum

91 614 157 657 sit,
182 617 223 649 ut
246 614 277 648 ei
301 612 526 648 deminuendi
548 616 709 657 potestas
733 623 806 647 non
829 613 894 655 sit,
920 612 1082 649 dominus
1106 623 1179 648 non

91 670 168 695 ero:
203 658 419 694 dissimiliter
450 662 557 703 atque
588 657 619 693 si
650 668 673 692 a
696 657 856 693 debitore
880 658 997 693 sciens
1023 658 1175 693 credito-

90 716 162 740 rem
185 703 345 739 fraudari
369 713 497 739 emero.

135 747 187 787 27
212 749 371 784 PAmws
387 749 478 785 libro
498 750 623 784 octavo
644 747 695 783 ad
712 746 908 784 Sabinum¹
958 748 1026 792 Qui
1046 759 1068 783 a
1090 759 1177 794 quo-

89 796 174 830 libet
196 804 271 830 rem
294 794 396 837 emit,
430 804 537 839 quam
567 796 672 838 putat
702 793 815 838 ipsius
849 803 943 836 esse,
981 795 1077 829 bona
1108 794 1179 829 fide

90 841 189 876 emit:
223 843 261 875 at
292 839 354 885 qui
384 839 462 874 sine
485 839 613 874 tutoris
638 839 853 874 auctoritate
877 850 899 874 a
921 839 1057 884 pupillo
1083 839 1176 882 emit,

88 886 142 921 vel
164 885 255 920 falso
279 888 398 920 tutore
422 888 580 927 auctore,
605 894 710 929 quem
733 884 802 919 scit
821 888 975 919 tutorem
996 895 1069 920 non
1088 895 1178 927 esse,

89 942 160 966 non
182 930 322 966 videtur
345 930 440 966 bona
463 929 532 964 fide
556 939 682 971 emere,
706 933 748 964 ut
768 932 805 964 et
824 929 978 965 Sabinus
998 930 1142 975 scripsit
1151 931 1177 964 ².

134 972 185 1013 28
215 975 408 1012 ULPIANUS
428 974 519 1011 libro
543 975 848 1021 quadraqense'mo
861 976 986 1021 primo
1005 975 1055 1010 ad
1074 974 1179 1011 Sabi-

90 1033 175 1056 num
221 1020 311 1056 Rem
332 1020 484 1055 alienam
503 1019 702 1055 distrahere
723 1020 853 1064 quem³
869 1031 976 1065 posse
995 1020 1093 1055 nulla
1112 1020 1177 1055 du-

89 1066 211 1101 bitatio
237 1069 308 1101 est:
334 1076 418 1101 nam
442 1066 571 1111 emptio
593 1069 647 1100 est
667 1068 703 1101 et
721 1065 894 1101 venditio:
920 1065 984 1101 sed
1002 1076 1060 1101 res
1081 1076 1177 1111 emp-

88 1111 158 1148 tori
181 1110 317 1146 auferri
340 1114 471 1156 potest.

133 1154 186 1194 29
211 1156 319 1192 IDEM
345 1157 436 1192 libro
469 1156 775 1202 quadraqensimo
801 1156 905 1191 tertio
930 1156 980 1191 ad
1003 1156 1178 1192 Sabinum

89 1202 257 1247 Quotiens
281 1212 403 1237 servus
427 1201 541 1244 venit,
574 1211 647 1236 non
678 1212 759 1236 cum
782 1202 923 1246 peculio
950 1202 1176 1237 distrahitur:

88 1252 124 1283 et
145 1247 224 1283 ideo
249 1247 322 1283 sive
344 1257 417 1282 non
441 1247 488 1282 sit
511 1250 709 1291 exceptum,
734 1247 806 1282 sive
831 1251 1019 1292 exceptum
1043 1247 1108 1290 sit,
1133 1257 1179 1283 ne

89 1304 168 1329 cum
192 1293 330 1338 peculio
352 1296 488 1335 veneat,
514 1303 586 1327 non
606 1302 687 1326 cum
706 1292 846 1337 peculio
869 1292 1062 1328 distractus
1081 1293 1177 1328 vide-

87 1342 155 1373 tur.
193 1338 288 1374 unde
311 1338 342 1373 si
365 1348 437 1383 qua
459 1347 516 1372 res
540 1337 649 1372 fuerit
679 1337 869 1382 peculiaris
902 1348 925 1373 a
955 1348 1058 1373 servo
1093 1339 1176 1373 sub-

87 1388 199 1429 repta,
224 1383 365 1419 condici
387 1386 506 1428 potest
529 1382 692 1418 videlicet
716 1383 819 1428 quasi
841 1382 992 1418 furtiva:
1018 1384 1088 1419 hoc
1112 1384 1175 1426 ita,

88 1429 118 1464 si
140 1440 197 1464 res
221 1428 268 1464 ad
292 1432 487 1473 emptorem
509 1428 679 1474 pervenit.

133 1471 185 1512 30
210 1474 318 1509 IDEM
331 1474 422 1510 libro
443 1474 651 1520 triqensimo
670 1474 828 1509 secundo
848 1473 899 1509 ad
916 1474 1070 1511 edictum
1107 1474 1178 1510 Sed

87 1519 133 1600 gd
165 1518 402 1555 exhibendum
436 1519 494 1564 agi
523 1529 630 1564 posse
661 1518 770 1554 nihilo
802 1519 919 1555 minus
951 1523 988 1555 et
1018 1530 1062 1555 ex
1093 1531 1176 1556 ven-

113 1565 159 1600 'to
184 1568 283 1610 puto.

132 1608 181 1648 31
209 1610 438 1646 POMPONIUS
465 1609 557 1645 libro
588 1610 779 1646 vicensimo
811 1610 967 1646 secundo
1000 1610 1050 1646 ad
1072 1610 1176 1647 Sabi-

86 1667 170 1690 num
217 1655 287 1691 Sed
312 1659 347 1691 et
369 1655 400 1690 si
423 1655 508 1700 quid
527 1659 655 1700 postea
675 1656 827 1691 accessit
846 1655 999 1701 peculio,
1024 1656 1176 1692 redden-

86 1701 171 1736 dum
202 1704 257 1736 est
287 1700 480 1743 venditori,
512 1701 620 1736 veluti
649 1704 776 1746 partus
809 1705 845 1736 et
868 1701 965 1746 quod
990 1712 1034 1737 ex
1058 1702 1176 1747 operis

86 1746 208 1782 vicarii
231 1750 440 1791 perceptum
464 1749 529 1781 est.

132 1789 185 1829 32
217 1792 412 1828 Urmzws
432 1791 523 1827 libro
548 1791 853 1839 quadraqensimo
878 1796 1010 1838 quarto
1035 1792 1086 1828 ad
1108 1792 1176 1828 Sa-

86 1837 206 1873 binum
253 1837 322 1881 Qui
345 1837 513 1872 tabernas
538 1838 757 1882 argentarias
781 1838 837 1873 vel
862 1841 999 1873 ceteras
1024 1848 1117 1883 quae
1139 1838 1177 1873 in

85 1883 161 1918 solo
185 1882 329 1927 publico
354 1886 439 1918 sunt
461 1882 597 1924 vendit,
622 1894 694 1918 non
719 1883 852 1926 solum,
879 1883 941 1918 sed
964 1883 1019 1918 ius
1043 1883 1176 1925 vendit,

86 1938 166 1963 cum
189 1929 279 1963 istae
302 1928 474 1963 tabernae
496 1928 662 1973 publicae
693 1932 796 1971 sunt,
828 1939 979 1974 quarum
1010 1939 1098 1964 usus
1131 1929 1177 1964 ad

86 1973 241 2019 privatos
262 1973 427 2018 pertinet.

131 2016 183 2056 33
209 2018 443 2054 Pomomzss.
458 2018 549 2054 libro
574 2019 782 2065 triqensimo
807 2020 912 2055 tertio
933 2019 982 2054 ad
1001 2019 1176 2055 Sabinum

87 2063 175 2099 Cum
210 2064 247 2098 in
281 2064 357 2108 lege
387 2063 599 2099 venditionis
630 2064 681 2099 ita
712 2064 758 2099 sit
793 2064 985 2110 scriptum:
1020 2064 1177 2100 ‘flumina

86 2109 276 2144 ‘stillicidia
299 2110 353 2144 uti
376 2120 472 2144 nunc
496 2113 598 2151 sunt,
622 2113 664 2144 ut
685 2110 737 2144 ita
761 2110 888 2152 sint'⁴,
922 2121 989 2145 nec
1021 2110 1175 2154 additur,

85 2165 176 2200 quae
199 2154 347 2189 flumina
369 2154 424 2189 vel
448 2154 645 2197 stillicidia,
679 2155 831 2200 primum
865 2156 1046 2200 spectari⁵
1070 2167 1175 2200 opor-

85 2204 147 2242 tet,
173 2200 258 2245 quid
281 2200 353 2235 acti
377 2199 440 2235 sit:
466 2200 496 2235 si
521 2211 593 2235 non
616 2200 676 2235 id⁶
700 2205 884 2245 appareat,
909 2205 996 2236 tunc
1020 2201 1056 2236 id
1081 2202 1175 2237 acci-

85 2246 182 2290 pitur
205 2245 301 2290 quod
324 2245 498 2280 venditori
522 2249 647 2280 nocet:
672 2246 838 2291 ambigua
862 2246 954 2281 enim
974 2247 1088 2281 oratio
1110 2251 1174 2282 est.

130 2288 183 2328 34
208 2290 367 2326 Panos
387 2290 477 2326 libro
503 2291 710 2337 triqensimo
735 2292 841 2326 tertio
866 2292 916 2327 ad
938 2292 1092 2327 edictum
1140 2292 1177 2327 Si

84 2335 121 2370 in
153 2336 328 2381 emptione
358 2335 460 2370 fundi
493 2335 627 2371 dictum
651 2336 698 2371 sit
721 2336 892 2371 accedere
917 2336 1077 2372 Stichum
1102 2348 1175 2373 ser-

84 2392 165 2416 vum
189 2391 303 2426 neque
325 2381 570 2426 intellegatur,
603 2381 682 2426 quis
716 2392 760 2416 ex
783 2382 946 2426 pluribus
971 2383 1175 2425 accesserit,

85 2437 165 2461 cum
190 2426 233 2462 de
257 2426 326 2461 alio
352 2431 499 2471 emptor,
524 2426 568 2461 de
592 2427 661 2462 alio
685 2427 846 2462 venditor
870 2428 1039 2470 senserit,
1065 2428 1174 2463 nihilo

84 2472 198 2507 minus
222 2471 325 2507 fundi
348 2471 584 2507 venditionem
615 2472 733 2508 valere
765 2476 926 2508 constat:
962 2473 1025 2508 sed
1050 2473 1174 2509 Labeo

85 2517 135 2552 ait
167 2528 246 2552 eum
278 2517 437 2552 Stichum
469 2517 590 2552 deberi
621 2528 726 2563 quem
758 2517 919 2553 venditor
949 2518 1173 2554 intellexerit.

84 2573 150 2598 nec
173 2562 299 2604 refert,
335 2562 460 2607 quanti
484 2562 530 2598 sit
553 2563 733 2605 accessio,
767 2563 840 2598 sive
872 2563 952 2608 plus
985 2564 1023 2598 in
1055 2574 1098 2598 ea
1130 2565 1176 2599 sit

85 2618 191 2652 quam
213 2608 251 2642 in
281 2608 362 2652 ipsa
391 2618 431 2642 re
460 2608 518 2643 cui
549 2608 700 2643 accedat
732 2618 779 2643 an
811 2607 947 2643 minus:
983 2609 1175 2654 plerasque

85 2653 177 2688 enim
188 2663 245 2688 res
266 2653 456 2698 aliquando
477 2657 624 2698 propter
644 2653 868 2689 accessiones
889 2654 1049 2696 emimus,
1069 2655 1175 2690 sicuti

85 2709 165 2734 cum
189 2698 315 2734 domus
339 2702 485 2743 propter
515 2709 695 2734 marmora
726 2703 762 2734 et
792 2703 932 2734 statuas
965 2704 1001 2735 et
1030 2700 1174 2735 tabulas

87 2747 101 2778 1
150 2744 291 2789 pictas⁷
316 2748 464 2778 ematur.
514 2743 678 2779 Omnium
701 2755 839 2787 rerum,
873 2755 962 2789 quas
996 2745 1074 2790 quis
1110 2747 1173 2780 ha-

84 2789 167 2824 bere
191 2789 246 2824 vel
269 2788 452 2834 possidere
475 2789 530 2824 vel
553 2790 718 2834 persequi
742 2794 872 2835 potest,
897 2790 1052 2826 venditio
1077 2794 1175 2826 recte

84 2833 141 2869 fit:
168 2845 256 2879 quas
281 2845 362 2870 vero
388 2839 517 2869 natura
539 2835 594 2870 vel
617 2835 773 2880 gentium
797 2835 852 2870 ius
877 2835 931 2870 vel
951 2846 1068 2871 mores
1090 2836 1173 2872 civi-

84 2880 167 2914 tatis
192 2880 402 2915 commercio
428 2884 603 2914 exuerunt
614 2882 637 2922 ⁸,
663 2891 784 2916 earum
808 2881 905 2915 nulla
929 2881 1083 2916 venditio
1108 2885 1172 2916 est.

85 2927 105 2959 2
152 2925 322 2960 Liberum
346 2925 523 2960 hominem
547 2925 699 2961 scientes
726 2936 841 2961 emere
865 2937 937 2960 non
969 2937 1171 2970 possumus.

85 2970 147 3005 sed
172 2980 237 3005 nec
261 2970 341 3005 talis
367 2971 495 3015 emptio
521 2974 584 3005 aut
615 2971 824 3015 stipulatio⁹
848 2971 1068 3006 admittenda
1100 2976 1171 3007 est:

85 3018 177 3050 ‘cum
201 3025 322 3051 servus
346 3016 436 3058 erit',
486 3016 620 3051 uamvis
645 3016 836 3052 dixerimus
860 3016 1000 3052 futuras
1024 3027 1081 3052 res
1107 3017 1174 3052 emi

84 3071 207 3105 posse:
240 3071 306 3096 nec
338 3061 429 3095 enim
476 3071 516 3096 as
548 3065 602 3096 est
626 3061 798 3097 eiusmodi
823 3072 927 3097 casus
953 3066 1172 3106 exspectare.

85 3108 105 3140 3
151 3106 240 3141 Item
271 3106 301 3140 si
332 3109 368 3141 et
399 3110 536 3151 emptor
567 3110 603 3142 et
626 3106 787 3142 venditor
810 3108 878 3142 scit
902 3107 1071 3142 furtivum
1097 3118 1174 3143 esse

85 3151 180 3195 quod
210 3151 323 3193 venit,
356 3161 378 3186 a
402 3155 528 3186 neutra
551 3156 652 3197 parte
675 3152 843 3196 obligatio
870 3153 1109 3188 contrahitur:
1144 3153 1173 3188 si

86 3200 222 3241 emptor
245 3197 343 3231 solus
361 3197 438 3239 scit,
463 3207 535 3232 non
555 3197 770 3241 obligabitur
788 3198 950 3233 venditor
968 3208 1033 3233 nec
1054 3202 1173 3233 tamen

86 3250 130 3275 ex
163 3242 303 3276 vendito
340 3242 531 3287 quicquam
563 3243 808 3287 consequitur,
844 3243 913 3278 nisi
948 3243 1040 3278 ultro
1077 3243 1173 3288 quod

86 3286 287 3321 convenerit
319 3291 496 3332 praestet:
534 3288 629 3332 quod
660 3289 691 3323 si
721 3288 885 3323 venditor
915 3288 1001 3330 scit,
1035 3292 1174 3333 emptor

84 3330 268 3375 ignoravit,
292 3332 457 3377 utrinque
481 3332 647 3377 obligatio
674 3334 907 3375 contrahitur,
934 3337 970 3368 et
992 3333 1043 3368 ita
1066 3334 1172 3368 Pom·

85 3379 106 3409 4
152 3376 279 3420 ponius
299 3387 440 3421 quoque
458 3377 591 3412 scribit.
640 3378 706 3413 Rei
727 3389 814 3413 suae
826 3378 957 3423 emptio
970 3382 1056 3414 tunc
1068 3378 1172 3421 valet,

87 3431 167 3455 cum
192 3422 236 3455 ab
257 3421 356 3456 initio
371 3424 398 3443 ¹⁰
420 3426 557 3467 agatur,
585 3427 626 3457 ut
651 3424 913 3467 possessionem
934 3427 1039 3466 emat,
1066 3434 1173 3468 quam

85 3465 178 3501 forte
201 3466 362 3501 venditor
384 3467 520 3509 habuit,
545 3471 581 3503 et
594 3469 619 3489 ¹¹
643 3469 679 3503 in
700 3468 831 3505 iudicio
852 3469 1088 3514 possessionis
1107 3479 1172 3514 po-

88 3580 126 3619 (1)
151 3596 195 3610 --..
214 3580 287 3613 Vat.
303 3587 315 3613 1
442 3582 484 3622 (2)
512 3581 593 3622 [Qui
606 3592 626 3614 a
637 3582 790 3623 muliere]
804 3583 876 3615 sine
889 3583 1012 3615 tutoris
1025 3583 1170 3615 auetori-

87 3627 156 3656 tate
176 3625 285 3657 sciens
305 3636 374 3657 rem
382 3626 532 3668 mancipi
545 3627 626 3659 emit
637 3627 690 3659 vel
701 3627 787 3660 falso
799 3630 910 3660 tutore
923 3631 1059 3661 auctore
1072 3638 1169 3669 quem

87 3670 153 3702 scit
165 3681 233 3702 non
246 3681 325 3710 esse,
347 3681 415 3702 non
428 3671 561 3703 videtur
571 3671 660 3704 bona
672 3672 735 3705 fide
749 3673 883 3705 emisse:
906 3673 1021 3715 itaque
1035 3676 1068 3705 et
1082 3676 1168 3705 vete-

87 3725 139 3746 res
152 3718 274 3756 putant
285 3719 318 3747 et
332 3715 476 3747 Sabinus
490 3720 523 3748 et
535 3715 670 3749 Cassius
684 3718 838 3750 scribunt
854 3718 928 3751 Vat.

88 3758 122 3793 1?
229 3762 271 3803 (4)
297 3760 421 3793 suntF
552 3763 594 3804 (5)
620 3763 808 3806 exspectari
821 3762 854 3795 F

1001 3719 1043 3759 (a)
1070 3728 1168 3759 quam

987 3763 1030 3805 (e)
1056 3763 1092 3796 id
1106 3763 1167 3796 dez.

1176 125 1256 173 231

2145 132 2338 174 xvn11
2395 119 2399 127 '

1249 255 1268 286 5
1316 252 1387 287 tior
1411 255 1514 287 esset.
1563 251 1645 286 Alia
1677 262 1788 288 causa
1820 256 1874 289 est
1905 254 1948 289 de
1999 254 2137 297 standi,
2171 254 2243 289 alia
2273 265 2344 290 me-

1248 297 1377 332 tiendi:
1410 301 1537 342 gustus
1571 297 1663 331 enim
1697 297 1743 331 ad
1775 298 1844 333 hoc
1876 310 1942 344 pro
1972 300 2039 343 cit,
2073 304 2113 335 ut
2142 300 2347 345 improbare

1248 342 1365 384 liceat,
1389 353 1556 378 mensura
1579 353 1662 377 vero
1688 353 1760 377 non
1785 353 1827 378 eo
1851 345 2007 388 proficit,
2032 349 2073 380 ut
2096 349 2161 381 aut
2181 345 2263 391 plus
2282 350 2346 380 aut

1248 388 1364 422 minus
1396 392 1544 430 veneat,
1580 387 1643 423 sed
1679 391 1720 422 ut
1755 393 1948 433 appareat,
1986 395 2159 435 quantum
2196 394 2344 427 ematur.

1249 436 1269 468 6
1316 432 1355 468 Si
1390 434 1521 479 emptio
1555 433 1649 468 ita¹²
1683 432 1782 467 facta
1818 433 1943 469 fuerit:
1983 439 2050 471 ‘est
2084 436 2170 471 mihi
2205 440 2346 482 emptus

1249 477 1405 514 ‘Stichus
1430 482 1493 514 aut
1515 478 1757 523 Pamphilus’‚
1791 478 1829 513 in
1860 484 2038 523 potestate
2063 486 2118 517 est
2140 482 2345 524 venditoris,

1249 534 1353 568 quem
1383 524 1467 559 velit
1497 523 1601 566 dare,
1638 523 1733 558 sicut
1762 523 1800 558 in
1834 524 2140 569 stipulationibus,
2178 527 2242 562 sed
2273 538 2345 562 uno

1248 573 1388 605 mortuo
1437 569 1473 604 ui
1497 572 1662 614 superest
1687 568 1827 604 dandus
1850 574 1922 604 est:
1949 574 1984 605 et
2003 571 2082 607 ideo
2103 573 2232 617 prioris
2251 573 2345 617 peri-

1250 614 1370 649 culum
1394 625 1415 649 a
1463 615 1693 656 venditorem,
1718 614 1930 659 posterioris
1951 615 1998 650 ad
2018 622 2213 662 emptorem
2232 618 2344 663 respi-

1250 660 1308 695 cit.
1346 659 1411 695 sed
1431 664 1467 695 et
1486 660 1517 695 si
1536 659 1672 704 pariter
1691 659 1937 702 decesserunt,
1963 662 2115 705 pretium
2139 662 2344 698 debebitur:

1248 715 1341 740 unus
1373 706 1465 740 enim
1495 705 1618 749 utique
1649 704 1810 750 periculo
1844 706 2014 750 emptoris
2046 707 2142 742 vixit.
2178 708 2269 743 idem
2293 708 2344 743 di-

1249 750 1401 786 cendum
1434 754 1489 786 est
1521 751 1647 792 etiam,
1681 750 1711 785 si
1743 750 1915 795 emptoris
1938 750 2008 785 fuit
2031 752 2218 788 arbitrium
2241 747 2344 799 quem

1247 796 1352 831 vellet
1374 796 1528 838 habere,
1553 795 1584 830 si
1607 795 1713 831 modo
1738 795 1808 831 hoc
1833 796 1948 831 solum
1972 796 2119 832 arbitrio
2146 798 2220 833 eius
2246 810 2340 834 com-

1248 841 1395 876 missum
1420 842 1485 884 sit,
1510 844 1552 875 ut
1575 851 1679 886 quem
1703 841 1874 876 voluisset
1899 846 2055 886 emptum
2078 843 2247 886 haberet,
2272 855 2344 879 non

1249 890 1268 921 7
1317 890 1353 922 et
1376 887 1484 929 illud,
1519 897 1566 921 an
1589 890 1747 939 emptum
1771 886 1930 922 haberet.
1979 887 2094 923 Tutor
2124 898 2198 923 rem
2247 890 2345 941 upilli

1249 942 1365 967 emere
1389 943 1462 967 non
1485 935 1621 977 potest:
1647 931 1811 976 ldemque
1835 932 2087 977 porrigendum
2110 937 2163 968 est
2183 944 2204 968 a
2251 935 2344 969 Slmi-

1248 978 1314 1020 lia,
1346 977 1383 1012 id
1415 981 1470 1013 est
1501 977 1548 1012 ad
1573 980 1757 1012 curatores
1781 982 2034 1022 procuratores
2060 982 2096 1013 et
2119 979 2180 1023 qui
2204 980 2345 1024 negotia

1249 1023 1366 1058 aliena
1414 1026 1528 1058 erunt.

1294 1065 1347 1106 35
1418 1077 1513 1104 Aws
1552 1067 1643 1104 libro
1679 1067 1816 1104 decimo
1852 1067 1903 1103 ad
1936 1068 2090 1104 edictum

1248 1113 1352 1158 Quod
1376 1124 1484 1159 saepe
1508 1123 1613 1148 arrae
1636 1113 1779 1148 nomine
1801 1124 1867 1158 pro
1902 1114 2079 1159 emptione

1248 1170 1289 1194 eo
1314 1159 1478 1204 pertinet,
1504 1158 1606 1204 quasi
1630 1159 1707 1193 sine
1731 1169 1814 1193 arra
1839 1160 2027 1195 conventio
2053 1160 2141 1195 nihil
2160 1160 2342 1226 proficiat,

1248 1204 1311 1240 sed
1334 1208 1374 1240 ut
1399 1204 1595 1240 evidentius
1619 1204 1766 1249 probari
1789 1205 1903 1249 possit
1925 1205 2155 1240 convenisse¹
2199 1205 2242 1240 de
2264 1216 2344 1250 pre-

1250 1253 1265 1284 1
1316 1250 1379 1285 tio.
1427 1249 1521 1285 Illud
1534 1253 1676 1285 constat
1688 1249 1937 1294 imperfectum
1951 1260 2029 1285 esse
2050 1251 2241 1295 negotium,
2264 1262 2345 1286 cum

1249 1305 1364 1331 emere
1387 1295 1521 1330 volenti
1545 1295 1596 1330 sic
1619 1294 1782 1330 venditor
1806 1295 1910 1330 dicit:
1937 1296 2074 1341 ‘quanti
2098 1296 2195 1338 velis,
2221 1297 2344 1341 quanti

1248 1344 1412 1386 ‘aequum
1433 1340 1626 1386 putaveris,
1656 1340 1781 1385 quanti
1800 1341 2053 1383 aestimaveris,
2075 1341 2225 1377 habebis
2247 1352 2343 1386 emp-

1248 1389 1267 1421 2
1316 1389 1425 1423 ‘tum’.
1451 1386 1589 1421 Veneni
1613 1386 1698 1420 mali
1722 1385 1866 1431 quidam
1889 1390 2021 1432 putant
2034 1387 2059 1407 ¹⁴
2085 1398 2157 1422 non
2182 1387 2345 1423 contrahi

1248 1432 1482 1477 emptionem,
1514 1431 1599 1476 quia
1629 1441 1697 1466 nec
1730 1431 1884 1467 societas
1917 1435 1981 1467 aut
2013 1432 2222 1467 mandatum
2245 1432 2344 1477 flagi-

1247 1478 1362 1513 tiosae
1392 1477 1444 1512 rei
1474 1477 1565 1512 ullas
1597 1476 1689 1512 vires
1722 1476 1848 1512 habet:
1883 1488 1975 1522 quae
2012 1478 2189 1513 sententia
2223 1482 2344 1523 potest

1248 1533 1336 1558 sane
1358 1533 1443 1558 vera
1465 1522 1577 1558 videri
1602 1522 1647 1557 de
1669 1522 1725 1557 his
1750 1533 1843 1567 quae
1875 1523 1973 1558 nullo
2006 1523 2110 1559 modo
2144 1523 2344 1559 adiectione

1248 1568 1394 1603 alterius
1418 1568 1589 1604 materiae
1612 1578 1681 1602 usu
1702 1568 1806 1603 nobis
1828 1578 1907 1604 esse
1926 1572 2096 1613 possunt:
2122 1569 2166 1604 de
2185 1569 2241 1604 his
2260 1580 2343 1605 vero

1248 1624 1340 1659 quae
1370 1613 1482 1648 mixta
1514 1613 1592 1648 aliis
1617 1613 1775 1648 materiis
1800 1613 1889 1649 adeo
1914 1614 2067 1649 nocendi
2091 1619 2257 1649 naturam
2281 1615 2342 1650 de-

1247 1663 1406 1704 ponunt,
1440 1663 1481 1694 ut
1505 1669 1549 1694 ex
1572 1658 1629 1694 his
1653 1657 1806 1693 antidoti
1831 1663 1866 1694 et
1889 1659 1960 1694 alia
1985 1659 2160 1704 quaedam
2184 1660 2344 1695 salubria

1249 1709 1268 1740 3
1316 1704 1575 1740 medicamenta
1608 1703 1863 1746 conficiantur,
1896 1704 1995 1739 aliud
2026 1705 2096 1740 dici
2127 1709 2257 1750 potest.
2307 1705 2344 1740 Si

1248 1750 1327 1795 quis
1360 1750 1475 1785 amico
1508 1760 1655 1794 peregre
1688 1750 1786 1784 eunti
1810 1749 2050 1793 mandaverit,
2087 1754 2126 1785 ut
2156 1750 2342 1796 fugitivum

1248 1806 1351 1831 suum
1376 1799 1526 1841 quaerat
1548 1798 1584 1831 et
1607 1795 1638 1830 si
1660 1794 1834 1830 invenerit
1857 1795 2000 1838 vendat,
2025 1806 2092 1831 nec
2115 1796 2193 1841 ipse
2217 1800 2343 1832 contra

1248 1845 1396 1877 senatus
1421 1840 1625 1876 consultum
1649 1840 1848 1881 committit,
1873 1841 1957 1886 quia
1981 1851 2054 1876 non
2077 1841 2255 1884 vendidit,
2280 1852 2342 1877 ne-

1247 1897 1316 1932 que
1351 1886 1486 1921 amicus
1522 1886 1617 1928 eius,
1655 1886 1739 1931 quia
1768 1890 1994 1931 praesentem
2028 1886 2167 1922 vendit:
2203 1890 2343 1932 emptor

1247 1942 1399 1978 quoque,
1423 1932 1522 1977 qui¹⁵
1540 1935 1764 1977 praesentem
1786 1931 1880 1973 emit,
1904 1936 2001 1967 recte
2022 1932 2201 1977 negotium
2221 1943 2344 1977 gerere

1246 1982 1267 2013 4
1312 1977 1538 2022 intellegitur.
1589 1977 1625 2012 Si
1650 1987 1706 2012 res
1722 1978 1749 1998 ¹⁶
1773 1977 1916 2012 vendita
1939 1988 2004 2022 per
2027 1977 2163 2013 furtum
2187 1978 2342 2023 perierit,

1272 2023 1344 2058 rius
1370 2022 1723 2057 animadvertendum
1747 2022 1824 2065 erit,
1851 2023 1936 2067 quid
1959 2023 2052 2058 inter
2077 2033 2137 2058 eos
2158 2023 2202 2058 de
2223 2027 2341 2059 custo-

1246 2035 1305 2104 Βία
1328 2068 1380 2103 rei
1404 2072 1638 2104 convenerat:
1664 2068 1694 2103 si
1714 2067 1802 2102 nihil
1822 2072 1997 2113 appareat
2019 2069 2236 2110 convenisse,
2261 2069 2342 2104 talis

1247 2113 1413 2149 custodia
1434 2113 1670 2148 desideranda
1692 2117 1746 2148 est
1765 2123 1787 2148 a
1806 2113 1990 2149 venditore
2006 2115 2043 2156 ¹⁷,
2068 2114 2208 2159 qualem
2227 2114 2342 2149 bonus

1246 2163 1349 2205 pater
1372 2159 1526 2194 familias
1551 2159 1626 2194 suis
1650 2159 1758 2193 rebus
1791 2158 1957 2194 adhibet:
1992 2169 2098 2204 quam
2130 2159 2159 2195 si
2190 2160 2341 2239 praesti-

1246 2205 1330 2240 terit
1355 2208 1390 2239 et
1412 2208 1533 2239 tamen
1556 2214 1631 2239 rem
1656 2203 1828 2249 perdidit,
1862 2214 2010 2239 securus
2044 2215 2121 2240 esse
2146 2204 2188 2240 de
2216 2209 2269 2248 et,
2302 2209 2342 2240 ut

1246 2255 1366 2285 tamen
1400 2250 1537 2285 scilicet
1559 2249 1835 2285 vindicationem
1859 2249 1911 2284 rei
1935 2253 1970 2285 et
1995 2250 2256 2285 condictionem
2280 2261 2340 2285 ex-

2150 1070 2345 1105 rovinciale

2139 1118 2221 1149 atur
2231 1141 2240 1157 ,
2274 1125 2345 1151 non

1222 2296 1368 2331 'hibeat
1399 2295 1560 2340 emptori.
1608 2295 1704 2329 unde
1734 2295 1930 2330 videbimus
1961 2295 1999 2330 in
2031 2306 2221 2340 personam
2253 2295 2339 2338 eius,

1246 2341 1306 2393 qui
1330 2341 1482 2376 alienam
1505 2351 1580 2375 rem
1604 2339 1823 2375 vendiderit:
1858 2351 1938 2375 cum
1970 2340 2000 2375 is
2025 2341 2157 2375 nullam
2181 2340 2339 2375 vindica-

1245 2391 1378 2422 tionem
1402 2390 1466 2420 aut
1490 2385 1751 2421 condictionem
1775 2386 1909 2421 habere
1933 2386 2067 2430 possit,
2092 2386 2138 2420 ob
2162 2385 2199 2420 id
2222 2386 2340 2431 ipsum

1246 2431 1470 2466 damnandus
1495 2434 1567 2473 est,
1600 2430 1703 2475 quia,
1737 2431 1767 2465 si
1792 2441 1893 2465 suam
1916 2441 1991 2465 rem
2013 2430 2249 2473 vendidisset,
2274 2441 2339 2475 po-

1246 2481 1264 2511 5
1312 2477 1441 2511 tuisset
1472 2486 1532 2511 eas
1565 2476 1725 2511 actiones
1757 2475 1804 2510 ad
1829 2479 2022 2520 emptorem
2047 2476 2250 2510 transferre.
2298 2476 2340 2510 In

1245 2522 1300 2557 his
1325 2532 1416 2567 quae
1440 2521 1599 2566 pondere
1622 2531 1769 2555 numero
1794 2531 2003 2555 mensurave
2028 2524 2207 2563 constant,
2232 2521 2340 2556 veluti

1244 2567 1422 2602 frumento
1447 2567 1527 2602 vino
1554 2567 1631 2601 oleo
1657 2570 1814 2610 argento,
1839 2565 1944 2600 modo
1970 2576 2013 2601 ea
2037 2570 2224 2601 servantur
2272 2577 2340 2601 uae

1244 2612 1281 2647 in
1308 2612 1447 2653 ceteris,
1471 2616 1512 2646 ut
1536 2611 1638 2646 simul
1663 2615 1771 2656 atque
1789 2611 1831 2646 de
1845 2611 1959 2655 pretio
1983 2611 2196 2653 convenerit,
2218 2612 2252 2646 vi
2280 2621 2337 2646 ea-

1244 2662 1303 2693 tur
1323 2657 1486 2703 perfecta
1506 2656 1674 2698 venditio,
1694 2656 1798 2691 modo
1819 2660 1870 2697 ut,
1893 2656 2031 2691 etiamsi
2051 2656 2096 2692 de
2115 2657 2229 2701 pretio
2253 2668 2338 2692 con-

1244 2703 1396 2745 venerit,
1431 2713 1504 2737 non
1527 2706 1647 2737 tamen
1671 2702 1775 2736 aliter
1798 2701 1961 2736 videatur
1984 2701 2147 2746 perfecta
2170 2702 2336 2745 venditio,

1244 2759 1349 2793 quam
1381 2748 1412 2783 si
1443 2747 1613 2783 admensa
1644 2747 1804 2791 adpensa
1836 2746 2112 2782 adnumeratave
2136 2747 2218 2782 sint.
2255 2758 2338 2782 nam

1244 2794 1274 2828 si
1298 2804 1403 2828 omne
1426 2793 1547 2828 vinum
1569 2793 1624 2827 vel
1649 2792 1765 2826 oleum
1790 2792 1845 2827 vel
1874 2791 2092 2827 frumentum
2126 2793 2181 2827 vel
2212 2803 2336 2837 argen-

1242 2843 1318 2873 tum
1343 2842 1668 2883 quantumcumque
1694 2841 1787 2872 esset
1810 2848 1882 2872 uno
1907 2837 2021 2882 pretio
2045 2838 2211 2880 venierit,
2245 2838 2337 2873 idem

1242 2884 1328 2918 iuris
1354 2887 1408 2918 est
1433 2883 1528 2927 quod
1560 2883 1598 2917 in
1630 2883 1758 2918 ceteris
1789 2883 1907 2917 rebus.
1946 2882 2042 2928 quod
2074 2883 2105 2918 si
2135 2883 2255 2918 vinum
2286 2883 2337 2917 ita

1242 2928 1399 2970 venierit,
1424 2932 1465 2962 ut
1488 2928 1525 2962 in
1550 2927 1707 2972 singulas
1732 2928 1944 2972 amphoras,
1968 2928 2052 2963 item
2077 2928 2212 2971 oleum,
2236 2932 2275 2963 ut
2300 2929 2336 2962 in

1242 2974 1400 3018 singulos
1433 2977 1621 3015 metretas,
1653 2973 1738 3007 item
1767 2972 2004 3016 frumentum,
2038 2977 2080 3008 ut
2110 2974 2147 3008 in
2179 2974 2335 3018 singulos

1242 3019 1397 3060 modios,
1422 3018 1505 3052 item
1530 3022 1734 3062 argentum,
1759 3021 1800 3052 ut
1822 3018 1860 3052 in
1884 3018 2041 3063 singulas
2064 3019 2174 3054 libras
2200 3026 2335 3054 certum

1242 3064 1396 3109 pretium
1420 3063 1607 3104 diceretur,
1634 3063 1827 3107 quaeritur,
1853 3063 1995 3108 quando
2020 3064 2183 3099 videatur
2204 3064 2333 3108 emptio

1241 3109 1376 3154 perfici.
1425 3108 1521 3153 quod
1557 3108 1717 3143 similiter
1752 3108 1887 3143 scilicet
1922 3109 2104 3153 quaeritur
2136 3113 2172 3144 et
2203 3108 2247 3144 de
2278 3109 2333 3142 his

1243 3164 1334 3199 quae
1358 3164 1504 3189 numero
1530 3156 1708 3196 constant,
1733 3153 1764 3188 si
1786 3164 1851 3198 pro
1873 3164 2020 3189 numero
2042 3165 2232 3199 corporum
2253 3163 2332 3198 pre-

1242 3200 1330 3234 tium
1359 3199 1469 3233 fuerit
1501 3202 1687 3233 statutum.
1736 3197 1891 3234 Sabinus
1915 3202 1951 3234 et
1975 3199 2118 3234 Cassius
2142 3203 2228 3233 tunc
2251 3208 2331 3242 per-

1242 3245 1300 3279 fici
1325 3244 1537 3288 emptionem
1561 3243 1774 3285 existimant,
1800 3254 1881 3279 cum
1906 3244 2140 3279 adnumerata
2164 3243 2332 3278 admensa

1242 3290 1444 3334 adpensave
1475 3289 1564 3330 sint,
1597 3288 1681 3341 quia
1712 3288 1865 3324 venditio
1898 3290 2001 3334 quasi
2026 3289 2092 3324 sub
2116 3289 2185 3323 hac
2210 3288 2330 3322 condi-

1243 3335 1345 3370 cione
1375 3333 1515 3368 videtur
1545 3333 1641 3375 fieri,
1674 3334 1755 3368 ut¹⁸
1778 3334 1815 3368 in
1839 3334 1994 3378 singulos
2019 3337 2185 3369 metretas
2210 3336 2273 3366 aut
2295 3332 2330 3366 in

1243 3379 1400 3424 singulos
1424 3378 1561 3414 modios
1586 3389 1675 3424 quos
1724 3389 1833 3414 uasve
1857 3379 2046 3414 admensus
2080 3378 2167 3419 eris,
2202 3380 2264 3411 aut
2294 3377 2331 3410 in

1243 3424 1398 3468 singulas
1422 3424 1532 3459 libras
1557 3434 1646 3469 quas
1671 3434 1693 3459 a
1718 3424 1902 3469 penderis,
1935 3428 1998 3459 aut
2028 3424 2064 3458 in
2089 3422 2226 3466 singula
2251 3431 2328 3456 cor-

1244 3473 1264 3505 6
1311 3479 1400 3513 pora
1432 3473 1523 3513 quae
1554 3469 1852 3505 adnumeraveris.
1899 3469 1995 3513 Ergo
2029 3472 2063 3503 et
2094 3467 2124 3502 si
2153 3476 2239 3511 grex
2271 3476 2329 3501 ve-

1242 3583 1284 3623 (7)
1310 3585 1427 3624 pactas
1440 3582 1475 3615 F
1539 3584 1584 3624 (8)
1610 3586 1804 3616 exemerunt
1813 3583 1897 3616 Hal.
1970 3586 2012 3622 (9)
2039 3580 2164 3622 emptio
2177 3579 2327 3621 adstipu-

1240 3627 1324 3659 latio
1335 3627 1369 3659 F
1445 3629 1505 3670 (10)
1530 3628 1566 3661 id
1579 3630 1639 3663 ins.
1654 3629 1683 3662 S
1752 3631 1805 3667 (11)
1831 3627 1951 3659 habuit
1964 3628 2009 3667 et]
2023 3625 2142 3658 habuit
2154 3625 2203 3656 ita
2217 3627 2254 3656 ut
2263 3637 2326 3658 scr.

1241 3674 1297 3710 (12)
1323 3672 1485 3714 emptiota
1498 3673 1533 3705 F
1643 3677 1700 3708 (13)
1726 3673 1938 3705 convenisset
1950 3672 1984 3703 F
2105 3671 2162 3711 (14)
2188 3671 2286 3711 putat
2298 3668 2331 3702 F

1239 3721 1296 3755 (15)
1323 3718 1404 3759 quia
1414 3730 1476 3751 scr.
1549 3720 1608 3761 (16)
1634 3730 1666 3751 rs
1679 3719 1713 3751 F
1778 3719 1835 3757 (17)
1861 3716 2067 3748 venditorem
2081 3715 2114 3747 F
2203 3715 2263 3757 (18)
2289 3714 2326 3747 in

1237 3762 1390 3805 singulas
1403 3763 1581 3806 amphoras
1594 3764 1814 3796 contrahatur
1827 3764 1884 3795 aut
1897 3763 1956 3795 ins.
