2528 3918
177 121 449 166 XXXXVIII
483 122 531 164 18

180 243 389 284 damnatus,
419 242 451 278 si
481 242 609 279 fuisset
639 243 845 285 restitutus,
876 242 923 278 ad
954 252 1035 277 eum
1058 241 1260 286 pertinebit,

179 287 280 323 cuius
304 286 441 330 fuisset,
465 290 656 332 antequam
680 286 878 323 damnetur.
922 287 985 323 sed
1009 296 1154 332 praeses
1178 296 1260 330 pro-

179 332 315 368 vinciae
351 342 433 367 eum
470 343 574 377 quem
602 332 781 367 damnavit
814 332 1002 368 restituere
1031 342 1103 366 nou
1132 333 1261 376 potest,

180 388 261 413 cum
305 386 371 412 nec
462 377 658 413 cuniariam
700 377 911 413 seutentiam
951 387 1053 412 suam
1094 385 1263 411 revocare

179 421 303 469 possit.
351 387 460 467 quise
459 422 590 466 igitur?
636 422 753 468 princi
779 422 790 458 i
820 433 900 459 eum
931 422 1087 458 scribere
1111 424 1262 466 oportet,

179 467 210 506 si
234 466 377 520 quando
400 466 449 511 ei,
476 467 537 520 qui
560 476 694 503 nocens
718 467 751 503 vi
776 468 920 510 ebatur,
944 470 1070 512 postea
1093 465 1185 501 ratio
1209 465 1262 500 in-

180 515 368 548 nocentiae
391 515 560 548 constitit.

226 554 251 594 2
290 555 484 593 Urmws
519 557 610 594 libro
647 558 697 593 tri
721 558 854 593 ensinio
893 567 989 592 nono
1030 555 1080 591 ad
1109 555 1263 591 edictum

182 601 395 638 Hereditarii
429 601 538 644 servi,
573 569 742 648 quamdiu
780 603 954 638 incertum
989 604 1046 637 est
1078 600 1125 636 ad
1160 610 1263 653 quem

183 649 276 683 bona
297 646 511 699 pertineant,
535 658 608 683 non
628 651 782 693 possunt
805 646 915 683 videri
938 647 975 681 in
999 649 1109 691 caput
1132 645 1264 681 domini

179 696 216 728 to
261 702 348 727 ueri.

218 702 259 774 {1
275 736 384 772 IDEM
415 736 506 772 libro
537 738 861 784 quinquaqensimo
892 736 941 771 ad
968 735 1122 771 edictum
1169 735 1263 770 Cou-

180 782 364 818 stitutione
401 781 626 826 imperatoris
661 782 775 818 nostri
809 786 846 817 et
879 781 949 816 divi
973 780 1093 816 Severi
1127 780 1265 825 placuit

180 826 337 872 plurium
361 837 502 862 servum
523 826 562 862 in
584 827 714 863 nullius
739 831 848 872 caput
871 826 1030 871 torqueri
1079 835 1170 861 osse.

226 871 252 908 4
287 871 392 907 los-u
431 872 522 908 libro
557 874 661 908 tertio
697 872 982 918 disputationum
1113 870 1263 912 incesto,

180 920 221 952 ut
242 916 462 962 Papinianus
484 917 669 962 respondit
691 921 728 952 et
750 919 806 952 est
827 917 1058 962 rescriptum,
1082 926 1264 951 servorum

179 966 358 998 tormenta
381 966 542 1005 cessant,
576 963 660 1007 quia
691 966 727 997 et
757 962 816 997 lex
839 961 931 997 Iulia
954 964 1072 998 cessat
1095 961 1139 996 de
1162 960 1263 996 adul-

179 1006 288 1043 teriis.

226 1050 251 1089 5
275 1050 511 1088 Mammas
531 1052 622 1087 libro
645 1051 802 1088 secundo
827 1052 1088 1087 institutionum
1124 1050 1162 1086 Si
1185 1049 1264 1096 quis

181 1097 322 1133 viduam
345 1097 400 1132 vel
423 1096 483 1132 alii
506 1100 654 1142 nuptam
678 1101 884 1142 cognatam,
920 1106 1002 1132 cum
1050 1106 1097 1131 ua
1120 1095 1265 1141 nuptias

181 1142 393 1178 contrahere
414 1153 488 1177 non
510 1146 640 1187 potest,
666 1142 878 1187 corruperit,
901 1141 939 1176 in
960 1141 1016 1176 ins
1056 1151 1114 1176 am
1137 1141 1264 1186 depor-

179 1187 310 1223 tandus
333 1190 397 1230 est,
422 1187 506 1232 quia
529 1187 661 1232 duplex
685 1187 816 1223 crimen
839 1190 904 1227 est,
918 1190 953 1222 et
970 1185 1157 1229 incestum,
1183 1186 1267 1230 quia

180 1235 369 1277 cognatam
392 1232 536 1267 violavit
558 1236 685 1268 contra
707 1231 781 1276 fas,
813 1236 850 1267 et
872 1231 1087 1268 adulterium
1109 1231 1165 1267 vel
1189 1234 1264 1266 stu-

181 1279 308 1323 prum¹
341 1276 500 1322 adiungit
510 1278 535 1312 ².
590 1277 742 1322 denique
777 1278 847 1313 hoc
879 1287 966 1313 casu
996 1276 1088 1312 servi
1117 1277 1154 1311 in
1185 1286 1264 1321 per-

181 1323 330 1358 sonam³
353 1321 484 1358 domini
506 1325 565 1358 tor
591 1326 730 1357 uentur.

226 1364 253 1404 6
278 1366 524 1402 Pramnos
550 1367 579 1402 li
621 1378 642 1402 ο
673 1367 830 1403 secundo
853 1367 898 1402 de
926 1366 1114 1402 adulteriis
1158 1364 1267 1402 Patre

180 1412 237 1448 vel
265 1412 392 1447 marito
424 1411 469 1447 de
497 1411 673 1447 adulterio
705 1416 833 1456 agente
864 1415 901 1447 et
929 1410 1199 1458 postulantibus
1223 1411 1266 1447 de

180 1457 290 1494 servis
314 1456 366 1492 rei
388 1459 430 1491 ut
451 1456 612 1502 quaestio
636 1457 831 1500 habeatur,
863 1457 894 1493 si
922 1467 1005 1493 vere
1027 1466 1138 1492 causa
1160 1466 1265 1501 pero-

179 1505 261 1538 rata
282 1502 435 1537 testibus
458 1502 607 1547 prolatis
630 1502 809 1538 absolutio
833 1505 961 1538 secuta
983 1501 1108 1543 fuerit,
1131 1500 1266 1537 manci-

178 1547 332 1591 piorum,
377 1557 445 1582 uae
457 1550 598 1584 mortua
613 1550 708 1591 sunt,
728 1547 928 1584 aestimatio
949 1547 1118 1582 habetur:
1142 1549 1268 1582 secuta

186 1596 199 1627 1
248 1602 331 1627 vero
375 1591 578 1628 amnatione
590 1602 682 1637 quae
700 1596 894 1637 supersunt
905 1593 1146 1638 publicantur.
1178 1592 1267 1626 Cum

181 1637 226 1673 de
248 1636 341 1673 falso
363 1639 577 1674 testamento
601 1637 800 1683 quaeritur,
832 1637 1039 1674 hereditarii
1067 1637 1160 1674 servi
1183 1647 1266 1682 pos-

181 1686 267 1718 sunt
288 1682 457 1726 torqueri.

227 1724 251 1764 7
283 1726 478 1763 Uipsanas
498 1727 589 1764 libro
612 1729 717 1763 tertio
741 1728 785 1763 de
809 1728 998 1764 adulteriis
1043 1726 1268 1772 Quaestiouis

180 1772 326 1809 modum
356 1772 469 1817 magis
499 1775 555 1808 est
576 1772 712 1809 iudices
736 1773 905 1809 arbitrari
929 1775 1113 1818 oportere:
1146 1772 1268 1816 itaque

182 1817 426 1863 quaestionem
449 1817 583 1854 habere
606 1821 764 1863 oportet,
789 1822 830 1854 ut
853 1829 976 1854 servus
1000 1818 1120 1853 salvus
1145 1817 1192 1853 sit
1214 1817 1268 1852 vel

181 1862 406 1899 innocentiae
429 1862 486 1898 vel
508 1862 695 1908 supplicio.

226 1904 253 1946 8
284 1907 443 1943 Panos
478 1908 570 1944 libro
607 1907 765 1944 secundo
797 1907 841 1942 de
878 1907 1054 1943 adulteris
1099 1907 1268 1943 Edictum

181 1953 253 1989 divi
275 1952 445 1998 Augusti,
477 1952 574 1998 quod
622 1953 786 1999 roposuit
808 1952 913 1989 Vibio
935 1952 1070 1989 Habito
1094 1956 1132 1988 et
1153 1952 1268 1989 Lucio

181 1997 413 2044 Aproniano⁴
452 1998 592 2034 consuli
618 2000 695 2041 us⁵,
736 1998 774 2033 in
811 1997 908 2033 hunc
949 1998 1093 2034 modum
1131 2001 1267 2033 exstat:

183 2043 430 2089 ‘Quaestiones
453 2054 570 2088 neque
588 2053 728 2088 semper
750 2044 788 2078 in
811 2043 907 2078 omni
927 2052 1039 2079 causa
1055 2047 1093 2079 et
1114 2053 1269 2088 persona

183 2088 390 2125 ‘desiderari
413 2088 544 2124 debere
562 2088 729 2130 arbitror,
754 2091 800 2130 et,
825 2098 906 2124 cum
927 2088 1097 2133 capitalia
1118 2091 1154 2124 et
1171 2092 1267 2124 atro-

184 2133 294 2169 ‘ciora
325 2133 501 2169 maleficia
534 2144 608 2169 non
641 2133 746 2169 aliter
779 2133 960 2178 explorari
993 2137 1031 2169 et
1064 2133 1270 2178 investigari

183 2182 348 2224 ‘possunt
370 2189 479 2223 quam
499 2189 566 2224 per
589 2189 772 2215 servorum
794 2178 1037 2223 quaestiones,
1062 2178 1268 2214 efficacissi-

183 2226 271 2260 ‘mas
302 2233 365 2259 eas
388 2233 467 2259 esse
497 2223 544 2259 ad
566 2223 815 2269 requirendam
838 2223 1021 2259 veritatem
1045 2223 1207 2259 existimo
1231 2227 1269 2259 et

186 2272 201 2304 1
251 2268 447 2304 ‘habendas
470 2269 624 2304 censeo’.
667 2268 862 2304 Statuliber
885 2268 923 2304 in
946 2268 1121 2304 adulterio
1144 2271 1269 2314 postu-

182 2313 251 2350 lari
294 2313 410 2356 oterit,
435 2317 477 2348 ut
499 2313 661 2359 quaestio
686 2324 730 2349 ex
753 2324 795 2350 eo
814 2313 1001 2357 habeatur,
1026 2313 1123 2359 quod
1145 2324 1270 2350 servus

182 2324 323 2395 hex-egis
348 2363 420 2394 est:
444 2358 509 2394 sed
531 2369 632 2404 spem
654 2369 757 2395 suam
777 2358 955 2394 retinebit.
1079 2393 1081 2395 .

228 2401 255 2441 9
285 2402 523 2440 Mamaos
558 2404 650 2440 libro
680 2404 837 2440 secundo
867 2404 911 2439 de
942 2403 1085 2439 iudiciis
1109 2402 1271 2450 publicis

185 2449 295 2484 Divus
313 2447 401 2485 Pius
424 2448 610 2501 rescripsit
629 2459 737 2494 posse
760 2448 805 2485 de
822 2448 934 2485 servis
950 2447 1076 2484 haberi
1093 2447 1270 2493 quaestio-

182 2504 265 2530 nem
293 2493 331 2528 in
359 2494 567 2538 pecuniaria
598 2504 727 2536 causa,
766 2494 798 2530 si
828 2494 931 2529 aliter
959 2493 1090 2529 veritas
1121 2492 1271 2529 inveniri

184 2549 258 2575 non
281 2538 412 2591 possit.
467 2538 564 2584 quod
594 2543 631 2575 et
660 2539 740 2575 aliis
781 2539 965 2584 rescriptis
995 2542 1152 2574 cavetur.
1206 2537 1272 2575 sed

185 2584 256 2620 hoc
279 2588 330 2619 ita
360 2587 434 2627 est,
466 2588 508 2619 ut
529 2595 603 2620 non
626 2584 732 2620 facile
753 2584 792 2619 in
815 2594 854 2620 re
876 2583 1085 2637 pecuniaria
1108 2583 1270 2629 quaestio

186 2629 380 2664 habeatur:
422 2628 485 2664 sed
517 2629 548 2665 si
579 2629 683 2665 aliter
713 2629 845 2665 veritas
873 2628 1023 2665 inveniri
1053 2639 1125 2665 non
1156 2629 1272 2674 possit

185 2673 683 2765 fflfflsffssfflfflssgfflffii
707 2675 841 2755 hilii?
861 2674 1132 2764 staugfissfissimffe'
1159 2677 1272 2755 ἓέηέ

188 2767 203 2798 1
236 2763 376 2815 ‘alienis
395 2763 520 2815 haberi
539 2765 794 2817 quaestionem,
817 2764 853 2816 si
871 2764 924 2800 ita
945 2774 1002 2800 res
1019 2764 1181 2800 suadeat.
1193 2764 1271 2817 ,Ex

184 2807 315 2904 33¹³&
340 2809 1095 2907 fissffiesssstfffflffhsseeifflnssd'ffiffim
1108 2809 1270 2890 iffi?

184 2901 362 2943 gationem
389 2899 523 2934 valere:
556 2903 592 2935 et
629 2900 742 2936 multo
773 2900 891 2935 minus
921 2899 959 2935 in
986 2900 1052 2935 'cia
1088 2910 1271 2936 servorum

187 2945 207 2977 2
254 2946 381 2979 contra
410 2942 572 2980 dominos
602 2944 822 2981 admittenda
850 2948 945 2980 sunt.
991 2944 1048 2980 De
1071 2955 1126 2988 eo,
1150 2944 1212 2990 qui
1233 2944 1271 2980 in

185 2987 338 3024 insulam
369 2987 579 3033 deportatus
610 2993 680 3031 est,
713 2990 874 3043 quaestio
903 2989 1071 3026 habenda
1100 3001 1173 3026 non
1203 2993 1268 3032 est,

186 3036 207 3068 3
254 3035 295 3068 ut
325 3032 427 3068 divus
450 3032 537 3069 Pius
567 3034 762 3080 rescripsit.
809 3034 879 3071 Sed
902 3045 970 3071 nec
993 3034 1038 3071 de
1060 3035 1270 3071 statulibero

184 3077 223 3130 in
245 3076 460 3130 pecuniariis
491 3079 609 3114 causis
633 3080 793 3123 quaestio
817 3079 983 3116 habenda
1013 3084 1069 3116 est
1091 3080 1160 3116 nisi
1182 3079 1269 3116 defi-

187 3126 304 3158 ciente
327 3122 546 3160 condicione.

236 3165 310 3205 10⁶
324 3168 527 3205 Auamma
547 3167 782 3205 'CH-‹msws
799 3169 891 3206 libro
909 3170 1092 3216 sinyulari
1112 3169 1157 3206 de
1174 3170 1270 3206 testi·

187 3211 253 3249 bus
285 3211 343 3248 De
357 3212 494 3249 minore
514 3213 798 3259 quattuordecim
810 3214 913 3250 annis
930 3214 1092 3260 quaestio
1104 3214 1271 3252 habenda

186 3266 258 3292 non
275 3260 340 3300 est,
359 3260 402 3293 nt
417 3261 454 3293 et
470 3257 571 3294 divus
582 3257 670 3295 Pius
683 3258 837 3295 Caecilio
849 3259 1057 3296 Iuventiano
1074 3260 1268 3306 rescripsit.

191 3305 202 3336 1
259 3301 331 3338 Sed
363 3312 484 3339 omnes
516 3303 658 3340 omuino
685 3303 724 3339 in
754 3304 948 3341 maiestatis
980 3305 1144 3349 crimine,
1175 3305 1271 3350 quod

186 3345 234 3382 ad
270 3357 444 3392 personas
477 3348 679 3394 principum
708 3349 854 3392 attinet,
890 3349 922 3385 si
952 3349 999 3385 ad
1028 3350 1270 3386 testimonium

187 3394 208 3426 2
252 3396 508 3437 provocentur,
541 3404 621 3429 cum
644 3403 702 3430 res
726 3393 850 3438 exigit,
875 3398 1099 3439 torquentur.
1146 3395 1271 3431 Potest

183 3436 326 3481 quaeri,
360 3447 408 3473 an
436 3437 480 3474 de
503 3439 614 3475 servis
643 3438 708 3475 filii
730 3438 921 3475 castrensis
945 3440 1076 3485 peculii
1098 3440 1136 3476 in
1160 3443 1270 3485 caput

185 3481 299 3527 patris
329 3483 490 3528 quaestio
521 3483 648 3520 haberi
677 3494 749 3520 non
779 3484 910 3529 possit:
946 3494 1028 3520 nam
1058 3485 1173 3531 patris
1196 3495 1270 3522 non

185 3596 227 3637 (¹)
249 3596 403 3639 stuprum
427 3596 478 3631 vel
501 3597 703 3630 adulterim
726 3610 788 3631 scr.

186 3642 229 3681 (3)
253 3651 394 3683 P01¹⁰¹²8
413 3642 449 3675 F
530 3644 574 3685 (4)
597 3643 747 3685 Apronio
765 3655 827 3677 scr.

187 3686 365 3762 }:3‚‘qur⁸
379 3688 420 3730 ql:
436 3688 456 3721 l.
472 3695 502 3721 15
517 3693 534 3727 5
551 3688 639 3720 11ι.ι.

953 3596 998 3640 (2)
1022 3598 1178 3641 adiungit
1201 3599 1265 3632 ἀεὶ.

921 3644 964 3684 (⁵)
989 3655 1074 3676 anno
1090 3656 1125 3686 p.
1149 3644 1224 3677 Chr.
1246 3651 1263 3678 8

741 3691 784 3727 (Ἰ)
809 3688 867 3729 qui
881 3690 914 3721 et
927 3689 985 3722 ins.
1002 3687 1055 3721 F²
1145 3690 1189 3729 (8)
1214 3698 1265 3721 res

394 3732 440 3772 (9)
465 3734 539 3771 ωας
557 3740 567 3765 ι
582 3734 623 3775 cs.
639 3733 658 3765 l.
675 3739 705 3765 ιο
716 3745 768 3775 pr.
784 3734 813 3766 Ιι.
828 3740 848 3766 ε.
961 3734 1022 3775 (ιο)
1046 3732 1087 3765 ad
1105 3733 1266 3767 metiendi

1252 115 1333 163 812
1547 116 1565 186 ι

1332 3643 1452 3686 pendit
1461 3643 1512 3677 Ρ

1488 75 1553 106 {VN

1964 131 2026 162 DE
2055 131 2407 171 QUAESTlomnus

1330 240 1459 276 debere
1489 240 1647 284 torqueri
1681 239 1718 275 in
1749 239 1860 275 filium
1889 240 2123 276 constitutum
2150 245 2216 278 est.
2262 247 2300 280 et
2322 248 2408 290 puto

1330 288 1427 321 recte
1450 284 1520 320 dici
1543 294 1609 319 nec
1633 283 1697 320 filii
1719 295 1839 321 servos
1869 285 1906 320 in
1930 288 2039 331 caput
2060 286 2175 338 patris
2198 297 2278 324 esse
2299 288 2408 324 inter-

1331 333 1351 364 3
1398 328 1587 375 rogandos.
1635 329 1828 366 Tomenta
1850 334 1970 366 autem
1994 330 2197 367 adhibenda
2218 336 2314 376 sunt,
2338 345 2407 369 non

1332 378 1467 419 quanta
1485 377 1675 410 accusator
1695 375 1867 454 postulat,
1891 375 1955 411 sed
1977 378 2018 410 ut
2040 375 2244 414 moderatae
2262 378 2409 414 rationis

1331 423 1352 455 4
1398 423 1677 465 temperamenta
1720 419 1908 456 esiderant.
1943 420 2019 456 Nec
2039 420 2145 456 debet
2166 421 2305 458 initium
2327 434 2408 468 pro·

1332 464 1517 501 bationum
1545 464 1590 499 de
1621 463 1726 500 domo
1754 465 1807 500 rei
1834 470 2025 501 accusator
2053 475 2210 509 sumere,
2243 467 2326 503 dum
2348 472 2412 504 aut

1330 509 1478 546 libertos
1502 509 1579 545 eius
1598 519 1702 554 quem
1725 514 1873 546 accusat
1891 515 1955 546 aut
1972 521 2091 546 servos
2115 511 2152 546 in
2170 512 2411 549 testimonium

1331 558 1350 589 5
1398 557 1514 590 vocat.
1561 554 1757 590 Plurimum
1788 565 1928 601 quoque
1962 556 1999 591 in
2022 556 2234 592 excutienda
2264 557 2412 593 veritate

1330 599 1438 635 etiam
1468 610 1536 634 vox
1565 599 1643 644 ipsa
1673 603 1710 634 et
1733 600 1941 644 cognitionis
1972 600 2113 646 suptilis
2145 600 2326 646 diligentia
2348 602 2411 637 ad-

1331 644 1417 680 fert:
1451 654 1533 680 uam
1567 647 1604 679 et
1633 654 1677 679 ex
1707 654 1870 680 sermone
1901 649 1938 681 et
1959 656 2003 681 ex
2027 656 2088 689 eo,
2122 656 2193 691 qua
2224 647 2303 692 quis
2327 658 2410 683 con-

1331 689 1476 731 stantia,
1501 699 1572 741 qua
1594 689 1832 734 trepidatione
1855 690 1941 743 quid
1964 690 2109 733 diceret,
2133 691 2187 727 vel
2212 692 2312 727 cuius
2337 692 2411 727 exi-

1331 734 1543 770 stimatioms
1573 735 1722 779 quisque
1751 734 1789 769 iu
1814 734 1957 770 civitate
1980 745 2046 770 sua
2068 739 2140 779 est,
2170 736 2342 781 quaedam
2367 737 2413 772 ad

1331 784 1352 814 6
1397 779 1677 815 inluminandam
1707 780 1891 816 veritatem
1920 781 1958 815 in
1985 780 2101 816 lucem
2131 786 2324 826 emergunt.
2371 781 2413 817 ln

1330 824 1895 915 ἓξὲξηιὲωὲἓζηὲἒὲἕξῗὲῗη
1912 829 2413 915 ἓῗιέθὲἒὲῗῒῶἳὶωῗῗ

1384 914 1392 922 ‚
1415 914 1423 921 ‚
1515 897 1523 914 ι
2108 897 2119 914 ι
2399 891 2414 898 ”

1357 925 1436 950 um.

1333 926 1356 960 q
1380 958 1428 996 11
1454 959 1613 996 Pinus
1652 959 1743 996 libro
1772 959 1930 995 secundo
1954 959 1998 995 de
2029 960 2156 1012 officio
2183 960 2414 1008 proconsulis

1331 1004 1485 1040 Etiamsi
1508 1004 1707 1041 redhibitus
1737 1004 1847 1040 fuerit
1877 1015 2017 1048 servus,
2047 1016 2086 1041 ιιι
2114 1009 2225 1051 caput
2245 1005 2415 1051 emptoris

1332 1061 1405 1086 non
1428 1053 1486 1085 tor
1510 1049 1664 1086 uebitur.

1382 1092 1432 1132 12
1500 1104 1667 1131 Lemnos
1702 1094 1794 1131 libro
1833 1095 2156 1141 quinquaqcnsimo
2195 1099 2326 1142 quarto
2366 1096 2415 1133 ad

1332 1140 1486 1176 edictum
1532 1139 1571 1175 Si
1593 1139 1684 1185 quis,
1708 1150 1754 1175 ne
1776 1139 1938 1186 quaestio
1962 1139 2005 1176 de
2029 1150 2071 1176 eo
2095 1143 2240 1186 agatur,
2264 1140 2415 1177 liberum

1333 1196 1372 1220 se
1396 1185 1503 1229 dicat,
1527 1185 1628 1222 divus
1651 1184 1880 1221 Hadrianus⁸
1910 1184 2094 1230 rescripsit
2123 1197 2195 1222 non
2227 1196 2305 1222 esse
2334 1196 2415 1222 eum

1333 1234 1417 1266 ante
1439 1234 1497 1266 tor
1522 1230 1678 1266 uendum
1707 1240 1813 1276 quam
1835 1230 1984 1266 liberale
2005 1230 2174 1267 iudicium
2197 1231 2413 1276 experiatur.

1383 1272 1432 1313 13
1514 1285 1722 1311 oosssrmvs
1753 1275 1844 1312 libro
1881 1276 2008 1327 quinto
2040 1275 2251 1322 requietum
2309 1275 2411 1312 Certo

1332 1321 1449 1366 pretio
1472 1331 1614 1357 servum
1632 1320 1857 1356 aestimatum
1879 1331 1916 1356 m
1940 1321 2183 1366 quaestionem
2206 1320 2286 1357 dari
2307 1321 2415 1358 inter-

1333 1366 1453 1412 posita
1475 1365 1706 1411 stipulatione
1729 1369 1914 1411 receptum
1935 1369 2002 1401 est.

1382 1410 1433 1448 14
1464 1410 1569 1446 loru
1598 1410 1688 1447 libro
1721 1414 1846 1447 octavo
1884 1410 2096 1457 reqularum
2155 1410 2352 1447 Statuliber
2380 1410 2417 1447 in

1334 1455 1465 1492 delicto
1485 1459 1647 1502 repertus
1666 1455 1864 1501 sperandae
1883 1455 2059 1491 libertatis
2077 1455 2326 1538 praerggativa
2343 1467 2416 1492 non

1334 1505 1376 1536 ut
1408 1511 1531 1554 servus
1566 1502 1612 1537 ob
1646 1500 1851 1546 ambiguum
1886 1500 2126 1545 condicionis,
2160 1513 2178 1538 s
2255 1505 2295 1538 ut
2327 1500 2418 1537 liber

1334 1546 1777 1643 Ρηῗὸθὲᾱὲῗιιῗιιξπιᾼνυε
1803 1591 1895 1643 libro
1925 1591 2050 1643 quinto
2080 1590 2125 1626 de
2153 1602 2196 1644 cp
2223 1591 2418 1628 uitionibus

1334 1636 1394 1672 Ex
1411 1636 1523 1672 libero
1541 1636 1684 1672 homine
1698 1647 1767 1689 pro
1787 1639 1989 1672 testimomo
2009 1646 2082 1671 non
2101 1603 2291 1688 vaculqante
2308 1646 2408 1681 quae·

1338 1685 1354 1716 1
1404 1681 1555 1717 stionem
1583 1681 1709 1717 haben
1739 1692 1812 1717 non
1835 1684 1988 1726 oportet.
2035 1680 2091 1716 De
2112 1692 2248 1717 minore
2276 1691 2417 1727 quoque

1336 1725 1622 1772 quattuordecim
1650 1726 1754 1762 annis
1788 1726 1825 1761 in
1857 1736 1900 1761 ca
1925 1730 1966 1760 ut
1997 1725 2144 1762 alterius
2175 1726 2418 1772 quaestionem

1334 1771 1536 1807 habendam
1563 1782 1636 1807 non
1665 1781 1744 1807 esse
1775 1771 1876 1806 divus
1900 1737 1992 1806 1fj’ius
2022 1771 2188 1807 Maecilio
2224 1770 2418 1816 rescripsit,

1335 1817 1487 1852 maxime
1511 1827 1592 1852 cum
1614 1816 1721 1852 nullis
1745 1816 1967 1852 extrinsecus
1996 1817 2211 1861 argumentis
2234 1816 2418 1853 accusatio

1335 1862 1537 1907 impleatur.
1573 1871 1638 1897 nec
1658 1865 1778 1897 tamen
1797 1871 2018 1907 consequens
2040 1871 2130 1906 esse,
2154 1865 2195 1897 ut
2212 1861 2318 1898 etiam
2341 1861 2419 1897 sine

1335 1906 1520 1943 tormentis
1544 1906 1676 1943 eisdem
1699 1906 1884 1942 credatur:
1917 1916 2001 1942 nam
2024 1910 2141 1950 aetas,
2164 1906 2295 1952 inquit,
2327 1917 2420 1951 quae

1336 1951 1506 1988 adversus
1543 1952 1770 1997 asperitatem
1805 1951 2024 1997 quaestionis
2063 1961 2125 1988 eos
2154 1951 2297 1988 interim
2326 1951 2420 1988 tueri

1334 1998 1490 2041 videtur,
1525 1997 1764 2042 suspectiores
1794 2007 1935 2042 quoque
1962 1995 2106 2033 eosdem
2131 1996 2221 2033 facit
2250 1996 2298 2034 ad
2320 2007 2417 2033 men-

1336 2045 1356 2078 2
1403 2042 1513 2078 tiendi
1535 2042 1743 2079 facilitatem
1754 2044 1794 2077 ¹⁰.
1840 2042 1952 2085 Eum,
1982 2042 2042 2087 qui
2064 2041 2258 2078 vindicanti
2280 2052 2419 2081 servum

1337 2088 1447 2131 cavit,
1481 2087 1615 2123 domiui
1642 2088 1722 2123 loco
1754 2087 1957 2123 habendum
1979 2091 2016 2123 et
2045 2087 2126 2124 ideo
2148 2087 2187 2123 in
2210 2091 2320 2133 caput
2342 2087 2418 2123 eius

1336 2143 1457 2169 servos
1486 2132 1647 2178 torqueri
1676 2143 1749 2168 non
1772 2142 1879 2178 posse
1902 2132 2003 2168 divus
2025 2131 2111 2169 Pius
2138 2132 2177 2168 in
2199 2132 2290 2169 haec
2311 2133 2420 2168 verba

1335 2178 1535 2223 rescripsit:
1577 2178 1744 2214 ‘Causam
1773 2182 1872 2214 tuam
1903 2177 1983 2213 aliis
2018 2177 2288 2223 probationibus
2317 2177 2418 2214 insti-

1337 2225 1485 2259 ‘tuere¹¹
1517 2223 1644 2259 debes:
1679 2233 1763 2258 nam
1793 2222 1838 2258 de
1859 2222 1969 2259 servis
1999 2223 2160 2268 quaestio
2191 2222 2318 2259 haberi
2346 2233 2418 2258 non

1338 2268 1473 2311 ‘debet,
1499 2279 1580 2303 cum
1602 2278 1790 2313 possessor
1812 2267 2031 2310 hereditatis,
2063 2268 2124 2329 qui
2145 2268 2291 2314 petitori
2313 2267 2419 2304 satis-

1337 2313 1456 2356 ‘dedit,
1480 2313 1622 2349 interim
1644 2313 1778 2349 domini
1800 2313 1880 2349 loco
1904 2313 2080 2349 habeatur
2094 2339 2102 2349 .

1385 2355 1436 2396 16
1467 2357 1721 2394 Moonsrnws
1755 2358 1848 2394 libro
1887 2358 1992 2393 tertio
2028 2357 2074 2393 de
2105 2358 2238 2405 poenis
2290 2356 2420 2404 Repeti

1339 2407 1354 2439 1
1402 2413 1510 2448 posse
1533 2402 1776 2448 quaestionem
1808 2402 1878 2438 divi
1901 2401 2030 2439 iratres
2053 2403 2324 2449 rescripserunt.
2370 2402 2419 2445 Is,

1337 2448 1398 2495 qui
1428 2447 1473 2484 de
1501 2458 1540 2484 se
1571 2448 1757 2484 confessus
1780 2451 1856 2491 est,
1884 2447 1922 2483 in
1945 2451 2055 2500 caput
2076 2447 2227 2484 aliorum
2250 2458 2323 2485 non
2344 2451 2419 2484 tor-

1337 2493 1521 2540 quebitur,
1545 2497 1588 2528 ut
1609 2493 1710 2529 divus
1731 2491 1819 2529 Pius
1841 2492 2036 2538 rescripsit.

1387 2536 1436 2576 17
1468 2537 1714 2574 Psmmszws
1741 2538 1832 2575 libro
1863 2542 1968 2574 sexto
1998 2537 2135 2574 decimo
2163 2548 2420 2585 responsorum

1338 2583 1509 2620 Extrario
1539 2593 1679 2628 quoque
1702 2586 1895 2619 accusante
1917 2593 2038 2620 servos
2061 2583 2099 2619 in
2121 2582 2287 2619 adulterii
2308 2593 2419 2628 quae·

1338 2630 1453 2665 stione
1492 2632 1618 2664 contra
1653 2627 1833 2664 dominum
1869 2628 2082 2674 interrogari
2118 2627 2267 2673 placuit.
2323 2627 2420 2674 quod

1338 2674 1440 2710 divus
1459 2673 1607 2710 Marcus
1631 2683 1674 2710 ac
1723 2677 1824 2709 ostea
1838 2673 2013 2709 maximus
2036 2673 2202 2719 princeps
2219 2672 2419 2710 iudicantes

1341 2723 1356 2755 1
1406 2719 1519 2755 secuti
1550 2722 1645 2754 sunt.
1718 2718 1762 2754 ed
1785 2722 1822 2755 et
1832 2719 1861 2740 ¹2
1889 2719 1928 2754 in
1951 2717 2160 2764 quaestione
2188 2717 2305 2764 stupri
2326 2717 2421 2755 servi

1339 2767 1359 2799 2
1405 2764 1576 2800 adversus
1596 2763 1776 2800 dominum
1793 2774 1866 2800 non
1881 2767 2103 2809 torquentur.
2139 2763 2195 2799 De
2211 2762 2421 2810 quaestione

1337 2809 1687 2891 ffipffi‘inl'fflsst
1708 2807 2419 2900 ἆῗηᾞῐῗὲἒῗὲἓὲῗᾶθὲῧωῖἇ

1337 2900 1383 2936 de
1416 2899 1527 2936 servis
1561 2898 1783 2936 hereditariis
1817 2899 2026 2942 habebitur,
2068 2899 2152 2945 quia
2183 2909 2258 2935 non
2293 2902 2420 2936 eontra

1338 2945 1500 2982 dominos
1531 2948 1668 2981 ceteros
1698 2943 1808 2988 filios,
1840 2943 1904 2980 sed
1931 2954 1999 2990 pro
2029 2943 2256 2981 successione
2285 2942 2420 2980 domini

1338 2989 1498 3026 defimcti
1534 2989 1728 3036 quaeritur.
1775 2989 1872 3035 quod
1910 2989 2076 3042 congruit
2104 2989 2156 3032 ei,
2190 2988 2287 3035 quod
2315 2988 2419 3025 divus

1337 3034 1542 3071 Hadrianus
1575 3033 1778 3080 rescripsit:
1819 3045 1900 3070 cum
1930 3044 2024 3070 emm
2059 3034 2099 3070 in
2126 3034 2262 3072 socium
2299 3032 2418 3071 caedis

1337 3080 1458 3117 socius
1492 3080 1754 3125 postularetur,
1795 3079 1839 3115 de
1873 3078 2052 3115 communi
2084 3089 2184 3116 servo
2217 3078 2418 3116 habendam

1337 3124 1580 3171 quaestionem
1610 3124 1810 3170 rescripsit,
1842 3124 1938 3170 quod
1960 3135 2025 3170 pro
2054 3124 2196 3161 domino
2219 3123 2418 3176 foreovide·

1337 3174 1358 3206 3
1403 3174 1514 3207 retur.
1545 3169 1602 3206 De
1618 3179 1720 3206 servo
1739 3170 1778 3205 in
1797 3169 1978 3206 metallum
1989 3169 2157 3206 damnato
2174 3173 2417 3214 quaestionem

1337 3218 1464 3252 contra
1492 3225 1592 3258 eum,
1631 3215 1691 3259 qui
1724 3214 1888 3251 dominus
1908 3214 1990 3257 fuit,
2020 3224 2093 3250 non
2115 3224 2196 3251 esse
2216 3213 2418 3251 habendam

1336 3259 1660 3342 ffipondvzzfisngc
1691 3259 1842 3340 agiigalltl
1871 3259 2064 3306 pertinere,
2094 3259 2126 3295 si
2156 3259 2260 3296 mims'
2231 3259 2239 3267 ‘
2260 3263 2354 3295 trum
2375 3269 2416 3296 se

1396 3315 1508 3342 mons
1601 3315 1619 3340 s
1665 3315 1707 3340 co
1835 3315 1889 3340 ur.

1386 3347 1436 3389 18
1461 3348 1619 3385 anws
1639 3349 1730 3386 libro
1755 3351 1880 3396 quinto
1891 3350 1919 3371 ¹⁴
1940 3349 2195 3385 sententiarum
2224 3348 2338 3387 Unius
2360 3348 2416 3385 ta-

1336 3394 1468 3432 cineris
1496 3393 1639 3447 plurimi
1669 3394 1722 3431 rei
1743 3395 1804 3448 ita·
1817 3394 1984 3448 audiendi
2006 3397 2106 3438 sunt,
2139 3398 2179 3430 ut
2200 3394 2248 3431 ab
2273 3404 2318 3432 eo
2340 3393 2415 3447 pri-

1334 3439 2016 3521 ῗᾛαὲῗὲἲρέἓᾟὶυέἳηωᾱωιοὲξὲζ
2034 3439 2414 3532 &matii

1334 3597 1526 3632 multam
1537 3599 1571 3631 F
1628 3601 1683 3640 (ιι)
1707 3597 1872 3632 instruere
1883 3599 1957 3632 odd.
2018 3600 2079 3640 (ιι)
2101 3601 2135 3632 et
2147 3600 2211 3634 dol.
2264 3600 2324 3641 (ts)
2348 3608 2413 3632 res·

1586 3647 1644 3685 (u)
1665 3656 1720 3687 pr.
1732 3660 1777 3673 =
1790 3644 1837 3678 tie.
1850 3650 1884 3677 u
1893 3657 1921 3677 c.
1934 3651 1969 3682 ις
1997 3648 2098 3683 §imo
2109 3659 2155 3674 ε-
2165 3645 2214 3679 tit.
2225 3651 2259 3679 ιο
2271 3656 2298 3678 σ-
2311 3651 2340 3678 2.
2351 3651 2380 3679 4.
2393 3651 2412 3679 s

1334 3690 1393 3731 (15)
1417 3688 1478 3730 qui
1489 3688 1639 3722 timidior
1650 3691 1685 3722 et
1695 3690 1827 3722 tenerae
1838 3688 1956 3722 aetatis
1968 3699 2035 3723 esse
2047 3688 2200 3723 videatur
2207 3689 2335 3724 Postu
