2528 3918
188 108 304 151 Lis

233 226 280 266 71
317 227 510 264 Ulmanus
534 226 625 263 libro
659 229 950 276 septuaqensimo
981 240 1076 265 nono
1108 229 1158 264 ad
1179 229 1271 265 edic-

1260 103 1345 151 860

1471 2 1477 14 N

1478 55 1547 112 ἢ

1538 126 1540 142 l

1341 227 1486 264 Priscus
1510 231 1582 265 tres
1606 229 1725 266 facere
1747 230 1928 267 existimat
1952 229 2173 275 ‘collegium'‚
2196 234 2233 266 et
2255 231 2323 267 hoc
2348 242 2420 266 ma-

186 279 259 308 tum
306 272 414 308 Aliud
432 277 487 309 est
506 274 668 318 ‘capere',
693 273 789 308 aliud
807 274 1004 328 ‘accipere'.
1043 284 1172 319 capere
1191 285 1272 309 cum
1339 273 1393 318 gis
1417 274 1636 318 sequendum
1659 278 1723 310 est.

186 318 314 354 effectu
333 318 525 363 accipitur:
551 318 726 364 accipere,
746 322 784 354 et
802 318 834 354 si
853 330 933 364 quis
956 330 1027 355 non
1048 319 1100 355 sic
1121 319 1271 364 accepit,

187 368 226 398 ut
258 363 400 399 habeat.
448 363 600 408 ideoque
627 374 700 399 non
730 362 871 399 videtur
893 364 972 409 quis
997 374 1141 409 capere,
1201 364 1272 399 uod

186 408 275 444 erit¹
300 408 545 444 restituturus:
570 408 664 443 sicut
686 409 890 453 pervenisse
911 409 1055 455 proprie
1074 408 1161 443 illud
1210 408 1271 444 ici-

195 458 206 488 ι
257 457 326 498 tur,
351 453 448 498 quod
465 457 521 492 est
539 463 795 489 remansurum.
830 454 930 489 Haec
950 454 1059 489 verba
1078 454 1144 489 ‘his
1164 454 1272 489 rebus

187 502 296 534 ‘recte
318 498 507 544 praestari'
538 498 606 534 hoc
630 498 848 543 significant,
880 509 924 534 ne
957 499 1042 543 quid
1073 498 1271 544 periculum

186 543 240 579 vel
264 543 429 579 damnum
454 554 498 579 ex
521 553 564 579 ea
586 553 626 578 re
649 543 840 589 stipulator
863 545 1020 580 sentiret.

233 586 287 625 72
318 587 367 640 ΡΑ.
375 598 471 651 πῶςι
492 588 582 648 libro
605 590 894 643 septuaqensimq
918 594 1023 625 sexto
1048 588 1097 624 ad
1119 588 1272 624 edictum

187 634 562 731 Ap'pgllgthxgffissfi
584 637 1139 726 aggoeoaexngffizmgctluzliiclum
1173 678 1273 714 Haec

186 724 296 760 verba
317 723 355 759 in
378 723 610 769 stipulatione
632 724 752 769 posita
783 726 871 759 ‘eam
895 735 970 759 rem
999 727 1096 759 recte
1120 724 1271 759 restitui’

186 769 325 804 fructus
360 768 586 805 continent²:
627 770 746 805 ‘recte’
788 769 880 804 enim
917 769 1064 804 verbum
1101 780 1167 814 pro
1208 768 1274 804 viri

186 813 272 850 boni
294 813 443 850 arbitrio
468 816 534 850 est.

233 857 286 896 74
319 858 375 894 ΡΑ
383 868 479 894 Usus
514 859 605 895 libro
642 859 798 895 secundo
836 859 886 894 ad
913 859 1067 895 edictum
1103 859 1273 894 aedilium

186 903 377 958 curulium·
399 903 620 949 Signatorius
636 905 765 940 anulus
790 904 1011 940 ‘ornamenti’
1033 904 1273 950 appellatione

186 952 535 1031 Ποῆὃοῧῖῗιιῗῃὶιῖὺῖο
559 995 722 1046 quinqua
749 994 898 1046 emimo-
914 993 964 1029 ad
989 993 1143 1030 edictum
1191 994 1272 1029 ‘Re-

186 1039 355 1075 ‘stituere‘
379 1039 410 1075 is
434 1039 592 1081 videtur,
617 1050 677 1084 qui
700 1050 711 1074 1
760 1039 933 1081 restitult,
964 1039 1060 1084 quod
1082 1039 1273 1075 habiturus

185 1089 282 1121 esset
303 1088 415 1127 actor,
440 1085 470 1120 si
494 1084 735 1120 controversia
758 1084 791 1120 ei
814 1083 912 1119 facta
935 1095 1007 1119 non
1031 1089 1135 1120 esset.

231 1127 309 1167 76³
325 1129 431 1164 Imm
452 1129 543 1165 libro
565 1129 889 1176 quinquaqensimo
906 1131 1031 1175 primo
1050 1130 1101 1165 ad
1119 1130 1272 1165 edictum

186 1175 359 1211 ‘Dedisse’
390 1174 646 1240 intelleffendus
671 1178 726 1210 est
755 1174 863 1210 etiam
885 1174 935 1218 is,
968 1175 1029 1219 qui
1059 1175 1274 1220 permutavit

184 1221 239 1256 vel
264 1219 507 1265 compensavit
533 1247 540 1254 .
816 1265 823 1271 ι

231 1263 283 1302 77
315 1264 422 1300 Imm
450 1265 541 1300 libro
574 1264 879 1310 quadraqenszmo
911 1275 1007 1300 nono
1039 1265 1089 1300 ad
1118 1265 1273 1301 edictum

186 1310 389 1356 ‘Frugem’⁸
409 1321 476 1354 pro
500 1309 618 1345 reditu
641 1309 826 1355 appellari,
851 1320 923 1345 non
947 1309 1086 1345 solum⁶
1114 1310 1271 1346 frumen-

184 1356 231 1392 tis
260 1359 325 1391 aut
354 1354 367 1389 l
436 1354 610 1397 minibus,
635 1365 758 1390 verum
780 1356 839 1390 et⁷
873 1364 916 1389 ex
939 1355 1038 1398 vino,
1070 1355 1167 1391 silvis
1192 1366 1271 1391 cae-

184 1401 276 1465 duis,
301 1400 389 1460 creti
405 1400 532 1466 odinis,
556 1399 758 1480 ὶαρίᾱίοἰξίξε
782 1400 931 1479 cipitur,
956 1400 1116 1436 Iulianus
1136 1401 1270 1480 sfcxl'ibit.

183 1446 511 1542 gatteria
528 1455 782 1526 ⁶5:313&ss
804 1449 1144 1526 233⁰f3533²35¹¹sso
1159 1457 1274 1536 233⁰:

184 1536 305 1582 fruges
329 1535 411 1571 dici.
461 1535 701 1571 ‘frumentum’
725 1538 845 1570 autem
867 1535 905 1571 id
928 1546 1018 1578 esse,
1043 1536 1139 1581 quod
1162 1537 1274 1572 arista

185 1592 224 1617 se
246 1584 385 1622 teneat,
417 1584 516 1617 recte
540 1581 683 1616 Gallum
714 1579 897 1616 definisse:
931 1581 1092 1626 lupinum
1124 1592 1205 1617 vero
1239 1585 1275 1616 et

183 1626 329 1662 fabam’
351 1625 472 1671 fruges
495 1626 616 1672 potius
641 1626 728 1669 dici,
754 1626 840 1671 quia
863 1636 935 1662 non
957 1626 1087 1669 arista,
1113 1627 1175 1662 sed
1199 1627 1273 1663 sili-

184 1682 256 1717 qua
280 1671 517 1707 continentur.
553 1682 646 1717 quae
661 1670 805 1707 Servius
828 1671 926 1716 apud
945 1671 1114 1707 Alfenum
1136 1672 1174 1707 in
1196 1671 1273 1707 fru-

183 1721 302 1753 mento
327 1715 503 1753 contineri
527 1720 642 1761 putat.

230 1759 475 1814 78·Psows
510 1762 601 1798 libro
633 1762 737 1797 tertio
770 1762 820 1798 ad
851 1761 1057 1822 Plautium,
1091 1761 1274 1815 interdum

183 1810 438 1932 ἕζᾝᾞίζὲἓῗ
458 1806 1273 1898 331033‘283330‘33„‘13:322232322503333535:

184 1908 264 1934 sum
286 1907 324 1934 es
344 1924 352 1932 .

232 1940 286 1980 79
309 1942 419 1978 Imm
437 1941 528 1978 libro
552 1945 658 1978 sexto
683 1942 733 1977 ad
756 1940 940 1977 Plautium
990 1942 1187 1987 ‘Impensae
1210 1952 1272 1978 118-

185 1987 385 2024 ‘cessariae'
417 1990 519 2030 sunt,
560 1997 653 2032 quae
684 1987 716 2022 si
743 1986 864 2022 factae
892 1997 965 2022 non
994 1987 1085 2029 sint,
1122 1998 1181 2023 res
1210 1991 1274 2023 aut

187 2036 200 2068 1
250 2033 413 2078 peritura
435 2035 499 2068 aut
521 2032 676 2068 deterior
698 2032 821 2067 futura
841 2032 898 2067 sit.
937 2032 1062 2068 ‘Utiles
1080 2032 1129 2067 im
1156 2034 1272 2069 ensas’

183 2088 263 2114 esse
294 2077 481 2113 Fulcinius
518 2077 589 2119 ait,
627 2087 718 2122 quae
755 2077 938 2112 meliorem
975 2077 1095 2114 dotem
1142 2078 1272 2121 acient,

184 2123 742 2204 ffffnssfideffififfiffiufffflsssiii
757 2122 955 2203 ⁵2:233?
979 2123 1272 2204 {iiiutzgfiffl

184 2214 282 2249 ultra
300 2179 721 2259 quamqnecesse'fuerat,
744 2213 830 2248 item
848 2179 1046 2248 doctrinam
1065 2224 1271 2258 puerorum.

184 2258 667 2350 ἓῗὶῗῖοὲοῗῧξωῗθῗέἰ
680 2258 1272 2350 ssgiffffssniussssiffiiffial‘ssipiffl

562 2331 571 2347 9

186 2359 322 2385 carere.
362 2349 400 2384 in
424 2348 481 2384 his
504 2348 553 2384 im
579 2349 673 2384 ensis
697 2353 734 2385 et
781 2348 944 2384 istrinum
967 2352 1004 2384 et
1026 2349 1194 2385 horreum
1216 2349 1271 2385 in·

185 2397 205 2430 2
251 2394 353 2430 sulae
385 2393 497 2430 dotali
527 2404 550 2429 a
577 2393 706 2430 ‘ectum
732 2360 946 2446 pYerumque
968 2394 1138 2430 dicemus.
1186 2395 1271 2431 ‘Vo-

185 2439 383 2486 ‘luptariae’
407 2443 503 2482 sunt,
527 2449 620 2484 quae
643 2449 798 2485 speciem
822 2438 1010 2474 dumtaxat
1031 2443 1171 2484 ornant,
1197 2450 1270 2475 non

185 2485 294 2521 etiam
316 2484 475 2520 fructum
497 2487 646 2530 augent:
683 2488 725 2520 ut
754 2487 840 2520 sunt
868 2484 994 2520 viridia
1018 2487 1054 2520 et
1075 2494 1190 2531 aquae
1213 2495 1272 2521 sa·

183 2530 322 2575 fientes,
346 2529 642 2574 incrustationes,
666 2529 914 2572 loricationes,
937 2529 1112 2575 picturae.

230 2572 284 2613 80
316 2574 423 2611 IDEM
453 2575 545 2611 libro
583 2586 680 2611 nono
720 2575 771 2611 ad
803 2574 988 2610 Plautium
1041 2575 1085 2610 In
1114 2575 1272 2621 generali

183 2619 395 2666 repetitione
423 2620 622 2664 legatorum
654 2620 760 2655 etiam
791 2619 897 2656 datae
933 2620 1117 2656 libertates
1156 2621 1270 2656 conti-

183 2668 315 2701 nentur
337 2675 381 2701 ex
403 2668 523 2701 mente
544 2664 633 2710 legis
656 2665 844 2701 duodecim
873 2665 1089 2701 tabularum.

231 2707 280 2748 81
307 2709 413 2746 Imm
434 2710 526 2746 libro
549 2710 687 2747 decimo
710 2711 761 2746 ad
784 2710 966 2746 Plautium
1014 2710 1103 2746 Cum
1126 2713 1272 2756 praetor

184 2755 282 2791 dicat
319 2757 371 2791 ‘ut
402 2764 493 2800 opus
522 2753 659 2791 factum
688 2755 928 2799 restituatur-⁹,
965 2755 1073 2791 etiam
1105 2755 1271 2791 damnum

184 2800 307 2836 datum
325 2803 427 2836 118101·
445 2800 617 2845 consequi
639 2800 762 2836 debet:
786 2811 870 2836 nam
886 2801 994 2837 verbo
1012 2801 1270 2838 ‘restitutionis‘

183 2845 298 2882 omnis
321 2845 459 2881 utilitas
482 2846 614 2882 actoris
639 2846 853 2882 continetur.

230 2887 285 2929 82
308 2889 416 2927 Inus!
442 2890 533 2926 libro
557 2895 689 2936 quarto
719 2891 854 2927 decimo
878 2891 930 2926 ad
952 2890 1135 2927 Plautium
1181 2891 1271 2928 Ver-

184 2937 270 2972 bum
294 2935 468 2982 ‘amplius'
492 2935 539 2971 ad
555 2945 636 2971 eum
660 2946 802 2982 quoque
824 2936 990 2989 pertinet,
1017 2936 1075 2972 cui
1098 2936 1188 2972 nihil
1210 2937 1271 2972 de-

182 2982 348 3017 betur¹²z
380 2979 489 3016 sicuti
511 2991 556 3016 ex
580 2982 759 3018 contrario
784 2982 923 3017 ‘minus’
955 2981 1111 3017 solutum
1134 2981 1273 3018 videtur

183 3026 302 3070 etiam,
326 3026 358 3062 si
378 3025 470 3062 nihil
493 3029 588 3062 esset
611 3031 787 3062 exactum.

230 3068 283 3110 83
315 3071 361 3107 ΙΑ
370 3079 543 3107 romnus
569 3071 661 3107 libro
693 3073 819 3118 quinto
849 3082 900 3108 ea:
929 3071 1075 3108 Plautio
1121 3071 1270 3118 Proprie

184 3117 303 3153 ‘bona’
327 3116 397 3152 dici
420 3126 494 3152 11011
516 3119 680 3162 possunt,
705 3127 797 3162 quae
819 3117 901 3163 plus
924 3117 1140 3154 incommodi
1164 3127 1270 3164 quam

183 3161 360 3198 commodi
383 3161 528 3198 habent.

229 3203 284 3245 84
315 3206 474 3243 Panos
508 3206 600 3242 libro
636 3206 794 3242 secundo
831 3207 882 3243 ad
923 3206 1105 3243 Vitellium
1165 3207 1270 3242 ‘Filii‘

183 3261 230 3298 ap
326 3252 423 3289 tione
446 3261 569 3288 omnes
591 3250 724 3287 liberos
750 3251 997 3298 intellegimus.

259 3296 284 3335 5
309 3296 552 3334 Manantes
579 3296 671 3333 libro
686 3297 811 3344 primo
835 3297 1055 3344 diqestorum
1101 3297 1271 3334 Neratius

593 3372 909 3377 ..-‚——....——
923 3374 926 3376 ,
951 3374 1018 3377 -ῃμ
1028 3374 1138 3377 ⁴——

182 3412 224 3454 (ι)
248 3412 298 3444 est
317 3410 398 3444 Hal.
512 3410 557 3453 (2)
581 3409 732 3443 eontinet
749 3409 785 3442 F
896 3410 941 3451 (3)
963 3426 1009 3438 ==
1029 3409 1075 3443 D.
1093 3412 1150 3453 4ο,
1169 3417 1214 3453 1²,
1234 3417 1267 3445 ιο

182 3457 228 3499 (4)
251 3454 304 3489 vel
321 3454 525 3499 permutavit
543 3454 596 3488 vel
711 3454 838 3487 enavit
860 3463 899 3487 eo
917 3454 1068 3488 nomine:
1094 3466 1171 3489 nam
1188 3457 1222 3489 et
1239 3455 1269 3488 is

183 3500 310 3534 dedisse
328 3499 575 3543 intellegendus
593 3501 642 3532 eat
660 3499 707 3532 D.
728 3499 749 3532 1.
767 3511 847 3543 qen.
970 3500 1015 3541 (5)
1038 3500 1185 3533 fructum
1204 3513 1266 3534 scr.

182 3546 230 3587 (ο)
253 3545 342 3588 quod
360 3547 420 3579 ins.
435 3546 496 3588 Ρ,
517 3545 577 3587 qui
597 3554 636 3577 ex
654 3545 856 3578 inserendum
963 3545 1008 3585 (7)
1031 3545 1121 3586 quod
1141 3547 1201 3579 ins.
1216 3544 1269 3578 F²

182 3592 229 3632 (8)
252 3591 376 3624 resins.
459 3591 503 3631 (ο)
528 3590 652 3623 savar*
718 3590 780 3632 (10)
803 3590 934 3622 tantum
948 3590 1007 3622 ine.
1086 3591 1141 3632 (11)
1164 3590 1267 3633 pasti—

183 3635 366 3669 11αῆ0ῃοῖ
427 3636 490 3676 (12)
513 3634 751 3668 deberetur?
818 3636 876 3676 (1³)
902 3632 1193 3677 qualiterqualiter
1204 3647 1266 3668 scr.

183 3681 244 3722 (14)
268 3681 388 3713 estdeL
404 3680 486 3714 Hal.
550 3682 609 3720 (15)
634 3679 867 3712 continentiF
919 3680 981 3721 (w)
995 3681 1068 3723 fuit
1080 3680 1266 3714 sestertium

184 3725 244 3767 (17)
268 3724 356 3767 quod
370 3723 478 3758 voluit
488 3734 663 3767 sequemur
674 3725 834 3759 similiave
847 3726 907 3758 ins.
972 3724 1035 3768 (18)
1057 3741 1102 3754 ι-
1114 3726 1267 3767 ὒ.31,2ι

1387 314 1441 355 86
1477 318 1621 355 Cusus
1654 319 1744 356 libro
1774 321 1899 366 quinto
1929 320 2148 366 days-storum
2202 319 2295 365 Quid
2325 321 2419 357 aliud

1336 367 1425 397 sunt
1454 363 1545 399 ‘iura
1574 363 1811 409 praediorum'
1850 375 1955 410 quam
1985 364 2132 410 praedia
2160 365 2311 410 qualiter
2322 367 2351 388 ¹³
2382 377 2422 403 se

1340 407 1525 444 habentia:
1551 414 1592 444 ut
1614 409 1766 452 bonitas,
1790 410 2000 452 salubritas,
2025 409 2243 455 amplitudo?

1387 449 1439 490 87
1474 452 1713 489 Mancuws
1741 454 1832 490 libro
1862 455 2070 491 duodecimo
2102 455 2322 501 diqestorum
2375 455 2424 491 Ut

1341 497 1492 533 Alfenus
1515 498 1583 541 ait,
1617 499 1726 534 ‘urbs’
1755 503 1811 534 est
1835 499 1984 542 ‘Roma',
2016 510 2109 545 quae
2139 510 2240 536 muro
2265 501 2295 535 c'
2346 511 2422 537 ere-

1341 546 1416 583 tur,
1450 542 1587 578 ‘Roma'
1611 545 1704 579 881Η
1727 544 1849 587 etiam,
1880 554 1952 590 qua
1974 544 2230 580 continentia¹⁵
2261 545 2424 581 aedificia

1342 592 1477 623 essent:
1510 598 1591 623 nam
1621 589 1771 624 Romam
1804 599 1875 625 non
1905 600 2006 625 muro
2030 594 2134 625 tenus
2164 590 2356 626 existimari
2379 602 2424 626 ex

1342 633 1600 669 consuetudine
1631 634 1812 669 cotidiana
1842 644 1948 679 posse
1976 634 2150 680 intellegi,
2184 646 2265 670 cum
2288 635 2422 671 dicere-

1342 688 1420 712 mus
1444 677 1595 713 Romam
1626 689 1692 714 nos
1723 679 1790 721 ire,
1829 679 1967 715 etiamsi
1997 683 2098 716 extra
2129 680 2252 716 urbem
2285 680 2423 716 habita-

1341 732 1470 758 remus.

1388 764 1441 805 88
1470 768 1614 804 Cusus
1640 768 1731 805 libro
1755 773 1880 804 octavo
1905 769 2040 804 decimo
2070 768 2289 815 diqeseorum
2335 769 2423 805 Pro-

1341 812 1531 857 pemodum
1553 817 1692 849 tantum
1715 814 1864 858 quisque
1894 813 2068 858 pecuniae
2090 813 2276 860 relinquit,
2313 825 2424 860 quan-

1343 862 1419 892 tum
1443 868 1487 893 ex
1509 859 1613 894 bonis
1637 858 1713 894 eius
1744 858 1844 894 refici
1867 862 2002 904 potest:
2034 859 2087 894 sic
2118 858 2267 895 dicimus
2291 860 2424 896 centies

1342 913 1531 938 aureorum
1543 905 1571 925 ¹⁰
1590 904 1734 945 habere,
1760 904 1820 949 qui
1840 907 1978 939 tantum
1997 904 2034 938 in
2054 903 2209 948 praediis
2228 905 2426 950 ceterisque

1343 948 1515 984 similibus
1539 949 1645 984 rebus
1665 948 1807 984 habeat.
1838 959 1911 984 non
1928 948 2021 984 idem
2040 952 2094 984 est
2116 949 2154 984 in
2176 948 2286 986 fundo
2308 949 2425 986 alieno

1342 992 1475 1037 legato,
1508 1004 1722 1038 quamquam
1746 994 1777 1030 is
1801 994 2015 1029 hereditaria
2043 993 2196 1039 pecunia
2218 995 2338 1039 parari
2361 1005 2424 1040 po-

1342 1041 1422 1073 test.
1471 1049 1586 1083 neque
1638 1038 1802 1084 uisquam
1832 1049 1928 1083 eum,
1964 1039 2023 1091 qui
2053 1039 2239 1092 pecuniam
2262 1050 2425 1075 numera-

1341 1087 1415 1162 tam
1446 1083 1583 1163 ¹Ghabet,
1615 1050 1761 1120 (habere
1798 1084 1885 1120 dicit
1925 1084 2094 1130 quidquid
2135 1094 2180 1120 ex
2217 1094 2262 1120 ea
2307 1085 2427 1130 parari

1342 1138 1388 1173 po
1407 1138 1445 1163 es
1464 1155 1472 1162 .

1389 1170 1442 1210 89
1474 1173 1702 1209 POMPONIUS
1736 1174 1827 1210 libro
1862 1178 1967 1209 sexto
2005 1174 2056 1209 ad
2089 1174 2260 1210 Sabinum
2312 1175 2426 1210 Boves

1342 1218 1454 1263 magis
1484 1219 1747 1255 ‘armentorum'
1778 1229 1884 1264 quam
1916 1219 2176 1255 ‘iumentorum’
2199 1219 2338 1264 generis
2361 1230 2425 1264 ap-

1346 1267 1358 1297 1
1410 1263 1600 1308 pellantur.
1645 1264 1725 1300 Hoc
1747 1275 1910 1300 sermone
1934 1264 2030 1299 ‘dum
2053 1267 2166 1310 nupta
2189 1265 2266 1300 erit’
2316 1264 2426 1300 rimae

1343 1310 1363 1343 2
1409 1309 1556 1354 nuptiae
1579 1309 1835 1353 significantur.
1887 1310 1985 1344 Inter
2016 1309 2143 1345 ‘edere'
2173 1312 2211 1345 et
2234 1310 2284 1345 ‘re
2309 1309 2346 1345 di
2369 1320 2426 1345 ra-

1343 1353 1482 1389 ‘tiones’
1507 1354 1657 1389 multum
1680 1354 1842 1389 interest:
1868 1365 1934 1390 nec
1957 1354 1998 1398 is,
2024 1355 2084 1400 qui
2099 1354 2204 1390 edere
2226 1354 2346 1391 iussus
2369 1355 2426 1398 sit,

1342 1399 1518 1443 reliquum
1549 1399 1698 1435 reddere
1730 1400 1853 1436 debet:
1887 1410 1970 1435 nam
2002 1404 2038 1435 et
2069 1400 2293 1444 argentarius
2322 1399 2428 1435 edere

1342 1444 1517 1480 rationem
1555 1444 1711 1488 videtur,
1751 1445 1890 1481 etiamsi
1921 1444 2018 1490 quod
2047 1445 2222 1490 reliquum
2253 1445 2301 1480 sit
2330 1445 2426 1491 apud

1342 1499 1434 1530 eum,
1459 1500 1532 1525 non
1555 1490 1681 1525 solvat.

1390 1532 1443 1572 90
1475 1534 1670 1570 ΠιΡΙΑΝυε
1688 1535 1780 1571 libro
1803 1535 1993 1571 vicensimo
2016 1536 2167 1582 septimo
2191 1535 2241 1571 ad
2253 1534 2428 1572 Sabinum

1343 1579 1412 1623 Qui
1449 1580 1514 1614 ‘uti
1551 1580 1705 1625 optimae
1740 1579 1986 1625 maximaeque
2025 1581 2120 1616 sunt'
2160 1579 2268 1616 aedes
2306 1580 2427 1624 tradit,

1342 1635 1414 1660 non
1437 1625 1507 1661 hoc
1531 1625 1618 1660 dicit
1641 1625 1846 1661 servitutem
1869 1625 1938 1661 illis
1963 1625 2093 1668 deberi,
2118 1625 2182 1662 sed
2203 1625 2292 1661 illud
2312 1626 2427 1661 solum

1342 1670 1439 1715 ipsas
1463 1669 1570 1706 aedes
1593 1670 1725 1706 liberas
1750 1680 1839 1712 esse,
1864 1670 1934 1706 hoc
1957 1675 2014 1707 est
2036 1671 2124 1707 nulli
2148 1671 2291 1707 servire.

1388 1713 1437 1752 91
1466 1715 1523 1750 ΡΑ
1531 1725 1575 1751 υι
1582 1724 1626 1750 os
1646 1715 1738 1751 libro
1754 1716 1912 1751 secundo
1927 1716 2283 1761 fideicommissorum
2315 1715 2426 1752 ‘Meo-

1343 1761 1444 1795 ‘rum’
1468 1763 1505 1796 et
1528 1761 1694 1796 ‘tuorum’
1725 1760 1964 1806 appellatione
1987 1761 2147 1797 actiones
2178 1771 2319 1807 quoque
2342 1771 2426 1797 con-

1342 1805 1447 1841 tineri
1470 1805 1660 1841 dicendum
1683 1809 1748 1841 est.

1388 1848 1442 1887 92
1472 1850 1580 1886 Imm
1614 1850 1706 1886 libro
1734 1852 1885 1898 septimo
1915 1851 2164 1897 quaestionum
2217 1850 2416 1887 ‘Proximus

1341 1898 1415 1938 est,
1456 1905 1560 1940 quem
1592 1906 1695 1932 nemo
1736 1896 1932 1932 antecedit:
1971 1896 2181 1942 ‘supremus'
2212 1899 2287 1939 est,
2322 1906 2426 1942 quem

1341 1951 1445 1976 nemo
1469 1941 1640 1986 sequitur.

1388 1983 1441 2024 93
1478 1986 1622 2022 Cessas
1650 1986 1741 2022 libro
1771 1995 1867 2021 nono
1896 1986 2032 2022 decimo
2063 1986 2283 2033 diqestorum
2336 1986 2426 2022 ‘Mo-

1342 2031 1533 2074 ‘ventium’,
1572 2031 1657 2066 item
1688 2031 1892 2067 ‘mobilium’
1925 2041 1947 2066 a
1972 2031 2166 2076 pellatione
2194 2030 2288 2068 idem
2318 2032 2426 2076 signi-

1341 2076 1507 2112 ficamus:
1533 2076 1564 2112 si
1586 2080 1707 2112 tamen
1729 2079 1881 2122 apparet
1904 2042 2113 2112 delPunctum
2135 2076 2302 2113 animalia
2324 2076 2426 2112 dum·

1341 2125 1458 2164 taxat,
1490 2121 1574 2167 quia
1607 2132 1646 2157 se
1675 2122 1755 2167 ipsa
1787 2125 1986 2166 moverent,
2021 2121 2200 2158 moventia
2226 2131 2375 2158 vocasse
2387 2123 2425 2157 ¹⁷.

1341 2167 1438 2212 quod
1460 2177 1580 2202 verum
1606 2170 1670 2203 est.

1387 2210 1442 2250 94
1456 2213 1484 2233 ¹⁸
1514 2211 1621 2247 Imm
1653 2212 1744 2248 libro
1773 2212 1964 2248 vicensimo
1995 2211 2214 2258 diqestorum
2268 2212 2427 2248 Verbum

1341 2257 1533 2293 ‘reddendi’
1550 2267 1764 2302 quamquam
1779 2256 2017 2302 significatum
2027 2257 2056 2279 ¹⁰
2071 2257 2182 2293 habet
2195 2259 2292 2294 retro
2306 2257 2426 2302 dandi,

1340 2303 1413 2338 reci
1440 2303 1469 2337 it
1490 2306 1611 2338 tamen
1635 2306 1672 2338 et
1692 2312 1758 2348 per
1779 2312 1819 2338 se
1842 2302 1952 2338 dandi
1975 2301 2279 2348 significationem.

1387 2345 1411 2385 9
1450 2348 1481 2369 ²⁰
1502 2347 1743 2383 Mammas
1770 2347 1861 2383 libro
1891 2351 2022 2393 quarto
2046 2347 2182 2383 decimo
2205 2347 2426 2395 diqcstorum

1340 2392 1465 2429 Potest
1501 2392 1738 2438 ‘reliquorum’
1776 2392 1970 2438 appellatio
2010 2395 2047 2428 et
2077 2393 2262 2429 universos
2292 2392 2425 2439 signifi-

1341 2447 1435 2474 care.

1387 2481 1440 2522 96
1469 2483 1613 2519 Cusas
1634 2482 1725 2518 libro
1749 2482 1939 2517 vicensimo
1963 2482 2089 2527 quinto
2112 2482 2333 2529 diqestorum
2363 2482 2424 2518 Li-

1340 2532 1398 2565 tus
1422 2531 1495 2571 est,
1528 2537 1643 2573 quous
1669 2537 1714 2563 ue
1736 2526 1912 2563 maximus
1934 2525 2068 2564 fluctus
2091 2537 2115 2563 a
2134 2527 2226 2563 mari
2247 2527 2424 2574 pervenit:

1339 2573 1446 2620 idque
1475 2573 1641 2609 Marcum
1695 2572 1820 2608 ullium
1851 2572 2002 2615 aiunt²¹,
2043 2583 2124 2608 cum
2154 2572 2290 2609 arbiter
2318 2576 2425 2616 esset,

1343 2622 1358 2654 1
1407 2618 1560 2664 primum
1578 2618 1806 2654 constituisse
1815 2617 1857 2652 ²².
1892 2617 2046 2653 Praedia
2060 2617 2208 2654 dicimus
2226 2618 2425 2664 aliquorum

1341 2674 1419 2701 esse
1442 2674 1515 2700 non
1547 2663 1601 2699 uti
1625 2673 1671 2699 ue
1703 2663 1937 2699 communiter
1958 2663 2166 2699 habentium
2188 2672 2251 2706 ea,
2284 2662 2348 2699 sed
2370 2664 2425 2699 vel

1342 2710 1413 2745 alio
1438 2709 1536 2745 aliud
1558 2709 1607 2744 ha
1632 2711 1724 2744 ente.

1387 2751 1439 2793 97
1458 2754 1564 2790 Imm
1584 2754 1675 2790 libro
1696 2753 1904 2801 chnst‘mo
1924 2752 2081 2790 secundo
2093 2753 2312 2801 digestorum
2336 2752 2425 2789 011111

1341 2800 1554 2846 stipulamur
1577 2802 1724 2845 ‘quanta
1746 2797 1900 2845 pecunia
1922 2808 1967 2834 ex
1988 2797 2187 2835 hereditate
2209 2797 2295 2834 Titii
2318 2797 2366 2834 ad
2387 2802 2425 2834 te

1341 2844 1575 2891 ‘pervenerit’,
1599 2854 1657 2881 res
1686 2844 1784 2898 ipsas
1808 2853 1900 2889 quae
1922 2846 2177 2890 pervenerunt,
2206 2854 2280 2880 11011
2309 2843 2425 2890 pretia

1341 2900 1463 2926 earum
1487 2900 1504 2926 s
1532 2892 1652 2926 ectare
1674 2889 1843 2925 videmur.

1386 2933 1440 2974 98
1449 2936 1480 2957 ²³
1527 2944 1609 2970 neu
1631 2935 1721 2970 libro
1741 2934 1950 2981 triqensimo
1965 2944 2062 2970 nono
2080 2933 2300 2982 diffestorum
2335 2933 2424 2970 Cum

1339 2981 1519 3017 bisextum
1537 2979 1699 3016 kalendis
1707 2980 1736 3001 ²⁴
1760 2982 1826 3022 est,
1850 2979 1940 3014 nihil
1957 2978 2077 3024 refert,
2100 2982 2222 3014 utrum
2239 2978 2360 3024 priore
2377 2988 2424 3015 an

1365 3025 1537 3062 osteriore
1567 3025 1625 3061 die
1662 3024 1741 3071 quis
1769 3027 1877 3060 natus
1907 3024 1973 3069 sit,
2013 3027 2050 3060 et
2086 3023 2210 3060 deince
2283 3027 2423 3060 sextum

1403 3070 1512 3107 endas
1540 3070 1617 3107 eius
1647 3069 1777 3106 natalis
1809 3069 1884 3106 dies
1913 3072 1984 3106 est:
2015 3078 2098 3106 nam
2120 3069 2159 3105 id
2181 3033 2328 3105 bffium
2357 3079 2423 3114 pro

1340 3126 1412 3153 11110
1451 3115 1508 3152 die
1545 3115 1708 3152 habetur.
1765 3114 1829 3151 sed
1862 3114 2042 3160 posterior
2071 3114 2147 3151 dies
2176 3113 2422 3157 intercalatur,

1340 3172 1414 3198 non
1435 3161 1549 3207 prior:
1572 3160 1653 3196 ideo
1676 3170 1747 3205 quo
1767 3169 1862 3196 anno
1881 3160 2131 3196 intercalatum
2152 3169 2226 3195 non
2247 3162 2303 3196 est
2320 3163 2422 3196 sexto

1340 3206 1512 3243 kalendas
1531 3209 1649 3249 natus,
1669 3215 1750 3241 cum
1766 3205 1945 3242 bisextum
1962 3204 2164 3241 kalendis⁸⁴
2182 3207 2248 3247 est,
2267 3205 2422 3250 priorem

1344 3255 1358 3287 1
1409 3251 1502 3288 diem
1531 3250 1686 3287 natalem
1716 3251 1837 3287 habet.
1883 3249 1972 3286 Cato
2001 3252 2107 3296 putat
2131 3259 2289 3286 mensem
2309 3249 2420 3286 inter-

1342 3297 1496 3333 calarem
1530 3295 1738 3332 additicium
1775 3305 1875 3332 esse:
1911 3304 2102 3340 omnesque
2131 3294 2209 3331 eius
2248 3293 2324 3331 dies
2353 3304 2421 3341 pro

1339 3410 1401 3453 (ιο)
1423 3408 1702 3453 significationem
1720 3408 1767 3443 D.
1792 3409 1813 3443 ι.
1833 3420 1915 3453 qam.
2077 3410 2139 3449 (20)
2164 3409 2207 3451 cf.
2230 3408 2250 3442 ι.
2272 3415 2326 3442 iso
2346 3407 2376 3441 11.
2399 3415 2420 3442 ι.

1338 3456 1397 3497 (²1)
1414 3455 1488 3500 fii!
1504 3467 1610 3489 meve
1632 3455 1742 3488 debuit
1760 3453 1862 3496 idque
1881 3453 1929 3487 Π.
1944 3450 2077 3487 ‘rullius
2094 3450 2230 3486 Gallum
2247 3451 2420 3495 Aquilium

1337 3499 1386 3533 ait
1477 3499 1542 3542 (22)
1567 3500 1609 3544 qfi
1628 3499 1739 3534 Oica-o
1759 3506 1824 3543 top.
1839 3500 1937 3541 7,³2:
1961 3496 2087 3531 solebat
2105 3496 2262 3540 Aquilius
2346 3507 2422 3531 oum

1337 3545 1377 3578 de
1388 3543 1545 3579 litoribus
1556 3546 1722 3587 ageretur,
1741 3553 1826 3587 quae
1838 3543 1950 3577 omnia
1960 3541 2097 3586 publica
2109 3552 2178 3576 esse
2188 3540 2303 3586 vultis,
2318 3551 2421 3585 quae-

1336 3589 1487 3623 rentibus
1503 3589 1556 3631 iis,
1574 3588 1617 3622 ad
1628 3599 1711 3632 quos
1721 3588 1758 3622 id
1792 3588 1967 3630 ertinebat,
1988 3587 2071 3630 quid
2088 3589 2171 3621 esset
2185 3586 2278 3630 litus,
2297 3587 2347 3621 ita
2363 3586 2421 3621 de-

1335 3635 1451 3668 finire:
1475 3644 1542 3676 qua
1561 3633 1683 3667 fluctus
1703 3633 1758 3668 8111
1782 3635 1852 3667 eret
1950 3635 2013 3674 (2³)
2039 3633 2087 3666 ad
2092 3644 2146 3676 pr.
2160 3634 2203 3677 cs:
2216 3632 2262 3666 D.
2275 3634 2308 3675 4,
2320 3639 2348 3675 ι,
2360 3638 2389 3675 8,
2402 3639 2419 3667 a

1337 3681 1399 3720 (24)
1423 3678 1582 3713 kalendas
1595 3679 1677 3714 Hal.

2496 0 2506 68 Q
2523 0 2526 62 ξ

2085 121 2147 152 DE
2177 120 2419 153 VERBORUM
2524 65 2528 195 t*

2510 203 2520 303 1

2517 396 2523 436 3.

2518 442 2523 465 5

2524 627 2528 660 ξ
