2528 3918
175 131 210 175 L
243 134 307 175 14.
337 134 388 174 15

175 255 295 290 locato
319 252 497 289 conducto
520 252 591 289 erit
613 253 718 289 actio.
767 253 876 299 plane
904 253 936 291 si
958 254 1041 291 dolo
1065 257 1102 290 et
1125 254 1262 291 callidi-

173 303 248 380 {ate
273 298 483 335 creditorem
507 298 797 342 circumvenerit,
823 298 869 335 de
891 298 974 336 dolo
999 300 1141 336 actione
1163 302 1262 336 tene-

199 344 282 379 itur.

220 386 245 427 3
270 388 378 424 Imm
402 388 493 425 libro
517 392 643 425 octavo
668 388 713 424 de
735 389 900 427 omnibus
924 390 1163 427 tribunalibus
1208 389 1264 426 De

173 434 415 479 proxenetico,
439 433 536 479 quod
560 438 597 469 et
620 434 813 477 sordidum,
837 435 955 472 solent
977 435 1161 481 praesides
1180 445 1263 480 cog-

174 489 342 516 noscere:
373 479 424 515 sic
448 484 586 522 tamen,
616 483 657 515 ut
679 484 716 516 et
738 479 776 515 in
798 479 855 516 his
878 480 1007 517 modus
1032 490 1110 516 esse
1134 480 1265 516 debeat

174 528 212 560 et
242 524 452 570 quantitatis
486 528 522 560 et
551 524 686 570 negotii
698 526 719 568 ¹,
751 525 789 561 in
821 537 892 571 quo
922 526 1072 571 operula
1098 525 1170 561 ista
1201 525 1262 561 de·

173 569 290 605 functi
313 574 399 605 sunt
422 574 458 605 et
480 570 715 606 ministerium
741 571 951 623 qualequale
971 570 1261 607 accommodave-

174 619 270 650 runt.
314 615 483 650 facilius²
514 615 611 660 quod
639 615 769 652 Graeci
792 616 1045 662 ἑρμηνευτικὸν
1068 616 1262 670 appellant,

172 660 248 705 peti
272 660 368 712 apud
391 670 453 696 eos
477 660 628 706 poterit,
660 661 691 697 si
722 661 801 706 quis
831 661 925 697 forte
957 661 1177 697 condicionis
1208 661 1263 696 vel

173 705 351 741 amiciuae
381 705 436 741 vel
465 705 678 742 adsessurae
709 706 764 742 vel
796 707 897 743 cuius
925 707 1071 742 alterius
1095 706 1262 742 huiusce-

173 750 270 786 modi
293 754 489 796 proxeneta
512 751 601 787 fuit:
630 755 715 787 sunt
738 752 832 787 enim
855 752 1056 787 huiusmodi
1080 752 1262 788 hominum

172 798 228 839 (ut
249 796 287 831 in
310 796 409 831 tam³
431 806 467 831 m
514 806 562 832 na
585 796 742 840 civitate)
767 797 942 833 officinae.
985 802 1039 833 est
1063 797 1155 832 enim
1204 808 1263 833 ro-

172 845 384 877 xenetarum
423 851 481 878 mo
508 852 569 885 us,
635 842 674 877 ui
711 841 950 895 emptionibus
987 842 1181 878 venditioni
1207 853 1262 886 us,

173 886 413 931 commerciis,
446 887 624 923 contracti
650 898 693 923 us
724 888 831 924 licitis
856 888 963 924 utiles
986 898 1060 924 non
1082 887 1173 925 adeo
1196 888 1263 924 im-

171 932 351 977 probabili
372 941 472 969 more
495 942 535 969 se
559 932 729 969 exhibent
739 933 764 968 ⁴.

666 1070 740 1109 XV
750 1069 776 1110 ⁶.

555 1136 618 1170 DE
643 1135 875 1170 GENSIBUS.

220 1200 239 1240 1
275 1201 471 1238 Uzmxzws
502 1201 594 1237 libro
618 1203 743 1248 primo
775 1202 820 1238 de
851 1202 1018 1238 censibus
1071 1201 1262 1238 Sciendum

171 1251 227 1284 est
250 1257 328 1283 esse
352 1247 525 1293 quasdam
549 1247 709 1283 colonias
732 1248 820 1283 iuris
844 1247 979 1291 Italici,
1004 1250 1045 1283 ut
1065 1251 1121 1283 est
1138 1247 1177 1283 in
1196 1247 1220 1282 S
1247 1267 1261 1274 -

169 1293 225 1328 ria
247 1292 428 1328 Phoenice
451 1292 738 1338 splendidissima
762 1293 792 1328 T
817 1293 951 1329 riorum
977 1293 1136 1335 colonia,
1167 1303 1218 1328 un
1243 1303 1263 1328 e

170 1337 257 1373 mihi
280 1338 379 1382 origo
404 1342 476 1382 est,
508 1338 638 1373 nobilis
661 1338 797 1384 regioni
823 1349 884 1382 us,
917 1339 1009 1374 serie
1036 1338 1263 1374 saeculorum

170 1383 436 1428 antiquissima,
461 1383 699 1428 armipotens,
723 1383 878 1419 foederis
903 1383 999 1428 quod
1024 1394 1106 1419 cum
1128 1383 1261 1419 Roma-

169 1428 226 1464 nis
254 1428 434 1473 percussit
462 1429 708 1464 tenacissima:
741 1429 826 1464 huic
858 1429 952 1465 enim
984 1429 1085 1465 divus
1109 1428 1261 1465 Severus

169 1478 207 1509 et
240 1473 435 1518 imperator
465 1477 589 1509 noster
619 1474 666 1509 ob
698 1475 874 1520 egregiam
907 1475 943 1510 in
972 1485 1049 1510 rem
1079 1474 1262 1519 publicam

169 1519 427 1565 imperiumque
450 1518 652 1554 Romanum
682 1519 857 1564 insignem
886 1519 993 1555 fidem
1014 1519 1072 1555 ius
1095 1520 1262 1555 Italicum

173 1563 192 1601 1
244 1564 360 1599 dedit:
394 1564 466 1600 Sed
494 1568 531 1600 et
553 1564 761 1617 Berytensis
792 1565 932 1600 colonia
961 1565 999 1600 in
1029 1565 1153 1601 eadem
1202 1575 1260 1601 ro-

168 1609 286 1645 vincia
305 1610 460 1654 Augusti
477 1609 659 1646 beneficiis
678 1611 837 1655 gratiosa
857 1614 894 1646 et
913 1613 967 1654 (ut
987 1610 1089 1646 divus
1106 1611 1164 1646 Ha
1209 1611 1260 1645 ia-

168 1665 237 1690 nus
271 1655 310 1690 in
347 1654 500 1699 quadam
537 1655 699 1691 oratione
737 1656 799 1699 ait)
829 1656 1067 1701 Augustana⁶
1107 1655 1260 1699 colonia,

169 1704 189 1735 2
237 1710 330 1745 quae
357 1701 416 1735 ius
444 1700 612 1736 Italicum
639 1701 761 1736 habet.
817 1702 885 1736 Est
916 1705 952 1736 et
980 1701 1260 1746 Heliupolitana,

169 1755 262 1791 quae
285 1755 308 1780 a
331 1744 411 1780 divo
436 1745 567 1781 Severo
596 1755 662 1791 per
690 1746 775 1781 belli
802 1746 915 1782 civflis
940 1747 1163 1782 occasionem
1186 1746 1260 1781 Ita-

169 1794 189 1826 3
236 1790 328 1826 licae
352 1791 515 1826 coloniae
538 1801 615 1826 rem
634 1791 816 1836 publicam
836 1791 988 1845 accepit.
1024 1792 1094 1828 Est
1111 1795 1147 1827 et
1163 1792 1260 1827 Lao-

169 1835 298 1871 dicena
321 1836 462 1872 colonia
484 1836 523 1871 in
547 1836 651 1883 Syria
674 1836 791 1879 Coele,
817 1837 876 1872 cui
901 1837 1002 1872 divus
1027 1837 1181 1873 Severus
1204 1837 1261 1872 ius

168 1881 334 1916 italicum
374 1881 420 1916 ob
458 1881 544 1917 belli
583 1882 694 1917 civilis
729 1882 858 1918 merita
893 1882 1082 1918 concessit.
1139 1882 1259 1918 Ptole-

168 1927 410 1962 maeensium⁷
443 1926 536 1961 enim
568 1927 728 1969 colonia,
762 1937 855 1972 quae
879 1927 973 1962 inter
996 1927 1201 1963 Phoenicen
1226 1931 1262 1963 et

168 1971 411 2007 Palaestinam
441 1972 511 2007 sita
539 1976 611 2015 est,
648 1972 738 2007 nihil
765 1976 910 2018 praeter
937 1983 1069 2008 nomen
1098 1973 1261 2009 coloniae

168 2020 190 2052 4
237 2017 357 2052 habet.
411 2016 482 2052 Sed
515 2021 551 2052 et
580 2017 771 2053 Emisenae
804 2018 938 2053 civitati
966 2018 1166 2053 Phoenices
1195 2018 1260 2053 im-

168 2066 314 2107 perator
336 2066 460 2098 noster
483 2062 538 2097 ius
563 2062 726 2098 coloniae
749 2063 847 2098 dedit
866 2063 1026 2108 iurisque
1045 2063 1162 2098 Italici
1182 2073 1261 2098 eam

169 2110 189 2142 5
236 2106 333 2142 fecit.
369 2107 439 2142 Est
456 2111 492 2144 et
509 2107 726 2154 Palmyrena
744 2108 868 2143 civitas
887 2109 923 2142 in
942 2108 1125 2153 provincia
1143 2108 1259 2144 Phoe-

167 2152 247 2188 nice
280 2162 394 2197 prope
428 2153 603 2188 barbaras
637 2156 762 2197 gentes
800 2157 837 2189 et
871 2153 1036 2188 nationes
1071 2154 1259 2189 collocata.

169 2202 189 2231 6
235 2197 279 2232 In
301 2197 508 2232 Palaestina
532 2198 624 2233 duae
648 2198 795 2233 fuerunt
819 2198 992 2241 coloniae,
1018 2198 1260 2234 Caesariensis

168 2246 205 2278 et
226 2242 331 2278 Aelia
354 2243 572 2288 Capitolina,
605 2243 669 2279 sed
699 2248 830 2279 neutra
857 2244 914 2279 ius
943 2244 1109 2279 Italicum
1138 2245 1259 2279 habet.

170 2291 187 2322 '1
236 2287 349 2323 Divus
385 2298 528 2333 quoque
556 2288 708 2324 Severus
744 2289 783 2323 in
814 2288 1049 2324 Sebastenam
1081 2289 1260 2324 civitatem

169 2336 189 2368 8
237 2333 415 2369 coloniam
438 2333 596 2368 deduxit.
632 2334 675 2369 In
698 2333 841 2369 Dacia⁸
864 2345 1005 2380 quoque
1028 2334 1261 2370 Zernensium

168 2378 310 2414 colonia
347 2388 371 2414 a
408 2378 489 2414 divo
525 2378 682 2414 Traiano
720 2379 876 2414 deducta
914 2379 1003 2415 iuris
1037 2379 1156 2414 Italici
1194 2383 1258 2415 est.

168 2427 189 2458 9
234 2423 524 2469 Zarmizegetusa
558 2434 701 2469 quoque
739 2424 898 2460 eiusdem
935 2425 1025 2460 iuris
1062 2429 1134 2460 est:
1175 2425 1259 2460 item

168 2468 392 2515 Napocensis
423 2469 590 2505 colonia⁹
619 2474 655 2505 et
678 2470 872 2515 Apulensis
897 2473 933 2506 et
955 2470 1261 2505 Patavissensium

167 2514 287 2556 vicus,
325 2515 387 2560 qui
424 2524 447 2549 a
481 2514 562 2550 divo
593 2514 726 2551 Severo
762 2515 819 2550 ius
851 2515 1015 2551 coloniae
1045 2515 1259 2560 impetravit.

171 2563 212 2595 10
258 2559 328 2595 Est
358 2563 394 2594 et
423 2560 461 2595 in
484 2560 654 2606 Bithynia
668 2562 696 2581 ¹⁰
719 2561 753 2594 A
779 2569 907 2596 amena
936 2564 974 2595 et
1002 2561 1039 2595 in
1062 2560 1181 2596 Ponto
1206 2560 1260 2595 Si-

172 2608 208 2639 li
259 2605 440 2684 iliiopensis.
488 2605 558 2641 Est
585 2609 622 2640 et
650 2605 689 2640 in
713 2605 752 2640 ci
770 2606 839 2641 'cia
862 2605 1043 2641 Selinus¹¹
1075 2610 1111 2641 et
1135 2606 1261 2641 Traia-

168 2660 215 2685 no
241 2660 262 2685 o
291 2661 319 2685 s.

266 2694 373 2730 Imm
392 2695 484 2731 libro
508 2695 700 2730 vicensimo
724 2699 851 2731 octavo
875 2695 926 2731 ad
948 2694 1123 2731 Sabinum
1163 2695 1262 2732 Vitia

167 2741 327 2786 priorum
351 2750 523 2775 censuum
547 2740 652 2776 editis
675 2741 776 2777 novis
799 2741 1085 2786 professionibus
1113 2751 1260 2777 evanes-

168 2789 264 2820 cunt

215 2828 240 2868 3
270 2830 378 2866 [osu
410 2830 502 2865 libro
533 2830 691 2866 secundo
730 2830 774 2866 de
806 2831 972 2867 censibus
1023 2832 1189 2867 Aetatem
1223 2832 1261 2867 in

169 2875 347 2911 censendo
385 2875 587 2920 significare
622 2886 771 2911 necesse
808 2880 881 2920 est,
922 2877 1007 2922 quia
1046 2877 1260 2930 quibusdam

168 2925 268 2957 aetas
292 2921 437 2962 tribuit,
467 2930 513 2955 ne
541 2921 676 2956 tributo
709 2926 920 2958 onerentur:
954 2922 1065 2957 veluti
1087 2923 1125 2957 in
1148 2922 1260 2975 Syriis

168 2976 191 3001 a
215 2965 500 3011 quattuordecim
524 2966 627 3001 aunis
651 2966 819 3009 masculi,
848 2977 871 3002 a
894 2967 1082 3003 duodecim
1106 2967 1260 3003 feminae

168 3021 283 3056 usque
326 3011 373 3046 ad
415 3012 697 3055 sexagensimum
740 3012 903 3056 quintum
947 3023 1082 3047 annum
1123 3013 1259 3048 tributo

169 3056 296 3101 capitis
328 3056 541 3102 obligantur.
595 3060 694 3091 aetas
725 3061 846 3092 autem
878 3061 1064 3103 spectatur
1093 3058 1260 3094 censendi

171 3105 186 3136 1
238 3106 409 3146 tempore.
466 3100 589 3136 Rebus
633 3111 842 3137 concessam
885 3102 1144 3138 immunitatem
1187 3113 1260 3139 non

167 3146 302 3182 habere
316 3148 344 3168 ¹²
375 3145 589 3182 intercidere
617 3147 792 3191 rescripto
824 3148 1052 3193 imperatoris
1076 3147 1191 3184 nostri
1214 3148 1259 3183 ad

168 3191 414 3272 Pelilgnianum
448 3194 546 3227 recte
579 3201 789 3237 expressum
819 3196 891 3228 est:
928 3192 1062 3238 quippe
1091 3193 1259 3246 personis

168 3237 229 3281 qui
256 3248 311 3272 em
351 3237 439 3272 data
471 3236 677 3272 immunitas
713 3247 795 3272 cum
832 3248 989 3283 persona
1026 3238 1259 3284 extinguitur,

167 3282 277 3318 rebus
301 3291 493 3327 numquam
517 3281 745 3327 extinguitur.

166 3395 209 3436 (ι)
233 3395 371 3438 negotio
392 3396 428 3429 F
552 3397 598 3437 (2)
621 3394 795 3428 difficilius
813 3408 877 3429 scr.
1016 3398 1060 3438 (3)
1085 3398 1153 3430 tam
1172 3397 1209 3430 in
1230 3397 1266 3430 F

168 3440 213 3480 (4)
237 3442 285 3474 sic
298 3441 418 3474 ordina
430 3447 462 3474 et
472 3442 606 3474 emenda
615 3453 627 3473 .·
645 3441 695 3474 De
706 3440 933 3484 proxenetico,
946 3441 1171 3485 qu[amquam]
1185 3441 1260 3486 e[s]t

169 3487 229 3523 (sic
241 3485 336 3526 Hal.)
354 3485 537 3527 sordidum,
554 3484 663 3518 solent
678 3485 844 3528 praesides
862 3495 1078 3528 cognoscere:
1102 3489 1152 3520 est
1169 3487 1259 3520 enim

168 3532 424 3573 proxenetarum
439 3530 582 3573 ssenlus,
597 3530 656 3573 qui
670 3530 895 3573 emptionibus
906 3530 1157 3565 venditionibus
1169 3542 1258 3565 com-

168 3575 299 3608 merciis
327 3574 554 3608 contractibus
584 3575 687 3608 licitis
716 3574 816 3608 utiles
846 3586 915 3608 non
938 3575 1021 3608 adeo
1045 3576 1258 3619 improbabili

168 3630 259 3654 more
281 3630 316 3653 se
339 3620 514 3654 exhibent:
538 3620 586 3653 sic
609 3623 719 3653 tamen
739 3622 778 3654 ut
797 3622 830 3653 et
847 3621 884 3653 in
904 3620 958 3653 his
976 3621 1094 3654 modus
1113 3632 1181 3655 esse
1202 3621 1257 3655 dc-

169 3664 245 3698 beat
264 3668 297 3698 et
316 3665 516 3707 quantitatis
598 3665 752 3698 officinae

216 3713 259 3750 (5)
285 3711 366 3743 Sub.
384 3718 467 3748 1...⁴;
494 3711 578 3753 Pap.
597 3719 631 3750 ⁵3
656 3711 722 3743 Ed.
741 3717 823 3745 6...8.
845 3729 891 3735 -
911 3710 997 3744 Bas.
1014 3711 1071 3752 56,
1090 3717 1117 3744 8.
1139 3727 1184 3734 —
1205 3710 1256 3754 Cf

175 3754 249 3787 C'ud.
275 3757 325 3795 11,
347 3762 380 3787 57
475 3756 519 3797 (c)
545 3756 722 3797 augustius
742 3754 794 3788 F’
888 3756 933 3800 (7)
953 3754 1211 3800 ptolemensium
1231 3756 1263 3787 F

1248 128 1341 177 '856

1498 51 1567 123 ἢ

1634 146 1697 179 nn
1725 146 2065 181 rsoxsmmms.
2110 147 2171 181 nn
2201 148 2416 184 csusmus

1379 253 1406 291 4
1429 253 1538 291 Inzu
1563 255 1655 292 lsbro
1684 258 1790 294 tertio
1819 257 1864 294 de
1891 259 2058 296 censibus
2101 259 2236 295 Forma
2258 260 2418 297 censuali

1333 303 1499 343 cavetur,
1531 304 1573 336 ut
1600 301 1676 346 agri
1706 302 1759 338 sic
1788 303 1826 339 in
1857 313 2003 340 censum
2030 304 2243 341 referantur.
2289 317 2418 342 nomen

1332 344 1434 398 fundi
1458 345 1650 391 cuiusque:
1682 350 1719 382 et
1746 348 1783 384 in
1814 359 1886 402 qua
1917 350 2060 385 civitate
2091 353 2128 386 et
2156 350 2194 385 in
2225 361 2296 396 quo
2325 361 2417 397 pago

1333 394 1397 426 sit:
1438 394 1475 426 et
1505 402 1594 436 quos
1631 391 1722 428 duos
1761 393 1895 431 vicinos
1934 395 2115 439 proximos
2150 395 2296 431 habeat.
2341 397 2420 432 et¹³

1333 446 1468 479 arvum,
1494 436 1590 481 quod
1612 437 1690 471 in¹⁴
1713 436 1836 473 decem
1856 449 1970 475 annos
1993 440 2175 485 proximos
2199 444 2317 476 satum
2340 441 2419 484 erit,

1333 484 1421 525 quot
1443 481 1604 526 iugerum
1628 481 1694 517 sit:
1724 482 1868 519 vinea¹⁶
1898 488 1986 530 quot
2013 485 2102 521 vites
2125 484 2275 522 habeat:
2307 485 2420 522 olivae

1333 529 1421 570 quot
1443 526 1605 571 iugerum
1619 528 1647 548 ¹⁶
1676 531 1712 562 et
1735 532 1823 572 quot
1845 529 1993 566 arbores
2016 530 2176 566 habeant
2187 531 2233 566 ¹⁷:
2259 534 2418 583 pratum,

1333 570 1429 616 quod
1451 571 1547 607 intra
1570 571 1693 607 decem
1717 583 1830 609 annos
1853 574 2033 619 proximos
2058 579 2196 611 sectum
2218 579 2302 619 erit,
2333 581 2420 628 quot

1331 615 1680 698 {iiissumgaffl‘ff
1704 618 1975 709 {ffissugffl
1988 630 2076 710 33⁶
2089 620 2419 702 Jssssssrtn‘zsffi

1337 710 1350 740 1
1401 706 1505 742 Illam
1541 708 1757 753 aequitatem
1793 708 1900 744 debet
1935 709 2122 746 admittere
2161 710 2336 753 censitor,
2380 714 2421 746 ut

1333 750 1454 788 officio
1484 752 1561 788 eius
1593 757 1769 798 congruat
1798 754 1948 790 relevari
1979 765 2078 799 eum,
2110 756 2171 801 qui
2199 756 2236 791 in
2267 755 2420 802 publicis

1333 797 1465 849 tabulis
1490 797 1610 834 delato
1624 799 1651 819 ¹⁸
1674 798 1779 834 modo
1803 798 1875 834 frui
1899 800 2006 836 certis
2030 810 2075 836 ex
2099 801 2218 837 causis
2241 811 2314 837 non
2330 810 2420 854 pos-

1332 843 1431 878 s1t¹⁹.
1485 853 1597 888 quare
1638 847 1673 878 et
1712 844 1743 879 si
1780 844 1857 889 agri
1919 845 2010 880 ortio
2045 845 2229 882 chasmate
2264 845 2421 892 perierit,

1333 886 1477 939 debebit
1511 898 1577 933 per
1615 888 1827 925 censitorem
1864 900 1904 925 re
1918 891 2025 925 evari.
2071 891 2103 926 si
2134 891 2225 927 vites
2258 895 2421 927 mortuae

1333 936 1405 968 smt
1437 933 1493 969 vel
1527 933 1675 969 arbores
1710 934 1886 977 aruerint,
1924 935 2085 980 iniquum
2120 946 2201 971 eum
2235 945 2421 972 numerum

1332 978 1442 1014 inseri
1476 978 1617 1014 censui:
1657 979 1754 1024 quod
1788 979 1820 1015 si
1854 980 2028 1016 exciderit
2057 981 2204 1017 arbores
2233 981 2291 1017 vel
2318 981 2420 1023 vites,

1333 1023 1443 1059 nihilo
1477 1024 1595 1059 minus
1633 1034 1715 1060 eum
1749 1035 1935 1061 numerum
1964 1025 2127 1071 profiteri
2155 1026 2319 1069 iubetur,
2360 1026 2423 1071 qui

1331 1067 1402 1103 fuit
1425 1079 1553 1105 census
1578 1073 1757 1115 tempore,
1781 1070 1850 1105 nisi
1874 1081 2020 1106 causam
2043 1070 2231 1107 excidendi
2254 1070 2423 1107 censitori

1333 1116 1353 1148 2
1401 1114 1618 1159 probaverit.
1666 1115 1702 1150 Is
1713 1116 1744 1136 2⁰
1766 1125 1868 1159 vero,
1893 1116 1954 1161 qui
2042 1127 2102 1151 um
2124 1117 2162 1152 in
2184 1116 2257 1152 alia
2278 1116 2422 1152 civitate

1332 1158 1452 1202 habet,
1477 1159 1515 1194 in
1540 1169 1583 1194 ea
1607 1160 1751 1196 civitate
1773 1160 1934 1206 profiteri
1957 1161 2001 1196 de
2028 1164 2074 1204 et,
2097 1162 2135 1197 in
2177 1171 2224 1197 ua
2243 1172 2328 1207 ager
2347 1165 2419 1197 est:

1333 1204 1409 1248 agri
1433 1205 1526 1239 enim
1549 1205 1725 1240 tributum
1747 1205 1823 1240 in²¹
1856 1216 1936 1241 eam
1959 1207 2138 1242 civitatem
2186 1207 2269 1243 ebet
2290 1206 2421 1249 levare,

1333 1252 1352 1284 3
1399 1250 1438 1284 in
1461 1250 1563 1285 cuius
1587 1251 1767 1286 territorio
1791 1251 2004 1296 possidetur.
2040 1251 2263 1297 Quamquam
2286 1252 2324 1287 in
2343 1251 2422 1297 qui·

1331 1294 1484 1330 busdam
1516 1295 1691 1331 beneficia
1720 1296 1883 1342 personis
1893 1297 1926 1318 ²2
1960 1296 2046 1332 data
2075 1297 2309 1333 immunitatis
2340 1307 2422 1332 cum

1331 1349 1487 1386 persona
1517 1340 1789 1385 extinguantur,
1827 1345 1948 1377 tamen
1979 1353 2062 1378 cum
2091 1342 2304 1387 generaliter
2331 1342 2421 1378 locis

1332 1389 1396 1420 aut
1420 1395 1502 1421 cum
1526 1385 1728 1422 civitatibus
1752 1386 1958 1422 immunitas
1967 1387 1998 1409 ²³
2021 1387 2073 1423 sic
2097 1388 2182 1423 data
2203 1387 2353 1429 videtur,
2381 1391 2422 1422 ut

1332 1433 1355 1465 4
1402 1430 1450 1465 ad
1472 1435 1638 1476 posteros
1662 1432 1939 1467 transmittatur.
1988 1432 2045 1475 Si,
2078 1443 2160 1468 cum
2183 1442 2248 1478 ego
2271 1432 2423 1468 fundum

1331 1475 1569 1521 possiderem,
1598 1476 1784 1556 professus
1814 1476 1898 1520 sim,
1930 1477 2064 1523 petitor
2093 1482 2213 1513 autem
2242 1478 2320 1514 eius
2349 1488 2420 1513 non

1332 1524 1351 1555 5
1400 1520 1509 1556 fuerit
1556 1532 1596 1557 ro
1611 1523 1734 1566 essus,
1760 1522 1938 1558 actionem
1961 1522 2014 1558 illi
2036 1532 2180 1558 manere
2202 1523 2334 1569 placet.
2380 1522 2422 1557 In

1331 1566 1442 1602 servis
1480 1566 1523 1601 de
1539 1567 1680 1602 erendis
1713 1567 1974 1603 observandum
2007 1572 2081 1610 est,
2119 1572 2162 1604 ut
2191 1572 2228 1604 et
2257 1568 2421 1604 nationes

1332 1621 1455 1647 eorum
1478 1615 1514 1646 et
1538 1616 1676 1648 aetates
1700 1616 1736 1647 et
1759 1612 1881 1648 officia
1903 1617 1942 1649 et
1963 1612 2115 1649 artificia
2136 1613 2341 1659 specialiter
2360 1612 2420 1648 de-

1332 1660 1352 1692 6
1398 1656 1572 1692 ferantur.
1620 1657 1742 1693 Lacus
1768 1668 1910 1703 quoque
1933 1659 2148 1703 piscatorios
2175 1661 2213 1694 et
2234 1662 2362 1703 portus
2384 1658 2422 1694 in

1331 1705 1350 1737 7
1401 1712 1548 1737 censum
1572 1702 1735 1738 dominus
1759 1702 1867 1739 debet
1894 1703 2045 1739 deferre.
2094 1703 2239 1739 Salinae
2269 1704 2301 1740 si
2331 1713 2423 1748 quae

1331 1751 1416 1783 sunt
1444 1747 1483 1782 in
1514 1747 1669 1793 praediis
1679 1748 1721 1792 ²⁴,
1763 1751 1799 1783 et
1835 1748 1936 1793 ipsae
1963 1749 2002 1784 in
2031 1758 2178 1784 censum
2209 1748 2422 1784 deferendae

1332 1795 1351 1827 8
1399 1796 1494 1828 sunt.
1543 1793 1581 1827 Si
1612 1793 1691 1838 quis
1714 1793 1926 1838 inquilinum
1948 1794 2006 1829 vel
2028 1793 2195 1829 colonum
2218 1804 2292 1829 non
2313 1793 2423 1829 fuerit

1331 1840 1352 1872 9
1398 1837 1595 1883 professus,
1614 1838 1764 1874 vinculis
1783 1838 2013 1875 censualibus
2031 1843 2185 1875 tenetur.
2254 1849 2323 1874 uae
2340 1842 2423 1884 post

1332 1893 1478 1918 censum
1502 1883 1636 1918 editum
1646 1884 1677 1905 ²⁵
1698 1887 1786 1918 nata
1809 1887 1873 1919 aut
1893 1887 2022 1929 postea
2040 1884 2202 1929 quaesita
2219 1887 2303 1926 sint,
2326 1884 2423 1920 intra

1330 1928 1438 1963 finem
1462 1929 1580 1974 operis
1606 1929 1842 1964 consummati
1864 1928 2149 1974 professionibus
2178 1929 2236 1965 edi
2257 1932 2420 1975 possunt.

1334 1977 1375 2008 10
1423 1973 1461 2008 Si
1482 1974 1560 2019 quis
1580 1973 1719 2009 veniam
1738 1974 1891 2019 petierit,
1916 1979 1958 2009 ut
1978 1985 2125 2010 censum
2145 1974 2214 2010 sibi
2234 1973 2422 2010 emendare

1330 2018 1576 2064 permittatur,
1610 2018 1737 2054 deinde
1765 2023 1849 2064 post
1871 2019 1941 2055 hoc
1964 2020 2194 2065 impetratum
2217 2019 2423 2065 cognoverit

1331 2074 1370 2099 se
1393 2074 1466 2098 non
1489 2063 1657 2100 debuisse
1680 2064 1751 2099 hoc
1775 2068 1914 2109 petere,
1949 2065 2034 2109 quia
2057 2075 2115 2100 res
2139 2064 2422 2100 emendationem

1330 2119 1404 2144 non
1428 2108 1673 2144 desiderabat:
1699 2109 1837 2145 nullum
1861 2109 1894 2145 ei
1915 2110 2176 2155 praeiudicium
2200 2120 2245 2145 ex
2263 2120 2307 2146 eo
2326 2109 2423 2155 quod

1330 2154 1444 2199 petiit,
1469 2158 1510 2188 ut
1534 2164 1680 2190 censum
1704 2154 1918 2199 emendaret,
1943 2154 2023 2191 fore
2041 2155 2249 2202 saepissime
2267 2155 2420 2201 rescrip-

1330 2203 1407 2234 tum
1431 2203 1497 2235 est.

1377 2243 1402 2281 5
1436 2243 1684 2280 PAPJNJANUS
1723 2245 1815 2281 libro
1853 2256 1950 2281 nono
1987 2245 2125 2281 decimo
2163 2255 2421 2292 responsorum

1331 2290 1421 2324 Cum
1443 2299 1633 2334 possessor
1656 2300 1749 2325 unus
1773 2289 1987 2335 expediendi
2015 2290 2150 2336 negotii
2173 2299 2284 2326 causa
2305 2289 2420 2326 tribu-

1330 2338 1449 2370 torum
1470 2335 1550 2370 iure
1575 2335 1844 2378 conveniretur,
1875 2335 2047 2371 adversus
2080 2339 2238 2378 ceteros,
2271 2345 2422 2379 quorum

1330 2389 1444 2425 aeque
1466 2379 1615 2459 ¹plraedia
1638 2384 1822 2422 tenentur,
1854 2381 1888 2415 ei
1919 2380 1981 2433 qui
2011 2384 2207 2418 conventus
2230 2384 2286 2416 est
2308 2380 2420 2415 actio-

1332 2435 1396 2460 nes
1421 2434 1444 2459 a
1493 2435 1555 2460 sco
1578 2428 1827 2470 praestantur,
1854 2425 1992 2461 scilicet
2015 2430 2057 2460 ut
2080 2435 2202 2461 omnes
2225 2435 2292 2470 pro
2314 2424 2421 2461 modo

1330 2469 1560 2515 praediorum
1577 2470 1766 2515 pecuniam
1783 2470 1910 2505 tributi
1931 2469 2130 2506 conferant.
2160 2480 2228 2506 nec
2247 2470 2422 2506 inutiliter

1331 2515 1492 2550 actiones
1524 2519 1773 2560 praestantur,
1806 2515 1949 2551 tametsi
1972 2514 2082 2551 fiscus
2106 2515 2295 2560 pecuniam
2318 2525 2420 2551 suam

1331 2560 1600 2605 reciperaverit‚
1673 2561 1733 2596 uia
1778 2561 1962 2596 nominum
2001 2560 2225 2597 venditorum
2266 2560 2420 2606 pretium

1334 2609 1349 2640 1
1400 2609 1587 2650 acceptum
1621 2605 1656 2641 vi
1681 2605 1771 2641 etur.
1827 2606 1898 2650 Qui
1927 2616 2000 2641 non
2032 2605 2157 2641 habita
2186 2605 2325 2641 ratione
2354 2605 2418 2641 tri-

1331 2651 1499 2686 butorum
1532 2660 1576 2685 ex
1606 2661 1718 2686 causa
1747 2650 2014 2686 fideicommissi
2042 2650 2191 2696 praedia
2212 2651 2419 2693 restituunt,

1331 2696 1507 2731 actionem
1532 2706 1576 2731 ex
1600 2695 1670 2731 divi
1692 2696 1748 2731 Pii
1771 2696 1945 2732 Antonini
1975 2696 2106 2731 litteris
2129 2696 2280 2738 habent,
2313 2705 2419 2741 quam

1332 2744 1353 2776 2
1399 2741 1518 2785 legato
1548 2751 1691 2794 quoque
1720 2741 1839 2777 soluto
1870 2742 1989 2777 locum
2017 2741 2151 2776 habere
2179 2741 2301 2776 voluit.
2336 2740 2419 2777 >Pro

1330 2786 1486 2832 pecunia
1507 2787 1645 2829 tributi,
1670 2786 1767 2832 quod
1789 2796 1858 2822 sua
1880 2786 1938 2822 die
1961 2797 2033 2822 non
2058 2790 2113 2821 est
2134 2786 2323 2828 redditum,
2347 2796 2417 2831 quo

1329 2831 1447 2866 minus
1481 2831 1667 2885 praedium
1704 2832 1783 2867 iure
1844 2831 1978 2876 ignoris
2013 2831 2254 2873 distrahatur,
2294 2830 2417 2867 oblata

1329 2880 1524 2912 moratona
1547 2877 1668 2913 cautio
1691 2887 1765 2913 non
1787 2887 1810 2911 a
1835 2877 2004 2911 mittitur:
2037 2886 2104 2912 nec
2135 2877 2301 2912 audietur
2321 2875 2417 2921 lega-

1328 2922 1442 2957 tarius
1480 2921 1732 2958 contradicens
1768 2922 1816 2957 ob
1853 2922 1991 2957 tributa
2020 2921 2207 2973 praeteriti
2237 2921 2417 2974 temporis,

1330 2966 1426 3047 ffliod
1449 2966 1553 3003 heres
1577 2967 1746 3003 solvendo
1770 2967 1818 3002 sit
1840 2971 1877 3002 et
1898 2967 1948 3009 is,
1979 2977 2040 3012 qm
2068 2966 2213 3002 tributis
2244 2965 2416 3012 recipien-

1355 3012 1385 3047 's
1408 3012 1637 3057 praepositus
1661 3012 1790 3047 fuerat.

1375 3055 1400 3094 6
1436 3057 1581 3093 Cusus
1617 3057 1710 3093 libro
1753 3057 1945 3093 vicensimo
1988 3057 2115 3102 quinto
2124 3056 2155 3078 ²⁸
2197 3055 2416 3102 diqcstorum

1330 3102 1480 3138 Colonia
1501 3102 1742 3147 Philippensis
1765 3102 1854 3137 iuris
1878 3101 1994 3137 Italici
2018 3104 2083 3136 est.

1375 3145 1398 3184 7
1428 3147 1552 3183 mes
1579 3147 1670 3183 libro
1699 3151 1806 3183 sexto
1835 3147 1885 3183 ad
1908 3147 2021 3193 leqem
2045 3145 2179 3181 Iuliam
2201 3148 2237 3180 et
2259 3144 2415 3192 Papiam

1327 3192 1421 3228 Iuris
1444 3192 1562 3227 Italici
1585 3196 1670 3228 sunt
1695 3192 1811 3228 Troas
1835 3192 1989 3238 Berytus
2013 3190 2251 3238 Dyrrachium
2260 3190 2302 3226 ²⁷.

1375 3235 1400 3275 8
1427 3236 1586 3273 Psvzvs
1615 3237 1708 3273 libro
1736 3237 1894 3274 seeundo
1924 3236 1970 3272 de
1997 3236 2163 3273 censibus
2206 3235 2250 3271 In
2272 3235 2416 3271 Lusita-

1327 3283 1390 3319 nia
1411 3282 1590 3318 Pacenses
1613 3285 1652 3318 et
1673 3282 1915 3319 Emeritenses
1939 3281 2027 3317 iuris
2049 3280 2164 3316 Italici
2188 3284 2283 3316 sunt.
2323 3280 2416 3316 idem

1329 3398 1373 3437 (8)
1397 3397 1446 3430 sic
1461 3396 1614 3429 Cuiacius
1625 3396 1799 3429 secundum
1813 3395 1859 3436 B,
1874 3394 2001 3428 indicia
2013 3394 2047 3427 F
2131 3395 2177 3436 (⁹)
2201 3392 2351 3427 coloniae
2362 3393 2397 3427 F
2401 3393 2415 3414 ²

1329 3443 1389 3482 (lo)
1413 3439 1545 3474 colonia
1557 3442 1617 3474 ins.
1634 3440 1685 3474 F²
1767 3443 1823 3480 (n)
1847 3450 1933 3483 quae
1946 3441 2005 3474 ins.
2023 3439 2191 3473 Cluverius
2274 3439 2335 3481 (12)
2358 3438 2406 3472 de

1327 3485 1405 3519 bere
1418 3485 1468 3519 Γ*
1560 3487 1620 3527 (13)
1645 3485 1687 3518 ad
1699 3487 1759 3519 ins.
1775 3486 1811 3519 F
1892 3486 1952 3527 (u)
1976 3484 2066 3518 intra
2083 3485 2156 3517 edd.
2250 3486 2309 3525 (¹5)
2333 3487 2417 3525 quot

1327 3531 1481 3573 iugerum
1500 3529 1545 3563 sit
1564 3533 1598 3563 et
1617 3532 1677 3565 ins.
1805 3533 1865 3570 (ιο)
1889 3530 1958 3563 sint
1978 3530 2039 3563 ins.
2166 3531 2224 3568 (ιτ)
2247 3527 2370 3562 habeat
2389 3529 2423 3562 F

1328 3578 1389 3618 (18)
1414 3575 1520 3609 relato
1532 3588 1595 3609 scr.
1672 3578 1731 3616 (¹9)
1756 3574 1910 3618 possetF
1979 3576 2042 3615 (ιο)
2067 3573 2159 3607 isiF
2218 3575 2278 3615 (ιι)
2301 3573 2418 3607 iudet.

1331 3621 1485 3655 &tacius
1600 3623 1662 3662 (υ)
1688 3630 1889 3663 quamquam
1908 3619 2106 3662 quibusdam
2124 3619 2275 3661 personis
2292 3617 2427 3651 benefl-

1325 3666 1379 3698 cia
1390 3677 1453 3699 ser.
1543 3668 1605 3707 (2³)
1628 3665 1729 3698 datur
1740 3667 1800 3699 ins.
1891 3668 1954 3702 (2⁴)
1978 3664 2153 3707 praesidiis
2163 3664 2198 3696 F
2278 3665 2344 3704 (25)
2365 3664 2418 3696 sic

1331 3711 1484 3743 C'uiacz'us
1503 3722 1572 3743 cum
1594 3711 1639 3751 B,
1662 3710 1808 3743 edictum
1829 3710 1863 3743 F
1972 3712 2036 3751 (2⁶)
2061 3708 2180 3751 quinto
2200 3708 2328 3742 decimo
2348 3706 2412 3748 F',

1326 3755 1505 3789 vicensimo
1522 3756 1675 3789 cuiae-ius
1760 3760 1822 3798 (ιτ)
1849 3756 1971 3800 Τρωαε
1989 3756 2147 3795 Bao-w.-
2165 3755 2365 3797 Δυρραχιον
2381 3751 2417 3784 Γ
