2528 3918
181 105 343 149 XXXV
375 108 399 147 1

1247 97 1333 146 498

1545 134 1557 143 xc

1557 144 1589 155 k
1642 150 1645 155 .

1974 112 2037 144 DE
2065 110 2416 144 connlclonnms

867 368 1047 418 LIBER
1075 365 1434 418 TRIGESIMUS
1466 364 1735 427 QUINTUS.

693 497 749 537 1¹.

183 564 244 597 DE
281 561 637 596 conmoiomus
676 563 736 595 ET
778 562 1268 595 DEMONSTRATIONIBUS

180 609 242 642 ΕΤ
265 608 421 641 CAUSIS
444 607 504 641 ΕΤ
528 607 668 640 MODIS
691 607 862 648 EORUM,
887 608 1010 644 QUAE
1034 607 1086 640 IN
1109 607 1268 640 TESTA-

481 652 641 686 LOENTO
665 652 963 685 SCRIBUNTUR.

230 717 249 757 1
279 718 510 755 Poueomvs
540 717 631 754 libro
673 718 777 753 tertio
818 716 869 753 ad
901 717 1071 761 Quintum
1106 716 1268 754 Mucium

179 764 324 818 Legatis
345 774 437 809 quae
455 763 728 808 relinquuntur²
748 766 812 798 aut
829 762 903 798 dies
922 763 1081 799 incertus
1099 766 1164 798 aut
1183 773 1268 798 con-

180 810 274 846 dicio
297 809 515 845 adscribitur
527 812 602 852 aut,
628 808 659 843 si
683 807 911 843 nihilhorum
923 808 1059 843 factum
1082 808 1139 852 sit,
1163 819 1268 853 prae-

184 859 196 890 1
248 855 365 892 sentia
387 858 487 898 sunt,
518 853 589 889 nisi
612 853 644 888 si
672 854 706 888 vi
734 853 814 898 ipsa
843 853 1005 889 condicio
1033 853 1132 889 insit.
1180 853 1268 889 Cum

181 900 258 936 dies
282 903 402 936 certus
426 899 630 944 adscriptus
652 902 718 942 est,
743 898 903 943 quamvis
927 898 1003 934 dies
1026 898 1186 934 nondum
1209 909 1266 933 ve-

180 945 284 989 nerit,
308 944 398 981 solu‘
423 948 543 980 tamen
565 947 729 989 possunt,
755 943 839 988 quia
852 947 990 979 certum
1012 947 1068 979 est
1079 954 1123 979 ea
1146 943 1269 979 debitu

180 993 201 1026 2
247 989 303 1026 iri.
349 989 439 1026 Dies
468 994 587 1024 autem
615 989 775 1024 incertus
804 992 874 1032 est,
905 999 987 1024 cum
1018 988 1071 1024 ita
1099 989 1270 1024 scribitur

180 1036 296 1072 ‘heres
318 1045 419 1070 meus
444 1045 526 1070 cum
548 1034 736 1078 morietur,
768 1032 891 1069 decem
915 1034 1028 1069 dato':
1063 1043 1148 1069 nam
1176 1034 1267 1069 diem

178 1081 355 1117 incertum
377 1090 474 1116 mors
497 1079 607 1114 habet
631 1079 719 1114 eius.
766 1081 803 1114 et
818 1078 900 1114 ideo
925 1079 1162 1124 silegatarius
1186 1082 1269 1114 ante

180 1125 384 1170 decesserit,
409 1124 456 1160 ad
479 1124 646 1160 heredem
658 1124 735 1160 eius
752 1123 909 1168 legatum
931 1134 1005 1159 non
1021 1124 1160 1168 transit,
1186 1124 1270 1168 quia

180 1181 252 1207 non
275 1171 383 1206 cessit
406 1170 481 1206 dies
504 1169 582 1205 vivo
606 1180 660 1213 eo,
686 1168 845 1213 quamvis
870 1173 1007 1204 certum
1029 1169 1139 1204 fuerit
1160 1169 1269 1205 mori-

180 1219 200 1252 3
247 1219 369 1251 turum
402 1214 581 1251 heredem.
646 1216 744 1250 Inest
772 1217 892 1249 autem
928 1214 1090 1250 condicio
1125 1214 1234 1259 legati
1244 1215 1268 1258 ³,

180 1260 289 1297 veluti
318 1271 400 1296 cum
427 1261 479 1295 ita
507 1260 682 1304 legamus:
726 1258 833 1304 ‘quod
861 1269 905 1294 ex
934 1260 1118 1295 Arescusa
1146 1263 1270 1294 natum

181 1306 310 1350 ‘fuer-it,
333 1305 438 1341 heres
463 1305 559 1340 dato'
584 1308 648 1340 aut
660 1304 822 1348 ‘fructus,
847 1304 910 1349 qui
932 1314 977 1340 ex
995 1315 1038 1340 eo
1062 1304 1174 1340 fundo
1187 1315 1269 1350 per-

180 1351 287 1396 ‘cepti
303 1350 446 1394 fuerint,
471 1351 575 1385 heres
598 1350 692 1385 dato'
718 1353 782 1385 aut
806 1351 968 1394 ‘servum,
994 1360 1099 1395 quem
1118 1349 1182 1385 alii
1197 1361 1271 1386 non

181 1396 205 1432 ‘l
271 1406 366 1439 vero,
391 1395 472 1431 Seio
497 1395 606 1430 dato’,

283 1440 478 1477 ULPIANUs
488 1440 579 1475 libro
598 1441 724 1486 quinto
742 1439 792 1475 ad
802 1438 978 1476 Sabinum
1013 1439 1271 1476 Condicionum

180 1486 356 1532 quaedam
379 1489 474 1529 sunt,
498 1495 591 1530 quae
609 1485 823 1530 quandoque
836 1485 975 1530 impleri
999 1489 1153 1531 possunt
1163 1485 1270 1522 etiam

179 1532 258 1567 vivo
281 1534 465 1574 testatore,
489 1534 530 1565 ut
552 1534 643 1575 puta
667 1530 708 1566 ‘si
722 1530 823 1565 navis
836 1540 882 1565 ex
904 1530 994 1566 Asia
1017 1530 1174 1574 venerit’,
1187 1541 1270 1566 nam

181 1576 394 1622 quandoque
417 1575 553 1611 venerit
575 1575 692 1628 navi-s,
712 1575 915 1611 condicioni
932 1576 1090 1621 paritum
1111 1575 1269 1629 vid-eturg

180 1621 496 1703 &umam
523 1631 727 1711 ssssnossssso
744 1625 816 1700 31⁸1ss
834 1623 1197 1702 ἜὲἓίῗθέῗῗΫῗΕ
1229 1623 1272 1701 ἱῗέ

204 1712 343 1748 aruisse
389 1711 446 1747 uis
471 1710 673 1747 condicioni
698 1710 877 1755 videatur,
907 1711 1015 1747 etiam
1044 1711 1135 1747 scire
1166 1711 1271 1747 debet

205 1768 273 1793 anc
296 1767 366 1793 con
392 1756 542 1792 ’cionem
565 1756 752 1792 insertam:
776 1766 860 1791 nam
883 1756 915 1792 si
937 1756 1013 1792 fato
1037 1756 1173 1801 fecerit,
1198 1767 1270 1792 non

179 1802 319 1838 videtur
343 1803 608 1847 obtemperasse
631 1801 817 1837 voluntati.

224 1845 250 1885 3
274 1847 384 1883 IDEM
401 1847 492 1882 libro
515 1850 621 1882 sexto
651 1846 700 1882 ad
722 1845 897 1882 Sabinum
945 1845 1110 1891 Optinuit
1137 1846 1270 1892 impos-

179 1891 559 1973 {ibglesdgsndiciones
586 1894 801 1928 testamento
834 1890 1037 1937 adscriptas
1065 1903 1132 1938 pro
1161 1891 1270 1927 nullis

205 1948 227 1973 a
252 1948 297 1974 en
367 1965 375 1972 .

225 1982 251 2020 4
277 1983 506 2018 ΡοΜΡοΝισε
527 1981 617 2018 libro
648 1981 753 2017 tertio
784 1981 835 2017 acl
856 1980 1031 2018 Sabinum
1078 1980 1117 2017 Si
1139 1981 1196 2017 his
1219 1981 1269 2016 le-

178 2032 301 2074 gatum
324 2031 395 2071 est,
426 2026 557 2072 quibus
580 2029 756 2072 patronus
779 2026 898 2071 legata
926 2029 1104 2072 praestat,
1134 2030 1270 2072 tempe-

178 2084 260 2109 rare
289 2073 396 2108 debet
428 2076 575 2117 praetor
609 2071 869 2115 condicionem,
905 2076 946 2107 ut
979 2075 1016 2107 et
1044 2075 1198 2116 patrono
1235 2075 1271 2107 et

178 2118 371 2155 heredibus
395 2117 540 2162 scriptis
565 2127 632 2162 pro
644 2117 808 2162 portione
820 2117 951 2152 dentur
974 2116 1194 2152 condicionis
1207 2127 1268 2152 ex-

184 2167 197 2199 1
245 2163 398 2216 plendae
421 2162 548 2215 gratia.
596 2161 635 2197 Si
661 2162 715 2197 ita
743 2162 917 2214 scriptum
939 2162 1003 2197 sit:
1035 2161 1077 2197 ‘si
1099 2162 1137 2214 in
1166 2162 1269 2207 quin-

180 2212 568 2290 33332¹²1¹1¹1¹⁰sei113³1²1¹e¹¹122
574 2207 688 2287 {¹322
706 2206 1270 2288 ᾒέἰ“ῗτῑιῗιῗὲ“ἒῃιὲοῗῃοῖἲΐῐιξὲῗῖ

179 2310 251 2335 ιιοιι
280 2298 402 2334 statim
434 2296 538 2351 §eise
567 2279 702 2350 decem:
719 2296 856 2341 deberi,
892 2297 981 2349 quia
1006 2296 1066 2332 hic
1094 2280 1267 2334 articulus

179 2344 277 2379 ‘tum'
301 2346 451 2379 extremi
497 2352 705 2388 umquennn
726 2345 799 2378 tem
825 2352 868 2378 us
891 2340 1080 2387 slgmficat.

224 2387 250 2427 5
274 2387 483 2424 PAULUs‘li
504 2398 547 2423 ro
569 2387 727 2423 secundo
751 2398 774 2422 α
823 2386 998 2423 Sabinum
1041 2386 1267 2423 Condicioni-

178 2435 246 2471 bus
269 2433 429 2480 pupillus
452 2436 488 2469 et
511 2432 588 2468 sine
609 2432 740 2468 tutoris
764 2431 978 2468 auctoritate
990 2442 1118 2485 parere
1134 2437 1266 2477 potest.

178 2490 245 2516 nec
292 2489 374 2515 uem
395 2477 545 2522 moveri,
576 2477 672 2523 quod
696 2477 840 2523 expleta
868 2476 1078 2513 condimone
1100 2487 1267 2514 necessa-

178 2525 254 2561 rius
303 2534 381 2560 eres
405 2522 598 2568 aliquando
622 2532 701 2559 esse
723 2525 858 2568 potest:
887 2530 973 2558 nam
1002 2522 1072 2558 hoc
1099 2522 1178 2558 iure
1200 2534 1266 2569 po-

181 2576 197 2605 l
255 2569 398 2606 testatis
436 2568 530 2613 fieri,
571 2578 644 2603 non
684 2567 904 2604 condicionis
943 2568 1120 2613 expletae.
1176 2567 1266 2604 Item

178 2625 301 2651 servus
325 2613 382 2650 vel
403 2613 499 2649 filius
522 2612 676 2649 familias
700 2613 777 2649 sine
798 2612 901 2649 iussu
924 2613 1038 2658 patris
1061 2613 1117 2649 vel
1134 2612 1266 2649 domini

178 2659 424 2741 gxonddicionem
451 2658 599 2704 implere
627 2661 796 2704 possunt,
831 2657 917 2703 quia
950 2667 993 2694 eo
1028 2657 1126 2694 facto
1160 2669 1265 2695 nemo

212 2714 259 2740 au
285 2708 377 2740 atur.

224 2748 250 2788 6
277 2750 505 2784 Poupomvs
524 2748 615 2784 libro
640 2749 744 2784 tertio
769 2747 819 2784 ad
841 2747 1016 2785 Sabinum
1060 2747 1179 2784 Multa
1194 2751 1266 2785 tes-

180 2798 335 2830 tamento
359 2804 431 2830 non
457 2794 689 2829 committitur
712 2794 758 2829 ab
781 2792 913 2829 herede
935 2793 991 2829 vel
1014 2793 1188 2838 legatario
1211 2794 1268 2830 vel

179 2850 223 2876 eo
246 2840 307 2885 qui
330 2849 377 2875 ex
400 2838 526 2874 ultima
548 2838 730 2875 voluntate
754 2837 889 2883 aliquid
910 2838 1083 2881 lucratur,
1116 2839 1178 2884 qui
1201 2839 1266 2874 ali-

180 2885 282 2921 cuius
306 2884 482 2920 arbitratu
505 2887 771 2920 monumentum
794 2883 914 2919 facere
943 2883 1064 2920 iussus
1089 2883 1152 2927 sit,
1182 2884 1214 2920 si
1236 2885 1267 2921 is

181 2930 284 2966 cuius
307 2929 493 2965 arbitrium
518 2932 573 2964 est
600 2939 673 2964 non
695 2929 790 2964 vivat
818 2928 874 2964 vel
903 2928 1030 2965 adesse
1058 2939 1130 2964 non
1153 2929 1269 2974 possit

183 2980 198 3010 ι
248 2978 312 3010 aut
334 2974 386 3010 rei
410 2974 577 3009 arbitrari
599 2974 698 3009 nolit.
746 2973 784 3009 Si
807 2983 929 3010 servos
954 2977 1071 3010 certos
1089 2974 1167 3019 quis
1191 2985 1266 3010 ma-

179 3019 400 3061 numisisset,
437 3019 541 3054 heres
575 3029 654 3054 esse
684 3019 805 3055 iussus
836 3022 926 3055 erat.
1002 3019 1192 3055 uibusdam
1223 3030 1268 3055 ex

180 3065 236 3101 his
260 3068 344 3100 ante
368 3063 516 3100 mortuis
540 3063 709 3100 Neratius
733 3064 919 3110 respondit
941 3063 985 3100 de
1013 3064 1045 3099 ci
1076 3074 1158 3100 eum
1182 3075 1266 3101 con-

180 3109 320 3146 dicione
342 3119 410 3145 nec
432 3108 655 3152 aestimabat,
705 3119 807 3145 arere
828 3112 953 3155 posset
976 3108 1178 3145 condicioni
1200 3120 1267 3146 nec

180 3166 237 3191 ne.
283 3154 348 3191 sed
371 3153 514 3190 Servius
545 3164 675 3198 respon
704 3154 747 3196 't‚
779 3165 860 3190 cum
887 3154 940 3190 ita
970 3157 1066 3190 esset
1093 3154 1267 3200 scriptum

181 3200 224 3236 ‘si
246 3199 321 3235 fllia
343 3203 380 3235 et
402 3203 517 3234 mater
539 3208 618 3233 mea
640 3199 767 3234 vivent’
792 3199 907 3235 altera
928 3199 1000 3234 iam
1017 3202 1170 3244 mortua,
1194 3210 1267 3236 non

181 3244 285 3281 defici
308 3243 526 3281 condicione.
574 3243 667 3279 idem
683 3248 738 3279 est
760 3248 797 3279 et
819 3244 916 3289 apud
929 3244 1134 3280 Labeonem
1150 3245 1265 3290 scrip-

180 3295 267 3325 tum.
316 3289 469 3325 Sabinus
494 3298 635 3334 quoque
658 3292 694 3324 et
718 3289 863 3325 Cassius
895 3289 998 3334 quasi
1028 3289 1266 3335 impossibiles

180 3345 241 3371 eas
266 3334 493 3371 condiciones
517 3334 554 3369 in
576 3337 788 3370 testamento
827 3334 936 3370 ositas
949 3345 1016 3380 pro
1030 3344 1104 3371 non
1122 3334 1265 3381 scriptis

181 3390 271 3423 esse,
320 3389 387 3415 uae
410 3378 587 3415 sententia
609 3378 781 3414 admitten
807 3390 829 3414 a
853 3383 917 3415 est.

227 3422 251 3461 7
312 3434 477 3460 hmanas
497 3424 588 3460 libro
609 3428 735 3459 octavo
749 3424 885 3459 decimo
909 3423 960 3459 ad
970 3423 1145 3461 Sabinum
1182 3424 1265 3461 Mu-

181 3468 306 3505 cianae
336 3468 510 3510 cautionis
545 3468 681 3505 utilitas
723 3468 887 3504 consistit
915 3469 953 3504 in
982 3468 1265 3513 condicionibus,

182 3524 273 3559 quae
295 3514 333 3550 in
356 3524 428 3550 non
450 3513 614 3550 faciendo
637 3515 723 3550 sunt
745 3517 955 3558 conceptae,
986 3518 1027 3549 ut
1048 3517 1138 3560 puta
1161 3514 1206 3551 ‘si
1227 3514 1266 3551 in

226 3630 265 3671 (1)
290 3628 372 3663 Sub.
393 3635 493 3662 2...42.
518 3635 590 3667 1o⁶;
624 3627 690 3662 Ed.
713 3633 738 3662 ι.
762 3633 883 3661 ⁴³...s⁹.
907 3634 977 3666 1053
1019 3627 1104 3671 Pap.
1126 3634 1262 3662 70...ιο4,

180 3680 251 3713 10⁴1:
283 3674 338 3717 Δρ
363 3698 371 3705 .
391 3679 539 3708 108...us.
558 3690 605 3697 —
623 3673 708 3707 Bae.
725 3673 782 3713 44,
801 3678 847 3709 ιο.
865 3689 912 3696 -
934 3672 984 3716 Cs-
1002 3672 1078 3705 cod.
1101 3674 1134 3712 6,
1154 3679 1262 3707 44...4ο

182 3719 224 3756 (2)
248 3721 307 3751 sut
347 3719 392 3751 ‘en
407 3720 516 3751 certus
531 3718 590 3751 inu-
704 3716 748 3758 (³)
770 3715 889 3762 legatis
901 3717 977 3751 dett.
1085 3719 1127 3757 (4)
1151 3717 1265 3759 potin·

1336 490 1563 537 ‘Capitolium
1592 501 1665 527 non
1694 491 1905 527 ascenderit’
1936 491 1976 527 ‘si
2000 489 2161 526 Stichum
2192 500 2265 525 non
2294 500 2417 526 manu-

1337 537 1495 572 ‘miserit'
1520 540 1557 572 et
1578 535 1617 571 in
1639 536 1830 572 similibus:
1855 541 1892 572 et
1913 536 1965 571 ita
1988 535 2149 571 Aristoni
2171 539 2208 571 et
2220 535 2367 571 Neratio
2385 541 2421 571 et

1338 582 1475 618 Iuliano
1505 582 1623 617 visum
1651 585 1724 618 est:
1762 592 1855 627 quae
1889 580 2065 617 sententia
2099 584 2135 615 et
2169 580 2420 616 constitutione

1338 627 1408 662 divi
1419 627 1475 662 Pii
1499 627 1731 672 comprobata
1753 631 1818 662 est.
1866 636 1932 662 nec
1943 625 2058 662 solum
2071 626 2110 660 in
2132 625 2257 670 legatis
2273 625 2419 670 placuit,

1337 682 1460 708 verum
1490 672 1528 706 in
1557 671 1814 707 hereditatibus
1844 681 1986 725 quoque
2020 671 2113 706 idem
2142 671 2335 706 remedium
2357 671 2420 706 ad-

1341 721 1355 753 1
1405 717 1552 752 missum
1581 720 1647 752 est.
1694 716 1796 752 Unde
1833 727 1863 752 ει
1895 727 1986 752 uxor
2016 716 2181 751 maritum
2211 726 2332 759 suum,
2363 716 2422 751 cui

1338 762 1457 798 dotem
1485 761 1713 807 promiserat,
1742 762 1794 797 ita
1823 762 1989 797 heredem
2020 761 2204 806 scripserit
2233 771 2279 796 ex
2301 764 2420 806 parte:

1340 807 1383 843 ‘si
1406 807 1535 850 dotem,
1559 817 1666 852 quam
1689 806 1721 842 ei
1745 806 1901 852 promisi,
1925 817 2040 852 neque
2062 806 2205 852 petierit
2223 816 2337 851 neque
2361 817 2419 842 ex-

1339 852 1484 897 ‘egerit',
1515 852 1725 887 denuntiare
1748 863 1829 887 eum
1852 862 1959 931 posse
1991 851 2156 887 coheredi
2185 857 2352 897 paratum
2383 862 2422 886 se

1338 908 1423 933 acce
1449 901 1487 932 to
1516 896 1635 932 facere
1667 897 1785 932 dotem
1815 907 1857 932 ve
1902 906 2026 932 cavere
2057 900 2093 932 et
2115 896 2167 931 ita
2195 896 2294 932 adire
2317 907 2422 941 posse

1338 944 1423 978 here
1450 942 1582 978 ‘tatem
1618 942 1681 978 sed
1704 942 1735 978 si
1758 952 1803 977 ex
1826 952 1906 977 asse
1926 941 1974 977 sit
1987 941 2171 977 institutus
2194 942 2343 977 maritus
2356 942 2422 977 sub

1338 999 1382 1023 ea
1405 987 1626 1040 condicione,
1652 987 1818 1040 quoniam
1842 997 1914 1022 non
1938 990 1994 1022 est
2017 986 2081 1039 cui·
2100 990 2233 1029 caveat,
2262 997 2334 1022 non
2349 987 2421 1039 ‘im-

1337 1031 2216 1123 Pssssgflfigssffiztssz1ffffiffiissgessffrfito‘ff‘zffi'fl
2229 1041 2423 1122 efflas

1338 1122 1455 1169 possit
1478 1122 1523 1158 de
1546 1122 1630 1158 dote
1653 1122 1841 1158 convenire
1863 1121 1941 1167 ipse
1964 1120 2128 1157 adeundo
2151 1121 2395 1157 hereditatem.

1385 1165 1410 1206 8
1436 1167 1665 1203 Pomomvs
1692 1167 1783 1203 libro
1813 1168 1939 1213 quinto
1969 1167 2019 1202 ad
2048 1166 2220 1203 Sabinum
2276 1166 2315 1202 Si
2345 1166 2423 1211 quis

1338 1213 1390 1248 ita
1412 1213 1599 1258 legaverit:
1632 1212 1727 1247 ‘dum
1757 1223 1850 1248 uxor
1878 1221 1958 1247 mea
1987 1222 2068 1247 cum
2098 1212 2172 1247 filio
2205 1211 2290 1255 erit,
2321 1211 2423 1248 heres

1341 1261 1451 1294 ‘meus
1482 1258 1516 1293 ei
1543 1261 1682 1293 tantum
1705 1257 1821 1302 dato',
1852 1257 1883 1293 si
1912 1267 1956 1293 ea
1982 1257 2127 1292 latitans
2156 1261 2347 1302 patronum
2381 1257 2425 1292 de

1339 1304 1454 1339 medio
1480 1303 1654 1347 discessit,
1679 1307 1719 1338 ut
1742 1306 1862 1338 tamen
1878 1302 2064 1338 consilium
2083 1302 2252 1338 retineret
2271 1302 2424 1338 habendi

1339 1360 1460 1385 secum
1483 1349 1627 1391 liberos,
1652 1348 1774 1384 deberi
1796 1348 1830 1384 ei
1852 1348 2006 1393 legatum
2031 1347 2222 1383 Trebatius
2245 1351 2281 1382 et
2302 1348 2425 1384 Labeo

1339 1394 1458 1437 aiunt,
1490 1394 1575 1439 quia
1597 1404 1669 1429 non
1701 1403 1804 1429 omne
1827 1397 2043 1428 momentum
2072 1393 2282 1437 exigendum
2311 1393 2359 1428 sit
2385 1397 2426 1428 ut

1340 1450 1420 1475 cum
1445 1439 1566 1475 liberis
1590 1440 1647 1483 sit,
1671 1438 1735 1475 sed
1758 1439 1790 1474 si
1812 1448 1890 1474 eam
1914 1442 2065 1474 mentem
2088 1442 2124 1473 et
2145 1438 2183 1473 id
2204 1438 2425 1484 propositum

1339 1486 1481 1538 habeat,
1505 1494 1551 1519 ne
1571 1484 1684 1519 filium
1703 1494 1726 1519 a
1748 1487 1860 1537 semet
1879 1483 2033 1518 dimittat
2045 1493 2132 1519 neve
2155 1493 2220 1528 per
2242 1493 2321 1519 eam
2344 1487 2425 1527 stet,

1341 1541 1412 1612 qug
1434 1528 2210 1626 1315AEleggltzssofissiffi’sffigcffssrssabinum
2264 1573 2425 1609 Solemus

1341 1620 1458 1656 dicere
1483 1630 1575 1662 eum,
1599 1620 1661 1665 qui
1683 1631 1720 1654 111
1744 1623 1884 1664 tempus
1905 1619 2099 1654 liberorum
2123 1618 2227 1654 uxori
2248 1619 2354 1664 legat,
2382 1619 2426 1654 de

1339 1666 1395 1701 his
1419 1676 1492 1701 non
1515 1665 1686 1708 sensisse,
1720 1675 1809 1710 quos
1837 1664 1908 1700 iam
1938 1668 2025 1699 tunc
2055 1675 2147 1699 uxor
2170 1664 2313 1708 habuit,
2346 1675 2426 1700 cum

1339 1714 1534 1747 testaretur
1556 1711 1717 1746 maritus.

1389 1754 1439 1794 10
1463 1755 1572 1790 IDEM
1590 1756 1680 1791 libro
1704 1755 1869 1791 vicesimo
1894 1755 1998 1789 tertio
2029 1754 2080 1789 ad
2102 1753 2275 1790 Sabinum
2327 1754 2427 1790 Haec

1340 1800 1503 1837 condicio
1528 1799 1633 1836 ‘filiae
1656 1810 1756 1835 meae
1780 1811 1861 1835 cum
1884 1811 1933 1834 nu
1960 1799 2057 1835 serit’
2086 1799 2169 1835 talis
2192 1802 2266 1842 est,
2296 1803 2338 1835 ut
2367 1800 2427 1845 qui

1340 1849 1492 1882 testatus
1517 1849 1572 1881 est
1593 1845 1733 1890 impleri
1754 1845 1928 1880 solummo
1955 1855 1976 1880 o
2000 1844 2243 1880 condicionem
2265 1845 2426 1888 voluerit,

1340 1902 1413 1927 non
1436 1891 1524 1927 satis
1549 1891 1660 1935 egerit
1683 1890 1845 1935 quando:
1877 1893 1915 1925 et
1940 1890 2020 1925 ideo
2045 1893 2080 1925 et
2103 1890 2133 1925 si
2156 1889 2233 1925 vivo
2256 1892 2426 1926 testatore

1338 1936 1500 2018 iffi?
1522 1934 2047 2027 z‘sszzsfflsmffimcssffl
2056 1935 2427 2016 '11323¹‘{{²i12⁰38¹kffi⁰{‘}

1339 2027 1448 2062 semel
1482 2008 1620 2072 i’mpleri
1651 2026 1790 2062 debeat.
1845 2026 1910 2062 sed
1948 2026 2041 2060 enim
2079 2036 2152 2061 non
2185 2035 2306 2061 omnes
2341 2007 2426 2062 con-

1338 2073 1539 2108 iunctiones
1563 2072 1712 2117 implent
1735 2070 1996 2106 condicionem:
2028 2075 2118 2116 puta
2148 2070 2239 2106 enim
2269 2071 2426 2107 nondum

1338 2117 1469 2153 nubilis
1501 2117 1630 2152 aetatis
1660 2116 1698 2152 in
1727 2115 1870 2151 domum
1894 2115 2012 2151 mariti
2035 2115 2190 2151 deducta
2211 2126 2285 2152 non
2306 2116 2427 2162 paruit

1339 2162 1551 2198 condicioni.
1599 2162 1662 2198 sed
1685 2165 1722 2197 et
1745 2161 1778 2197 si
1800 2162 1834 2197 ei
1857 2161 2048 2197 coniuncta
2070 2161 2135 2204 sit,
2168 2161 2269 2198 cuius
2292 2162 2425 2207 nuptiis

1339 2207 1372 2242 ei
1394 2207 1622 2243 interdictum
1645 2207 1703 2249 sit,
1726 2206 1819 2242 idem
1843 2206 2013 2242 dicemus.
2048 2216 2096 2241 an
2117 2210 2237 2242 tamen
2259 2207 2425 2243 nubendo

1363 2257 1464 2288 ostea
1484 2263 1614 2305 parere
1638 2251 1838 2288 condicioni
1859 2251 1993 2296 possit,
2028 2251 2130 2297 quasi
2157 2262 2231 2287 non
2252 2252 2424 2305 nupserit,

1363 2298 1495 2336 ubitam
1513 2301 1651 2343 potest:
1675 2301 1713 2332 et
1735 2297 1766 2332 si
1788 2300 1942 2332 testator
1964 2296 2008 2332 de
2030 2296 2145 2342 primo
2169 2297 2320 2342 nuptiali
2342 2297 2425 2342 iugo

1336 2343 1467 2385 sensit,
1506 2346 1595 2388 puto
1635 2342 1811 2377 defectam
1851 2341 2079 2377 condicione:
2120 2342 2270 2387 benigne
2307 2346 2425 2378 tamen

1337 2387 1526 2423 dicendum
1563 2390 1618 2423 est
1655 2386 1813 2422 nondum
1846 2386 2027 2432 impletam
2060 2386 2327 2423 condicionem⁴
2363 2387 2424 2423 de-

1339 2436 1354 2468 1
1403 2432 1546 2469 sectam.
1602 2432 1641 2468 Si
1678 2432 1730 2468 sic
1763 2432 1920 2477 legatum
1958 2431 2007 2467 sit
2042 2431 2085 2468 ‘si
2120 2431 2219 2468 navis
2258 2442 2303 2468 ex
2336 2433 2425 2469 Asia

1336 2477 1494 2513 ‘venerit'
1532 2481 1569 2514 et
1601 2477 1786 2522 ignorante
1814 2479 1986 2512 testatore
2016 2476 2117 2512 navis
2148 2476 2283 2513 venerit
2312 2481 2423 2514 testa-

1335 2521 1446 2558 menti
1476 2523 1563 2558 facti
1586 2526 1766 2568 tempore,
1797 2521 1987 2558 dicendum
2016 2532 2083 2567 pro
2113 2522 2259 2568 impleta
2287 2523 2422 2559 haberi.

1336 2572 1372 2604 et
1390 2567 1422 2604 si
1443 2568 1502 2604 cui
1520 2568 1573 2604 sic
1588 2567 1622 2603 le
1668 2571 1744 2603 tum
1764 2571 1820 2604 est
1839 2570 1933 2604 ‘cum
1949 2566 2063 2612 pubes
2084 2566 2176 2611 erit',
2194 2567 2299 2604 simili
2317 2567 2422 2605 modo

1334 2613 1405 2649 hoc
1428 2613 1496 2649 erit
1517 2613 1621 2648 dicen
1647 2623 1718 2648 um.
1907 2620 1910 2624 ·

1385 2658 1431 2696 11
1459 2658 1517 2694 ΡΑ
1524 2667 1619 2694 nos
1638 2658 1729 2694 libro
1748 2662 1879 2704 quarto
1901 2657 1951 2693 ad
1966 2656 2140 2694 Sabinum
2180 2656 2219 2693 Si
2237 2656 2308 2693 iam
2327 2656 2424 2693 facta

1336 2703 1408 2740 sint
1431 2713 1522 2750 quae
1547 2703 1767 2739 condicionis
1789 2703 1869 2739 loco
1892 2706 2076 2749 ponuntur
2094 2706 2132 2738 et
2152 2702 2244 2738 sciat
2259 2705 2421 2746 testator,

1337 2759 1428 2794 quae
1457 2749 1587 2785 iterum
1616 2748 1695 2784 fieri
1724 2753 1877 2794 possunt
1908 2751 2161 2794 exspectentur
2190 2751 2232 2783 ut
2254 2746 2359 2784 fiant:
2391 2747 2423 2784 si

1345 2800 1353 2828 ι
1405 2804 1488 2830 vero
1512 2793 1659 2838 nesciat,
1682 2794 1863 2839 praesenti
1887 2793 2095 2829 debeantur.
2130 2792 2220 2828 Item
2239 2792 2420 2830 sciendum

1338 2843 1393 2875 est
1410 2839 1635 2885 promiscuas
1653 2838 1881 2875 condiciones
1899 2842 1983 2884 post
1996 2842 2146 2874 mortem
2159 2837 2299 2883 impleri
2316 2848 2419 2884 opor-

1337 2888 1429 2926 tere,
1454 2884 1485 2920 si
1507 2884 1545 2920 in
1567 2884 1638 2920 hoc
1661 2883 1766 2926 fiant,
1797 2888 1838 2919 ut
1859 2886 2071 2920 testamento
2093 2887 2283 2929 pareatur,
2312 2883 2422 2919 veluti

1338 2930 1381 2966 ‘si
1404 2929 1618 2976 Capitolium
1640 2929 1851 2965 ascenderit’
1875 2932 1913 2965 et
1935 2928 2080 2972 similia,
2103 2938 2177 2964 non
2198 2927 2420 2980 promiscuas

1337 2975 1443 3010 etiam
1474 2974 1551 3010 vivo
1582 2977 1754 3010 testatore
1777 2975 1929 3011 existere
1950 2983 2074 3020 posse,
2105 2972 2214 3009 veluti
2236 2973 2280 3009 ‘si
2302 2972 2420 3010 Titius

1338 3020 1476 3056 ‘consul
1498 3019 1618 3055 factus
1639 3019 1771 3055 fuerit’.

1366 3063 1437 3102 >12
1475 3064 1671 3101 vamum
1695 3065 1786 3101 libro
1817 3064 1984 3101 vicesimo

1337 3109 1375 3146 Si
1404 3110 1457 3145 ita
1485 3110 1641 3155 legatum
1672 3110 1735 3145 sit:
1777 3109 1955 3156 ‘quoniam

1337 3157 1428 3191 ‘mea
1449 3154 1574 3191 decem
1596 3155 1750 3199 sustulit,
1775 3155 1880 3191 heres
1903 3154 2019 3190 minor
2040 3153 2134 3189 filius
2157 3152 2279 3189 decem
2301 3163 2323 3189 e
2344 3164 2418 3190 me-

1337 3200 1406 3236 ‘dio
1430 3199 1584 3242 sumito'‚
1616 3199 1766 3236 debetur
1789 3200 1962 3246 legatum,
1993 3198 2077 3244 quia
2097 3198 2231 3234 idcirco
2254 3198 2418 3234 relictum

1336 3249 1400 3289 est,
1424 3249 1466 3280 ut
1489 3244 1650 3281 condicio
1673 3244 1824 3282 filiorum
1852 3248 2120 3289 exaequaretur.
2163 3248 2198 3279 et
2220 3253 2307 3280 sane
2328 3243 2417 3280 haec

1336 3300 1446 3325 causa
1465 3294 1535 3326 est:
1561 3299 1643 3324 nam
1654 3291 1667 3312 ⁵
1687 3301 1797 3327 causa
1814 3290 1852 3326 in
1867 3289 2107 3336 praeteritum,
2131 3298 2248 3334 poena
2265 3289 2303 3324 in
2319 3288 2416 3324 futu·

1334 3345 1414 3371 rum
1438 3334 1631 3371 confertur.

1383 3377 1433 3417 13
1458 3379 1618 3415 PAULvs
1645 3380 1736 3415 libro
1766 3379 1891 3426 quinto
1921 3377 1972 3414 ad
1993 3376 2166 3414 Sabinum
2217 3378 2256 3414 Si
2283 3377 2415 3415 fundus

1334 3424 1441 3460 alicui
1463 3424 1601 3470 legatus
1624 3423 1751 3467 fuerit.
1779 3423 1811 3460 si
1833 3422 1968 3469 pupillo
1991 3423 2047 3459 vel
2069 3422 2205 3459 furioso
2227 3423 2415 3469 pecuniam

1332 3469 1506 3551 {legis-seg,
1541 3469 1679 3550 gidetur
1709 3468 1873 3516 explesse
1898 3467 2141 3504 condicionem
2173 3469 2331 3505 curatori
2360 3468 2415 3506 vel

1351 3525 1371 3550 u
1413 3525 1445 3550 ri
1493 3524 1539 3550 an
1564 3525 1597 3551 o.

2041 3066 2147 3099 παντο
2173 3062 2224 3098 ad
2245 3061 2419 3099 Sabinum

2042 3118 2083 3144 us
2117 3117 2231 3143 maior
2259 3117 2306 3144 ex
2334 3117 2421 3144 arca

1331 3626 1683 3705 quanlipfondioionem
1706 3627 1766 3662 ἔω.
1792 3626 1953 3669 (similiter
1974 3625 2138 3668 chindas)

1332 3684 1392 3707 tm.

2260 3627 2304 3669 (⁸)
2329 3636 2412 3669 «ιω
