2528 3918
134 149 190 180 ΕΤ
218 150 485 183 AUTIONIBUS

134 260 237 296 alteri
274 266 460 306 praestare
491 266 643 307 oportet.
699 261 762 298 sed
796 272 913 308 neque
947 272 992 298 ex
1029 266 1218 299 contractu

134 317 249 351 neque
279 317 325 342 ex
350 308 524 344 maleficio
549 308 707 345 actiones
730 312 946 344 nascuntur:
981 319 1095 354 neque
1124 309 1218 344 enim

133 352 163 387 is
189 351 249 396 qui
271 353 382 396 gessit
406 363 486 388 cum
510 354 658 388 absente
682 352 840 389 creditur
870 357 953 388 ante
986 355 1217 396 contraxisse,

133 407 248 441 neque
279 397 391 432 ullum
419 398 632 434 maleficium
661 402 717 434 est
739 398 817 434 sine
841 399 1012 434 mandatu
1036 399 1219 444 suscipere

135 442 355 486 negotiorum
379 442 737 479 administrationem:
770 444 874 489 longe
899 444 1010 489 magis
1034 445 1083 487 is,
1117 445 1217 480 cuius

134 488 274 532 negotia
296 492 397 532 gesta
420 492 515 531 sunt,
547 489 714 533 ignorans
738 492 802 523 aut
825 490 1048 525 contraxisse
1071 494 1135 525 aut
1158 490 1218 525 de-

133 533 278 577 liquisse
317 533 496 578 intellegi²
533 538 670 579 potest:
711 534 776 571 sed
810 535 976 571 utilitatis
1013 545 1124 571 causa
1161 546 1216 571 re-

133 582 275 623 ceptum
300 582 354 614 est
376 579 525 615 invicem
547 589 609 615 eos
634 579 794 625 obligari.
840 580 920 616 ideo
950 584 1071 616 autem
1100 581 1136 616 id
1166 580 1218 615 ita

132 627 314 668 receptum
350 627 422 668 est,
460 625 543 670 quia
578 624 789 671 plerumque
823 626 983 661 homines
1019 636 1061 661 eo
1099 626 1217 662 animo

131 679 278 721 peregre
307 669 585 714 proficiscuntur
615 671 717 716 quasi
747 670 869 707 statim
899 671 1049 707 redituri
1079 681 1146 706 nec
1171 672 1216 707 ob

131 714 168 748 id
200 714 264 748 ulli
295 724 419 750 curam
449 716 672 760 negotiorum
702 726 848 751 suorum
872 717 1058 759 mandant,
1091 716 1218 752 deinde

132 760 230 795 novis
263 760 381 795 causis
408 760 725 797 intervenientibus
757 772 802 797 ex
839 762 1053 798 necessitate
1085 762 1216 797 diutius

132 805 280 840 absunt:
327 816 480 850 quorum
515 806 656 850 negotia
696 806 750 843 dis
778 807 892 843 erire²
930 807 1090 852 iniquum
1128 812 1216 850 erat,

133 860 223 894 quae
254 861 340 886 sane
371 850 425 887 dis
452 851 620 894 erirent³,
652 851 682 888 si
710 862 752 888 ve
795 853 845 897 is,
879 853 941 898 qui
965 852 1154 888 obtulisset
1178 864 1216 888 se

131 896 279 940 negotiis
303 906 414 940 gei-un
441 897 503 939 's⁴,
535 897 669 932 nullam
701 898 890 934 habiturus
921 902 1016 934 esset
1039 898 1216 934 actionem

132 941 174 975 de
195 952 246 984 eo,
273 941 369 986 quod
387 941 523 977 utiliter
536 942 579 978 de
599 953 664 978 suo
685 943 948 988 impendisset⁵,
973 944 1028 979 vel
1047 944 1088 987 is,
1115 944 1216 979 cuius

130 990 232 1030 gesta
264 990 400 1031 essent,
435 987 605 1023 adversus
636 998 732 1032 eum,
765 988 825 1032 qui
855 989 1046 1024 invasisset
1074 989 1217 1034 negotia

137 1035 148 1065 l
197 1031 292 1076 eius,
332 1032 429 1068 nullo
463 1033 539 1068 iure
568 1044 673 1079 agere
702 1038 836 1079 posset.
892 1034 1042 1070 Tutelae
1075 1045 1216 1080 quoque

129 1076 260 1112 iudicio
286 1077 348 1122 qui
370 1082 556 1121 tenentur,
581 1089 653 1115 non
675 1080 819 1125 proprie
842 1089 887 1115 ex
911 1084 1100 1116 contractu
1124 1080 1214 1116 obli-

129 1123 202 1167 gati
225 1123 478 1168 intelleguntur
509 1124 660 1166 (nullum
684 1124 776 1160 enim
801 1124 979 1170 negotium
1003 1125 1096 1161 inter
1119 1129 1215 1161 tuto-

129 1179 203 1202 rem
228 1172 263 1203 et
286 1169 460 1214 pupillum
485 1170 742 1213 conti-abitum:
773 1170 837 1206 sed
861 1171 944 1215 quia
967 1181 1054 1206 sane
1076 1182 1149 1206 non
1173 1181 1216 1206 ex

130 1213 302 1248 maleficio
334 1218 517 1257 tenentur,
553 1215 656 1260 quasi
680 1226 723 1250 ex
748 1219 937 1251 contractu
961 1216 1073 1251 teneri
1096 1216 1214 1252 viden-

129 1263 198 1294 tur.
247 1263 282 1294 et
305 1259 375 1295 hoc
399 1264 517 1295 autem
542 1270 629 1296 casu
652 1265 799 1297 mutuae
822 1266 906 1296 sunt
930 1262 1108 1297 actiones:
1143 1273 1216 1297 non

129 1308 267 1339 tantum
288 1305 381 1340 enim
400 1305 558 1350 pupillus
578 1317 660 1341 cum
679 1310 809 1348 tutore,
834 1306 898 1343 sed
919 1310 955 1342 et
973 1311 1099 1342 contra
1118 1311 1217 1342 tutor

130 1360 210 1384 cum
238 1350 375 1402 pupillo
408 1351 516 1386 habet
545 1351 741 1394 actionem,
774 1351 805 1387 si
828 1352 883 1388 vel
914 1352 1126 1397 impenderit
1151 1352 1215 1387 ali-

129 1395 213 1439 quid
242 1406 281 1430 in
310 1406 385 1431 rem
415 1396 542 1441 pupilli
572 1397 627 1432 vel
658 1407 724 1441 pro
749 1407 790 1433 00
816 1397 925 1433 fuerit
949 1397 1129 1443 obligatus
1153 1402 1217 1433 aut

129 1443 148 1474 2
195 1450 271 1475 rem
295 1451 395 1476 suam
421 1441 589 1477 creditori
620 1442 695 1478 eius
721 1442 940 1487 obligaverit.
988 1443 1102 1479 Heres
1127 1454 1215 1489 quo-

129 1495 212 1530 que,
248 1486 308 1531 qui
331 1486 489 1531 legatum
521 1487 646 1530 debet,
678 1498 794 1532 neque
818 1498 862 1523 ex
887 1491 1077 1524 contractu
1100 1499 1216 1533 neque

128 1541 172 1566 ex
203 1531 377 1567 maleficio
407 1532 585 1577 obligatus
617 1543 696 1568 esse
723 1533 956 1578 intellegitur:
995 1545 1077 1569 nam
1101 1545 1216 1579 neque

128 1587 208 1611 cum
240 1577 409 1613 defuncto
441 1588 556 1623 neque
587 1589 669 1613 cum
699 1579 831 1615 herede
863 1579 1084 1616 contraxisse
1140 1580 1215 1615 uic-

128 1632 233 1667 quam
245 1623 438 1667 legatarius
449 1623 683 1668 intellegitur:
708 1624 922 1660 maleficium
941 1628 1060 1661 autem
1078 1636 1127 1661 nu
1157 1637 1216 1661 um

129 1671 147 1702 3
193 1667 232 1703 in
268 1678 311 1703 ea
348 1679 388 1703 re
425 1679 503 1705 esse
540 1670 623 1713 plus
660 1680 768 1715 quam
806 1670 1035 1707 manifestum
1066 1674 1132 1707 est.
1181 1672 1216 1707 Is

129 1724 285 1765 quoque,
319 1714 379 1758 qui
408 1724 481 1750 non
512 1714 672 1750 debitum
703 1715 836 1761 accipit
866 1726 932 1761 per
964 1727 1120 1752 errorem
1144 1717 1216 1753 sol-

127 1762 259 1802 ventis,
292 1758 471 1804 obligatur
494 1759 636 1805 quidem
667 1760 771 1806 quasi
794 1772 839 1797 ex
868 1762 981 1796 mutui
1013 1761 1157 1798 datione
1182 1766 1217 1797 et

127 1803 251 1839 eadem
280 1805 421 1840 actione
451 1809 608 1848 tenetur,
641 1816 713 1851 qua
749 1806 930 1843 debitores
960 1807 1214 1844 creditoribus:

128 1848 191 1885 sed
213 1860 287 1885 non
310 1853 429 1895 potest
452 1851 610 1896 intellegi
632 1851 682 1894 is,
708 1851 770 1896 qui
794 1862 838 1887 ex
863 1863 904 1888 ea
929 1863 1040 1889 causa
1063 1857 1214 1897 tenetur,

126 1905 171 1930 ex
210 1897 398 1931 contractu
437 1896 616 1940 obligatus
657 1907 752 1933 esse:
794 1898 856 1942 qui
895 1898 987 1933 enim
1016 1898 1121 1934 solvit
1152 1909 1217 1944 per

127 1951 294 1983 errorem,
318 1941 430 1986 magis
451 1941 704 1978 distrahendae
722 1942 793 1979 obli
818 1943 949 1979 ationis
970 1943 1089 1979 animo
1110 1954 1217 1988 quam

127 1989 146 2019 4
195 1986 459 2022 contrahendae
484 1987 570 2023 dare
592 1988 743 2023 videtur.
818 1989 831 2024 i
861 1988 969 2024 iudex
992 1989 1091 2024 litem
1115 2000 1217 2025 suam

127 2030 268 2075 fecerit,
301 2042 373 2067 non
405 2033 549 2078 proprie
578 2043 623 2068 ex
653 2032 831 2069 maleficio
863 2034 1041 2078 obligatus
1066 2034 1215 2079 videtur,

128 2076 190 2112 sed
220 2077 304 2121 quia
334 2087 450 2122 neque
482 2088 526 2113 ex
556 2081 746 2114 contractu
779 2079 958 2124 obligatus
982 2081 1062 2115 031θ
1093 2080 1216 2124 utique

127 2132 296 2166 peccasse
320 2122 454 2167 aliquid
476 2123 710 2168 intellegitur,
735 2124 820 2160 licet
842 2135 907 2170 per
929 2124 1214 2170 imprudentiam,

127 2171 146 2201 5
193 2167 273 2203 ideo
296 2167 436 2203 videtur
459 2169 563 2213 quasi
587 2179 630 2204 ex
648 2169 823 2205 maleficio
848 2170 972 2205 teneri.
1008 2170 1044 2206 Is
1064 2181 1215 2216 quoque,

127 2223 171 2248 ex
202 2213 303 2249 cuius
337 2214 508 2249 cenaculo
539 2215 608 2257 (vel
638 2215 785 2260 proprio
810 2215 922 2260 ipsius
947 2216 1002 2251 vel
1034 2216 1213 2252 conducto

126 2258 181 2293 vel
204 2258 241 2292 in
265 2269 335 2303 quo
358 2259 469 2304 gratis
492 2259 693 2303 habitabat)
726 2260 901 2296 deiectum
934 2260 1127 2297 effusumve
1151 2262 1215 2296 ali·

127 2303 212 2347 quid
235 2306 292 2339 est
314 2304 383 2346 ita,
419 2307 461 2340 ut
495 2304 602 2340 alicui
634 2310 797 2348 noceret,
828 2306 931 2350 quasi
963 2316 1007 2341 ex
1038 2307 1215 2343 maleficio

127 2349 242 2384 teneri
263 2349 418 2385 videtur:
450 2349 531 2385 ideo
556 2354 676 2386 autem
699 2362 770 2387 non
802 2351 946 2396 proprie
971 2361 1016 2387 ex
1038 2351 1214 2388 maleficio

127 2394 303 2439 obligatus
334 2394 572 2440 intellegitur,
613 2397 695 2441 quia
732 2397 942 2441 plerumque
980 2398 1026 2433 ob
1066 2398 1215 2434 alterius

128 2440 272 2485 culpam
302 2442 446 2475 tenetur
476 2445 541 2476 aut
564 2442 655 2477 servi
681 2446 743 2477 aut
766 2442 880 2477 liberi.
930 2442 989 2478 cui
1012 2443 1137 2479 similis
1161 2448 1216 2479 est

126 2485 174 2528 is,
199 2485 259 2531 qui
283 2496 326 2520 ea
349 2490 468 2531 parte,
506 2497 577 2531 qua
600 2488 702 2532 volgo
726 2487 795 2522 iter
819 2487 896 2522 fieri
919 2488 1028 2531 solet,
1058 2488 1095 2523 id
1119 2490 1214 2533 posi-

126 2534 202 2566 tum
228 2535 290 2565 aut
314 2542 526 2576 suspensum
550 2532 669 2576 habet,
695 2532 790 2578 quod
813 2535 952 2577 potest,
978 2533 1010 2569 si
1034 2534 1214 2577 ceciderit,

127 2576 235 2610 alicui
253 2586 395 2612 nocere.
430 2576 511 2613 ideo
535 2577 567 2613 si
589 2578 683 2613 filius
708 2577 861 2613 familias
882 2589 1043 2614 seorsum
1066 2589 1088 2614 a
1112 2583 1215 2624 patre

127 2622 341 2657 habitaverit
373 2625 408 2657 et
430 2622 515 2666 quid
545 2633 590 2658 ex
622 2624 792 2658 cenaculo
818 2623 893 2659 eius
925 2623 1103 2659 deiectum
1129 2624 1215 2659 effu-

127 2677 248 2701 sumve
278 2667 325 2702 sit
354 2666 428 2703 sive
451 2667 535 2712 quid
567 2668 724 2712 positum
752 2679 1009 2713 suspensumve
1037 2670 1214 2714 habuerit,

127 2712 228 2746 cuius
255 2722 360 2747 casus
385 2712 610 2757 periculosus
635 2718 708 2756 est,
741 2714 880 2749 Iuliano
906 2714 1044 2759 placuit
1066 2715 1126 2750 in⁷
1150 2726 1214 2760 pa-

128 2762 216 2791 trem
248 2767 362 2802 neque
394 2757 438 2792 de
467 2759 608 2802 peculio
633 2769 748 2803 neque
771 2759 935 2794 noxalem
960 2759 1112 2795 dandam
1138 2771 1215 2796 esse

128 2806 147 2836 6
194 2802 389 2845 actionem,
429 2803 492 2838 sed
532 2814 614 2838 cum
652 2804 732 2849 11130
771 2804 844 2839 filio
885 2805 1071 2849 agendum.
1125 2806 1215 2841 Item

128 2847 302 2883 exercitor
333 2848 433 2883 navis
463 2850 527 2882 aut
558 2859 742 2894 cauponae
767 2853 831 2884 aut
855 2850 986 2886 stabuli
1016 2851 1060 2886 de
1084 2851 1213 2887 damno

128 2898 191 2928 aut
222 2892 336 2936 furto,
376 2893 471 2936 quod
502 2893 539 2928 in
568 2904 658 2929 nave
687 2898 750 2929 aut
782 2905 947 2940 caupona
976 2899 1040 2931 aut
1070 2897 1211 2932 stabulo

127 2938 262 2973 factum
286 2939 343 2981 sit,
369 2938 471 2983 quasi
488 2949 533 2973 ex
557 2939 729 2975 maleficio
749 2941 864 2975 teneri
882 2941 1031 2983 videtur,
1057 2942 1087 2976 si
1106 2942 1211 2978 modo

127 2983 238 3028 ipsius
269 2984 406 3019 nuHum
446 2988 500 3019 est
531 2985 761 3029 maleficium,
798 2985 862 3021 sed
893 2986 1044 3022 alicuius
1077 2997 1212 3030 eorum,

127 3039 277 3072 quorum
311 3039 420 3075 opera
454 3039 580 3064 navem
613 3034 676 3065 aut
709 3040 908 3076 cauponam
938 3033 1002 3066 aut
1032 3032 1213 3067 stabulum

126 3080 325 3110 exerceret:
352 3085 433 3109 cum
448 3074 540 3109 enim
565 3085 679 3128 neque
702 3086 747 3111 ex
766 3079 953 3112 contractu
977 3076 1025 3112 sit
1040 3077 1213 3114 adversus

127 3129 207 3154 eum
231 3120 427 3155 constituta
449 3119 538 3154 haec
558 3124 652 3155 actio
678 3124 713 3156 et
733 3120 958 3173 aliquatenus
983 3122 1111 3167 culpae
1130 3134 1212 3158 reus

128 3168 199 3207 est,
236 3165 332 3209 quod
364 3175 474 3209 opera
505 3165 682 3201 malorum
711 3165 895 3202 hominum
917 3169 1096 3211 uteretur,
1132 3168 1212 3204 ideo

128 3210 229 3254 quasi
253 3220 298 3245 ex
320 3210 494 3245 maleficio
519 3210 634 3246 teneri
656 3210 807 3247 videtur.

174 3253 197 3290 6
224 3254 382 3290 PAULUS
412 3256 503 3291 libro
528 3259 659 3301 quarto
685 3256 734 3290 ad
762 3255 936 3292 Sabinum
983 3258 1025 3293 In
1050 3260 1213 3295 omnibus
1246 3265 1248 3272 ⁴

127 3300 383 3344 temporalibus
419 3301 620 3336 actionibus
656 3301 725 3337 nisi
756 3301 969 3339 novissimus
1004 3308 1102 3340 totus
1137 3305 1212 3340 dies

129 3345 359 3390 compleatur,
383 3356 457 3382 non
479 3345 558 3381 finit
581 3346 832 3391 obligationem
841 3348 864 3382 ⁸.

174 3388 197 3425 7
225 3390 451 3426 POMPONIUS
489 3391 579 3427 libro
615 3392 740 3437 quinto
776 3391 912 3427 decimo
949 3393 998 3428 ad
1037 3393 1210 3430 Sabinum

129 3435 296 3471 Actiones
317 3435 485 3471 adversus
506 3440 644 3482 patrem
661 3436 734 3472 filio
755 3437 931 3481 praestari
953 3449 1025 3474 non
1047 3444 1210 3484 possunt,

129 3481 211 3515 dum
235 3480 272 3515 in
295 3484 473 3524 potestate
497 3482 572 3517 eius
596 3486 652 3517 est
674 3481 780 3517 filius.

175 3522 199 3563 8
224 3525 330 3560 IDEM
349 3525 440 3561 libro
463 3530 568 3562 sexto
592 3527 728 3563 decimo
752 3527 802 3562 ad
825 3526 998 3562 Sabinum
1045 3528 1119 3564 Sub
1144 3529 1212 3564 hac

1207 136 1290 185 717

2064 148 2318 190 XXXXIIH
2351 152 2371 190 7

1289 263 1497 300 condicione
1536 263 1578 300 ‘si
1610 264 1736 300 volain‘
1771 267 1868 302 nulla
1899 268 1940 302 fit
1971 269 2157 314 obligatio:
2199 282 2264 315 pro
2304 283 2376 308 non

1288 309 1384 345 dicto
1410 309 1502 346 enim
1527 312 1593 351 est,
1619 310 1715 355 quod
1739 311 1823 346 dare
1848 313 1916 348 nisi
1938 315 2025 350 velis
2044 315 2122 360 cogi
2146 327 2218 352 non
2242 317 2375 361 possis:

1288 366 1370 390 nam
1395 365 1461 390 nec
1483 356 1588 390 heres
1612 356 1838 399 promissoris
1864 359 1957 400 eius,
1991 360 2051 412 qui
2075 372 2267 406 numquam
2292 362 2377 397 dare

1288 400 1440 436 voluerit
1450 401 1474 443 ⁹,
1507 404 1659 442 tenetur,
1685 401 1768 446 quia
1792 402 1881 437 haec
1907 404 2068 440 condicio
2093 407 2127 440 in
2152 407 2267 451 ipsum
2293 419 2375 453 pro·

1287 446 1473 481 missorem
1484 447 1511 468 ¹⁰
1534 456 1729 491 numquam
1753 447 1898 482 exstitit.

1335 489 1360 528 9
1386 491 1545 527 mes
1566 491 1658 527 libro
1682 502 1778 526 nono
1804 493 1853 527 ad
1875 493 2048 529 Sabinum
2086 496 2199 533 Filius
2223 498 2375 533 familias

1288 546 1353 572 suo
1377 537 1519 572 nomine
1550 536 1686 572 nullam
1716 536 1892 572 actionem
1917 539 2042 582 habet,
2075 542 2143 576 nisi
2167 543 2375 578 iniuriarum

1287 586 1323 616 et
1346 582 1441 627 quod
1463 581 1497 618 vi
1519 586 1585 618 aut
1607 582 1699 618 clam
1722 583 1798 618 et¹¹
1831 582 1983 628 depositi
2007 590 2041 620 et
2073 588 2303 630 commodati,
2337 594 2377 623 ut

1286 627 1446 662 Iulianus
1471 631 1586 673 putat.

1336 670 1387 710 10
1426 672 1622 709 [simiam
1660 673 1752 710 libro
1793 675 2099 721 quadrayensimo
2142 680 2291 724 septimo
2329 680 2377 714 ad

1287 716 1461 753 Sabinum
1508 718 1702 754 Naturales
1728 718 1964 764 obligationes
1995 731 2067 755 non
2092 732 2133 757 eo
2167 724 2243 759 solo
2268 725 2374 759 aesti-

1287 767 1448 806 mantur,
1488 763 1520 799 si
1558 764 1652 800 actio
1691 764 1812 809 aliqua
1849 775 1972 801 eorum
2012 768 2152 803 nomine
2196 771 2374 814 competit,

1286 819 1409 844 verum
1434 809 1541 844 etiam
1565 819 1619 852 eo,
1643 809 1675 846 si
1698 810 1819 845 soluta
1843 810 1995 855 pecunia
2018 813 2130 856 repeti
2155 825 2224 848 non
2249 816 2371 859 possit.

1336 853 1382 890 11
1413 853 1572 890 Psvws
1598 855 1690 891 libro
1715 855 1925 891 duodecimo
1956 856 2006 891 ad
2034 855 2206 892 Sabinum
2261 859 2375 903 Quae-

1287 909 1438 945 cumque
1461 900 1636 945 gerimus,
1670 911 1750 935 cum
1773 911 1818 936 ex
1841 905 1965 937 nostro
1996 906 2182 938 contractu
2205 905 2375 949 originem

1286 945 1453 988 trahunt,
1487 945 1556 980 nisi
1587 956 1631 981 ex
1654 950 1780 981 nostra
1811 957 1967 991 persona
1991 947 2213 991 obligationis
2237 950 2375 985 initium

1285 994 1444 1033 sumant,
1481 991 1624 1027 inanem
1660 995 1781 1027 actum
1819 995 1981 1028 nostrum
2013 992 2188 1028 efficiunt:
2230 999 2265 1030 et
2295 995 2374 1031 ideo

1285 1046 1400 1081 neque
1425 1036 1591 1081 stipulari
1614 1047 1730 1081 neque
1754 1047 1872 1072 emere
1895 1037 2047 1072 vendere
2073 1039 2299 1083 contrahere,
2338 1045 2375 1075 ut

1286 1081 1375 1116 alter
1399 1092 1465 1117 suo
1488 1082 1630 1118 nomine
1653 1086 1751 1118 recte
1776 1086 1869 1127 agat,
1893 1093 2096 1128 possumus.

1336 1124 1386 1163 12
1413 1127 1642 1163 POMPONIUS
1672 1127 1763 1164 libro
1788 1129 1979 1163 vicensimo
2004 1140 2098 1163 nono
2124 1129 2173 1164 ad
2203 1129 2375 1165 Sabinum

1285 1172 1343 1207 Ex
1375 1172 1530 1218 depositi
1561 1177 1596 1208 et
1628 1173 1842 1209 commodati
1873 1177 1909 1209 et
1937 1174 2097 1209 mandati
2121 1178 2157 1209 et
2186 1176 2319 1211 tutelae
2342 1180 2377 1211 ct

1286 1217 1509 1262 negotiorum
1532 1222 1714 1263 gestorum
1740 1219 1784 1254 ob
1810 1218 1931 1255 dolum
1961 1219 2093 1254 malum
2126 1219 2284 1255 defuncti
2315 1222 2376 1256 he-

1285 1273 1343 1298 res
1367 1263 1404 1299 in
1429 1263 1581 1299 solidum
1605 1268 1758 1300 tenetur.

1335 1306 1384 1346 13
1417 1307 1613 1344 Uipmvs
1639 1309 1729 1345 libro
1787 1311 1877 1345 rimo
1902 1309 2187 1363 disputationum
2234 1311 2276 1346 In
2300 1311 2374 1346 fac-

1284 1357 1360 1389 tum
1386 1354 1545 1390 actiones
1576 1355 1682 1390 etiam
1693 1357 1721 1377 ¹²
1752 1320 1820 1390 {lii
1850 1355 2065 1391 familiarum
2097 1360 2249 1401 possunt
2273 1367 2375 1392 exer-

1287 1410 1379 1435 cere.

1335 1444 1386 1482 14
1419 1444 1527 1480 IDEM
1563 1445 1653 1482 libro
1685 1447 1835 1492 septimo
1866 1447 2150 1500 disputationum
2203 1446 2302 1482 Servi
2334 1458 2377 1482 ex

1287 1490 1425 1526 delictis
1447 1491 1588 1535 quidem
1610 1491 1812 1536 obligantur
1832 1496 1877 1534 et,
1904 1503 1935 1527 si
1955 1492 2263 1534 manumittantur,
2288 1493 2376 1528 obli-

1284 1536 1359 1579 gati
1382 1541 1586 1572 remanent:
1621 1547 1666 1572 ex
1700 1538 1945 1574 contractibus
1978 1541 2097 1572 autem
2130 1538 2276 1573 civiliter
2301 1539 2375 1583 qui-

1286 1581 1365 1617 dem
1389 1592 1462 1618 non
1486 1581 1703 1627 obligantur,
1732 1583 1795 1618 sed
1819 1583 2032 1619 naturaliter
2056 1587 2092 1618 et
2116 1583 2319 1629 obligantur
2343 1588 2378 1619 et

1286 1627 1456 1672 obligant.
1504 1627 1656 1673 denique
1679 1628 1710 1664 si
1734 1639 1855 1671 servo,
1889 1628 1952 1674 qui
1973 1628 2060 1663 mihi
2084 1632 2243 1664 mutuam
2268 1640 2375 1673 pecu-

1286 1673 1382 1708 niam
1407 1672 1566 1717 dederat,
1590 1674 1806 1709 manumisso
1832 1675 1977 1717 solvam,
2002 1674 2143 1710 liberor.

1336 1717 1384 1755 15
1401 1719 1427 1739 ¹³
1450 1717 1474 1754 1
1479 1728 1644 1754 (1111111703
1665 1719 1756 1755 libro
1781 1723 1913 1766 quarto
1935 1720 2155 1765 diqestorum
2205 1719 2272 1764 Qui
2296 1731 2376 1754 cum

1285 1763 1416 1800 herede
1440 1764 1529 1809 egit,
1563 1774 1648 1800 exce
1675 1764 1772 1801 tione
1801 1769 1999 1801 summotus
2033 1768 2086 1800 est
2117 1765 2203 1800 hac:
2238 1765 2279 1800 ‘si
2305 1776 2374 1802 non

1286 1810 1333 1844 ‘in
1357 1819 1401 1844 ea
1424 1820 1537 1845 causa
1559 1810 1648 1846 tabu
1664 1820 1706 1846 ae
1736 1811 1940 1846 testamenti
1969 1810 2056 1854 sint,
2092 1814 2131 1845 ut
2161 1814 2287 1846 contra
2317 1821 2375 1846 eas

1286 1855 1521 1900 ‘emancipato
1552 1855 1731 1891 bonorum
1760 1856 1940 1901 possessio
1973 1856 2049 1891 dari
2072 1856 2209 1901 possit'.
2256 1866 2375 1891 eman«

1287 1900 1406 1945 cipato
1439 1901 1623 1936 omittente
1654 1901 1830 1937 bonorum
1858 1902 2120 1946 possessionem
2152 1912 2225 1937 non
2256 1901 2376 1945 inique

1285 1945 1485 1990 postulabit
1521 1946 1676 1982 creditor
1710 1947 1852 1982 restitui
1888 1947 1957 1983 sibi
1996 1948 2173 1982 actionem
2207 1946 2376 1982 adversus

1287 1992 1459 2035 scriptum
1483 1991 1667 2027 heredem:
1696 2002 1780 2027 nam
1804 1992 1973 2038 quamdiu
1997 1993 2174 2028 bonorum
2223 1992 2375 2028 ossessio

1287 2041 1413 2071 contra
1442 2037 1585 2072 tabulas
1615 2036 1689 2073 filio
1721 2037 1799 2072 dari
1821 2041 1959 2083 potest,
1985 2038 2088 2073 heres
2118 2049 2186 2082 quo
2215 2038 2375 2073 ammodo

1286 2081 1427 2117 debitor
1450 2093 1523 2118 non
1547 2086 1612 2118 est.

1336 2124 1386 2164 16
1421 2127 1527 2162 IDEM
1557 2127 1647 2163 libro
1679 2128 1783 2163 tertio
1814 2128 1950 2164 decimo
1982 2128 2203 2174 dz‘yestorum
2256 2127 2323 2172 Qui
2356 2138 2377 2162 a

1285 2183 1387 2208 servo
1418 2172 1635 2208 hereditario
1668 2176 1828 2208 mutuam
1859 2173 2050 2218 pecuniam
2075 2173 2213 2225 accepit
2236 2178 2272 2208 et
2295 2173 2374 2207 fun-

1285 2217 1369 2253 dum
1401 2218 1458 2253 vel
1488 2218 1667 2253 hominem
1695 2218 1853 2264 pignoris
1887 2229 1997 2254 causa
2021 2219 2054 2254 01
2078 2218 2274 2254 tradiderat
2289 2219 2316 2240 ¹⁴
2342 2223 2376 2252 et

1284 2263 1445 2308 precario
1469 2264 1626 2308 rogavit,
1659 2264 1822 2308 precario
1848 2264 2026 2309 possidet:
2060 2275 2142 2298 nam
2167 2274 2288 2298 servus
2313 2264 2374 2298 110-

1285 2308 1477 2344 reditarius
1511 2309 1615 2344 sicuti
1646 2320 1712 2354 per
1743 2309 1970 2344 traditionem
1985 2311 2011 2330 ¹⁵
2049 2308 2255 2354 0001111011ᾱο
2291 2320 2374 2353 pro·

1284 2355 1473 2398 prietatem
1510 2354 1704 2390 hereditati
1743 2354 1917 2400 adquirit,
1960 2355 2012 2389 ita
2052 2354 2213 2400 precario
2257 2354 2373 2388 dando

1286 2399 1415 2441 efficit,
1447 2410 1493 2434 ne
1522 2410 1580 2435 res
1605 2400 1756 2445 usucapi
1779 2400 1904 2445 possit.
1953 2410 2034 2434 nam
2060 2404 2095 2435 et
2119 2399 2150 2434 si
2173 2399 2372 2434 commoda-

1285 2444 1376 2480 verit
1407 2445 1463 2480 vel
1492 2444 1699 2490 deposuerit
1729 2455 1803 2480 rem
1833 2445 2065 2490 peculiarem,
2098 2444 2311 2496 commodati
2341 2448 2374 2495 et

1286 2490 1439 2534 depositi
1471 2491 1649 2525 actionem
1681 2490 1871 2526 hereditati
1903 2490 2077 2536 adquiret.
2125 2491 2214 2524 haec
2245 2493 2311 2532 ita,
2345 2501 2375 2524 si

1286 2535 1466 2580 peculiare
1504 2536 1684 2581 negotium
1725 2540 1949 2571 contractum
1987 2539 2059 2571 est:
2102 2546 2184 2570 nam
2223 2545 2267 2570 ex
2305 2535 2374 2569 hac

1287 2591 1398 2616 causa
1420 2581 1530 2616 etiam
1552 2581 1732 2626 possessio
1747 2583 1775 2602 ¹⁶
1803 2581 1982 2626 adquisita
2005 2580 2163 2626 intellegi
2187 2580 2302 2615 debet.

1335 2624 1385 2662 17
1410 2625 1518 2660 IDEM
1542 2627 1633 2662 libro
1659 2627 1867 2673 trz'qensz‘mo
1893 2628 1996 2662 tertio
2023 2627 2242 2672 dz'qestorum
2290 2624 2372 2660 Om-

1285 2682 1348 2706 nes
1374 2671 1565 2715 debitores,
1590 2672 1652 2717 qui
1672 2672 1826 2717 speciem
1848 2683 1891 2707 ex
1911 2682 2021 2707 eausa
2038 2671 2211 2706 lucrativa
2232 2670 2371 2711 debent,

1284 2717 1499 2760 liberantur,
1539 2728 1620 2753 cum
1656 2728 1698 2752 ea
1735 2717 1872 2762 species
1908 2728 1953 2752 ex
1983 2727 2093 2752 causa
2123 2716 2298 2750 lucrativa
2327 2716 2371 2749 ad

1286 2762 1480 2798 creditores
1505 2762 1735 2807 pervenisset.

1334 2804 1384 2844 18
1408 2806 1518 2843 IDEM
1538 2808 1628 2844 libro
1654 2809 1978 2854 quinquaqensz'mo
2002 2811 2131 2852 quarto
2153 2806 2370 2851 diqestorum

1285 2852 1322 2888 Si
1345 2853 1394 2895 is,
1426 2853 1486 2898 qui
1511 2853 1672 2888 Stichum
1697 2853 1775 2888 dari
1800 2852 1994 2897 stipulatus
2017 2852 2152 2893 fuerat,
2183 2852 2285 2886 heres
2311 2861 2369 2885 ex-

1285 2897 1415 2933 stiterit
1440 2898 1482 2942 ei,
1507 2898 1565 2933 cui
1589 2909 1632 2933 ex
1652 2902 1864 2933 testamento
1884 2898 1978 2933 idem
1994 2897 2136 2932 Stichus
2155 2896 2368 2947 debebatur:

1284 2943 1315 2979 si
1340 2953 1383 2978 ex
1406 2946 1619 2979 testamento
1641 2943 1803 2978 Stichum
1826 2943 1979 2988 petierit,
2005 2954 2077 2978 non
2102 2945 2284 2977 consumet
2307 2944 2369 2992 311-

1282 2988 1518 3034 111110110110111,
1543 2992 1579 3024 01
1603 2992 1730 3024 contra
1754 2988 1785 3023 si
1808 2999 1853 3023 ex
1877 2989 2051 3034 stipulatu
2075 2987 2235 3037 Stichum
2258 2989 2367 3035 petie-

1282 3034 1346 3077 rit,
1387 3034 1564 3070 actionem
1596 3044 1639 3068 ex
1672 3037 1885 3069 testamento
1919 3034 2052 3069 salvam
2084 3031 2247 3073 habebit,
2287 3040 2369 3074 quia

1282 3079 1382 3114 initio
1403 3079 1456 3113 ita
1476 3078 1700 3114 constiterint
1721 3079 1789 3113 hae
1810 3079 1902 3113 duae
1923 3078 2166 3127 obligationes,
2191 3079 2232 3109 ut
2255 3074 2368 3109 altera

1282 3124 1320 3158 111
1343 3124 1512 3158 iudicium
1537 3123 1692 3159 deducta
1716 3124 1829 3159 altera
1861 3124 1970 3159 nihilo
2000 3123 2115 3156 minus
2144 3124 2280 3163 integra
2311 3130 2366 3154 re-

1282 3173 1453 3204 maneret.

1333 3211 1383 3251 19
1415 3213 1523 3249 IDEM
1559 3214 1650 3249 libro
1685 3214 1975 3260 septuaqensimo
2011 3212 2112 3246 tertio
2148 3210 2365 3261 djyestorum

1282 3260 1340 3293 Ex
1372 3258 1607 3304 promissione
1640 3258 1751 3294 dotis:
1784 3269 1857 3294 non
1885 3258 2023 3293 videtur
2053 3256 2226 3305 lucrativa
2258 3264 2367 3305 causa

1283 3314 1372 3346 esse,
1398 3303 1461 3338 sed
1484 3303 1745 3348 quodammodo
1770 3304 1924 3340 creditor
1949 3306 2011 3336 aut
2035 3303 2171 3351 emptor
2192 3299 2364 3342 intellegi-

1282 3354 1353 3390 tur,
1378 3349 1437 3393 qui
1462 3346 1580 3384 dotem
1603 3349 1704 3394 petit.
1739 3359 1848 3393 porro
1874 3358 1951 3383 cum
1977 3345 2132 3397 creditor
2148 3344 2209 3396 *vel
2230 3348 2366 3394 emptor

1282 3405 1327 3429 ex
1350 3394 1526 3428 lucrativa
1550 3404 1660 3430 causa
1682 3405 1757 3429 rem
1776 3394 1908 3428 habere
1931 3394 2096 3435 coeperit,
2121 3389 2230 3440 nihilo
2250 3399 2364 3440 minus

1282 3439 1439 3483 integras
1463 3439 1622 3474 actiones
1645 3440 1809 3480 retinent,
1836 3438 1928 3472 sicut
1951 3447 1994 3471 ex
2014 3439 2191 3485 contrario
2216 3444 2275 3477 qui
2293 3443 2363 3467 11011

1283 3494 1328 3519 ex
1352 3494 1462 3518 causa
1485 3484 1659 3519 lucrativa
1680 3494 1754 3519 rem
1787 3483 1920 3516 habere
1952 3483 2084 3523 coepit,
2117 3477 2263 3512 eandem
2293 3489 2365 3512 non

1283 3529 1495 3574 prohibetur
1518 3540 1562 3564 ex
1585 3529 1758 3565 lucrativa
1782 3536 1891 3562 causa
1915 3529 2045 3570 petere.

129 3641 168 3680 (1)
194 3640 336 3672 nonius.
349 3639 430 3673 Hal.
530 3642 572 3680 (2)
596 3640 759 3683 desperire
774 3641 809 3673 F

129 3685 174 3725 (4)
196 3683 350 3726 gerendis
362 3684 415 3717 F²
522 3686 566 3726 (5)
589 3685 779 3728 impedisset
794 3686 825 3717 F

129 3733 222 3772 yem.)
331 3731 374 3768 (¹1)
397 3729 436 3762 in
454 3742 512 3763 om.
535 3730 570 3763 F

130 3784 311 3816 numquam
323 3774 400 3808 dare
413 3773 557 3808 voluerit
569 3775 632 3809 del.

925 3686 972 3728 (6)
995 3689 1028 3719 et
1040 3689 1100 3720 ins.
1116 3687 1174 3727 (D.
1189 3688 1210 3720 l.

667 3733 710 3772 (8)
736 3729 900 3773 obligatio
918 3742 980 3763 scr.
1082 3733 1126 3772 (9)
1152 3732 1212 3773 qui

724 3776 783 3817 (10)
808 3775 845 3808 in
856 3774 928 3817 ipso
939 3776 1137 3818 promissore
1146 3789 1210 3811 scr.

897 3641 940 3681 (3)
965 3640 1170 3684 desperirent
1185 3643 1220 3676 F

1282 3644 1335 3682 (11)
1361 3642 1537 3675 0111110111ἼΞ
1596 3643 1653 3682 (12)
1679 3642 1711 3673 et
1724 3639 1774 3671 F²
1832 3639 1889 3679 (13)
1916 3638 2145 3686 ch.44‚·2,2
2206 3637 2263 3687 (14)
2288 3636 2361 3678 pig-

1281 3686 1372 3719 noris
1391 3696 1489 3719 causa
1509 3687 1540 3719 ei
1560 3683 1752 3726 tradiderat]
1777 3683 1916 3715 fiduciae
1940 3691 2037 3714 causa
2063 3692 2094 3713 01
2119 3685 2364 3723 mancipaverat

1280 3738 1311 3765 et
1329 3744 1402 3765 moa·
1499 3734 1555 3773 (15)
1580 3729 1746 3772 mancipio
1765 3729 1934 3771 scripsisse
1953 3727 2116 3760 Iulianum
2137 3728 2219 3759 vidit
2246 3727 2362 3759 Arndts

1280 3778 1340 3818 (16)
1364 3776 1488 3810 fiducia
1504 3778 1632 3810 videtur
1639 3775 1749 3818 fuisse
