2528 3918
115 125 200 155 VEL
230 124 410 155 CONTRA

113 234 290 270 hominem
309 233 375 269 tibi
394 232 535 274 dedero,
559 234 601 266 ut
620 240 702 266 eum
721 229 999 273 manumitteres,
1025 234 1060 266 et
1078 233 1206 276 postea

114 283 326 325 procurator
358 289 457 314 meus
488 276 731 322 prohibuerit,
764 286 809 311 ne
841 276 1125 319 manumitteres,
1158 286 1204 310 an

114 325 272 360 mandati
304 334 409 370 agere
432 322 584 369 possim,
618 321 648 356 si
671 325 711 356 tu
737 332 818 356 eum
841 322 1114 357 manumiseris?
1148 331 1204 356 re-

114 371 258 416 spondi,
290 370 321 406 si
351 372 565 415 procurator
596 366 727 402 iustam
760 377 907 402 causam
937 367 1064 402 habuit
1094 367 1204 402 inter-

113 416 268 461 pellandi
298 413 610 450 manumissionem
642 412 751 455 servi,
786 422 890 457 quem
921 412 958 447 in
990 414 1059 448 hoc
1089 412 1204 448 solum

113 471 339 507 acceperam,
376 463 416 495 ut
446 458 751 500 manumitterem,
787 458 895 493 veluti
927 458 958 493 si
994 458 1206 503 compererit

113 518 192 543 eum
211 507 363 558 postea¹
386 504 498 540 falsas
522 504 680 539 rationes
705 503 914 546 confecisse,
939 504 1087 539 insidias
1110 503 1204 538 vitae

112 552 238 598 prions
263 551 395 586 domini
419 549 611 591 struxisse,
643 549 811 590 tenebor,
842 549 910 583 nisi
942 548 1204 584 denuntiationi

112 596 355 642 procuratoris
378 606 550 641 paruero:
578 594 609 629 si
632 604 715 630 vero
740 594 839 629 nulla
862 594 958 629 iusta
983 605 1094 630 causa
1118 605 1202 639 pro-

113 642 267 678 curatori
290 641 361 676 fuit
383 640 635 682 denuntiandi,
667 650 713 675 ne
736 650 859 675 servus
884 640 1203 682 manumitteretur,

113 699 182 723 non
205 687 337 732 poterit
359 697 499 722 mecum
523 685 597 731 agi,
631 685 790 730 quamvis
822 685 868 720 ad
898 685 1099 721 libertatem
1124 695 1203 721 eum

112 732 347 779 perduxerim.

157 776 206 816 31
234 777 343 814 IDEM
368 777 459 813 libro
483 780 616 823 quarto
641 776 777 811 decimo
801 776 1023 821 diyestorum
1071 775 1109 811 Si
1140 785 1201 811 ne-

111 824 205 869 gotia
227 833 307 858 mea
329 822 543 858 mandavero
567 821 723 867 gerenda
746 821 789 863 ei,
815 821 875 867 qui
899 820 986 855 mihi
1005 821 1147 857 actione
1165 821 1203 856 in

111 869 346 915 quadruplum
369 869 569 910 tenebatur,
594 871 678 913 post
700 877 834 901 annum
858 876 941 902 vero
965 866 1003 901 in
1027 866 1202 912 simplum,

111 915 176 950 etsi
207 918 290 960 post
322 925 454 949 annum
486 924 567 948 cum
600 923 641 949 eo
673 912 835 947 mandati
865 922 987 957 agam,
1019 917 1203 957 praestare

110 960 195 995 mihi
218 960 355 1005 quadru
382 960 456 994 lum
480 958 639 994 debebit:
673 968 755 993 nam
788 958 848 1003 qui
880 958 1027 993 alterius
1060 958 1203 1003 negotia

111 1005 343 1041 administrari
370 1016 392 1040 a
420 1005 595 1049 suscipit,
631 1003 668 1038 id
702 1007 888 1049 praestare
924 1002 1031 1038 debet
1064 1003 1102 1038 in
1136 1014 1203 1039 sua

110 1061 273 1098 persona,
299 1051 394 1096 quod
417 1051 455 1086 in
479 1050 641 1085 aliorum.

155 1094 208 1134 32
233 1096 340 1132 IDEM
360 1096 450 1131 libro
477 1097 581 1130 tertio
605 1094 656 1130 ad
684 1093 844 1130 Urseium
864 1094 1035 1130 Ferocem
1083 1093 1121 1128 Si
1140 1094 1201 1129 he-

109 1142 294 1178 reditatem
324 1142 426 1177 aliter
458 1141 619 1176 aditurus
651 1150 724 1175 non
756 1139 893 1175 essem²
916 1150 1023 1184 quam
1056 1143 1203 1174 cautum

110 1188 194 1223 mihi
204 1187 332 1223 fuisset
345 1188 512 1222 damnum
524 1186 702 1232 praestari
722 1189 757 1220 et
776 1186 845 1220 hoc
865 1184 1074 1220 mandatum
1093 1185 1201 1220 inter-

111 1234 293 1276 cessisset,
329 1232 406 1268 fore
437 1232 599 1267 mandati
632 1231 810 1266 actionem
843 1231 1016 1266 existimo.
1061 1230 1091 1265 si
1123 1230 1202 1276 quis

109 1283 227 1314 autem
250 1279 471 1314 mandaverit
496 1277 620 1320 alicui,
653 1287 699 1312 ne
729 1277 882 1320 legatum
907 1286 929 1311 a
953 1286 992 1311 se
1015 1276 1166 1321 repellat
1176 1277 1200 1319 ³,

110 1325 213 1369 longe
249 1325 281 1359 ei
317 1324 484 1359 dissimile
521 1333 616 1358 esse:
660 1332 744 1357 nam
786 1322 942 1366 legatum
985 1321 1202 1366 adquisitum

110 1380 301 1415 numquam
324 1370 377 1404 illi
401 1369 530 1404 damno
557 1378 635 1404 esse
658 1368 794 1413 potuit:
819 1367 999 1402 hereditas
1023 1367 1203 1402 interdum

110 1416 281 1451 damnosa
313 1418 377 1450 est.
423 1415 482 1450 et⁴
513 1414 550 1448 in
581 1424 719 1449 summa
750 1413 963 1457 quicumque
995 1416 1202 1448 contractus

109 1462 199 1496 tales
231 1464 335 1504 sunt,
367 1464 409 1495 ut
439 1460 678 1506 quicumque⁵
702 1469 824 1494 eorum
847 1458 990 1494 nomine
1014 1458 1204 1493 fideiussor

109 1507 258 1552 obligari
292 1510 433 1551 posset,
466 1509 502 1541 et
533 1504 693 1539 mandati
725 1504 977 1549 obligationem
1009 1504 1203 1539 consistere

109 1556 216 1598 puto:
241 1562 285 1587 ne
312 1562 356 1587 ue
380 1552 472 1587 enim
495 1550 606 1585 multo
630 1549 774 1592 referre,
799 1559 968 1595 praesens
994 1549 1073 1594 quis
1086 1549 1201 1587 ,inter-

109 1602 254 1642 rogatus
314 1597 480 1632 deiubeat
512 1607 559 1631 an
591 1596 721 1630 absens
744 1595 800 1630 vel
822 1595 1019 1640 praesens⁶
1042 1594 1200 1629 mandet.

109 1646 294 1689 praeterea
316 1643 421 1687 vulgo
453 1641 735 1677 animadvertere
766 1641 851 1676 licet
882 1640 1055 1675 mandatu
1087 1640 1201 1675 credi-

109 1693 226 1723 torum
261 1688 500 1723 hereditates⁷
535 1697 596 1722 sus
625 1691 722 1721 ectas
754 1686 863 1729 adiri,
897 1687 1013 1731 quos*³
1043 1685 1202 1720 mandati

108 1734 238 1769 iudicio
263 1734 375 1769 teneri
398 1733 524 1780 procul
549 1732 596 1767 du
623 1732 657 1767 io
685 1735 748 1767 est.

157 1776 210 1816 33
237 1778 365 1814 Imm
398 1778 489 1814 libro
523 1781 653 1823 quarto
686 1788 736 1812 ex
766 1776 916 1812 Minicio
964 1776 1127 1821 Rogatus
1162 1780 1203 1810 ut

108 1824 318 1860 fideiuberet
341 1824 372 1860 si
394 1824 431 1859 in
454 1823 625 1858 minorem
650 1832 821 1857 summam
840 1833 879 1857 se
901 1821 1080 1866 obligavit,
1104 1825 1202 1856 recte

109 1874 266 1905 tenetur:
293 1870 324 1904 si
346 1869 383 1904 in
407 1869 588 1911 maiorem,
612 1868 770 1903 Iulianus
794 1867 911 1902 verius
935 1870 1041 1912 putat
1064 1866 1160 1912 quod
1181 1877 1203 1901 a

108 1915 285 1961 plerisque
316 1925 528 1960 responsum
560 1917 614 1949 est
645 1924 746 1956 eum,
779 1913 840 1958 qui
853 1914 880 1933 ¹⁰
903 1913 1073 1947 maiorem
1105 1923 1201 1947 sum-

108 1971 202 1996 mam
226 1971 333 2006 quarn
356 1964 501 2005 rogatus
527 1963 604 1994 erat
627 1958 879 2000 fideiussisset,
904 1958 1077 1993 hactenus
1102 1968 1201 1992 man-

110 2007 183 2041 dati
207 2007 384 2041 actionem
408 2006 560 2047 habere,
594 2008 770 2050 quatenus
802 2006 949 2049 rogatus
975 2006 1086 2046 esset,
1119 2003 1204 2048 quia

108 2052 143 2087 id
166 2051 329 2094 fecisset,
362 2051 458 2097 quod
489 2050 697 2085 mandatum
730 2049 763 2085 ei
794 2053 867 2084 est:
904 2059 988 2083 nam
1018 2059 1133 2094 usque
1157 2048 1204 2083 ad

110 2108 187 2133 eam
208 2107 391 2139 summam,
415 2097 452 2131 in
473 2106 579 2141 quam
598 2099 743 2140 rogatus
765 2098 852 2136 erat,
876 2094 983 2129 fidem
1003 2094 1079 2130 eius
1100 2104 1202 2139 spec·

109 2146 205 2178 tasse
228 2142 369 2177 videtur
392 2142 453 2187 qui
477 2141 624 2186 rogavit.

155 2185 209 2225 34
243 2188 507 2223 „AFRICANUS”
544 2187 634 2222 libro
670 2191 795 2221 octavo
830 2186 1080 2231 quaestionum
1136 2184 1203 2229 Qui

109 2233 250 2278 negotia
273 2232 378 2268 Lucii
401 2232 486 2266 Titii
508 2231 738 2277 procurabat,
763 2231 805 2273 is,
831 2241 910 2266 cum
935 2240 957 2265 a
981 2230 1203 2265 debitoribus

110 2279 184 2314 eius
216 2279 404 2324 pecuniam
436 2277 627 2322 exegisset,
662 2276 850 2321 epistulam
883 2276 930 2311 ad
962 2286 1042 2311 eum
1075 2275 1202 2318 emisit,

110 2334 180 2369 qua
211 2323 426 2368 significaret
457 2326 592 2358 certam
624 2332 797 2357 summam
820 2332 866 2356 ex
898 2320 1204 2356 administratione

110 2369 205 2414 apud
230 2380 268 2404 se
293 2379 370 2404 esse
394 2378 541 2414 eamque
562 2368 734 2402 creditam
753 2367 821 2402 sibi
840 2377 879 2402 se
900 2366 1101 2401 debiturum
1122 2377 1203 2401 cum

109 2415 228 2450 usuris
264 2414 487 2450 semissibus:
524 2413 724 2458 quaesitum
756 2416 828 2455 est,
861 2423 908 2447 an
940 2422 985 2447 ex
1017 2422 1061 2447 ea
1093 2421 1204 2447 causa

111 2460 247 2495 credita
276 2459 430 2505 pecunia
460 2458 535 2504 peti
567 2458 682 2503 possit
712 2461 749 2493 et
781 2468 828 2492 an
859 2467 991 2492 usurae
1022 2457 1097 2502 peti
1118 2467 1202 2502 pos-

112 2506 194 2540 sint.
238 2504 422 2550 respondit
452 2515 524 2539 non
557 2514 634 2538 esse
667 2503 856 2538 creditam:
891 2502 1049 2548 alioquin
1081 2502 1202 2537 dicen-

114 2551 198 2585 dum
243 2561 287 2585 ex
323 2550 418 2585 omni
454 2552 641 2585 contractu
676 2549 775 2583 nuda
808 2548 976 2593 pactione
1014 2548 1203 2593 pecuniam

112 2596 283 2631 creditam
306 2595 383 2630 fieri
432 2605 522 2630 osse.
558 2605 625 2629 nec
649 2593 734 2629 huic
758 2593 870 2629 simile
894 2603 989 2636 esse,
1025 2592 1140 2638 quod,
1174 2593 1203 2627 si

111 2641 298 2686 pecuniam
330 2651 400 2685 apu
458 2644 494 2675 te
518 2639 717 2684 depositam
741 2639 945 2674 convenerit
967 2642 1009 2673 ut
1032 2638 1203 2674 creditam

110 2687 256 2728 habeas,
282 2686 417 2721 credita
440 2685 515 2728 fiat,
540 2685 623 2730 quia
642 2688 728 2719 tunc
749 2684 894 2727 nummi,
920 2684 981 2728 qui
1000 2683 1070 2718 mei
1089 2687 1202 2726 erant,

111 2732 164 2766 tui
187 2731 294 2766 fiunt:
327 2731 412 2765 item
444 2730 557 2776 quod,
591 2730 621 2765 si
653 2740 674 2764 a
706 2729 866 2764 debitore
896 2740 974 2764 meo
1006 2729 1143 2764 iussero
1167 2733 1204 2763 te

112 2777 275 2821 accipere
297 2777 504 2821 pecuniam,
530 2775 666 2811 credita
689 2774 772 2817 fiat,
797 2774 834 2809 id
859 2775 950 2810 enim
974 2774 1125 2818 benigne
1148 2784 1202 2808 re-

113 2826 254 2867 ceptum
288 2825 351 2856 est.
394 2822 449 2856 his
482 2824 727 2865 argumentum
759 2830 837 2855 esse
870 2830 968 2862 eum,
1007 2820 1087 2864 qui,
1122 2830 1203 2854 cum

112 2871 271 2902 mutuam
303 2867 534 2911 1100111111111112
559 2866 645 2900 dare
676 2866 797 2908 vellet,
831 2869 1017 2910 argentum
1047 2864 1202 2899 venden-

114 2912 197 2947 dum
222 2912 394 2954 dedisset,
428 2911 536 2946 nihilo
561 2911 672 2955 magis
696 2911 886 2955 pecuniam
912 2910 1082 2945 creditam
1106 2913 1204 2944 recte

112 2958 323 3002 petiturum:
357 2961 393 2992 et
423 2960 543 2991 tamen
567 2956 757 3001 pecuniam
782 2966 824 2990 ex
849 2959 995 3000 argento
1021 2954 1204 2990 redactam

113 3002 271 3047 periculo
305 3002 379 3037 eius
410 3001 506 3044 fore,
546 3002 606 3046 qui
639 3001 836 3045 accepisset
867 3004 1062 3045 argentum.
1101 3004 1136 3035 et
1167 3000 1204 3034 in

113 3048 296 3092 proposito
322 3047 428 3092 igitur
452 3046 640 3082 dicendum
664 3047 805 3081 actione
828 3046 988 3080 mandati
1008 3045 1204 3090 obligatum

113 3093 190 3127 fore
208 3096 489 3137 procuratorem,
511 3095 561 3134 ut,
583 3092 741 3136 quamvis
760 3091 871 3136 ipsius
891 3091 1050 3135 periculo
1071 3090 1204 3125 nummi

113 3137 239 3172 fierent
254 3138 290 3180 ¹³,
310 3142 430 3172 tamen
443 3139 470 3158 ¹⁴
490 3147 630 3178 usuras,
654 3137 698 3171 de
717 3137 844 3181 quibus
865 3136 1078 3178 convenerit,
1099 3146 1203 3181 prae-

117 3186 130 3216 1
181 3186 276 3218 stare
301 3182 439 3217 debeat.
489 3182 576 3217 Cum
595 3183 698 3217 heres
720 3192 763 3217 ex
782 3185 886 3226 parte
907 3192 1015 3223 esses,
1039 3180 1205 3215 mandavi

115 3227 198 3270 tibi,
232 3232 273 3262 ut
295 3228 479 3272 praedium
503 3227 756 3262 hereditarium
789 3227 874 3261 mihi
903 3237 1035 3262 emeres
1049 3228 1076 3247 ¹⁵
1106 3230 1203 3261 certo

115 3273 246 3316 pretio:
273 3273 396 3308 emisti.
435 3283 499 3317 pro
525 3272 740 3307 coheredum
764 3272 904 3317 quidem
936 3272 1099 3316 partibus
1132 3281 1204 3306 non

116 3317 222 3352 dubie
252 3318 411 3353 mandati
442 3318 536 3353 actio
570 3321 624 3352 est
654 3317 748 3352 inter
778 3328 855 3353 nos.
892 3327 957 3362 pro
989 3321 1053 3351 tua
1084 3320 1204 3351 autem

116 3367 219 3406 parte
252 3373 358 3407 posse
393 3362 547 3397 dubitari
582 3362 650 3404 ait,
687 3366 852 3397 utrumne
887 3372 931 3397 ex
967 3366 1083 3407 empto
1117 3362 1204 3396 an¹⁶

116 3475 155 3515 (1)
183 3476 298 3516 postea
311 3485 384 3506 eum
397 3488 459 3509 scr.
598 3476 642 3517 (2)
667 3477 715 3509 sic
726 3475 764 3515 S,
779 3486 850 3508 esse
862 3476 897 3508 F
1038 3476 1080 3516 (3)
1106 3477 1153 3508 sic
1165 3475 1203 3514 S,

117 3519 256 3562 repellet
268 3519 302 3551 F
390 3521 432 3561 (4)
458 3523 491 3552 et
504 3521 541 3560 S,
556 3533 614 3554 om.
629 3521 663 3553 F
758 3522 800 3562 (5)
827 3521 1030 3562 quicumque
1044 3521 1106 3553 del.
1124 3521 1203 3553 Hal.

119 3565 162 3606 (6)
188 3564 240 3596 vel
253 3574 411 3605 praesens
425 3565 454 3598 S
464 3578 531 3598 cum
546 3566 590 3604 B,
606 3578 663 3599 om.
678 3566 712 3598 F
844 3567 888 3606 (7)
913 3567 960 3598 sic
974 3565 1011 3603 S,
1026 3565 1163 3597 heredes
1178 3565 1211 3596 F

119 3609 163 3650 (8)
188 3610 237 3642 sic
250 3609 287 3648 S,
303 3609 390 3650 quod
403 3610 436 3641 F
512 3610 555 3650 (9)
582 3610 668 3642 1110111
684 3611 721 3650 S,
736 3623 792 3643 om.
807 3610 842 3642 F
918 3612 978 3651 (10)
1004 3610 1039 3642 111
1055 3612 1113 3642 ins.
1130 3611 1202 3642 edd.

119 3655 174 3694 (11)
199 3654 378 3685 Africanus
393 3654 429 3692 S,
444 3666 501 3686 om.
515 3655 550 3686 F
626 3662 683 3691 (12)
710 3655 854 3696 pecunia
867 3656 900 3687 F
977 3657 1033 3695 (13)
1061 3655 1163 3687 serint
1175 3655 1209 3686 F

120 3700 176 3739 (14)
202 3701 462 3740 procuratorem,
476 3699 627 3740 quamvis
639 3699 747 3741 ipsius
761 3700 912 3741 periculo
925 3700 1053 3731 nummi
1066 3700 1201 3731 fierent:

950 3746 1009 3785 (16)
1034 3755 1077 3776 an
1092 3744 1129 3785 S,
1143 3754 1163 3776 a
1174 3744 1209 3776 F

119 3745 157 3775 ut
169 3746 279 3776 tamen
291 3756 355 3776 scr.
449 3744 506 3785 (15)
533 3754 656 3776 emeres
669 3745 707 3787 S,
721 3745 816 3777 heres
828 3746 862 3776 F

1193 103 1272 151 219

1279 0 1293 33 ἱ

2190 109 2313 151 XVII
2347 114 2362 151 1

1275 229 1435 264 mandati
1455 229 1511 274 agi
1531 233 1714 274 oporteat:
1737 241 1850 276 neque
1871 231 1963 267 enim
1985 232 2060 267 sine
2071 232 2212 267 ratione
2224 242 2329 277 quem
2342 233 2367 254 ¹⁷

1276 275 1559 310 existimaturum
1596 285 1661 319 pro
1699 275 1768 310 hac
1804 281 1906 321 parte
1938 278 2004 312 sub
2038 277 2247 313 condicione
2283 289 2368 313 con-

1274 324 1429 355 tractam
1475 320 1700 365 emptionem.
1750 322 1846 365 quod
1881 323 2023 367 quidem
2058 323 2211 358 maxime
2246 323 2369 368 quaeri

1274 366 1454 411 pertinere
1479 366 1540 407 ait,
1565 366 1658 408 ut¹⁸,
1685 365 1715 400 si
1738 366 1831 401 forte
1855 368 1955 412 prius
2004 379 2086 404 uam
2112 369 2242 414 emptio
2267 369 2370 404 fieret

1275 411 1487 447 decesserim
1511 415 1547 446 et
1570 415 1628 453 tu,
1655 422 1736 445 cum
1761 412 1870 447 scires
1895 424 1950 447 me
2000 414 2188 456 ecessisse,
2221 418 2370 460 propter

1273 457 1482 492 mandatum
1501 467 1617 492 meum
1637 456 1697 491 alii
1717 456 1868 492 vendere
1888 458 2054 501 nolueris,
2081 470 2127 495 an
2147 460 2248 495 heres
2268 470 2368 495 meus

1275 512 1316 537 eo
1341 503 1483 538 nomine
1507 502 1572 537 tibi
1596 502 1643 537 sit
1666 502 1862 546 obligatus,
1896 507 1932 537 et
1963 509 2077 546 retro,
2109 505 2139 540 si
2163 506 2224 540 alii
2247 505 2368 540 vendi-

1274 548 1387 590 deris,
1420 558 1468 583 an
1499 547 1622 583 heredi
1652 557 1730 582 meo
1763 548 1929 583 tenearis.
1966 559 2048 584 nam
2073 550 2103 584 si
2127 551 2269 595 quidem
2301 551 2368 586 sub

1274 593 1485 628 condicione
1510 592 1641 638 emptio
1665 592 1765 627 facta
1797 592 1954 635 videtur,
1987 598 2107 638 potest
2137 596 2212 640 agi,
2246 607 2368 641 quem-

1273 639 1465 674 admodum
1490 639 1519 674 si
1544 638 1688 684 quaevis
1702 638 1731 659 ¹⁹
1754 638 1825 673 alia
1850 638 2011 674 condicio
2036 644 2119 684 post
2138 645 2286 676 mortem
2308 652 2368 676 ex-

1273 684 1440 720 stitisset:
1476 684 1531 720 sin
1554 694 1638 719 vero
1661 683 1808 729 perinde
1831 684 1990 718 mandati
2022 686 2197 729 agendum
2229 687 2293 728 sit,
2326 697 2369 722 ac

1272 730 1302 765 si
1327 730 1483 765 alienum
1508 729 1661 764 fundum
1686 729 1754 764 emi
1777 729 2022 772 mandassem,
2054 735 2167 766 morte
2191 732 2366 774 insecuta,

1273 786 1354 811 cum
1387 775 1424 810 id
1457 775 1599 817 scieris,
1633 775 1791 810 resoluto
1815 774 1984 809 mandato
2009 776 2143 810 nullam
2166 777 2232 811 tibi
2256 778 2368 813 actio-

1272 831 1353 856 nem
1378 831 1458 856 cum
1482 820 1613 855 herede
1636 830 1715 856 meo
1740 820 1829 855 fore.
1868 819 1932 855 sed
1956 824 1991 854 et
2015 821 2046 855 si
2069 822 2228 857 mandati
2262 833 2367 867 agen-

1273 866 1357 901 dum
1381 871 1485 909 esset,
1512 865 1636 901 eadem
1659 865 1887 911 praestanda,
1913 876 2006 910 quae
2029 870 2310 910 praestarentur,
2337 868 2367 903 si

1273 923 1317 947 ex
1342 916 1460 956 empto
1485 915 1660 956 ageretur.

1319 954 1371 994 35
1393 957 1636 993 NERATIUs²⁰
1650 957 1740 992 libro
1752 957 1878 1002 quinto
1891 956 2180 992 membranarum
2228 957 2265 992 Si
2286 958 2368 992 fun-

1273 1003 1376 1046 dum,
1402 1003 1462 1048 qui
1487 1013 1531 1038 ex
1555 1006 1657 1048 parte
1680 1006 1763 1037 tuus
1788 1005 1860 1044 est,
1893 1002 2099 1037 mandavi²¹
2122 1002 2189 1037 tibi
2212 1006 2253 1037 ut
2277 1013 2369 1038 eme-

1272 1059 1329 1084 res
1363 1049 1467 1091 mihi,
1499 1059 1621 1083 verum
1646 1051 1700 1083 est
1723 1047 1931 1082 mandatum
1951 1057 2062 1100 posse
2085 1047 2136 1082 ita
2162 1048 2369 1091 consistere,

1272 1098 1312 1129 ut
1335 1094 1422 1129 mihi
1447 1094 1574 1129 ceteris
1625 1093 1762 1128 artibus
1787 1093 1979 1138 redemptls
2014 1092 2120 1127 etiam
2154 1097 2253 1128 tuam
2285 1104 2368 1138 par-

1271 1143 1344 1174 tem
1401 1143 1562 1175 raestare
1619 1140 1737 1174 ebeas.
1787 1138 1851 1173 sed
1886 1139 1917 1173 si
1949 1138 2091 1183 quidem
2124 1143 2221 1174 certo
2254 1139 2369 1183 pretio

1273 1196 1373 1221 emen
1400 1195 1439 1220 as
1459 1196 1520 1220 eas
1540 1184 1794 1226 mandaverim,
1816 1184 2096 1229 quanticumque
2116 1184 2266 1218 aliorum
2287 1194 2369 1229 par-

1272 1235 1325 1266 tes
1336 1231 1367 1251 ²2
1390 1230 1600 1272 redemeris,
1627 1230 1678 1265 sic
1704 1234 1739 1265 et
1763 1233 1828 1264 tua
1851 1240 1936 1274 pars
1962 1229 2201 1272 coartabitur,
2234 1233 2275 1264 ut
2298 1241 2371 1265 non

1272 1276 1431 1311 abundet
1454 1276 1615 1311 mandati
1639 1275 1887 1320 quantitatem,
1911 1275 1948 1310 in
1969 1285 2077 1320 quam
2097 1275 2163 1309 tibi
2183 1274 2371 1310 emendum

1271 1326 1386 1357 totum
1411 1321 1595 1356 mandavi:
1622 1321 1677 1357 sin
1702 1325 1822 1356 autem
1846 1321 1944 1356 nullo
1970 1325 2068 1355 certo
2093 1320 2208 1365 pretio
2235 1320 2370 1356 consti-

1271 1371 1350 1402 tuto
1377 1377 1493 1402 emere
1516 1367 1582 1401 tibi
1605 1366 1847 1402 mandaverim
1870 1370 1982 1410 tuque
2007 1376 2051 1401 ex
2077 1365 2222 1401 diversis
2247 1366 2370 1418 pretiis

1271 1417 1392 1458 partes
1418 1416 1617 1448 ceterorum
1641 1412 1842 1454 redemeris,
1869 1415 1905 1447 et
1923 1416 2022 1446 tuam
2041 1415 2181 1456 partem
2200 1411 2266 1446 viri
2285 1411 2371 1446 boni

1273 1459 1448 1493 arbitratu
1474 1458 1661 1493 aestimato
1686 1458 1801 1503 pretio
1828 1457 1907 1492 dari
1931 1460 2084 1502 oportet,

1318 1501 1372 1542 36
1408 1503 1454 1539 [Α
1464 1513 1636 1539 vorsatus
1666 1503 1757 1538 libro
1791 1503 1944 1549 septimo
1979 1513 2030 1538 ex
2068 1501 2189 1538 Cassio
2243 1502 2295 1537 ita
2330 1505 2372 1537 ut

1272 1560 1393 1586 omnes
1426 1559 1582 1584 summas
1614 1548 1766 1584 maiores
1799 1552 1835 1583 et
1865 1548 2020 1583 minores
2046 1550 2235 1583 coacervet
2261 1551 2296 1583 et
2319 1548 2371 1582 ita

1271 1595 1472 1641 portionem
1504 1595 1536 1630 ei
1568 1594 1629 1639 qui
1652 1593 1861 1628 mandatum
1885 1593 2045 1638 suscepit
2067 1596 2237 1638 praestet.
2275 1593 2370 1638 quod

1275 1645 1289 1676 1
1340 1644 1375 1675 et
1398 1640 1560 1685 plerique
1583 1640 1750 1685 probant.
1800 1638 1912 1674 Simili
1943 1638 2048 1674 modo
2083 1642 2119 1674 et
2142 1638 2180 1673 in
2203 1638 2264 1673 illa
2289 1648 2369 1683 spe-

1273 1686 1346 1729 cie,
1379 1686 1442 1721 ubi
1475 1690 1572 1721 certo
1597 1685 1712 1730 pretio
1735 1684 1801 1719 tibi
1826 1694 1941 1720 emere
1963 1683 2130 1719 mandavi
2154 1687 2191 1719 et
2214 1684 2365 1718 aliarum

1272 1732 1428 1777 partium
1460 1731 1604 1766 nomine
1628 1730 1813 1766 commode
1836 1730 2016 1775 negotium
2039 1729 2180 1774 gessisti
2206 1733 2241 1764 et
2264 1729 2370 1764 vilius

1273 1777 1410 1819 emeris,
1432 1787 1497 1821 pro
1517 1776 1622 1811 11111,23
1642 1779 1744 1820 parte
1763 1779 1904 1810 tantum
1922 1775 1988 1809 tibi
2007 1778 2225 1820 praestatur,
2246 1774 2371 1819 quanti

1272 1823 1421 1857 interest
1441 1826 1505 1856 tua
1516 1822 1558 1864 ²⁴,
1582 1820 1772 1856 dummodo
1792 1821 1889 1855 intra
1908 1820 1944 1855 id
1965 1820 2130 1865 pretium,
2152 1819 2248 1864 quod
2268 1830 2369 1854 man-

1273 1868 1357 1903 dato
1384 1867 1596 1902 continetur.
1634 1866 1719 1911 quid
1744 1866 1836 1901 enim
1860 1865 1941 1907 fiet,
1975 1865 2004 1900 si
2030 1865 2154 1910 exiguo
2179 1865 2295 1910 pretio
2320 1865 2369 1908 hi,

1275 1924 1356 1948 cum
1381 1913 1510 1958 quibus
1534 1912 1599 1947 tibi
1624 1911 1821 1947 communis
1844 1910 1977 1946 fundus
2003 1914 2098 1954 erat,
2131 1920 2206 1946 rem
2230 1910 2371 1946 abicere

1271 1959 1326 1994 vel
1351 1958 1564 1994 necessitate
1587 1958 1639 1992 rei
1662 1957 1850 1992 familiaris
1874 1956 1929 1992 vel
1954 1956 2026 1991 alia
2051 1966 2163 1991 causa
2201 1966 2368 2001 cogeren-

1272 2005 1357 2039 tur?
1393 2014 1466 2039 non
1490 2004 1598 2038 etiam
1621 2006 1662 2038 tu
1686 2002 1733 2037 ad
1755 2002 1850 2037 idem
1859 2002 1890 2023 ²⁵
1914 2001 2137 2046 dispendium
2170 2001 2368 2036 deduceris.

1272 2049 1336 2085 sed
1366 2059 1434 2085 nec
1464 2049 1604 2084 lucrum
1633 2048 1700 2083 tibi
1731 2058 1776 2083 ex
1808 2047 1879 2083 hac
1903 2057 2013 2082 causa
2038 2047 2225 2092 adquirere
2249 2046 2369 2089 debes,

1273 2106 1355 2130 cum
1388 2094 1598 2130 mandatum
1628 2093 1825 2139 gratuitum
1857 2103 1935 2128 esse
1968 2092 2093 2128 debet:
2129 2103 2245 2137 neque
2278 2092 2371 2127 enim

1271 2140 1337 2175 tibi
1361 2139 1626 2176 concedendum
1653 2143 1708 2174 est
1730 2142 1880 2184 propter
1902 2139 1972 2173 hoc
1995 2137 2235 2174 venditionem
2258 2137 2370 2182 impe-

1273 2186 1348 2221 dire
1357 2186 1408 2229 2⁶,
1444 2185 1541 2231 quod
1577 2184 1827 2220 animosiorem
1862 2184 1938 2219 eius
1973 2183 2026 2219 rei
2061 2187 2258 2228 emptorem
2292 2193 2371 2218 esse

1272 2233 1292 2265 2
1365 2241 1449 2265 uam
1483 2230 1550 2265 tibi
1584 2230 1792 2265 mandatum
1828 2233 1882 2264 est
1915 2229 2133 2274 cognoveris.
2191 2228 2295 2272 Quod
2339 2228 2371 2263 si

1272 2276 1336 2311 fun
1363 2287 1439 2319 um,
1471 2276 1532 2321 qui
1563 2286 1629 2320 per
1660 2279 1782 2320 partes
1806 2274 1921 2317 venit,
1957 2274 2143 2309 emendum
2173 2274 2239 2308 tibi
2269 2284 2369 2308 man-

1273 2322 1425 2364 dassem,
1452 2321 1514 2357 sed
1538 2321 1600 2363 ita,
1624 2324 1666 2356 ut
1689 2331 1762 2356 non
1787 2320 1892 2355 aliter
1908 2320 2079 2355 mandato
2101 2323 2236 2361 tenear,
2263 2329 2369 2364 quam

1272 2367 1303 2402 si
1326 2370 1442 2402 totum
1473 2366 1624 2401 fundum
1656 2375 1810 2401 emeres:
1844 2366 1875 2400 si
1904 2369 2020 2400 totum
2054 2375 2168 2400 emere
2200 2375 2273 2399 non
2303 2375 2368 2410 po-

1272 2413 1382 2447 tueris
1391 2413 1441 2454 27,
1473 2412 1511 2447 in
1542 2412 1706 2457 partibus
1740 2411 1900 2446 emendis
1924 2411 1990 2445 tibi
2013 2410 2194 2455 negotium
2217 2410 2369 2454 gesseris

1273 2458 1359 2500 (sive
1389 2457 1601 2493 habueris²⁸
1631 2457 1668 2492 in
1703 2467 1744 2492 eo
1781 2456 1893 2491 fundo
1929 2459 2067 2501 partem
2092 2455 2165 2490 sive
2189 2459 2292 2493 nom:
2331 2459 2367 2489 et

1273 2503 1427 2545 eveniet,
1452 2507 1493 2537 ut
1516 2503 1546 2538 is
1572 2502 1631 2537 cui
1654 2501 1726 2537 tale
1750 2501 1960 2536 mandatum
1984 2500 2106 2535 datum
2132 2503 2186 2536 est
2209 2500 2368 2545 periculo

1273 2559 1338 2583 suo
1362 2548 1505 2583 interim
1528 2551 1650 2592 partes
1675 2551 1771 2582 emat
1796 2551 1843 2589 et,
1867 2546 1936 2581 nisi
1955 2549 2071 2581 totum
2092 2546 2226 2587 emerit,
2251 2545 2368 2590 ingra-

1272 2594 1318 2628 tis
1328 2594 1360 2615 2⁹
1395 2604 1455 2629 eas
1490 2593 1653 2628 retineat.
1702 2603 1785 2627 nam
1796 2593 1826 2613 ³⁰
1859 2591 2045 2636 propius-'¹¹
2085 2594 2158 2634 est,
2201 2594 2243 2625 ut
2287 2601 2368 2626 cum

1271 2639 1475 2674 huiusmodi
1487 2637 1721 2673 incommodis
1742 2637 1951 2671 mandatum
1971 2636 2067 2671 susci
2093 2636 2106 2670 i
2127 2636 2242 2681 possit
2262 2646 2367 2680 prae-

1273 2684 1431 2729 starique
1464 2683 1623 2719 officium
1656 2687 1692 2718 et
1714 2683 1750 2717 in
1775 2682 1936 2727 partibus
1962 2691 2062 2716 emen
2088 2682 2117 2716 is
2141 2681 2290 2726 perinde
2313 2685 2367 2715 at-

1272 2740 1341 2774 que
1364 2730 1401 2764 in
1425 2733 1502 2764 toto
1529 2729 1658 2764 debeat
1668 2728 1698 2749 ³²
1722 2728 1768 2762 ab
1794 2738 1856 2769 eo,
1890 2727 1951 2771 qui
1974 2727 2047 2762 tale
2070 2727 2278 2762 mandatum
2303 2736 2368 2761 sua

1273 2778 1292 2809 3
1341 2778 1469 2819 sponte
1490 2774 1657 2818 suscepit.
1707 2772 1810 2817 Quod
1832 2772 1862 2807 si
1881 2772 2107 2807 mandassem
2129 2772 2204 2814 tibi,
2225 2776 2267 2807 ut
2285 2771 2366 2806 fun-

1273 2820 1355 2854 dum
1379 2820 1465 2854 mihi
1489 2829 1634 2860 emeres,
1659 2829 1732 2853 non
1756 2817 1877 2853 addito
1902 2827 1955 2859 eo,
1981 2821 2021 2852 ut
2045 2828 2118 2853 non
2142 2817 2245 2852 aliter
2267 2827 2366 2851 man-

1273 2865 1357 2899 dato
1382 2869 1518 2906 tenear,
1543 2874 1650 2909 quam
1673 2863 1704 2898 si
1726 2867 1843 2898 totum
1868 2872 2012 2905 emeres,
2038 2866 2073 2898 et
2092 2866 2133 2897 tu
2155 2866 2293 2915 partem
2313 2862 2366 2896 vel

1297 2910 1448 2945 uasdam
1483 2913 1605 2954 partes
1642 2908 1717 2943 eius
1753 2910 1898 2950 emeris,
1932 2912 2009 2943 tum
2040 2908 2252 2943 habeblmus
2289 2907 2366 2942 siue

1273 2922 1381 2990 dubio
1413 2955 1565 2990 invicem
1596 2953 1757 2988 mandati
1788 2953 1984 2996 actionem,
2021 2953 2180 2998 quamvis
2211 2953 2366 2997 reliquas

1272 3004 1392 3045 partes
1418 3010 1534 3035 emere
1558 3010 1629 3034 non
1652 2998 1842 3044 potuisses.

1319 3043 1371 3082 37
1404 3046 1632 3080 AFRICANUS
1660 3044 1751 3079 libro
1782 3047 1908 3079 octavo
1940 3043 2190 3088 quaestionum
2244 3042 2365 3077 Homi-

1273 3101 1353 3126 nem
1378 3094 1514 3125 certum
1538 3100 1603 3134 pro
1628 3093 1664 3124 te
1689 3088 1767 3123 dari
1790 3088 1949 3124 fideiussi
1973 3092 2008 3123 et
2031 3088 2137 3123 solvi:
2164 3098 2246 3123 cum
2266 3098 2364 3121 man-

1275 3136 1349 3171 dati
1381 3135 1566 3180 agatur³³,
1599 3134 1798 3169 aestimatio
1831 3134 1908 3169 eius
1941 3133 1988 3168 ad
2010 3133 2047 3168 id
2096 3134 2189 3168 otius
2214 3137 2364 3176 tempus,

1274 3192 1343 3226 quo
1368 3181 1506 3216 solutus
1532 3180 1597 3222 sit,
1629 3190 1702 3214 non
1759 3189 1806 3214 uo
1839 3182 1984 3224 agatur,
2016 3189 2055 3213 re
2073 3178 2142 3213 erri
2174 3178 2297 3219 debet,
2331 3181 2366 3211 et

1273 3226 1353 3261 ideo
1379 3225 1518 3261 etiamsi
1549 3228 1711 3260 mortuus
1759 3224 1871 3266 uerit,
1905 3224 2013 3259 nihilo
2047 3223 2162 3258 minus
2194 3222 2290 3257 utilis
2323 3232 2365 3256 ea

1274 3271 1367 3307 actio
1392 3274 1457 3306 est.
1495 3270 1598 3305 aliter
1620 3270 1658 3304 in
1689 3269 1921 3315 stipulatione
1951 3273 2132 3304 servatur:
2166 3277 2247 3302 nam
2278 3270 2364 3301 tuuc

1274 3316 1309 3351 id
1332 3320 1472 3360 tempus
1497 3318 1681 3360 spectatur
1713 3325 1783 3360 quo
1816 3315 1949 3359 agitur,
1985 3314 2052 3349 nisi
2082 3313 2175 3348 forte
2206 3315 2269 3346 aut
2301 3321 2365 3356 per

1273 3361 1525 3406 promissorem
1560 3360 1716 3402 steterit,
1752 3371 1822 3405 quo
1858 3360 1976 3394 minus
2013 3369 2079 3394 sua
2110 3358 2166 3392 die
2201 3356 2362 3397 solveret,

1275 3475 1334 3515 (17)
1361 3484 1424 3515 que
1437 3474 1471 3506 F
1581 3475 1640 3515 (18)
1665 3474 1716 3506 ait
1728 3475 1779 3514 ut]
1793 3476 1833 3505 ut
1845 3474 1895 3505 ait
1906 3485 1968 3506 scr.
2086 3476 2145 3511 (19)
2171 3470 2321 3511 quamvis
2334 3470 2368 3501 F

1276 3521 1337 3559 (20)
1363 3519 1524 3551 Neratius
1538 3519 1575 3558 S,
1590 3532 1647 3552 om.
1660 3520 1695 3551 F
1806 3521 1863 3559 (21)
1890 3517 2009 3549 manda
2023 3517 2057 3548 F
2177 3516 2238 3554 (22)
2264 3516 2312 3547 sic
2323 3514 2361 3552 S,

1274 3567 1369 3605 parte
1382 3564 1416 3595 F
1470 3567 1531 3604 (23)
1544 3565 1592 3597 sic
1604 3564 1642 3604 S,
1657 3567 1715 3596 tuo
1728 3564 1763 3596 F
1818 3565 1880 3602 (24)
1896 3563 2080 3594 interestua
2092 3560 2127 3592 F
2180 3561 2241 3599 (25)
2256 3558 2369 3590 idetF

1274 3615 1336 3645 (26⁸
1364 3609 1551 3651 impendii-e
1564 3609 1598 3641 F
1664 3611 1724 3647 (27)
1750 3610 1798 3641 sic
1811 3609 1847 3646 S,
1863 3607 2012 3649 potuerit
2025 3606 2058 3637 F
2122 3606 2186 3645 (28)
2212 3603 2319 3635 averis
2334 3602 2367 3634 F

1274 3656 1336 3694 (29)
1362 3655 1409 3687 sic
1422 3655 1480 3694 Pa,
1495 3655 1648 3695 ingratus
1661 3654 1696 3686 F
1783 3655 1845 3693 (30)
1872 3663 1947 3684 nam
1963 3651 1999 3690 S,
2015 3662 2071 3682 om.
2086 3649 2121 3680 F
2203 3650 2261 3690 (31)
2286 3658 2359 3690 pro-

1272 3699 1367 3740 prius
1379 3700 1414 3731 F
1501 3701 1562 3741 (32)
1587 3701 1636 3732 sic
1644 3700 1682 3739 S,
1697 3697 1795 3731 debet
1807 3698 1843 3729 F
1930 3697 1991 3737 (33)
2016 3696 2133 3727 acatur
2145 3694 2178 3726 F

2026 3795 2091 3827 28*
