2528 3918
98 122 185 153 VEL
216 120 393 153 CONTRA

142 230 196 269 24
220 231 466 267 Papmmws
493 230 583 266 libro
614 240 710 265 nono
741 229 990 275 quaestionum
1038 229 1185 267 ‘Lucius

97 278 224 313 ‘Titius
249 276 455 323 Sempronio
487 275 649 311 salutem.
699 274 849 309 Centum
880 285 1061 318 nummos,
1094 285 1184 320 quos

98 323 178 358 ‘hac
203 322 258 358 die
281 321 535 358 commendasti
554 320 639 355 mihi
658 320 915 355 adnumerante
939 330 1040 356 servo
1061 320 1183 356 Sticho

98 372 251 410 ‘actore‚
285 377 361 402 esse
384 366 480 412 apud
502 376 558 401 me
582 369 622 400 ut
645 370 769 400 notum
793 365 964 408 haberes,
996 366 1066 401 hac
1090 366 1183 411 epis-

98 414 186 448 ‘tula
199 423 308 448 man-u
319 422 397 447 mea
410 411 545 456 scripta
563 411 629 445 tibi
649 414 773 446 notum
790 410 904 446 facio:
927 421 1018 456 quae
1039 411 1183 457 quando

98 459 204 494 ‘voles
237 461 272 492 et
302 457 364 492 ubi
395 457 490 492 voles
515 456 704 492 confestim
727 456 792 491 tibi
815 457 1038 492 numerabo.’
1074 467 1182 509 quae-

95 504 184 539 ritur
213 505 361 554 propter
390 512 579 537 usurarum
609 502 876 537 incrementum.
921 502 1090 547 respondi
1122 502 1183 537 de-

95 548 202 595 positi
226 552 402 583 actlonem
424 548 543 582 locum
574 547 724 582 habere:
757 546 842 592 quid
875 551 930 582 est
962 548 1054 583 enim
1087 548 1184 583 aliud

97 592 340 629 commendare
364 603 470 638 quam
494 592 696 637 deponere?
732 592 829 637 quod
851 592 903 627 ita
922 603 1044 628 verum
1064 597 1129 636 est,
1154 593 1184 628 si

94 639 130 675 id
159 642 279 674 actum
309 642 383 681 est,
414 642 455 674 ut
486 648 638 683 corpora
662 649 886 673 nummorum
910 638 1034 673 eadem
1056 638 1182 674 redde-

94 687 232 720 rentur:
268 694 351 719 nam
386 683 416 719 si
451 686 492 718 ut
526 682 738 718 tantundem
773 684 970 719 solveretur
1007 684 1182 728 convenit,

94 729 270 775 egreditur
294 740 336 764 ea
358 740 416 764 res
441 728 593 773 depositi
612 729 817 764 notissimos
836 730 1019 765 terminos.
1055 730 1093 765 in
1113 741 1184 776 qua

96 775 301 820 quaestione
324 774 355 810 si
379 774 531 820 depositi
550 774 644 809 actio
665 785 737 810 non
757 778 886 817 teneat,
914 786 994 810 cum
1019 775 1183 811 convenit

93 820 313 862 tantundem,
339 831 411 855 non
434 820 528 855 idem
552 820 671 862 reddi,
703 821 879 856 rationem
903 830 1093 856 usurarum
1117 821 1182 856 ha-

93 866 167 902 beri
197 876 269 901 non
292 865 398 901 facile
422 865 610 900 dicendum
635 869 698 901 est.
737 869 772 901 et
797 869 852 901 est
875 866 1016 910 quidem
1049 867 1181 902 consti-

92 915 207 946 tutum
230 911 267 946 in
290 911 407 946 bonae
430 910 512 946 fidei
535 911 686 953 iudiciis,
712 911 807 956 quod
831 911 878 946 ad
901 922 1029 947 usuras
1055 912 1183 948 attinet

92 961 132 992 ut
162 956 372 992 tantundem
402 956 517 1002 possit
540 956 699 992 officium
723 957 847 992 arbitri
871 961 1044 1001 quantum
1069 958 1181 1003 stipu-

92 1002 196 1038 latio:
230 1002 292 1037 sed
324 1005 450 1038 contra
480 1002 612 1037 bonam
643 1001 749 1037 fidem
783 1007 818 1037 et
842 1002 992 1047 depositi
1016 1007 1182 1038 naturam

94 1051 147 1084 est
176 1058 304 1083 usuras
337 1048 382 1083 ab
416 1058 456 1083 eo
491 1047 694 1082 desiderare
725 1048 893 1093 temporis
927 1052 1010 1083 ante
1033 1060 1181 1092 moram,

92 1093 151 1139 qui
181 1093 394 1129 beneficium
424 1093 461 1128 in
492 1092 720 1138 suscipienda
742 1093 897 1138 pecunia
922 1093 1029 1129 dedit.
1065 1095 1095 1130 si
1126 1099 1180 1130 ta-

92 1149 171 1174 men
203 1139 247 1174 ab
283 1139 383 1174 initio
416 1138 460 1174 de
492 1139 612 1174 usuris
645 1139 872 1184 praestandis
909 1140 1092 1183 convenit,
1124 1140 1182 1176 lex

92 1188 297 1220 contractus
321 1184 532 1220 servabitur.

136 1227 187 1266 25
213 1229 320 1264 IDEM
339 1230 430 1265 libro
456 1231 560 1265 tertio
584 1240 841 1277 responsorum
887 1230 955 1265 Die
979 1231 1179 1276 sponsalio-

90 1286 168 1310 rum
192 1279 255 1310 aut
278 1279 404 1321 postea
427 1280 485 1310 res
518 1275 658 1311 oblatas
690 1276 849 1320 puellae,
884 1286 974 1321 quae
1008 1277 1064 1312 sui
1093 1277 1180 1312 iuris

89 1320 175 1363 fuit,
210 1326 314 1366 pater
348 1321 523 1366 suscepit:
558 1321 662 1356 heres
696 1322 771 1356 eius
806 1325 846 1356 ut
882 1322 1048 1357 exhibeat
1083 1326 1181 1358 recte

93 1369 107 1401 1
159 1367 386 1402 convenietur
411 1367 518 1402 etiam
539 1367 680 1402 actione
702 1366 865 1411 depositi.
915 1366 1181 1412 Quipecuniam

90 1412 185 1457 apud
209 1422 247 1447 se
271 1423 343 1447 non
367 1412 601 1457 obsignatam,
626 1416 666 1447 ut
689 1412 900 1447 tantundem
919 1412 1094 1456 redderet,
1120 1414 1179 1449 de-

89 1457 241 1503 positam
266 1458 312 1493 ad
335 1468 422 1493 usus
445 1458 609 1503 proprios
636 1459 827 1500 convertit,
861 1462 944 1503 post
974 1470 1112 1494 moram
1143 1460 1180 1495 in

89 1513 217 1538 usuras
242 1514 382 1549 quoque
405 1503 535 1539 iudicio
562 1504 713 1549 depositi
738 1503 1031 1540 condemnandus
1056 1509 1120 1540 est.

135 1546 188 1586 26
212 1548 270 1584 ΡΑ
278 1559 321 1584 (Π,
329 1559 372 1584 03
387 1549 477 1584 libro
491 1553 622 1595 quarto
636 1560 892 1596 responsorum
938 1549 1067 1585 Publia
1079 1550 1179 1586 Mae-

89 1594 144 1630 via
180 1605 261 1630 cum
296 1594 583 1639 proficisceretur
617 1594 663 1630 ad
699 1595 864 1630 maritum
900 1606 1022 1639 suum,
1060 1607 1178 1631 arcam

90 1640 223 1675 clusam
248 1651 328 1675 cum
352 1644 450 1675 veste
468 1644 504 1675 et
522 1640 765 1676 instrumentis
787 1641 1048 1676 commendavit
1069 1641 1181 1677 Gaiae

89 1685 191 1721 Seiae
216 1689 251 1720 et
275 1685 364 1721 dixit
389 1687 437 1721 ei:
465 1688 556 1721 ‘cum
588 1697 677 1722 sana
709 1687 871 1721 salvave¹
897 1697 1045 1729 venero,
1077 1688 1179 1723 resti-

89 1734 179 1766 ‘tues
198 1731 301 1766 mihi:
329 1735 435 1773 certe,
460 1732 490 1767 si
509 1732 555 1766 ali
581 1732 642 1766 uid
661 1732 745 1766 mihi
765 1733 960 1767 humanum
982 1733 1179 1778 contigerit,

90 1776 174 1812 ‘filio
207 1787 302 1819 meo,
337 1787 440 1822 quem
466 1787 509 1812 ex
542 1777 613 1812 aio
646 1778 775 1812 marito
808 1777 973 1823 suscepi.’
1011 1778 1181 1814 defuncta

88 1832 130 1857 ea
160 1822 331 1857 intestata
363 1822 522 1858 desidero
555 1833 612 1858 res
646 1823 914 1858 commendatae
947 1824 1005 1858 cui
1039 1825 1182 1859 restitui

93 1871 105 1902 l
156 1867 319 1909 debeant,
334 1868 405 1903 filio
421 1879 467 1903 an
480 1868 618 1904 marito.
644 1868 779 1904 Paulus
791 1868 976 1913 respondit
988 1869 1072 1904 filio.
1105 1870 1179 1905 Lu-

90 1913 165 1948 cius
186 1913 301 1948 Titius
325 1914 377 1949 ita
401 1915 512 1949 cavit:
539 1912 701 1958 6”Ελαβον
725 1917 785 1947 καὶ
809 1916 876 1956 ἔχει)
904 1915 951 1949 εἰς
974 1913 1083 1960 λόγον
1105 1928 1179 1949 πα-

89 1956 361 2004 6ρακοιταθ·ἡκης
390 1959 437 1993 τὰ
468 1963 770 2007 προγεγραμμένα
794 1961 883 1993 ’τοῦ2
917 1955 1087 2006 ἀργυρίου
1113 1958 1178 2003 δη-

88 2003 207 2050 6νοὶριοι
238 2004 365 2051 μύρια,
402 2008 463 2038 καὶ
495 2008 616 2039 πάντα
639 2004 783 2048 ποιήσω
818 2008 878 2038 καὶ
911 2008 1094 2051 συμφωνοῖ
1120 2009 1181 2040 καὶ

88 2046 331 2096 ιὡμολόγησα,
360 2047 408 2086 ὡς
431 2054 722 2105 προγέγραπται·
761 2053 821 2084 καὶ
847 2051 1049 2095 συνεθέμην
1069 2065 1179 2099 χορη-

89 2097 206 2142 ιγῆσαί
230 2109 288 2129 σοι
311 2096 422 2130 τόκον
444 2097 593 2139 ἑκαστης
615 2099 705 2141 μνᾶς
728 2095 880 2131 ἑκάστου
899 2096 1010 2141 μηνὸς
1033 2092 1181 2141 όβόλους

87 2144 271 2187 (τέσσαρας
293 2144 393 2186 μέχρι
415 2143 477 2184 τῆς
497 2137 706 2176 ἀποδόσεως
725 2141 861 2177 παντὸς
880 2144 945 2176 τοῦ
965 2138 1182 2188 ἀργυριόυ.’3

88 2197 240 2231 quaero,
274 2197 321 2221 an
353 2197 484 2223 usurae
513 2188 588 2233 peti
619 2191 780 2233 possunt.
829 2187 964 2223 Paulus
998 2188 1182 2234 respondit

88 2243 166 2267 eum
191 2235 414 2268 contractum
439 2233 482 2268 de
507 2244 576 2278 quo
599 2234 782 2278 quaeritur
803 2233 987 2278 depositae
1007 2234 1181 2278 pecuniae

88 2278 230 2313 modum
267 2278 455 2321 excedere,
492 2283 527 2313 et
562 2279 641 2315 ideo
679 2279 875 2314 secundum
912 2279 1179 2315 conventionem

88 2326 106 2358 2
155 2333 285 2358 usurae
309 2334 450 2369 quoque
474 2324 615 2359 actione
640 2324 792 2369 depositi
811 2325 885 2369 peti
905 2328 1082 2370 possunt·
1108 2325 1179 2360 ‘Ti-

88 2368 168 2404 ‘tius
203 2368 418 2414 Semproniis
450 2370 612 2405 salutem.
661 2370 802 2405 Habere
834 2380 890 2405 me
920 2381 941 2405 a
972 2370 1071 2406 vobis
1104 2371 1181 2406 auri

88 2414 216 2459 ‘pondo
252 2415 333 2459 plus
369 2415 484 2450 minus
517 2415 639 2450 decem
673 2420 708 2450 et
741 2416 858 2450 discos
891 2415 998 2458 duos,
1035 2426 1180 2451 saccum

88 2460 293 2504 ‘signatum:
321 2470 364 2495 ex
388 2461 515 2505 quibus
540 2461 678 2496 debetis
702 2461 786 2495 mihi
811 2461 943 2502 decem,
970 2472 1059 2506 quos
1084 2462 1180 2506 apud

88 2505 231 2540 ‘Titium
263 2505 496 2551 deposuistis:
532 2506 617 2541 item
652 2518 741 2551 quos
777 2506 1001 2551 Trophimati
1038 2507 1177 2542 decem:

87 2550 182 2585 ‘item
215 2561 258 2586 ex
288 2551 429 2587 ratione
459 2552 571 2596 patris
595 2552 703 2587 vestri
727 2552 848 2587 decem
873 2556 908 2586 et
932 2551 1028 2597 quod
1054 2563 1178 2587 excur-

87 2597 168 2631 ι111.7
205 2607 349 2641 quaero,
376 2607 422 2631 an
447 2607 489 2632 ex
513 2598 715 2632 huiusmodi
739 2598 920 2642 scriptura
945 2597 1063 2642 aliqua
1088 2598 1177 2633 obli-

86 2641 182 2688 gatio
207 2645 294 2676 nata
318 2642 381 2684 sit,
408 2642 544 2677 scilicet
568 2643 664 2688 quod
688 2643 734 2677 ad
759 2643 871 2678 solam
895 2643 1068 2688 pecuniae
1093 2654 1178 2678 cau-

86 2697 162 2723 sam
187 2687 324 2722 attinet.
361 2688 546 2732 respondit
571 2699 614 2723 ex
639 2688 802 2733 epistula,
829 2688 872 2722 de
893 2699 963 2732 qua
984 2689 1177 2733 quaeritur,

87 2732 337 2777 obligationem
361 2733 502 2778 quidem
526 2734 660 2768 nullam
685 2738 807 2768 natam
838 2733 966 2776 videri,
1001 2734 1062 2768 sed
1094 2745 1176 2778 pro-

86 2778 266 2812 bationem
287 2778 529 2823 depositarum
548 2790 666 2814 rerum
685 2779 824 2823 impleri
843 2789 967 2823 posse:
994 2789 1040 2814 an
1060 2783 1179 2814 autem

85 2824 116 2858 is
148 2834 307 2868 quoque,
345 2824 404 2868 qui
436 2824 557 2859 deberi
589 2825 656 2860 sibi
689 2825 782 2859 cavit
811 2824 848 2858 in
881 2824 1003 2859 eadem
1028 2825 1179 2869 epistula

88 2869 227 2911 decem,
263 2870 418 2914 probare
449 2870 566 2915 possit
597 2870 667 2906 hoc
699 2869 795 2915 quod
827 2870 989 2914 scripsit,
1026 2870 1178 2905 iudicem

87 2914 367 2950 aestimaturum.

133 2957 185 2996 27
211 2959 320 2994 IDEM
347 2960 438 2995 libro
470 2961 620 3006 septimo
652 2971 909 3007 responsorum
956 2960 1091 2995 Lucius
1116 2961 1177 2995 Ti-

86 3004 157 3039 tius
183 3016 262 3040 cum
286 3005 435 3040 haberet
454 3005 563 3040 filiam
582 3006 619 3040 111
639 3010 817 3050 potestate
837 3006 965 3048 Seiam,
990 3006 1177 3051 Pamphilo

88 3060 187 3085 servo
224 3051 339 3085 alieno
375 3051 411 3085 in
442 3051 706 3086 matrimonium
738 3052 945 3094 collocavit,
983 3051 1040 3087 cui
1073 3051 1178 3086 etiam

89 3095 207 3131 dotem
239 3095 353 3138 dedit,
387 3106 493 3140 quam
518 3097 584 3131 sub
609 3097 712 3132 titulo
738 3097 890 3142 depositi
913 3097 950 3131 in
976 3097 1178 3132 cautionem

89 3141 249 3182 contulit,
271 3145 306 3175 et
322 3145 448 3185 postea
468 3142 566 3176 nulla
583 3142 853 3178 denuntiatione
873 3153 895 3177 a
916 3142 1058 3177 domino
1078 3142 1178 3177 facta

88 3190 190 3230 pater
222 3186 392 3228 decessit,
426 3197 510 3221 mox
542 3191 576 3221 et
606 3187 814 3232 Pamphilus
853 3198 993 3222 servus:
1032 3198 1177 3232 quaero,

89 3242 159 3275 qua
183 3231 324 3266 actione
348 3231 429 3266 Seia
452 3232 641 3276 pecuniam
672 3236 793 3278 petere
823 3233 954 3277 possit,
989 3244 1071 3268 cum
1099 3233 1179 3277 ipsa

89 3276 181 3320 patri
205 3277 305 3311 heres
330 3277 496 3311 extiterit.
545 3277 679 3312 Paulus
704 3278 897 3323 respondit,
924 3278 1092 3323 quoniam
1113 3278 1176 3312 dos

90 3322 258 3356 constitui
289 3332 361 3356 non
393 3322 528 3366 potuit,
562 3332 605 3356 ex
637 3333 747 3358 causa
779 3323 930 3368 depositi
961 3323 1103 3359 actione
1135 3322 1179 3358 de

88 3366 228 3410 peculio
253 3367 440 3411 pecuniam
463 3367 702 3412 repetendam.

136 3407 188 3448 28
214 3410 417 3447 SOAEVOLA
450 3412 540 3448 libro
564 3413 688 3459 primo
719 3424 976 3460 responsorum
1025 3414 1178 3458 Quintus

90 3526 128 3565 (1)
158 3535 196 3556 ve
211 3526 272 3558 del.
377 3527 419 3566 (⁶2)
446 3527 509 3559 σοῦ
520 3540 581 3560 scr.
699 3529 741 3569 (3)
768 3529 805 3560 id
817 3535 882 3561 est.-
895 3529 1012 3570 accepi
1026 3531 1059 3560 et
1071 3528 1178 3560 habeo

89 3581 128 3602 ex
142 3580 244 3603 causa
257 3570 403 3612 depositi
416 3582 517 3613 supra
529 3573 656 3614 scripta
677 3575 748 3613 [tua
761 3574 852 3613 add]
874 3574 985 3605 decem
1005 3566 1103 3617 ‘inilia
1123 3572 1178 3604 de-

90 3616 222 3647 narium
239 3618 271 3646 et
284 3615 403 3646 faciam
418 3617 530 3648 omnia
542 3620 575 3649 et
587 3618 760 3651 consentio
775 3621 808 3649 et
821 3619 960 3659 promisi
970 3618 1020 3649 ita
1030 3621 1068 3649 ut
1078 3628 1178 3659 supra

91 3660 252 3701 scriptum
278 3664 336 3698 est,
359 3663 392 3691 et
411 3662 553 3693 conveni
573 3666 743 3703 praestare
764 3661 829 3694 tibi
844 3674 960 3694 usuras
974 3660 1011 3694 in‘
1026 3662 1178 3703 singulas

90 3704 198 3736 minas
212 3716 271 3746 per
286 3704 438 3745 singulos
451 3715 579 3737 menses
589 3707 713 3738 assium
723 3711 970 3748 quaternorum,
985 3697 1092 3739 dbnec
1101 3707 1176 3738 uni-

97 3759 191 3782 versa
203 3759 334 3782 summa
347 3749 504 3782 reddatur
573 3754 614 3791 (4)
629 3761 780 3783 nummos
794 3762 876 3793 quos
888 3752 922 3783 F
926 3751 950 3792 2,
964 3762 1176 3783 nummorum

1180 102 1264 151 213

2191 110 2293 153 XVI
2325 113 2349 153 3

1255 229 1430 265 Caecilius
1456 229 1635 265 Candidus
1668 231 1714 266 ad
1745 231 1916 268 Paccium
1946 232 2186 278 Rogatianum
2217 234 2344 279 epistu-

1253 275 1323 310 lam
1348 275 1491 321 scripsit
1514 275 1551 310 in
1575 276 1684 310 verba
1706 276 1801 312 infra
1825 279 1977 323 scripta:
2005 279 2191 315 ‘Caecilius
2217 279 2347 315 Candi-

1254 320 1332 355 ‘dus
1356 321 1488 356 Paccio
1512 320 1715 366 Rogatiano
1740 332 1804 357 suo
1831 324 1992 359 salutem.
2040 324 2171 370 Viginti
2196 325 2350 371 quinque

1255 369 1491 402 ‘nummorum
1515 366 1630 411 quos⁴
1655 367 1751 411 apud
1774 378 1830 402 me
1854 379 1932 404 esse
1956 370 2109 413 voluisti,
2136 375 2260 406 notum
2284 371 2349 406 tibi

1255 411 1359 446 ‘ista-'²
1390 412 1459 447 hac
1492 412 1645 457 epistula
1677 412 1771 447 facio
1806 413 1853 448 ad
1884 415 2122 451 ratiunculam
2146 427 2261 452 meam
2286 418 2351 452 ea⁶

1254 457 1487 502 ‘perveni-sse:
1515 457 1668 502 ⁷quibus
1692 461 1733 492 ut
1756 458 1909 502 primum
1940 461 2175 505 prospiciam,
2208 472 2253 497 ne
2284 473 2345 497 va-

1254 503 1360 537 ‘cua⁸
1382 502 1447 538 tibi
1471 503 1559 538 sint:
1582 503 1619 538 id
1644 507 1698 538 est
1721 507 1762 538 ut
1785 514 1913 540 usuras
1939 515 2061 541 eorum
2085 507 2262 552 accipias,
2288 519 2349 543 cu-

1254 550 1327 582 ‘rae
1350 548 1517 583 habebo!
1554 549 1754 593 quaesitum
1778 552 1843 591 est,
1868 560 1915 584 an
1940 560 1984 584 ex
2008 561 2050 586 ea
2071 553 2223 597 epistula
2244 554 2349 588 etiam

1252 603 1383 629 usurae
1406 594 1480 639 peti
1503 594 1643 639 possint
1652 594 1677 629 ⁹.
1720 594 1889 639 respondi
1914 595 2036 631 deberi
2060 607 2103 631 ex
2127 598 2243 634 bonae
2266 599 2349 634 fidei

1251 638 1383 675 iudicio
1416 650 1566 683 usuras,
1599 639 1673 675 sive
1704 640 1866 685 percepit
1889 640 1962 676 sive
1985 643 2138 686 pecunia
2161 644 2198 679 in
2221 655 2260 680 re
2283 655 2349 680 sua

1252 695 1340 720 usus
1369 688 1434 720 est.

1299 727 1352 767 29
1377 729 1538 766 PAULUs
1558 731 1649 767 libro
1673 731 1831 767 secundo
1854 733 2113 768 sententiarum
2160 734 2198 769 Si
2221 745 2346 770 saccu-

1250 776 1327 811 lum
1348 776 1403 811 vel
1427 778 1654 821 argentum¹⁰
1677 777 1855 822 signatum
1880 777 2078 823 deposuero
2111 783 2145 814 et
2176 780 2206 815 is
2239 791 2348 826 penes

1252 832 1356 867 quem
1381 821 1582 866 depositum
1605 822 1674 858 fuit
1697 833 1754 858 me
1779 823 1889 859 invito
1916 825 2200 868 contrectaverit,
2227 831 2262 860 et
2287 826 2347 861 de-

1255 870 1269 902 l
1319 867 1428 912 positi
1453 871 1488 902 et
1510 867 1598 903 furti
1621 869 1715 904 actio
1740 868 1827 903 mihi
1850 869 1888 904 111
1913 879 1993 904 611111
2018 871 2198 914 competit.
2247 871 2285 906 Si
2306 882 2349 907 ex

1251 912 1429 958 permissu
1452 923 1530 949 meo
1555 913 1720 959 deposita
1742 915 1897 959 pecunia
1919 915 1951 950 is
1974 925 2084 960 penes
2110 927 2215 960 quem
2239 916 2347 961 depo-

1253 958 1322 994 sita
1346 961 1401 993 est
1424 962 1558 1002 utatur,
1583 963 1624 994 ut
1646 960 1683 994 in
1708 960 1835 995 ceteris
1859 960 1978 995 bonae
2001 960 2085 996 fidei
2105 961 2243 997 iudiciis
2263 973 2348 997 usu-

1252 1014 1311 1039 ras
1338 1004 1413 1038 eius
1436 1004 1581 1040 nomine
1604 1009 1790 1050 praestare
1814 1006 1900 1040 mihi
1924 1006 2072 1051 cogitur.

1298 1047 1352 1087 30
1377 1047 1586 1086 Nfflffws
1614 1051 1705 1086 libro
1729 1052 1855 1097 primo
1886 1062 2144 1104 responsorum
2193 1051 2231 1087 Si
2261 1052 2347 1088 fide-

1251 1095 1369 1130 iussor
1400 1106 1466 1140 pro
1500 1099 1537 1131 te
1569 1096 1667 1141 apud
1699 1107 1803 1142 quem
1836 1097 2036 1142 depos1tum
2069 1101 2124 1132 est
2146 1097 2218 1133 litis
2242 1099 2348 1133 aesti-

1252 1141 1408 1176 matione
1433 1141 1623 1177 damnatus
1647 1142 1704 1184 sit,
1730 1153 1805 1178 rem
1829 1146 1928 1177 tuam
1951 1142 2039 1178 fieri.

1298 1184 1348 1224 31
1380 1186 1660 1223 TRYPHONJNUS
1681 1188 1772 1223 libro
1797 1199 1892 1223 nono
1917 1188 2203 1235 disputationum
2246 1188 2349 1224 Bona

1252 1232 1340 1267 fides
1373 1243 1466 1277 quae
1497 1233 1534 1267 in
1561 1233 1806 1269 contractibus
1832 1234 1986 1279 exigitur
2010 1234 2228 1279 aequitatem
2252 1245 2347 1270 sum-

1251 1288 1345 1312 mam
1378 1278 1578 1313 desiderat:
1613 1279 1676 1314 sed
1701 1289 1778 1314 eam
1802 1283 1925 1314 utrum
1950 1280 2179 1315 aestimamus
2204 1280 2251 1315 ad
2275 1291 2347 1315 me-

1250 1335 1329 1358 rum
1353 1324 1408 1358 ius
1432 1324 1590 1369 gentium
1614 1335 1661 1359 an
1684 1335 1767 1360 vero
1794 1335 1875 1360 cum
1899 1326 2100 1370 praeceptis
2127 1326 2288 1361 civilibus
2314 1330 2348 1361 et

1250 1369 1466 1414 praetoriis?
1501 1370 1609 1405 veluti
1632 1381 1715 1405 16113
1741 1371 1904 1416 capitalis
1923 1371 2045 1406 iudicii
2063 1371 2230 1416 deposuit
2252 1371 2349 1416 apud

1250 1420 1286 1449 te
1320 1419 1481 1450 centum:
1518 1415 1548 1450 is
1582 1415 1792 1460 deportatus
1825 1420 1898 1459 est,
1932 1417 2029 1452 bona
2061 1417 2137 1452 eius
2161 1417 2349 1462 publicata

1250 1464 1353 1496 sunt:
1386 1464 1554 1496 utrumne
1584 1462 1653 1506 ipsi
1684 1462 1774 1497 haec
1805 1461 1986 1497 reddenda
2019 1473 2066 1497 an
2098 1463 2135 1497 in
2167 1463 2348 1507 publicum

1251 1506 1444 1541 deferenda
1476 1506 1572 1541 sint?
1608 1507 1638 1542 si
1669 1510 1810 1542 tantum
1841 1508 2007 1543 naturale
2040 1511 2076 1543 et·
2106 1508 2263 1553 gentium
2293 1508 2348 1543 ius

1249 1552 1488 1594 intuemur¹¹,
1522 1552 1554 1587 ei
1587 1552 1647 1597 qui
1672 1553 1768 1588 dedit
1801 1553 2024 1588 restituenda
2047 1558 2149 1588 sunt:
2186 1554 2215 1588 si
2249 1554 2348 1589 civile

1249 1598 1304 1633 ius
1329 1601 1365 1632 et
1388 1598 1505 1642 legum
1530 1598 1708 1640 ordinem,
1742 1598 1853 1643 magis
1885 1599 1922 1633 111
1946 1599 2129 1644 publicum
2154 1599 2349 1634 deferenda

1250 1646 1351 1678 sunt:
1378 1653 1461 1678 nam
1485 1644 1579 1679 male
1603 1644 1747 1679 meritus
1772 1644 1925 1689 publice,
1951 1648 1991 1679 ut
2016 1645 2175 1689 exemplo
2202 1645 2280 1680 aliis
2302 1646 2348 1680 ad

1252 1689 1462 1724 deterrenda
1486 1689 1662 1724 maleficia
1686 1690 1750 1732 sit,
1785 1690 1892 1724 etiam
1916 1694 2072 1735 egestate
2096 1690 2261 1725 laborare
2287 1691 2346 1725 de-

1255 1737 1267 1768 1
1319 1734 1390 1769 bet.
1439 1735 1596 1769 Incurrit
1620 1735 1679 1770 hic
1705 1739 1740 1769 et
1764 1736 1835 1770 alia
1859 1736 2046 1780 inspectio.
2085 1736 2217 1771 bonam
2241 1735 2344 1773 fidem

1249 1779 1343 1814 inter
1368 1790 1429 1815 eos
1453 1784 1605 1823 tantum,
1621 1781 1648 1801 ¹²
1673 1791 1762 1825 quos
1788 1785 2014 1816 contractum
2044 1786 2119 1824 est,
2153 1781 2250 1816 nullo
2287 1792 2343 1817 ex-

1250 1825 1426 1860 trinsecus
1460 1825 1650 1871 adsumpto
1685 1826 1874 1861 aestimare
1907 1827 2077 1862 debemus
2111 1837 2156 1861 an
2181 1831 2344 1871 respectu

1252 1871 1359 1905 etiam
1384 1871 1534 1906 aliarum
1557 1882 1812 1916 personarum,
1846 1872 1892 1906 ad
1917 1883 2005 1917 quas
2030 1872 2067 1907 id
2091 1872 2187 1917 quod
2210 1872 2344 1916 geritur

1250 1916 1431 1961 pertinet?
1474 1917 1626 1962 exempli
1657 1918 1737 1952 loco
1770 1917 1861 1953 latro
1895 1918 2009 1962 spolia
2042 1928 2133 1963 quae
2166 1918 2250 1952 mihi
2283 1919 2345 1953 ab·

1251 1962 1352 1997 stulit
1375 1963 1498 2007 posuit
1529 1963 1626 2008 apud
1658 1962 1778 1998 Seium
1809 1963 1961 1998 inscium
1993 1964 2037 1998 de
2068 1964 2204 1998 malitia
2236 1964 2346 2009 depo-

1251 2007 1387 2043 nentis:
1421 2012 1540 2043 utrum
1572 2009 1702 2051 latroni
1734 2019 1781 2043 an
1812 2009 1897 2043 mihi
1929 2009 2118 2044 restituere
2151 2009 2252 2044 Seius
2285 2010 2345 2045 de-

1250 2053 1361 2088 beat‘?
1402 2054 1433 2089 si
1471 2064 1536 2098 per
1575 2064 1613 2089 se
1645 2054 1788 2089 dantem
1820 2054 2124 2100 accipientemque
2155 2055 2344 2097 intuemur,

1250 2098 1340 2134 haec
1367 2102 1422 2134 est
1445 2099 1540 2134 bona
1564 2100 1672 2142 fides,
1705 2104 1746 2134 ut
1780 2101 2004 2135 commissam
2036 2111 2111 2136 rem
2143 2101 2293 2145 recipiat
2316 2101 2345 2136 is

1251 2144 1312 2189 qui
1337 2144 1450 2179 dedit:
1477 2145 1508 2180 si
1531 2146 1640 2181 totius
1665 2145 1716 2180 rei
1741 2146 1970 2190 aequitatem,
1996 2156 2088 2191 quae
2113 2156 2156 2181 ex
2180 2147 2345 2181 omnibus

1249 2190 1413 2235 personis
1450 2201 1542 2235 quae
1578 2191 1718 2235 negotio
1755 2191 1824 2226 isto
1871 2192 2124 2236 continguntur
2166 2191 2343 2236 impletur,

1250 2235 1336 2270 mihi
1366 2235 1549 2270 reddenda
1581 2240 1685 2279 sunt,
1718 2237 1834 2281 quo¹³
1866 2236 1964 2272 facto
1998 2237 2248 2272 scelestissimo
2282 2237 2344 2272 ad-

1251 2285 1370 2325 empta
1391 2285 1485 2316 sunt.
1524 2285 1559 2316 et
1577 2282 1691 2333 probo
1712 2282 1807 2317 hanc
1830 2285 1908 2317 esse
1926 2282 2109 2325 iustitiam,
2131 2293 2222 2327 quae
2243 2293 2345 2317 suum

1252 2327 1378 2371 cuique
1402 2326 1453 2361 ita
1477 2327 1621 2370 tribmt,
1654 2331 1695 2362 ut
1719 2338 1792 2362 non
1817 2327 2037 2363 distrahatur
2061 2328 2106 2363 ab
2131 2328 2238 2362 ullius
2263 2338 2343 2372 per-

1250 2382 1361 2407 sonae
1384 2372 1534 2407 iustiore
1564 2373 1788 2418 repetitione.
1826 2373 1922 2418 quod
1954 2373 1983 2408 si
2016 2383 2079 2418 ego
2112 2373 2158 2407 ad
2190 2373 2345 2417 petenda

1251 2428 1294 2452 ea
1318 2428 1389 2452 non
1414 2418 1571 2460 veniam,
1597 2419 1705 2454 nihilo
1731 2418 1848 2453 minus
1874 2418 1905 2453 ei
1929 2418 2150 2454 restituenda
2175 2421 2259 2453 sunt
2284 2418 2342 2463 qui

1250 2462 1432 2507 deposuit,
1468 2464 1627 2508 quamvis
1659 2464 1751 2499 male
1807 2464 1945 2498 uaesita
1977 2464 2150 2508 deposuit.
2188 2463 2284 2508 quod
2309 2467 2345 2498 et

1249 2508 1442 2544 Marcellus
1466 2509 1504 2543 in
1528 2509 1708 2553 praedone
1729 2513 1764 2544 et
1799 2519 1861 2544 ure
1882 2509 2016 2544 scribit.
2055 2509 2083 2544 si
2103 2512 2224 2543 tamen
2244 2509 2341 2553 igno-

1249 2564 1334 2588 rans
1358 2554 1450 2589 latro
1478 2555 1578 2589 cuius
1602 2554 1674 2589 filio
1700 2555 1754 2590 vel
1778 2565 1878 2589 servo
1903 2564 1977 2588 rem
2008 2554 2216 2589 abstulisset
2247 2554 2344 2599 apud

1249 2603 1388 2644 patrem
1421 2599 1644 2635 dominumve
1669 2600 1783 2635 61113Ν
1809 2600 1972 2644 deposuit
2002 2600 2243 2644 ignorantem,
2276 2610 2343 2634 nec

1250 2655 1294 2679 ex
1317 2645 1394 2680 iure
1416 2645 1574 2690 gentium
1599 2646 1770 2680 consistet
1794 2645 2014 2689 depositum,
2048 2645 2149 2680 cuius
2174 2645 2264 2680 haec
2289 2649 2344 2680 est

1248 2693 1427 2735 potestas,
1461 2694 1502 2725 ut
1525 2691 1644 2732 alii¹⁵,
1670 2702 1743 2725 non
1768 2690 1909 2725 domino
1935 2700 2001 2725 sua
2024 2690 2136 2735 ipsius
2159 2701 2217 2726 res
2242 2691 2344 2735 quasi

1248 2735 1383 2777 aliena,
1417 2736 1593 2770 servanda
1617 2735 1732 2770 detur.
1771 2739 1807 2770 et
1831 2735 1861 2770 si
1884 2745 1960 2770 rem
1983 2746 2098 2770 meam
2121 2736 2199 2777 fur,
2235 2746 2342 2780 quam

1248 2791 1304 2816 me
1327 2781 1514 2825 ignorante
1538 2781 1726 2826 subripuit,
1752 2780 1849 2825 apud
1872 2791 1928 2815 1116
1949 2781 2152 2816 etiamnunc
2174 2781 2341 2816 delictum

1248 2827 1324 2861 eius
1348 2826 1570 2870 ignorantem
1595 2826 1817 2870 deposuerit,
1849 2829 1947 2860 recte
1980 2826 2118 2861 dicetur
2150 2837 2222 2862 non
2255 2837 2339 2862 con-

1247 2871 1343 2906 trahi
1367 2871 1577 2916 depositum,
1603 2872 1685 2916 quia
1705 2882 1777 2906 non
1797 2874 1852 2906 est
1872 2882 1916 2906 ex
1936 2870 2006 2907 fide
2028 2872 2124 2907 bona
2144 2882 2218 2907 rem
2239 2882 2340 2907 suam

1248 2916 1429 2951 dominum
1472 2917 1645 2960 praedoni
1680 2917 1867 2951 restituere
1903 2917 2075 2961 compelli.
2125 2917 2188 2952 sed
2233 2922 2268 2952 et
2310 2917 2340 2952 si

1248 2962 1450 2997 etiamnunc
1467 2962 1511 2996 ab
1528 2962 1713 3006 ignorante
1727 2963 1753 2983 ¹⁶
1777 2961 1919 2997 domino
1943 2962 2077 2997 tradita
2101 2963 2147 2997 sit
2171 2963 2272 3007 quasi
2297 2972 2340 2996 ex

1248 3017 1358 3042 causa
1390 3006 1561 3051 depositi,
1593 3011 1713 3042 tamen
1743 3006 1893 3042 indebiti
1924 3007 1999 3042 dati
2031 3008 2208 3043 condictio
2242 3018 2337 3043 com-

1274 3056 1346 3087 etet
1359 3053 1396 3087 ¹⁷.

1246 3064 1270 3097 p
1294 3095 1347 3134 32
1375 3097 1520 3133 CELSUS
1530 3096 1620 3132 libro
1634 3097 1822 3133 undecimo
1835 3097 2055 3144 dz'qestorum
2103 3098 2206 3142 Quod
2220 3097 2338 3132 Nerva

1248 3143 1382 3178 diceret
1404 3142 1566 3177 latiorem
1591 3142 1732 3187 culpam
1757 3142 1876 3178 dolum
1900 3153 1996 3186 esse,
2029 3143 2182 3178 Proculo
2217 3143 2335 3186 displi-

1249 3188 1371 3229 cebat,
1403 3187 1489 3221 mihi
1512 3188 1732 3222 verissimum
1755 3188 1905 3223 videtur.
1942 3198 2025 3223 nam
2050 3192 2084 3223 et
2108 3188 2138 3223 si
2162 3188 2240 3232 quis
2265 3197 2337 3221 non

1248 3233 1293 3268 ad
1318 3244 1397 3268 eum
1421 3232 1565 3267 modum
1586 3243 1690 3277 quem
1708 3234 1891 3268 hominum
1912 3238 2042 3268 natura
2063 3233 2238 3268 desiderat
2259 3232 2335 3266 dili-

1246 3288 1332 3323 gens
1367 3282 1437 3320 est,
1469 3278 1539 3312 nisi
1561 3281 1681 3313 tamen
1705 3279 1751 3313 ad
1773 3289 1876 3314 suum
1901 3279 2045 3314 modum
2070 3289 2191 3313 curam
2214 3278 2251 3311 in
2276 3277 2335 3310 de-

1273 3323 1362 3358 osito
1397 3326 1576 3367 praestat,
1607 3323 1735 3359 fraude
1766 3335 1838 3359 non
1872 3328 1988 3359 caret:
2022 3334 2087 3358 nec
2122 3323 2212 3357 enim
2237 3322 2335 3356 salva

1246 3335 1327 3448 1fidei)
1348 3369 1519 3403 minorem
1549 3368 1581 3404 is
1613 3379 1720 3414 quam
1752 3370 1825 3404 suis
1857 3370 1962 3404 rebus
1995 3368 2208 3413 diligentiam
2231 3376 2334 3411 prae-

1247 3418 1304 3449 sta
1330 3413 1367 3447 it.

1250 3526 1338 3567 quod
1350 3539 1412 3558 scr.
1479 3527 1520 3567 (5)
1546 3526 1665 3559 tibista
1677 3528 1715 3569 F,
1729 3527 1793 3559 tibi
1807 3528 1857 3559 ita
1870 3528 1899 3560 S
1963 3528 2006 3567 (6)
2033 3536 2087 3558 eos
2101 3526 2152 3557 F²
2225 3524 2267 3565 (7)
2293 3523 2333 3555 de

1249 3573 1308 3604 ins.
1416 3572 1459 3613 (8)
1485 3572 1583 3604 vacui
1595 3572 1630 3605 F
1633 3571 1649 3591 ²
1754 3574 1798 3614 (9)
1824 3574 1967 3614 possunt
1979 3572 2012 3602 F
2014 3571 2023 3590 ¹
2128 3571 2186 3610 (10)
2212 3579 2330 3609 argen-

1247 3619 1316 3647 tum
1332 3615 1382 3647 vel
1395 3616 1566 3649 sacculum
1577 3630 1638 3650 scr.
1735 3619 1788 3656 (11)
1814 3617 2006 3648 intueamur
2018 3614 2071 3646 F2
2159 3615 2216 3653 (12)
2243 3613 2332 3645 inter

1899 3661 1955 3702 (14)
1981 3660 2070 3701 apud
2083 3662 2211 3701 patrem
2226 3658 2332 3690 domi-

1835 3706 1892 3746 (15)
1918 3704 2028 3736 aliena
2043 3705 2101 3736 ins.
2205 3704 2263 3744 (16)
2289 3703 2330 3735 ab

1799 3752 1854 3792 (17)
1880 3749 2041 3792 competit
2051 3748 2106 3782 1³2

1247 3662 1307 3694 ins.
1320 3662 1393 3693 dett.
1488 3663 1545 3703 (13)
1571 3662 1627 3694 cui
1640 3663 1792 3695 Breuem.

1246 3716 1366 3737 numve
1379 3706 1464 3746 eius]
1479 3707 1567 3749 apud
1581 3717 1655 3739 eum
1666 3720 1728 3739 scr.

1246 3750 1423 3792 ignorante
1438 3752 1630 3784 etiamnunc
1641 3764 1694 3784 scr
