2528 3918
179 110 392 159 XXXXV
424 116 443 156 1

183 247 290 272 sensu
321 239 386 271 aut
411 236 491 282 lege
520 239 584 271 aut
612 236 691 272 iure
729 236 921 273 honorario
958 238 1023 272 aut
1059 236 1274 272 necessitate

191 287 201 316 ι
254 285 318 316 aut
341 291 385 316 ex
407 285 570 327 peccato.
617 281 674 317 Re
696 281 904 327 obligamur,
930 292 1011 317 cum
1034 291 1093 318 res
1115 280 1196 327 ipsa
1218 282 1273 317 in-

183 330 202 362 2
249 325 412 362 tercedit.
458 326 606 369 Verbis,
647 337 730 363 cum
757 326 942 372 praecedit
977 326 1208 371 interrogatio
1238 331 1274 363 et

183 375 202 406 3
250 371 412 417 sequitur
437 381 638 416 congruens
670 373 868 417 responsio.
916 371 971 406 Re
1002 374 1040 407 et
1066 371 1185 408 verbis
1207 382 1272 452 gf.-

181 417 269 452 riter
291 417 506 462 obligamur,
532 427 614 452 cum
636 420 674 453 et
695 427 755 453 res
778 417 1051 462 interrogationi
1073 416 1209 453 interce
1236 417 1272 461 ·t,

181 466 203 497 4
250 461 514 498 consentientes
558 462 596 497 in
637 462 794 508 aliquam
835 473 921 498 rem.
992 462 1051 496 Ex
1092 472 1271 498 consensu

181 506 227 542 ob
244 506 253 515 ”
301 507 332 542 ri
374 506 578 543 necessario
623 517 666 543 ex
706 507 890 544 voluntate
933 510 1057 542 nostra
1099 506 1271 542 videmur.

182 556 201 586 5
283 562 345 597 ege
369 552 585 597 obligamur,
617 563 699 589 cum
730 553 1017 598 obtemperantes
1041 552 1180 598 legibus
1205 552 1271 587 ali-

181 596 267 643 quid
289 597 484 632 secundum
504 602 736 644 praeceptum
755 598 842 643 leg1s
862 599 945 633 aut¹
971 599 1097 633 contra
1108 596 1271 633 facimus.

184 646 204 677 6
251 642 333 677 Iure
369 642 564 679 honorario
602 643 801 688 obligamur
838 653 882 677 ex
913 642 990 686 his,
1027 652 1118 688 quae
1155 642 1272 679 edicto

181 688 520 778 ierssssssi‘i'blfftssum
569 688 813 770 'essissfflssrio
840 688 1176 779 ἑέἓὲἷῖἒωὲξῑέξὲ
1191 687 1274 769 {2¹3

180 777 266 813 licet
289 777 390 813 aliud
412 777 534 814 facere
557 789 665 824 quam
688 778 784 824 quod
807 760 1041 824 praeceptu’m
1066 782 1139 814 est:
1200 778 1273 814 uod

181 825 202 858 8
248 823 366 858 evenit
395 824 433 859 in
455 825 660 860 necessario
683 823 826 860 herede.
873 824 933 858 Ex
961 825 1111 869 peccato
1136 824 1181 859 ob
1199 824 1272 869 ‘ga-

180 878 263 904 mur
325 879 406 904 cum
447 869 485 905 in
527 869 625 905 facto
669 869 887 914 quaestionis
925 879 1065 905 summa
1099 869 1270 906 constitit.

180 916 201 948 9
247 895 370 949 Είῑίειω
381 914 501 950 nudus
515 915 733 950 consensus³
752 914 888 950 sufficit
908 914 1127 960 obligationi,
1147 924 1271 959 quam-

185 962 225 993 10
272 959 325 996 vis
347 959 466 996 verbis
488 960 559 996 hoc
583 960 732 1006 exprimi
755 959 881 1005 possit.
925 959 996 996 Sed
1020 963 1057 996 et
1079 964 1171 996 nutu
1194 960 1271 996 solo

179 1004 351 1050 pleraque
374 1006 588 1041 consistunt.

227 1047 280 1087 53
305 1048 412 1086 IDEM
439 1051 530 1086 libro
555 1051 660 1086 tertio
684 1050 894 1097 reqularum
940 1050 1053 1086 Plura
1081 1050 1211 1086 delicta
1235 1050 1272 1085 in

183 1105 254 1130 una
288 1105 328 1131 re
363 1096 487 1141 plures
523 1096 716 1131 admittunt
750 1095 929 1139 actiones,
965 1095 1030 1132 sed
1058 1107 1130 1131 non
1165 1106 1272 1140 posse

182 1140 345 1176 omnibus
376 1141 430 1176 uti
461 1141 654 1186 probatum
686 1143 759 1177 est:
793 1151 877 1176 nam
908 1141 940 1176 si
971 1151 1014 1176 ex
1038 1151 1112 1176 una
1135 1141 1271 1186 obliga-

181 1186 276 1221 tione
304 1185 427 1230 plures
458 1186 620 1222 actiones
651 1188 868 1229 nascantur,
907 1197 982 1222 una
1011 1186 1270 1226 tantummodo,

186 1232 203 1264 1
251 1238 325 1264 non
343 1230 508 1265 omnibus
526 1230 700 1265 utendum
715 1233 782 1265 est.
815 1230 905 1266 Cum
921 1230 1138 1275 generaliter
1154 1230 1268 1265 adici·

178 1285 257 1310 mus
283 1275 379 1319 ‘eive,
404 1275 452 1310 ad
475 1285 581 1320 quem
602 1285 644 1310 ea
665 1286 723 1310 res
747 1275 963 1320 pertinebit',
989 1279 1024 1311 et
1042 1275 1270 1320 adrogantis5¹

178 1321 216 1355 et
237 1330 381 1363 eorum,
417 1320 478 1365 qui
499 1320 577 1356 iure
601 1320 705 1355 nobis
730 1321 946 1365 succedunt,
976 1331 1150 1367 personas
1175 1332 1270 1357 com-

178 1365 444 1412 prehendimus.

225 1409 278 1446 54
314 1410 422 1445 IDEM
459 1410 550 1446 libro
592 1412 719 1457 quinto
761 1412 974 1459 reqularum
1052 1412 1270 1448 Contractus

177 1454 377 1500 imaginarii
406 1455 514 1492 etiam
542 1456 581 1491 in
605 1456 844 1502 emptionibus
872 1456 962 1493 iuris
992 1457 1174 1493 vinculum
1197 1468 1270 1493 non

178 1501 360 1545 optinent,
401 1511 482 1536 cum
520 1500 609 1537 fides
623 1502 637 1523 ⁵
676 1501 766 1538 facti
794 1502 983 1538 simulatur
1013 1514 1086 1539 non
1116 1503 1268 1539 interce-

178 1546 284 1581 dente
307 1546 467 1582 veritate.

224 1590 277 1628 55
308 1591 355 1626 IA
363 1601 535 1628 VOLENUS
566 1592 658 1628 libro
696 1593 907 1629 duodecimo
939 1593 1176 1641 epistularum
1228 1594 1269 1629 In

178 1637 345 1673 omnibus
379 1637 509 1680 rebus,
550 1648 643 1684 quae
677 1638 872 1675 dominium
903 1639 1144 1682 transferunt,
1183 1650 1268 1675 con-

181 1685 305 1718 currat
328 1685 472 1728 oportet
502 1682 654 1719 affectus
678 1694 724 1720 ex
745 1687 898 1730 utraque
928 1689 1031 1730 parte
1056 1685 1269 1721 contrahen-

178 1727 287 1763 tium:
324 1738 408 1763 nam
439 1728 513 1764 sive
545 1739 589 1765 ea
618 1729 774 1765 venditio
803 1729 879 1766 sive
907 1730 1051 1765 donatio
1081 1730 1155 1766 sive
1185 1741 1269 1766 con-

179 1772 301 1809 ductio
325 1774 399 1809 sive
423 1774 604 1819 quaelibet
622 1775 694 1810 alia
713 1785 825 1811 causa
845 1775 1080 1811 contrahendi
1098 1775 1177 1820 fuit,
1200 1775 1270 1812 nisi

178 1818 318 1855 animus
342 1819 528 1864 utriusque
553 1820 750 1863 consentit,
778 1820 927 1866 perduci
950 1821 996 1856 ad
1021 1820 1186 1857 effectum
1209 1821 1269 1856 id⁶

179 1863 275 1908 quod
296 1864 489 1900 inchoatur
511 1876 584 1900 non
608 1869 740 1911 potest.

224 1907 278 1947 56
303 1909 534 1946 POMPONIUS
553 1911 646 1947 libro
670 1912 836 1947 vicesimo
851 1911 901 1947 ad
919 1911 1090 1954 Quintum
1106 1911 1269 1947 Mucium

179 1955 432 2000 Quaecumque
466 1956 629 1992 actiones
670 1957 761 1992 servi
796 1956 868 1993 mei
897 1957 1039 1992 nomine
1068 1957 1155 1992 mihi
1187 1968 1267 1993 coe-

179 2004 309 2045 perunt
340 2004 542 2046 competere
572 2001 630 2037 vel
667 2012 711 2037 ex
750 2001 938 2037 duodecim
974 2002 1107 2039 tabulis
1137 2002 1194 2038 vel
1225 2012 1269 2037 ex

179 2046 255 2091 lege
272 2045 416 2092 Aquilia
438 2046 495 2082 vel
517 2047 729 2082 iniuriarum
751 2047 808 2083 vel
830 2046 930 2090 furti,
955 2047 1100 2084 eaedem
1124 2047 1268 2090 durant,

1262 110 1346 159 72⁰
1556 107 1598 131 *N

1487 0 1559 75 s„

1547 76 1551 99 ‹

2093 129 2155 161 DE
2185 130 2427 162 vmusomm

1342 237 1483 273 etiamsi
1511 247 1634 274 servus
1666 242 1793 284 postea
1822 239 1876 274 vel
1908 239 2147 276 manumissus
2171 240 2227 276 vel
2254 242 2428 277 alienatus

1343 281 1397 317 vel
1419 284 1582 318 mortuus
1599 282 1720 319 fuerit.
1752 283 1816 319 sed
1839 287 1875 318 et
1898 283 2078 321 condictio
2102 294 2148 320 ex
2169 285 2302 321 furtiva
2318 296 2429 321 causa

1343 327 1531 372 competit,
1555 327 1624 363 nisi
1646 327 1678 364 si
1700 331 1829 364 nactus
1851 328 2116 374 possessionem
2139 330 2233 366 servi
2255 334 2320 366 aut
2341 330 2427 366 alie-

1343 381 1475 408 navero
1498 376 1562 408 aut
1583 374 1839 409 manumissero
1863 383 1956 410 eum.

1388 415 1442 454 57
1461 416 1569 453 Imm
1587 418 1679 454 libro
1699 419 1881 465 triqesimo
1897 423 2004 455 sexto
2019 419 2070 455 ad
2087 418 2256 463 Quintum
2269 419 2427 457 Mucium

1341 461 1384 496 In
1407 463 1571 498 omnibus
1595 463 1744 508 negotiis
1765 463 2028 506 contrahendis,
2053 464 2127 500 sive
2148 465 2246 501 bona
2267 464 2339 501 fide
2357 465 2428 502 sint

1343 506 1416 543 sive
1446 518 1520 543 non
1551 508 1638 552 sint,
1671 509 1701 544 si
1731 518 1832 545 error
1863 509 1991 555 aliquis
2022 510 2226 553 intervenit,
2259 513 2301 545 ut
2332 510 2428 546 aliud

1343 553 1475 588 sentiat
1505 556 1595 598 puta
1625 553 1686 599 qui
1716 554 1801 589 emit
1830 558 1894 590 aut
1924 556 1985 600 qui
2017 555 2201 598 conducit,
2239 555 2338 591 aliud
2367 556 2428 601 qui

1343 608 1425 632 cum
1448 597 1504 634 his
1529 599 1717 642 contrahit,
1741 598 1829 634 nihil
1851 600 1944 635 valet
1969 600 2065 645 quod
2088 601 2161 636 acti
2184 600 2242 636 sit.
2278 604 2314 636 et
2334 600 2428 636 idem

1341 643 1380 678 in
1403 643 1575 679 societate
1598 653 1739 689 quoque
1771 644 1931 680 coeunda
1961 645 2248 691 respondendum
2271 650 2344 688 est,
2377 650 2427 690 ut,

1343 688 1374 723 si
1397 687 1611 725 dissentiant
1634 689 1732 724 aliud
1756 689 1826 725 alio
1851 689 2092 734 existimante,
2126 691 2237 726 nihil⁷
2268 691 2363 726 valet
2386 701 2429 726 ea

1343 733 1509 776 societas,
1533 744 1626 780 quae
1647 734 1686 770 in
1707 744 1884 770 consensu
1908 735 2082 772 consistit.

1387 775 1442 817 58
1467 776 1551 823 (59)
1578 779 1808 815 ⁸L1011v1vws
1834 779 2015 816 Rmmws
2042 781 2134 818 libro
2165 784 2291 818 octavo
2321 793 2427 828 requ—

1342 824 1459 859 larum
1514 825 1674 870 Pupillus
1711 829 1872 860 mutuam
1909 826 2096 871 pecuniam
2138 826 2346 872 accipiendo
2383 837 2428 862 ne

1342 869 1485 914 quidem
1507 870 1586 906 iure
1609 870 1764 906 naturali
1787 870 1975 915 obligatur.

1387 912 1441 952 59
1466 912 1549 959 (58)
1576 915 1862 952 C'Azzzsrmrvs
1882 916 1973 952 libro
1983 918 2108 962 primo
2123 917 2232 953 edicti
2245 918 2429 953 monitorii

1341 959 1532 996 Sciendum
1555 964 1611 996 est
1633 971 1679 996 ex
1702 961 1867 997 omnibus
1899 963 2018 998 causis
2047 962 2127 998 lites
2152 965 2370 998 contestatas
2393 967 2429 998 et

1339 1006 1377 1041 in
1400 1005 1567 1042 heredem
1591 1006 1794 1052 similesque
1816 1016 1989 1052 personas
2012 1007 2178 1044 transire.

1386 1048 1466 1088 60⁹
1496 1051 1691 1088 ULPIANUS
1710 1051 1803 1087 libro
1826 1053 1977 1098 septimo
2001 1053 2138 1089 decimo
2152 1054 2179 1075 ¹⁰
2202 1054 2252 1088 ad
2274 1053 2427 1089 edictum

1340 1095 1543 1142 Numquam
1567 1097 1726 1132 actiones
1757 1097 1928 1142 poenales
1952 1097 1997 1134 de
2021 1098 2141 1134 eadem
2164 1098 2319 1144 pecunia
2342 1109 2427 1134 con-

1342 1145 1527 1178 currentes
1551 1142 1622 1177 alia
1645 1141 1753 1177 aliam
1777 1142 1964 1178 consumit.

1386 1185 1437 1224 61
1473 1187 1678 1223 SoAssVOLA
1711 1187 1803 1223 libro
1833 1188 2025 1225 vicensimo
2049 1192 2175 1224 octavo
2206 1188 2427 1236 diqestorum

1339 1232 1560 1269 Procurator
1589 1232 1661 1269 Seii
1693 1232 1874 1269 admisit¹¹
1905 1233 2203 1279 subscriptionem
2233 1234 2279 1269 ad
2302 1244 2427 1278 argen-

1339 1277 1471 1313 tarium
1493 1277 1735 1314 vascularium
1761 1278 1802 1314 in
1823 1278 1934 1314 verba
1954 1278 2049 1314 infra
2078 1279 2231 1325 scripta:
2269 1279 2427 1314 Λούκιος

1339 1321 1542 1359 Καλάνδιος
1559 1326 1728 1371 ἐπέγνων,
1751 1322 1879 1359 ‚cambe
1900 1326 2179 1372 προγέγραπται·
2205 1327 2303 1360 ἐστὶν
2317 1323 2427 1360 λοιπὰ

1339 1363 1990 1460 extrusis“fissssstffsvss
2013 1368 2351 1452 arsisses&
2379 1380 2427 1451 ’ἐξ

1340 1459 1498 1504 alioquin
1522 1460 1700 1505 obligatus
1724 1470 1797 1496 non
1820 1425 1934 1503 egset,
1958 1442 2032 1496 non
2053 1426 2201 1514 plssopter
2224 1460 2320 1507 quod
2342 1441 2428 1497 ea¹³

1339 1504 1520 1550 scriptura
1551 1515 1643 1551 quae
1673 1509 1935 1551 proponeretur
1957 1506 2169 1551 interposita
2192 1506 2255 1549 sit,
2291 1506 2426 1587 obgga-

1344 1553 1356 1584 l
1405 1554 1483 1585 tum
1506 1561 1597 1586 esse.
1645 1550 1746 1594 Seia,
1772 1561 1854 1586 cum
1877 1551 2046 1586 salarium
2071 1551 2287 1587 constituere
2309 1563 2331 1587 v
2379 1555 2426 1594 et,

1339 1595 1391 1630 ita
1420 1595 1612 1641 epistulam
1645 1595 1777 1632 emisit:
1819 1596 1944 1631 ‘Lucio
1976 1596 2071 1632 Titio
2103 1597 2266 1633 salutem.
2321 1596 2360 1632 Si
2388 1597 2427 1632 in

1340 1640 1477 1676 ‘eodem
1500 1641 1618 1677 animo
1643 1645 1679 1677 et
1703 1641 1826 1677 eadem
1857 1640 2045 1677 affectione
2068 1641 2165 1678 circa
2186 1652 2243 1678 me
2266 1652 2324 1685 es,
2355 1653 2425 1688 quo

1340 1689 1492 1732 ‘semper
1520 1686 1639 1730 fuisti,
1679 1697 1724 1722 ex
1761 1686 1958 1722 continenti
1994 1687 2151 1732 acceptis
2179 1687 2308 1723 litteris
2338 1688 2426 1723 meis

1339 1731 1524 1768 ‘distracta
1561 1743 1601 1767 re
1638 1736 1702 1767 tua
1741 1732 1821 1768 veni
1835 1732 1861 1753 ¹⁴
1893 1732 1980 1768 hoc:
2017 1732 2083 1768 tibi
2113 1732 2282 1778 quamdiu
2311 1733 2426 1769 vivam

1339 1777 1543 1822 ‘praestabo
1567 1787 1706 1813 annuos
1730 1776 1862 1813 decem.
1911 1777 1985 1813 scio
2018 1778 2111 1813 enim
2142 1779 2225 1823 quia
2246 1777 2349 1813 valde
2369 1789 2426 1814 me

1338 1823 1441 1858 ‘bene
1464 1823 1585 1859 ames'.
1633 1833 1786 1868 quaero,
1819 1833 1899 1858 cum
1929 1826 1965 1858 et
1993 1833 2068 1858 rem
2097 1833 2198 1858 suam
2221 1823 2426 1859 distraxerit

1338 1867 1474 1904 Lucius
1499 1868 1614 1904 Titius
1638 1872 1675 1904 et
1697 1867 1744 1903 ad
1768 1878 1846 1903 eam
1869 1867 2055 1913 profectus
2079 1868 2127 1903 sit
2149 1872 2186 1904 et
2209 1879 2253 1904 ex
2276 1879 2318 1904 eo
2344 1880 2423 1904 cum

1338 1923 1381 1948 ea
1404 1913 1470 1956 sit,
1501 1924 1550 1949 an
1577 1914 1611 1949 ei
1642 1924 1687 1949 ex
1717 1913 1773 1948 his
1798 1913 1959 1959 epistulis
1989 1913 2159 1949 salarium
2182 1924 2341 1949 annuum
2364 1913 2424 1950 de-

1337 1958 1477 1994 beatur.
1513 1959 1698 2004 respondit
1716 1969 1763 1994 ex
1783 1958 1946 2003 personis
1971 1959 2087 1995 causis
2112 1969 2158 1995 ue
2179 1961 2300 1995 eum¹⁵
2324 1959 2424 1995 cuius

1337 2004 1436 2039 notio
1461 2004 1509 2039 sit
1531 2004 1814 2046 aestimaturum,
1839 2014 1885 2039 an
1909 2004 2003 2039 actio
2028 2004 2098 2039 dan
2124 2014 2146 2039 a
2168 2005 2226 2041 sit.

797 2645 978 2696 LIBER
1008 2646 1470 2707 QUADRAGESIMU
1472 2647 1501 2696 S
1533 2605 1800 2708 QUINTUS.

699 2775 718 2813 1
729 2773 770 2814 ¹⁸.

342 2840 405 2872 DE
429 2840 681 2874 VERBORUM
703 2840 1100 2875 OBLIGATIONIBUS.

225 2905 243 2943 1
280 2904 475 2942 Uzmnvs
502 2906 593 2942 libro
625 2906 905 2954 quadraqesimo
932 2911 1058 2944 octavo
1081 2907 1133 2944 ad
1161 2907 1265 2945 Sabi-

178 2962 262 2987 num
309 2950 501 2996 stipulatio
532 2961 606 2987 non
635 2955 756 2997 potest
784 2952 915 2988 confici
943 2953 1014 2989 nisi
1035 2957 1189 3000 utroque
1210 2954 1265 2990 lo-

178 2999 327 3076 93⁰⁰&
356 2999 404 3049 'et
417 2996 511 3076 lideo
547 3007 662 3041 neque
692 3000 813 3033 mutus
841 3007 958 3043 neque
988 2998 1119 3035 surdus
1150 3009 1265 3044 neque

177 3043 1111 3132 {luiZ'LZJ'ZnP¹1¹2ffissfflxffifsshiissssgff{22221350
1129 3044 1264 3135 ἓξὲξ

176 3132 282 3177 igitur
310 3141 356 3168 ex
411 3131 441 3167 is
470 3131 548 3167 vult
571 3132 752 3177 stipulari,
784 3143 851 3179 per
875 3144 1016 3170 servum
1039 3139 1264 3180 praesentem

176 3177 376 3223 stipuletur,
401 3181 438 3212 et
455 3176 619 3222 adquiret
642 3178 675 3213 ei
698 3188 743 3213 ex
766 3179 941 3223 stipulatu
964 3179 1154 3215 actionem.
1178 3180 1263 3216 item

176 3222 208 3259 si
231 3223 310 3268 quis
336 3222 485 3312 oblizari
509 3222 606 3266 velit,
631 3223 755 3277 iubeat
778 3228 814 3259 et
838 3224 906 3259 erit
926 3224 1149 3278 quod-iussu
1172 3225 1262 3261 obli-

176 3270 1263 3365 iibigsstffsszndessztffizizzsztffi‘zffi‘sedenis&

176 3358 326 3394 tionem:
352 3358 407 3394 sin
424 3367 507 3394 vero
530 3368 700 3404 praesens
724 3360 966 3404 interrogavit,
991 3370 1075 3396 mox
1098 3360 1263 3397 discessit

175 3406 213 3438 et
235 3413 376 3439 reverso
399 3413 611 3449 responsum
634 3406 705 3447 est,
735 3403 886 3448 obligat:
919 3406 1144 3441 intervallum
1169 3405 1259 3442 enim

176 3519 217 3556 (ι)
243 3528 312 3551 non
322 3517 586 3561 obtemperantes
603 3520 662 3553 ins.
757 3519 800 3561 (2)
824 3529 845 3551 a
863 3520 922 3553 ins.
937 3521 1017 3554 Hal.
1112 3522 1157 3564 (3)
1180 3531 1259 3554 con-

174 3573 231 3595 ms
242 3563 279 3597 F
361 3565 406 3606 (⁴)
429 3565 478 3597 sic
496 3563 722 3609 Schuhinqt'us
739 3576 807 3598 cum
825 3564 872 3607 B,
891 3564 1063 3607 adrogatio
1083 3567 1144 3609 F1,
1162 3566 1259 3600 adro-

175 3608 247 3651 gnti
258 3607 311 3641 Γ*
390 3611 433 3650 (⁶)
456 3608 549 3652 fides]
560 3609 684 3653 species
694 3622 756 3643 scr.
839 3611 884 3651 (e)
909 3610 946 3642 in
961 3611 996 3643 F
1063 3614 1107 3651 (¹1)
1131 3610 1258 3644 valeat:

177 3663 252 3685 '¹⁸¹¹‘
268 3654 428 3732 ⁸³3²¹¹³¹⁵⁰⁰i
446 3655 548 3734 ἵζ”ιιτι
601 3655 1046 3742 ‘⁸'‹5‘)⁶Z'..⁶1⁹>'¹.2‚⁶0⁰⁰1¹⁷‘⁰‘}‘33‘-
1064 3656 1113 3744 {J
1128 3657 1260 3735 5²35?

177 3710 234 3785 εἰμι
243 3699 314 3786 ἔπ’
334 3710 393 3732 om·
407 3725 467 3787 (io)
492 3746 608 3777 octavo
626 3745 752 3777 decimo
770 3725 851 3779 Dsl.
863 3723 959 3791 ἐπι,
1039 3726 1112 3787 ln).
1125 3745 1216 3779 misit
1228 3726 1258 3779 ὲ

1327 3567 1407 3599 sunt
1417 3565 1548 3608 reliqua
1559 3566 1649 3611 apud
1660 3577 1722 3600 nos
1732 3576 1817 3609 quae
1827 3565 1881 3599 illi
1893 3566 2056 3599 debentur
2067 3567 2127 3599 tot.

1327 3612 1418 3644 terea
1429 3611 1519 3654 quod
1531 3612 1560 3645 S

1335 2776 1355 2809 2
1401 2773 1556 2810 medium
1569 2774 1595 2796 ¹⁷
1629 2785 1701 2810 non
1731 2774 1866 2811 vitiavit
1895 2775 2157 2820 obligationem.
2204 2774 2243 2810 Si
2265 2774 2344 2820 quis
2366 2775 2419 2810 ita

1333 2819 1566 2865 interroget¹⁸
1589 2819 1739 2856 ‘dabis'?
1760 2820 1986 2865 responderit
2008 2819 2105 2865 ‘quid
2127 2820 2163 2855 ni
2172 2820 2212 2864 Υ,
2236 2823 2272 2855 et
2293 2820 2324 2855 is
2348 2820 2416 2855 uti-

1334 2874 1404 2909 que
1433 2865 1471 2900 in
1507 2875 1551 2901 ea
1581 2874 1692 2900 causa
1723 2869 1796 2910 est,
1828 2868 1871 2900 ut
1901 2866 2095 2910 obligetur:
2133 2869 2259 2900 contra
2288 2865 2319 2900 si
2342 2865 2418 2900 sine

1334 2909 1450 2946 verbis
1482 2909 1678 2946 adnuisset.
1725 2921 1798 2946 non
1828 2914 1969 2946 tantum
1999 2914 2120 2946 autem
2147 2909 2314 2952 civiliter,
2354 2910 2417 2946 sed

1333 2965 1401 2991 nec
1432 2954 1646 2990 naturaliter
1680 2955 1873 3000 obligatur,
1913 2955 1976 3001 qui
2004 2956 2057 2991 ita
2091 2954 2234 2991 adnuit:
2271 2959 2307 2991 et
2337 2954 2416 2990 ideo

1333 3003 1431 3036 recte
1461 3000 1595 3036 dictum
1626 3004 1681 3036 est
1711 3012 1785 3037 non
1808 3000 1958 3047 obligari
1987 3011 2052 3047 pro
2075 3010 2119 3037 eo
2143 3010 2210 3036 nec
2230 3000 2414 3035 fideiusso-

1335 3049 1354 3080 3
1401 3055 1477 3082 rem
1517 3045 1669 3091 quidem.
1729 3046 1767 3081 Si
1807 3046 1886 3092 quis
1928 3046 2137 3099 simpliciter
2175 3046 2415 3090 interrogatus

1333 3090 1572 3144 responderit:
1611 3091 1652 3126 ‘si
1681 3091 1769 3127 illud
1799 3091 1935 3127 factum
1963 3094 2047 3134 erit,
2080 3090 2197 3133 dabo',
2229 3100 2302 3126 non
2325 3090 2414 3126 obli·

1331 3146 1409 3180 gari
1440 3146 1520 3172 eum
1559 3140 1718 3171 constat:
1758 3141 1821 3171 aut
1855 3137 1886 3172 si
1923 3137 1976 3172 ita
2012 3136 2145 3171 interro
2193 3139 2270 3172 tus:
2311 3136 2416 3171 ‘intra

1334 3180 1516 3218 ‘kalendas
1541 3181 1720 3226 quintas'?
1743 3181 1984 3236 responderit:
2010 3181 2114 3217 ‘dabo
2137 3181 2150 3216 i
2177 3181 2279 3223 'bus’,
2303 3190 2416 3226 aeque

1332 3236 1405 3262 non
1428 3226 1624 3271 obligatur:
1664 3237 1737 3262 non
1760 3237 1854 3263 emm
1885 3227 1938 3262 sic
1960 3226 2162 3272 respondit,
2194 3230 2236 3262 ut
2261 3226 2413 3261 interro-

1330 3275 1436 3316 gatus
1467 3275 1531 3307 est.
1581 3274 1617 3307 et
1647 3282 1751 3308 versa
1780 3272 1857 3307 vice
1887 3271 1920 3307 si
1947 3271 2187 3316 interrogatus
2216 3271 2324 3306 fuerit
2346 3271 2414 3306 sub

1331 3316 1548 3360 condicione,
1574 3317 1798 3363 responderit
1820 3327 1922 3363 pure,
1947 3316 2133 3352 dicendum
2151 3316 2220 3352 erit
2242 3326 2323 3351 eum
2341 3326 2414 3351 non

1330 3361 1490 3407 obligari.
1540 3373 1620 3397 cum
1645 3362 1756 3398 adicit
1777 3362 1910 3408 aliquid
1933 3362 1989 3397 vel
2018 3361 2173 3397 detrahit
2195 3360 2413 3406 obligationi,

1331 3417 1470 3452 semper
1505 3407 1731 3452 probandum
1759 3410 1816 3443 est
1844 3407 2004 3443 vitiatam
2034 3417 2114 3442 esse
2152 3405 2412 3451 obligationem,

1885 3520 1940 3554 ovi
1951 3520 1998 3554 sio
2010 3522 2050 3554 ut
2059 3531 2162 3564 supra
2171 3519 2332 3564 scriptum
2345 3520 2410 3552 est:

2229 3567 2287 3607 (¹3)
2311 3575 2407 3608 ΡΙὈΡ·

1329 3521 1389 3563 (η)
1415 3522 1452 3555 id
1462 3528 1525 3555 αα
1545 3521 1586 3555 1..
1601 3520 1785 3556 calonem
1795 3520 1884 3564 adgn

1649 3613 1709 3654 (1⁴)
1732 3611 1826 3645 venit
1838 3612 1874 3645 F
1955 3613 2013 3654 (ω)
2038 3621 2115 3645 oum
2126 3610 2163 3646 F

1372 3657 1432 3698 (ιο)
1457 3656 1539 3690 Sab.
1558 3664 1657 3692 imae.
1676 3663 1802 3696 umen
1831 3656 1897 3690 Ed.
1917 3664 1965 3691 co.
1986 3664 2123 3696 simma
2162 3656 2245 3699 Pap.
2265 3662 2407 3690 mmm.

1325 3707 1478 3740 12⁸...u13
1493 3702 1582 3746 App.
1592 3701 1802 3738 iza—Bas.
1813 3702 1869 3744 43,
1880 3709 1957 3736 1.-
1968 3702 2019 3745 Cf
2033 3701 2110 3736 Ood.
2121 3702 2154 3743 8,
2162 3708 2200 3736 ss
2258 3701 2318 3744 (ιτ)
2337 3710 2406 3733 mo-

1324 3745 1436 3779 dicum
1448 3747 1522 3782 dott-

1617 3749 1677 3789 (18)
1702 3747 1923 3789 interroganti
1933 3759 1994 3781 ser.

2515 2460 2528 2496 ς,

2514 2495 2528 2556 ἐ

2513 2567 2528 2602 ‘f'
