2528 3918
201 110 372 154 XXIIII
410 114 426 151 l

1273 105 1358 153 314

1131 165 1563 213 “——hss

203 236 223 268 2
270 242 330 267 sus
370 231 442 266 sive
474 230 591 265 adhuc
614 230 654 265 in
726 239 794 265 ena
817 230 1045 266 constitutus.
1094 229 1183 265 Cum
1207 229 1286 275 quis

202 276 392 321 acceperit,
416 279 458 310 ut
479 275 517 310 in
541 285 606 310 suo
623 284 665 310 ae
693 273 798 318 ‘ficet,
819 274 958 310 condici
974 274 1007 310 ei
1019 274 1057 309 id
1073 285 1144 310 non
1181 278 1285 316 otest,

202 322 285 367 quia
307 321 419 399 magis·
443 319 570 372 donari
592 320 624 372 ei
646 319 802 355 videtur:
836 329 936 371 quae·
951 320 1127 354 sententia
1185 318 1288 354 eratii

202 375 360 455 331⁰qagn¹¹⁶
360 368 657 452 1m⁰¹²·se’‡2‘11313¹3.¹“,
676 364 800 455 ‘¹3:33²
823 364 1288 454 xstfflssmfsstffiff‘lffi

202 458 280 490 erat
306 455 337 490 is
369 454 429 499 qui
460 454 620 499 accepit,
651 454 688 490 in
719 454 873 499 speciem
913 453 1115 489 donationis
1147 453 1285 489 cadere.

201 510 240 535 er
262 510 283 535 ο
307 500 400 535 inter
422 499 536 534 virum
560 503 596 535 et
617 509 765 535 uxorem
787 499 856 534 hae
879 502 985 534 erunt
1005 498 1229 534 interdictae.

277 542 301 581 4
349 543 404 580 ΡΑ
413 553 456 579 σι
463 553 508 580 vs
527 544 618 580 libro
639 549 767 591 septica
794 544 904 579 esimo
917 544 1041 589 primo
1062 543 1112 578 ad
1133 543 1286 579 edictum

202 589 305 634 Quod
329 589 359 624 si
382 590 435 624 vir
456 589 571 632 uxori,
597 590 697 625 cuius
722 599 764 624 ae
791 599 828 623 es
859 587 1023 623 incendio
1055 592 1288 633 consumptae

202 638 306 676 sunt,
350 633 395 668 ad
437 633 665 670 refectionem
699 644 820 670 earum
862 634 1050 678 pecuniam
1092 633 1287 675 donaverit,

201 679 296 714 valet
326 679 472 715 donatio
503 679 540 714 in
570 683 728 721 tantum,
760 679 797 713 in
828 682 1000 723 quantum
1039 677 1191 713 aedificii
1227 688 1286 713 ex-

202 724 333 760 tructio
385 724 528 759 ostulat.

252 767 300 806 15
362 778 528 805 ιΡιΑΝυε
547 769 637 804 libro
663 768 845 814 triqesimo
868 768 1025 803 secundo
1045 769 1095 803 ad
1114 767 1287 804 Sabinum

202 814 260 849 Ex
283 823 403 850 annuo
426 814 481 850 vel
500 817 693 855 menstruo,
712 812 807 857 quod
826 812 929 848 uxori
947 813 1096 849 maritus
1117 816 1287 858 praestat,

202 863 289 894 tunc
319 858 415 904 quod
446 863 608 904 superest
631 857 867 899 revocabitur,
899 858 930 893 si
952 858 1039 893 satis
1063 857 1287 894 immodicum

206 908 220 938 l
271 908 343 947 est,
374 904 412 939 id
443 910 497 939 est
528 913 638 948 supra
669 903 760 938 vires
791 902 895 938 dotis.
944 902 982 938 Si
1013 903 1162 938 maritus
1185 903 1289 938 uxori

201 949 390 995 pecuniam
414 949 598 984 donaverit
621 957 732 993 eaque
755 957 884 983 usuras
909 957 954 983 ex
978 947 1113 984 donata
1135 947 1289 993 pecunia

228 994 419 1039 erceperit,
451 993 658 1029 lucrabitur.
695 993 784 1028 haec
814 993 866 1027 ita
897 993 1054 1028 Iulianus
1092 993 1128 1028 in
1161 993 1287 1028 marito

202 1005 293 1075 Iibro
317 1044 444 1074 octavo
470 1039 605 1074 decimo
630 1037 844 1083 digestorum
867 1038 1003 1073 scribit.

206 1081 256 1122 16
306 1084 554 1119 anromzws
583 1083 674 1119 libro
706 1083 841 1118 decemo
866 1083 1149 1128 disputationum
1197 1081 1290 1127 Quid

202 1139 283 1174 ergo
308 1129 338 1164 si
362 1139 405 1164 ex
429 1132 581 1171 centum,
606 1138 699 1173 quae
722 1128 775 1162 vir
797 1127 903 1164 uxori
926 1127 1089 1170 donavit,
1114 1127 1288 1180 quinqua·

201 1175 300 1220 ginta
323 1174 419 1219 apud
443 1173 639 1209 debitorem
663 1183 707 1207 ex
729 1172 783 1207 his
799 1174 809 1194 ¹
832 1172 1002 1217 perierint
1033 1176 1069 1208 et
1091 1173 1162 1207 aha
1185 1172 1288 1217 quin-

201 1219 371 1265 quaginta
403 1219 584 1263 duplicata
618 1218 760 1253 usuris²
798 1228 890 1252 uxor
920 1218 1055 1253 habet?
1097 1228 1170 1253 non
1207 1218 1288 1262 plus

201 1264 458 1310 quinquaginta
482 1264 556 1298 eius
581 1262 782 1298 donationis
815 1262 956 1298 nomine
986 1263 1135 1298 maritus
1167 1262 1213 1298 ab
1247 1272 1289 1297 ea

202 1312 448 1354 consequetur.

251 1351 300 1391 17
333 1353 527 1389 ULPJANUS
547 1352 638 1388 libro
663 1352 845 1398 trigesimo
864 1352 1022 1388 secundo
1044 1352 1095 1388 ad
1114 1351 1288 1388 Sabinum

205 1398 256 1434 De
279 1398 457 1434 fructibus
505 1407 622 1443 uoque
644 1397 837 1439 videamus,
862 1397 893 1432 si
916 1407 960 1432 ex
983 1397 1160 1433 fructibus
1184 1408 1288 1443 prae-

202 1443 340 1479 diorum
364 1453 455 1488 quae
502 1446 611 1478 onata
634 1446 719 1477 sunt
741 1441 960 1494 locupletata
982 1442 1047 1484 sit,
1072 1452 1120 1477 an
1141 1443 1179 1478 in
1203 1453 1288 1478 cau-

201 1499 277 1524 sam
301 1488 503 1524 donationis
528 1487 670 1522 cadant.
708 1490 745 1522 et
767 1487 925 1523 Iulianus
950 1487 1128 1532 significat
1150 1487 1289 1523 fructus

206 1537 218 1568 1
269 1543 410 1578 quoque
432 1536 474 1568 ut
489 1542 618 1568 usuras
637 1531 770 1567 licitam
792 1532 925 1568 habere
945 1532 1183 1568 donationem.
1218 1532 1290 1568 Sed

201 1579 232 1614 si
255 1578 340 1623 quid
364 1588 486 1658 sebeItls
517 1577 671 1613 donatus
703 1576 886 1622 adquisiit,
919 1577 966 1613 ad
989 1587 1070 1613 eum
1094 1578 1154 1623 qui
1178 1577 1288 1614 dona-

200 1624 250 1659 vit
298 1623 408 1659 ertine
434 1623 472 1658 i.

251 1634 301 1706 lg
326 1668 556 1703 Poupomvs
585 1667 676 1703 libro
701 1670 832 1713 quarto
864 1677 915 1703 ex
938 1668 1049 1703 variis
1080 1667 1290 1704 lectionibus

201 1712 239 1749 Si
270 1714 323 1750 vir
351 1713 474 1749 uxoris
505 1716 568 1747 aut
597 1723 689 1748 uxor
727 1712 793 1747 viri
823 1712 933 1748 servis
971 1716 1036 1748 aut
1071 1712 1289 1749 vestimentis

200 1769 287 1795 usus
310 1758 367 1794 vel
388 1768 456 1793 usa
478 1756 588 1793 fuerit
622 1758 675 1792 vel
703 1757 740 1792 in
772 1757 921 1793 aedibus
953 1757 1029 1794 eius
1051 1758 1162 1803 gratis
1186 1758 1287 1793 habi-

200 1803 339 1846 taverit,
363 1803 458 1839 valet
481 1802 639 1838 donatio.

251 1846 301 1886 19
331 1848 526 1885 Uzpmves
546 1848 637 1884 libro
662 1848 845 1894 triqesz'mo
868 1847 1027 1884 secundo
1047 1848 1097 1884 ad
1115 1847 1287 1884 Sabinum

201 1892 240 1929 Si
262 1904 355 1930 uxor
377 1893 449 1928 filio
474 1892 659 1928 donaverit
682 1903 822 1928 servum
832 1893 857 1936 ³,
889 1893 950 1938 qui
973 1893 1010 1928 in
1033 1893 1146 1939 patris
1170 1893 1289 1928 mariti

201 1938 248 1974 sit
276 1942 472 1991 potestate,
504 1937 633 1973 deinde
670 1938 701 1973 is
732 1947 854 1974 servus
894 1938 1060 1974 ancillam
1099 1938 1288 1991 acceperit,

201 1983 394 2019 domlnium
427 1983 565 2018 mulieri
595 1987 804 2027 quaeretur:
837 1993 903 2019 nec
934 1983 1106 2019 interesse
1128 1983 1288 2019 Iuhanus

201 2028 270 2071 ait,
305 2039 350 2064 ex
380 2028 481 2064 cuius
515 2028 667 2073 pecunia
698 2027 788 2064 haec
820 2028 950 2063 ancilla
981 2032 1100 2074 empta
1123 2028 1180 2071 sit,
1205 2028 1289 2074 quia

200 2084 267 2109 nec
291 2084 336 2109 ex
358 2083 398 2108 re
421 2083 488 2109 sua
535 2073 701 2117 uicquam
724 2073 864 2118 adquiri
887 2077 1006 2118 potest
1036 2083 1101 2118 per
1124 2083 1204 2109 eum
1228 2074 1289 2119 qui

201 2118 357 2154 donatur
380 2118 414 2154 ei
436 2118 495 2154 cui
542 2121 690 2153 onatur:
725 2118 795 2153 hoc
818 2118 911 2153 enim
942 2118 1059 2154 bonae
1089 2117 1173 2153 fidei
1204 2128 1287 2163 pos-

201 2163 399 2200 sessoribus
435 2172 645 2199 concessum
681 2166 756 2204 est,
798 2163 912 2198 virum
954 2166 1073 2198 autem
1119 2163 1288 2199 scientem

206 2211 219 2243 l
269 2208 424 2244 alienum
448 2207 641 2253 possidere.
690 2207 788 2243 Idem
811 2207 959 2253 quaerit,
985 2208 1015 2243 si
1039 2218 1084 2243 ex
1107 2218 1146 2244 re
1170 2208 1287 2243 mariti

202 2263 245 2289 ea
276 2253 407 2289 ancilla
438 2263 517 2288 com
543 2255 645 2287 arata
677 2251 802 2295 fuerit,
835 2262 882 2288 an
913 2253 1083 2289 adversus
1125 2257 1287 2298 agentem

201 2298 407 2334 mulierem⁴
439 2298 484 2333 de
540 2302 599 2333 ote
629 2298 776 2333 maritus
832 2298 961 2333 retium
991 2298 1107 2343 possit
1137 2309 1201 2344 per
1226 2308 1286 2334 ex·

201 2343 400 2390 ceptionem
422 2343 585 2378 retinere.
627 2347 664 2378 et
694 2309 882 2379 dicentfum
916 2347 971 2379 est
993 2353 1099 2389 posse
1121 2343 1287 2378 maritum

202 2393 238 2424 et
261 2399 347 2424 exce
373 2389 505 2424 tionem
527 2388 671 2430 habere,
696 2388 727 2423 si
750 2388 814 2423 dos
838 2389 883 2424 ab
909 2399 950 2424 eo
975 2391 1134 2433 petetur,
1159 2397 1286 2424 secun-

201 2434 285 2469 dum
355 2433 476 2469 arcelli
508 2432 720 2468 sententiam
750 2436 803 2476 et,
834 2433 864 2469 si
897 2433 1058 2476 solverit,
1091 2432 1287 2470 secundum

200 2479 377 2515 Iulianum
401 2478 588 2514 condicere
611 2487 728 2524 posse.

247 2522 300 2562 20
324 2523 371 2559 IA
379 2533 550 2559 Vorenus
569 2523 661 2559 libro
685 2522 872 2559 undecimo
905 2523 1141 2570 epistularum
1196 2522 1234 2558 Si
1256 2523 1287 2559 is

201 2579 343 2611 servus,
376 2568 437 2614 qui
466 2568 570 2604 uxori
600 2568 723 2603 mortis
755 2577 867 2604 causa
898 2568 1052 2604 donatus
1085 2571 1156 2611 est,
1188 2568 1287 2614 prius

202 2625 308 2659 quam
332 2614 384 2649 vir
407 2613 595 2649 decederet
618 2613 810 2665 stipulatus
834 2617 907 2656 est,
938 2613 977 2648 in
999 2613 1169 2659 pendenti
1199 2617 1286 2659 puto

202 2669 279 2694 esse
303 2669 450 2694 causam
474 2658 708 2704 obligatioms‚
733 2658 847 2694 donec
869 2659 923 2694 vir
946 2663 1009 2693 aut
1031 2659 1203 2694 moriatur
1225 2662 1288 2693 aut

202 2714 263 2739 sus
289 2704 404 2739 icione
428 2704 561 2746 mortis,
586 2707 732 2748 propter
763 2713 870 2748 quam
901 2703 1065 2746 donavit,
1097 2703 1284 2739 liberetur:

202 2749 261 2794 qui
287 2748 373 2794 quid
403 2753 521 2783 autem
552 2759 675 2784 eorum
704 2748 885 2791 inciderit,
925 2749 1023 2794 quod
1061 2748 1288 2784 donationem

202 2798 266 2828 aut
288 2798 448 2838 peremat
470 2797 533 2828 aut
558 2793 752 2836 confirmet,
777 2793 814 2829 id
838 2804 980 2839 quoque
1004 2804 1150 2830 causam
1173 2793 1286 2839 stipu-

202 2838 345 2874 lationis
369 2843 432 2873 aut
456 2838 681 2874 confirmabit
703 2842 768 2874 aut
790 2839 953 2874 resolvet.

249 2881 299 2920 21
335 2883 528 2919 [lamnas
548 2884 639 2920 libro
663 2884 846 2930 triqesz'mo
869 2883 1026 2920 secundo
1050 2884 1100 2919 ad
1114 2882 1287 2920 Sabinum

203 2928 241 2963 Si
264 2928 343 2981 quis
367 2939 431 2973 pro
456 2939 567 2964 uxore
591 2939 656 2964 sua
679 2928 839 2974 vectigal,
864 2928 959 2974 quod
982 2929 1018 2964 in
1041 2929 1166 2964 itinere
1209 2939 1287 2964 rae-

202 2977 290 3008 stari
313 2973 414 3015 solet,
439 2973 612 3016 solvisset,
637 2984 683 3008 an
707 2974 810 3019 quasi
833 2974 1090 3026 locupletiore³
1123 2984 1167 3009 ea
1205 2977 1288 3009 acta

202 3018 342 3054 exactio
367 3018 439 3060 fiat,
464 3028 510 3053 an
534 3029 615 3054 vero
633 3019 731 3054 nulla
746 3019 792 3054 sit
811 3018 984 3055 donatio?
1008 3023 1043 3054 et
1065 3019 1176 3064 magis
1225 3023 1286 3054 uto

202 3073 275 3099 non
297 3063 522 3098 interdictum
547 3064 626 3106 hoc,
642 3064 793 3099 maxime
817 3064 847 3099 si
869 3064 982 3109 ipsius
997 3074 1107 3100 causa
1125 3074 1190 3109 pro
1209 3067 1289 3099 ecta

203 3111 267 3144 est.
298 3118 381 3143 nam
415 3111 450 3143 et
473 3108 690 3152 Papinianus
725 3109 815 3144 libro
852 3112 981 3154 quarto
1012 3110 1288 3154 responsorum⁰

203 3153 347 3198 scripsit
369 3156 532 3188 vecturas
557 3154 676 3188 uxoris
708 3158 744 3189 et
766 3153 1039 3190 ministeriorum
1070 3154 1145 3189 eius
1174 3153 1288 3189 virum

202 3198 336 3234 itineris
372 3197 428 3234 sui
463 3207 573 3232 causa
608 3198 711 3233 datas
746 3203 905 3244 repetere
941 3209 1012 3234 non
1047 3209 1173 3244 posse:
1221 3199 1287 3234 iter

202 3246 322 3279 autem
344 3242 455 3278 fuisse
473 3242 611 3277 videtur
628 3243 693 3278 viri
714 3253 824 3279 causa
843 3247 880 3279 et
899 3254 980 3280 cum
1000 3254 1091 3279 uxor
1109 3243 1157 3279 ad
1175 3243 1287 3279 virum

202 3288 372 3334 pervenit.
398 3298 464 3323 nec
484 3287 666 3330 interesse,
687 3298 733 3322 an
754 3288 887 3334 aliquid
907 3288 952 3324 de
971 3288 1125 3324 vecturis
1149 3288 1186 3324 in
1201 3299 1286 3325 con-

202 3332 376 3369 trahendo
408 3332 631 3367 matrimonio
664 3333 882 3369 convenerit:
923 3344 995 3369 non
1033 3334 1125 3369 enim
1165 3333 1286 3376 donat,

202 3379 262 3424 qui
286 3377 497 3414 necessariis
521 3377 689 3413 oneribus
713 3379 925 3414 succurrit⁷.
959 3389 1041 3424 ergo
1074 3381 1110 3414 et
1139 3378 1170 3414 si
1201 3389 1286 3414 con·

202 3433 309 3458 sensu
340 3422 458 3458 mariti
488 3421 651 3467 profecta
682 3426 737 3457 est
767 3423 892 3458 mulier
923 3427 1070 3468 propter
1109 3433 1193 3459 suas
1225 3434 1286 3459 ne·

203 3468 378 3503 cessar-ias
403 3477 530 3503 causas
555 3470 591 3503 et
620 3466 754 3511 aliquid
785 3468 931 3503 maritus
957 3478 1192 3513 expensarum
1223 3478 1286 3504 no-

207 3516 219 3547 1
271 3513 364 3548 mine
387 3513 419 3548 ei
442 3511 668 3558 praestiterit,
694 3511 762 3547 hoc
786 3513 1024 3554 revocandum
1048 3524 1118 3549 non
1144 3516 1209 3549 est.
1250 3512 1287 3548 Si

203 3629 242 3665 (ι)
268 3636 307 3657 ex
320 3625 386 3666 his]
400 3626 471 3658 eius
484 3637 545 3659 scr.
684 3627 727 3666 (2)
753 3625 866 3658 uxoris
880 3625 913 3657 F

204 3681 333 3702 servum
347 3669 416 3702 filio
429 3682 490 3703 scr.
579 3673 621 3713 (4)
647 3669 767 3702 mulier
779 3670 812 3702 F

202 3718 246 3757 (ὅ)
273 3717 314 3759 qs-
327 3715 535 3758 Papinianus
547 3715 601 3756 23,
615 3722 641 3755 ⁴,
655 3722 701 3755 26,
716 3722 732 3749 3

1045 3628 1086 3667 (3)
1112 3625 1286 3660 donaverit

898 3671 941 3709 (5)
966 3669 1167 3713 locupletior
1179 3670 1291 3704 esseF'

815 3715 860 3755 (ἵ)
886 3715 1033 3747 occurrit
1045 3728 1108 3749 scr.
1190 3718 1234 3757 (8)
1254 3720 1287 3748 et

1356 239 1448 265 uxor
1470 227 1687 275 viro‘siotem
1707 231 1908 276 promiserit
1927 235 1962 266 et
1981 232 2072 268 dotis
2092 243 2231 275 usuras,
2243 233 2319 269 sine
2330 233 2437 272 dubio

1356 274 1544 310 dicendum
1575 278 1631 311 est
1658 276 1732 321 peti
1761 286 1891 312 usuras
1922 287 2045 322 posse,
2077 277 2160 322 quia
2189 288 2262 313 non
2293 282 2348 314 est
2368 279 2439 316 ista

1356 319 1514 362 donatio,
1530 330 1620 372 ‘cum
1642 331 1707 373 pro
1731 321 1897 357 oneribus
1917 322 2131 357 matrimonii
2152 326 2330 367 petantur.
2354 324 2439 369 quid

1357 367 1485 406 tamen,
1510 374 1541 400 ει
1564 369 1710 401 mantus
1733 365 1838 401 uxori
1886 366 2066 402 etitionem
2090 377 2212 402 earum
2241 367 2438 405 remiserit?

1357 408 1480 444 eadem
1505 409 1570 444 erit
1592 410 1764 455 quaestio,
1789 420 1835 445 an
1883 411 2002 446 onatio
2034 412 2080 446 sit
2102 411 2242 447 illicita:
2274 415 2310 448 et
2331 412 2438 448 Iulia-

1357 463 1424 489 nus
1457 454 1526 490 hoc
1561 454 1711 490 diceret:
1753 455 1849 500 quod
1883 466 2004 491 verum
2038 460 2103 491 est.
2148 456 2254 501 plane
2288 457 2319 492 si
2353 468 2438 494 con-

1356 502 1511 550 venerat,
1535 500 1589 534 uti
1612 509 1651 535 se
1673 500 1798 535 mulier
1820 505 1984 545 pasceret
2007 511 2163 553 suosque
2180 501 2364 537 homines⁸
2386 502 2438 538 id-

1357 553 1452 578 elrco
1484 553 1613 588 passus
1646 548 1701 580 est
1731 554 1809 580 eam
1839 544 1922 580 dote
1953 555 2018 580 sua
2047 545 2136 588 frui,
2160 549 2201 581 ut
2223 556 2262 582 se
2286 556 2439 592 suosque

1357 588 1486 630 aleret,
1518 588 1720 634 expeditum
1753 590 1836 625 erit:
1886 593 1948 625 uto
1981 590 2073 625 enim
2103 601 2176 626 non
2198 601 2304 636 posse
2327 591 2373 627 ab
2397 602 2440 628 ea

1356 633 1430 678 peti
1453 634 1555 678 quasi
1577 633 1758 677 donatum,
1784 600 1884 679 quod)
1904 645 1981 670 com
2009 638 2171 671 ensatum
2194 639 2258 671 est.

1403 675 1456 714 22
1497 678 1603 714 Imm
1632 679 1723 715 libro
1758 681 1861 714 tertio
1897 680 1947 714 ad
2008 680 2152 715 ubinam
2211 680 2321 716 Uxori
2354 691 2441 718 suae

1357 723 1435 768 quis
1458 724 1581 759 mortis
1605 733 1716 760 causa
1738 734 1877 760 servum
1897 724 2041 759 donavit
2064 735 2212 770 eumque
2235 735 2316 761 cum
2334 726 2439 762 liber-

1357 772 1431 803 tate
1454 768 1620 804 heredem
1644 769 1802 814 scripsit:
1835 779 1882 804 an
1901 769 2018 804 valeat
2040 769 2226 812 institutio,
2247 771 2438 815 quaeritur.

1357 816 1393 848 et
1416 817 1515 858 puto,
1548 814 1578 848 si
1608 813 1677 850 hoc
1709 814 1826 849 animo
1852 824 1931 849 eum
1963 814 2105 860 scripsit
2135 814 2319 858 heredem,
2344 816 2438 861 quod

1357 857 1557 894 donationis
1589 868 1628 894 se
1659 858 1748 894 dixit
1777 858 2011 904 paenituisse,
2043 859 2161 896 valere
2183 859 2441 898 institutionem

1357 906 1394 938 et
1404 903 1644 939 necessarium
1663 903 1827 939 heredem
1848 903 1988 939 domino
2011 914 2150 940 servum
2161 904 2255 940 fieri:
2282 909 2440 942 ceterum

1358 948 1406 990 si,
1438 951 1672 994 posteaquam
1702 948 1867 984 heredem
1898 949 2069 990 instituit,
2101 949 2263 992 donavit,
2295 950 2440 987 donatio

1357 993 1585 1038 praevalebit,
1607 993 1663 1029 vel
1687 994 1717 1029 si
1741 998 1824 1029 ante
1848 993 2002 1036 donavit,
2027 1004 2097 1029 non
2121 999 2240 1029 tamen
2264 995 2441 1032 adimendi

1357 1038 1473 1073 animo
1498 1038 1696 1074 libertatem
1720 1038 1918 1083 adscripsit.

1404 1080 1456 1119 23
1493 1082 1601 1118 IDEM
1638 1083 1728 1119 libro
1771 1087 1876 1118 sexto
1912 1083 1962 1118 ad
1995 1082 2166 1119 Sabinum
2223 1084 2441 1130 Papinianus

1358 1132 1454 1163 recte
1476 1128 1629 1173 putabat
1652 1129 1848 1164 orationem
1872 1127 1942 1163 divi
1965 1128 2086 1163 Severi
2116 1128 2162 1163 ad
2185 1139 2303 1164 rerum
2327 1129 2439 1166 dona-

1357 1173 1489 1208 tionem
1512 1173 1704 1218 pertinere:
1737 1173 1889 1218 denique
1924 1173 1955 1208 si
1977 1173 2163 1218 stipulanti
2193 1174 2443 1220 spopondisset

1357 1218 1462 1253 uxori
1494 1227 1598 1260 suae,
1629 1229 1703 1254 non
1733 1219 1886 1263 putabat
1916 1218 2095 1254 conveniri
2134 1228 2240 1263 posse
2277 1219 2442 1256 heredem

1358 1263 1488 1305 mariti,
1512 1263 1597 1299 licet
1620 1263 1772 1298 durante
1794 1263 1976 1299 voluntate
1999 1263 2148 1299 maritus
2171 1263 2373 1300 decesserit.

1403 1305 1457 1345 24
1481 1307 1538 1343 ΡΑ
1546 1317 1641 1344 Ubus
1667 1308 1759 1344 libro
1790 1309 1941 1354 septimo
1971 1307 2021 1343 ad
2051 1307 2224 1344 Sabinum
2281 1309 2319 1344 Si
2349 1310 2443 1346 inter

1358 1357 1545 1388 extraneos
1567 1352 1667 1388 facta
1690 1353 1736 1388 sit
1767 1353 1911 1389 donatio
1943 1357 1980 1388 et
2001 1356 2192 1398 antequam
2215 1364 2278 1406 per
2302 1358 2442 1400 tempus

1356 1398 1549 1444 legitimum
1560 1397 1753 1434 dominium
1764 1397 1872 1434 fuerit
1883 1397 2105 1443 adquisitum,
2120 1399 2277 1442 coierint,
2290 1400 2344 1435 vel
2356 1410 2441 1436 con-

1357 1446 1415 1478 tra
1448 1443 1479 1478 si
1512 1443 1606 1478 inter
1635 1443 1749 1478 virum
1781 1446 1817 1478 et
1847 1453 1995 1479 uxorem
2025 1443 2123 1478 facta
2154 1443 2200 1479 sit
2230 1443 2374 1481 donatio
2407 1448 2443 1480 et

1357 1491 1441 1524 ante
1463 1488 1645 1534 impletum
1668 1492 1808 1541 tempus
1832 1488 2077 1533 supradictum
2109 1488 2265 1524 solutum
2297 1489 2342 1524 sit
2365 1500 2440 1526 ma-

1358 1533 1572 1575 trimonium,
1591 1533 1701 1569 nihilo
1713 1543 1829 1568 minus
1873 1533 2041 1568 rocedere
2054 1533 2223 1578 temporis
2236 1533 2443 1580 suffragium

1358 1582 1511 1621 constat,
1537 1579 1620 1623 quia
1643 1578 1755 1614 altero
1781 1589 1837 1614 mo
1865 1588 1886 1613 ο
1911 1578 1987 1613 sine
2009 1578 2092 1614 vitio
2117 1578 2250 1613 tradita
2281 1583 2336 1615 est
2357 1590 2441 1625 pos·

1358 1623 1481 1666 sessio,
1506 1624 1617 1659 altero
1643 1623 1738 1668 quod
1760 1622 1869 1658 fuerit
1891 1623 2024 1666 vitium,
2049 1626 2206 1658 amotum
2229 1623 2285 1659 sit.

1403 1666 1456 1706 25
1484 1668 1707 1704 TERENTJUS
1738 1668 1917 1704 Camars
1951 1668 2041 1704 libro
2081 1670 2207 1714 quinto
2246 1669 2296 1704 ad
2329 1669 2442 1716 leqem

1358 1713 1491 1749 Iuliam
1515 1718 1551 1749 et
1574 1713 1729 1760 Papiam
1776 1713 1847 1748 Sed
1878 1717 1914 1748 et
1944 1713 1974 1748 si
2005 1717 2192 1748 constante
2214 1714 2440 1751 matrimonio

1357 1769 1414 1794 res
1447 1758 1563 1794 aliena
1593 1758 1699 1793 uxori
1729 1768 1752 1793 a
1782 1758 1909 1794 marito
1941 1757 2074 1793 donata
2104 1757 2230 1800 fuerit,
2254 1758 2443 1796 dicendum

1358 1807 1412 1839 est
1436 1803 1622 1839 confestim
1653 1803 1699 1838 ad
1729 1803 1985 1848 usucapionem
2016 1803 2091 1838 eius
2123 1813 2269 1839 uxorem
2292 1804 2442 1849 admitti,

1358 1849 1443 1894 quia
1479 1852 1515 1884 et
1548 1848 1579 1884 si
1610 1848 1707 1884 non⁹
1736 1849 1859 1884 mortis
1891 1858 2001 1884 causa
2031 1848 2225 1884 donaverat
2236 1849 2264 1870 ¹⁰
2295 1850 2345 1892 ei,
2370 1860 2443 1885 non

1356 1893 1588 1939 impediretur
1617 1893 1803 1939 usucapio.
1836 1903 1920 1928 nam
1953 1893 2008 1928 ius
2042 1893 2273 1929 constitutum
2303 1894 2351 1930 ad
2381 1905 2443 1931 eas

1358 1938 1567 1975 donationes
1590 1938 1761 1983 pertinet,
1793 1948 1838 1973 ex
1871 1938 1998 1983 quibus
2022 1942 2057 1973 et
2078 1938 2289 1984 locupletior
2318 1939 2444 1976 mulier

1358 1987 1394 2020 et
1415 1984 1608 2029 pauperior
1630 1983 1779 2018 maritus
1809 1983 1847 2018 in
1877 1983 1951 2019 suis
1981 1983 2088 2019 rebus
2118 1983 2177 2019 fit:
2209 1984 2330 2036 itaque
2359 1984 2443 2021 licet

1357 2029 1480 2065 mortis
1512 2038 1623 2065 causa
1655 2028 1799 2064 donatio
1814 2030 1840 2049 ¹¹
1871 2028 2099 2071 interveniat,
2132 2028 2235 2074 quasi
2265 2033 2357 2065 mter
2381 2040 2441 2065 ex-

1357 2078 1501 2110 traneas
1525 2083 1698 2119 personas
1721 2073 1798 2109 fieri
1821 2073 2056 2118 intellegenda
2076 2077 2131 2109 est
2152 2073 2190 2108 in
2213 2083 2256 2109 ea
2277 2084 2326 2118 re,
2352 2085 2443 2120 quae

1357 2119 1442 2164 quia
1465 2119 1582 2154 aliena
1605 2122 1660 2154 est
1682 2118 1836 2163 usucapi
1858 2122 1988 2164 potest.

1402 2161 1456 2201 26
1481 2163 1641 2199 Panas
1668 2163 1759 2200 libro
1790 2164 1940 2210 septimo
1973 2163 2023 2198 ad
2052 2162 2225 2200 Sabinum
2282 2164 2320 2200 Si
2350 2174 2441 2209 eum,

1379 2210 1417 2244 ui
1448 2209 1535 2244 mihi
1564 2208 1779 2251 vendiderit,
1811 2208 1973 2244 iusserim
2004 2218 2082 2243 eam
2111 2219 2186 2244 rem
2216 2209 2320 2245 uxori
2342 2219 2443 2246 meae

1380 2254 1557 2290 onationis
1582 2263 1692 2289 causa
1715 2253 1801 2289 dare
1825 2257 1860 2288 et
1882 2254 1912 2289 is
1935 2253 2195 2298 possessionem
2224 2254 2325 2290 iussu
2363 2265 2442 2291 meo

1355 2299 1551 2340 tradiderit,
1583 2299 1753 2334 liberatus
1787 2298 1870 2341 erit,
1907 2297 2008 2343 quia,
2040 2298 2124 2333 licet
2154 2298 2215 2333 illa
2244 2299 2320 2335 iure
2350 2299 2443 2336 civili

1355 2343 1538 2390 possidere
1562 2354 1634 2379 non
1657 2343 1889 2388 intellegatur,
1915 2346 2010 2378 certe
2033 2347 2151 2379 tamen
2162 2344 2324 2380 venditor
2356 2345 2442 2380 nihil

1359 2393 1373 2424 1
1423 2389 1532 2424 habet
1555 2387 1651 2434 quod
1674 2388 1804 2423 tradat.
1850 2388 1907 2423 Ex
1950 2387 2054 2423 uibus
2074 2388 2191 2424 causis
2214 2388 2307 2424 inter
2329 2389 2443 2425 virum

1356 2438 1393 2470 et
1414 2443 1561 2469 uxorem
1593 2443 1785 2469 concessae
1818 2436 1902 2468 sunt
1957 2433 2162 2476 onationes,
2196 2443 2239 2469 ex
2268 2434 2381 2470 isdem
2405 2439 2442 2470 et

1354 2479 1448 2515 inter
1477 2488 1642 2515 socerum
1673 2482 1709 2514 et
1736 2488 1903 2523 generum
1934 2488 2106 2513 nurumve
2144 2488 2334 2515 concessas
2368 2479 2441 2515 Ne-

1354 2524 1468 2560 ratius
1503 2523 1564 2559 ait.
1630 2533 1712 2569 ergo
1748 2533 1851 2559 socer
1884 2533 2012 2568 genero
2049 2523 2173 2559 mortis
2213 2523 2269 2559 vel
2303 2524 2442 2560 divortii

1356 2578 1467 2605 causa
1490 2568 1654 2611 donabit,
1686 2568 1749 2604 sed
1781 2573 1817 2604 et
1845 2578 1954 2614 gener
1983 2578 2107 2604 socero
2131 2568 2254 2605 mortis
2277 2579 2365 2606 suae
2387 2569 2442 2605 vel

1356 2613 1496 2650 divortii
1520 2623 1640 2649 causa.

1402 2657 1455 2696 27
1480 2658 1735 2694 Mon-smus
1769 2658 1859 2694 libro
1893 2659 2044 2711 septimo
2082 2658 2291 2705 reqularum
2344 2658 2441 2694 Inter

1357 2714 1437 2747 eos,
1492 2704 1530 2739 ui
1560 2703 1783 2739 matrimonio
1816 2703 1944 2739 coitur1
1975 2707 2079 2746 sunt,
2104 2706 2187 2739 ante
2209 2703 2353 2748 nuptias
2377 2703 2439 2740 do-

1356 2750 1454 2785 natio
1495 2753 1578 2784 acta
1600 2749 1678 2784 iure
1701 2748 1882 2791 consistit,
1907 2748 2045 2784 etiamsi
2068 2747 2192 2784 eodem
2215 2748 2272 2784 die
2294 2748 2441 2794 nuptiae

1356 2794 1489 2830 fuerint
1512 2796 1735 2830 consecutae.

1402 2836 1455 2877 28
1480 2838 1639 2875 Panos
1659 2838 1750 2874 libro
1772 2839 1922 2884 septimo
1946 2838 1997 2874 ad
2018 2837 2190 2874 Sabinum
2226 2837 2263 2873 Si
2285 2837 2323 2873 id
2344 2837 2441 2883 quod

1357 2885 1528 2921 donatum
1558 2883 1605 2919 sit
1634 2883 1777 2936 perierit
1808 2883 1863 2918 vel
1894 2886 2143 2928 consumptum
2173 2883 2236 2925 sit,
2269 2882 2345 2919 eius
2380 2882 2440 2935 qui

1357 2929 1453 2966 dedit
1477 2932 1532 2965 est
1554 2928 1820 2970 detrimentum,
1852 2928 1995 2971 merito,
2027 2928 2110 2974 quia
2141 2931 2260 2963 manet
2282 2937 2339 2963 res
2364 2937 2439 2963 eius

1359 2978 1373 3010 1
1424 2975 1484 3020 qui
1507 2973 1604 3009 dedit
1626 2983 1727 3008 suam
1752 2983 1798 3008 ue
1820 2982 1895 3008 rem
1918 2972 2044 3019 perdit.
2092 2973 2129 3008 Si
2147 2972 2231 3018 quid
2252 2973 2291 3008 in
2308 2982 2440 3025 pueros

1357 3030 1401 3055 ex
1424 3018 1602 3055 ancillis¹²
1625 2985 1801 3053 dotalibus
1833 3022 1938 3054 natos
1970 3018 2117 3053 maritus
2147 3017 2347 3070 inpendent
2376 3020 2440 3070 aut

1356 3065 1394 3100 in
1417 3063 1615 3100 doctrinam
1638 3066 1702 3097 aut
1724 3063 1902 3105 alimenta,
1927 3073 1999 3099 non
2012 3066 2171 3098 servatur
2193 3066 2332 3104 manto,
2356 3071 2440 3107 qma

1355 3110 1432 3155 ipse
1454 3107 1654 3144 ministeriis
1679 3118 1800 3143 eorum
1824 3108 1953 3143 utitur:
1986 3107 2049 3143 sed
2064 3107 2151 3142 illud
2166 3111 2326 3143 servatur
2343 3105 2439 3152 quod

1356 3154 1486 3190 nutrici
1517 3153 1639 3188 datum
1678 3157 1732 3188 est
1763 3152 1809 3187 ad
1846 3153 2085 3194 educendum,
2118 3153 2201 3197 quia
2256 3162 2296 3187 ro
2321 3151 2438 3197 capite

1356 3198 1441 3245 quid
1464 3197 1628 3240 dedisset,
1654 3197 1948 3242 quemadmodum
1970 3198 2002 3233 si
2025 3207 2047 3232 a
2069 3197 2238 3242 praedom
2264 3207 2307 3232 us
2337 3196 2437 3232 rede-

1357 3248 1376 3279 2
1423 3243 1546 3279 misset
1579 3252 1699 3278 servos
1733 3242 1880 3278 dotales.
1948 3241 1985 3278 Si
2021 3252 2109 3287 quas
2144 3242 2236 3277 servi
2270 3251 2397 3286 operas
2410 3241 2438 3263 ¹³

1355 3288 1421 3324 viri
1454 3287 1557 3324 uxori
1591 3288 1834 3333 praestiterint
1865 3287 1921 3323 vel
1959 3291 2101 3329 contra,
2144 3287 2255 3333 magis
2289 3286 2435 3332 placuit,

1356 3333 1488 3369 nullam
1500 3332 1701 3368 habendam
1713 3342 1835 3368 earum
1847 3332 2039 3367 rationem:
2066 3337 2100 3367 et
2119 3341 2205 3367 sane
2226 3342 2298 3367 non
2318 3340 2437 3366 amare

1356 3388 1421 3414 nec
1433 3381 1614 3423 tamquam
1628 3378 1655 3398 ¹³
1667 3377 1759 3412 inter
1777 3377 1924 3412 infestos
1943 3377 1998 3412 ius
2017 3377 2217 3422 prohibitae
2237 3375 2436 3412 donationis

1355 3422 1581 3458 tractandum
1621 3426 1693 3464 est,
1733 3421 1795 3458 sed
1833 3425 1873 3456 ut
1907 3422 1998 3457 inter
2041 3422 2248 3457 coniunctos
2283 3421 2434 3456 maximo

1356 3471 1375 3503 3
1422 3467 1554 3503 affectu
1578 3470 1614 3502 et
1636 3467 1749 3502 solam
1771 3467 1926 3512 inopiam
1950 3467 2123 3502 timentes.
2171 3466 2209 3501 Si
2240 3476 2284 3501 ex
2314 3465 2435 3501 decem

1355 3512 1495 3548 donatis
1519 3512 1587 3547 sibi
1611 3512 1736 3546 mulier
1759 3522 1896 3547 servum
1921 3512 2043 3547 emerit
2074 3515 2109 3547 et
2138 3511 2168 3547 is
2200 3510 2354 3556 quinque
2377 3509 2434 3550 sit,

1354 3626 1414 3658 ins.
1553 3627 1597 3665 (9)
1622 3634 1689 3657 non
1711 3625 1773 3658 del.
1799 3623 1949 3658 &aiecius
2086 3626 2145 3666 (ιο)
2178 3623 2358 3656 donaretur
2379 3619 2434 3655 F’

1356 3671 1410 3711 (ιι)
1435 3671 1574 3703 nonina.
1593 3670 1744 3704 cuiae-ius
1866 3671 1923 3710 (12)
1949 3669 2089 3702 ancillas
2108 3669 2143 3702 F
2233 3671 2290 3710 (13)
2315 3675 2432 3710 operas

1356 3715 1442 3748 servi
1455 3716 1530 3749 edd.
1645 3717 1701 3756 (1⁴)
1727 3718 1938 3756 tamenquam
1952 3714 1985 3747 F

2016 123 2075 154 nn
2103 123 2438 160 nonanomus
2486 113 2497 156 ’ἶ
