2528 3918
218 130 382 174 XVIIII
411 132 437 172 2

215 251 456 289 remissionem
470 250 548 297 quis
561 249 688 286 colono
700 248 837 286 dederit
855 249 902 286 ob
921 248 1153 291 sterilitatem,
1174 247 1299 284 deinde

217 296 446 344 sequentibus
469 294 573 332 annis
596 294 743 340 contigit
763 295 921 331 uber-itas
931 295 955 338 ¹,
979 294 1066 330 nihil
1090 293 1215 346 obesse
1234 292 1298 345 do-

216 343 310 379 mino
323 341 576 383 remissionem,
597 339 662 376 sed
679 339 852 386 integram
871 340 1077 387 pensionem
1098 341 1204 374 etiam
1224 348 1299 374 eius

217 388 301 423 anni
356 396 401 421 uo
424 385 561 421 remisit
628 385 636 392 '
663 384 801 421 endam.
836 385 906 421 hoc
936 385 1028 420 idem
1060 387 1095 419 et
1123 383 1160 418 in
1191 383 1299 419 vecti·

276 432 283 439 '
360 440 464 466 amno
495 440 553 466 res
579 440 627 466 on
664 434 690 465 t.
738 429 802 467 sed
832 434 868 466 et
898 429 927 466 si
958 429 1066 465 verbo
1099 428 1299 463 donationis

242 477 378 513 ominus
402 475 448 511 ob
472 478 508 511 st
574 475 801 511 'tatemanni
824 475 1016 517 remiserit,
1040 473 1134 509 idem
1158 473 1225 509 erit
1247 473 1299 508 di-

217 521 379 563 cendum,
405 520 509 573 quasi
531 530 603 556 non
627 520 675 557 sit
697 520 862 563 donatio,
887 519 951 555 sed
973 517 1179 571 transactio.
1217 517 1301 570 quid

216 571 355 608 tamen,
387 576 418 601 si
441 565 654 602 novissimus
678 569 756 602 erat
778 575 893 601 annus
918 564 1066 606 sterilis,
1097 574 1135 598 in
1168 573 1238 609 quo
1270 573 1301 598 ei

216 610 414 647 remiserit?
445 610 562 647 verius
587 610 723 647 dicetur
747 614 782 646 et
805 610 835 646 si
855 609 1055 655 superiores
1074 608 1202 643 uberes
1222 607 1299 660 fue-

215 659 300 692 runt
323 659 360 692 et
382 655 452 692 scit
472 655 623 699 locator,
646 666 718 692 non
743 655 871 691 debere
895 665 975 690 eum
999 653 1046 688 ad
1065 656 1300 698 computatio-

217 705 236 737 5
284 711 366 737 nem
395 701 527 738 vocari.
576 700 665 737 Cum
698 700 842 746 quidam
872 700 917 735 de
950 698 1133 734 fructuum
1169 698 1224 734 exi
1275 697 1301 724 '-

215 749 290 782 tate
320 750 545 792 quereretur,
577 757 650 782 non
683 756 761 782 esse
790 745 964 781 rationem
996 744 1071 780 eius
1101 743 1219 779 haben
1245 753 1302 778 am

214 791 389 837 rescripto
409 791 480 827 divi
498 791 669 827 Antonini
689 790 901 827 continetur.
935 790 1021 825 item
1040 788 1109 824 alio
1130 788 1300 833 rescripto

214 837 267 872 ita
287 836 506 873 continetur:
532 836 680 873 ‘Novam
700 846 773 871 rem
797 834 987 877 desideras,
1012 837 1053 870 ut
1075 837 1221 879 propter
1246 843 1301 869 ve-

217 885 238 917 6
285 885 466 918 ‘tustatem
477 882 658 918 vinearum
677 880 834 917 remissio
854 880 919 915 tibi
940 879 1067 915 detur:
1113 879 1203 914 Item
1222 889 1302 914 cum

216 926 359 973 quidam
382 937 471 962 nave
495 927 625 962 amissa
648 930 848 968 vecturam,
873 935 979 971 quam
1002 935 1067 970 pro
1092 928 1218 959 mutua
1241 933 1301 959 ac-

216 976 370 1018 ceperat,
395 975 625 1018 repeteretur,
650 971 860 1016 rescriptum
884 974 939 1006 est
958 970 1003 1006 ab
1023 969 1206 1005 Antonino
1226 969 1300 1004 Au-

215 1022 320 1063 gusto
357 1028 430 1054 non
464 1017 638 1052 immerito
674 1019 943 1062 procuratorem
980 1014 1143 1051 Caesaris
1178 1014 1224 1049 ab
1261 1024 1302 1049 co

215 1066 396 1098 vecturam
421 1066 592 1108 repetere,
618 1072 698 1098 cum
720 1071 866 1096 munere
888 1060 1037 1096 vehendi
1060 1060 1206 1095 functus
1230 1070 1302 1095 nou

216 1108 280 1144 sit:
306 1107 400 1154 quod
423 1108 461 1143 in
486 1107 648 1143 omnibus
671 1106 832 1152 personis
857 1106 1017 1142 similiter
1040 1104 1303 1141 observandum

217 1156 235 1188 ’1
284 1156 349 1189 est.
398 1152 621 1198 Ubicumque
653 1156 771 1187 tamen
795 1151 1011 1187 remissionis
1034 1151 1126 1186 ratio
1150 1150 1305 1186 habetur

216 1208 261 1234 ex
281 1198 398 1234 causis
419 1208 529 1244 supra
548 1198 678 1240 relatis,
704 1207 776 1232 non
794 1196 831 1232 id
874 1196 947 1232 uod
966 1206 1032 1232 sua
1051 1196 1199 1232 interest
1218 1205 1302 1231 con-

216 1243 344 1280 ductor
368 1254 474 1279 conse
499 1243 612 1286 uitur,
645 1242 709 1278 sed
731 1252 847 1278 merce
876 1242 903 1277 's
927 1241 1214 1277 exonerationem
1237 1251 1302 1286 pro

215 1292 313 1324 rata:
335 1298 444 1334 supra
492 1288 617 1333 enique
635 1287 803 1323 damnum
822 1287 965 1323 seminis
986 1286 1032 1322 ad
1045 1286 1208 1322 colonum
1222 1295 1303 1331 per-

216 1336 236 1369 8
283 1333 395 1369 tinere
432 1333 645 1369 declaratur.
701 1332 814 1368 Plane
846 1332 876 1367 si
910 1331 1003 1367 forte
1038 1331 1199 1367 dominus
1232 1330 1302 1366 irui

215 1389 288 1415 non
317 1379 494 1424 patiatur,
528 1378 583 1413 vel
614 1388 694 1413 cum
725 1378 802 1423 ipse
831 1378 987 1413 locasset
1015 1376 1070 1412 vel
1101 1387 1181 1413 cum
1213 1376 1302 1411 alius

215 1424 368 1459 alienum
391 1423 445 1459 vel
469 1423 570 1469 quasi
593 1427 805 1468 procurator
835 1423 890 1458 vel
945 1423 1025 1458 uasi
1054 1433 1177 1465 suum,
1209 1421 1303 1467 quod

216 1469 365 1505 interest
387 1468 646 1514 praestabitur:
680 1472 716 1504 et
737 1468 790 1504 ita
812 1434 987 1504 Proeu‘lus
1010 1468 1047 1503 in
1070 1471 1303 1513 procuratore

216 1517 236 1550 9
282 1513 476 1559 respondit.
524 1513 708 1549 Interdum
739 1513 787 1549 ad
817 1514 886 1549 hoc
917 1523 960 1549 ex
991 1513 1110 1548 locato
1143 1516 1267 1557 agetur
1276 1512 1302 1554 ²,

215 1563 256 1594 ιιι
280 1559 358 1605 quis
381 1559 559 1595 locatione
582 1559 770 1602 liberetur,
795 1559 954 1594 Iulianus
977 1558 1067 1594 libro
1093 1558 1215 1604 quinto
1241 1557 1301 1593 de-

216 1604 306 1641 cimo
338 1604 553 1649 digestorum
585 1604 737 1650 scripsit.
773 1608 816 1640 ut
837 1607 927 1649 puta
951 1603 1045 1639 Titio
1074 1602 1226 1639 fundum
1249 1603 1300 1638 lo-

215 1649 293 1686 cavi
315 1649 416 1696 isque
437 1649 574 1702 pupillo
597 1649 728 1686 herede
750 1649 914 1686 instituto
951 1649 1106 1685 decessit
1136 1652 1189 1691 et,
1222 1659 1302 1684 cum

214 1699 312 1731 tutor
337 1698 581 1731 constituisset
604 1695 785 1731 abstinere
807 1695 983 1741 pupillum
1005 1693 1213 1736 hereditate,
1238 1703 1301 1739 ego

213 1739 363 1775 fundum
386 1740 499 1785 pluris
522 1740 654 1775 locavi:
685 1739 813 1775 deinde
843 1740 999 1786 pupillus
1029 1739 1216 1775 restitutus
1250 1742 1304 1774 est

213 1785 250 1820 in
280 1785 376 1821 bona
407 1789 568 1830 paterna.
613 1795 656 1820 ex
691 1785 870 1821 conducto
907 1785 993 1820 nihil
1028 1784 1182 1830 amplius
1222 1794 1301 1819 eum

215 1833 500 1873 consecuturum,
521 1840 627 1876 quam
646 1834 688 1866 ut
705 1830 882 1866 locatione
894 1830 1082 1866 liberetur:
1105 1829 1190 1864 mihi
1209 1829 1302 1865 euim

213 1876 310 1911 iusta
334 1885 445 1911 causa
467 1875 536 1911 fuit
558 1875 712 1918 locandi,

263 1918 314 1958 16
337 1919 531 1957 IULIANUS
547 1921 638 1956 libro
659 1921 786 1967 quinto
806 1920 943 1957 decimo
965 1920 1186 1968 diqestorum
1223 1930 1302 1955 cum

215 1976 256 2002 eo
279 1969 438 2009 tempore
460 1966 498 2001 in
521 1965 693 2012 pupillum
717 1966 878 2002 actiones
902 1966 1021 2001 nullae
1045 1965 1225 2001 darentur.

263 2008 313 2048 17
345 2010 540 2048 ULPIANUS
567 2012 658 2047 libro
691 2012 874 2059 triqesimo
898 2011 1054 2048 secundo
1078 2010 1128 2046 ad
1150 2010 1302 2046 edictum

215 2056 364 2092 Tutelae
386 2059 507 2091 tamen
531 2067 611 2092 cum
642 2060 762 2093 tutore
791 2056 942 2099 iudicio,
973 2055 1106 2102 inquit,
1139 2059 1238 2101 aget,
1273 2055 1303 2091 si

215 2102 394 2138 abstinere
418 2112 489 2137 non
513 2101 652 2137 debuit:

264 2143 316 2184 18
343 2146 532 2183 thJAist
558 2147 649 2183 libro
682 2148 807 2193 quinto
838 2146 976 2183 decimo
1001 2147 1219 2194 diqestorum
1266 2147 1303 2181 in

215 2202 285 2238 quo
308 2191 415 2227 inerit
438 2191 543 2227 etiam
566 2192 648 2235 hoe,
673 2192 769 2238 quod
793 2202 836 2228 ex
861 2191 1098 2228 conductione
1120 2191 1224 2227 fundi
1247 2192 1301 2227 lu-

216 2248 316 2274 crum
338 2236 459 2272 facere
481 2237 610 2283 potuit.

264 2280 316 2321 19
348 2281 542 2318 Uzmzws
569 2282 660 2318 libro
692 2282 873 2329 triqesimo
896 2282 1053 2319 secundo
1078 2282 1127 2318 ad
1149 2282 1302 2318 edictum

215 2327 285 2364 Sed
308 2327 419 2364 addes
442 2327 511 2364 hoc
534 2327 662 2363 Iuliani
686 2327 904 2371 sententiae,
935 2332 994 2371 ut,
1028 2328 1058 2363 si
1090 2327 1214 2363 collusi
1282 2337 1302 2362 o

215 2384 296 2409 cum
325 2376 461 2415 tutore,
493 2383 537 2408 ex
569 2372 746 2409 conducto
777 2376 901 2408 tenear
930 2374 967 2408 in
998 2373 1035 2408 id
1060 2372 1155 2419 quod
1178 2373 1263 2418 pup'
1291 2372 1303 2407 i

218 2422 232 2453 1
282 2417 454 2454 interfuit.
503 2417 540 2454 Si
564 2418 643 2463 quis
667 2418 761 2454 dolia
784 2418 912 2454 vitiosa
942 2418 1087 2463 ignarus
1119 2418 1301 2460 locaverit,

215 2463 342 2499 deinde
364 2463 485 2499 vinum
509 2462 697 2506 effluxerit,
721 2463 898 2499 tenebitur
920 2463 958 2498 in
980 2463 1017 2499 id
1065 2463 1138 2499 uod
1156 2463 1303 2498 interest

214 2519 281 2545 nec
304 2508 505 2554 ignorantia
529 2508 605 2544 eius
625 2508 692 2544 erit
711 2512 901 2544 excusata:
928 2512 963 2544 et
978 2509 1030 2544 ita
1080 2509 1194 2544 assius
1213 2509 1301 2544 scri-

240 2554 297 2589 sit.
334 2554 437 2589 aliter
459 2557 566 2599 atque
588 2554 619 2589 si
643 2554 773 2589 saltum
795 2564 969 2599 pascuum
991 2554 1138 2596 locasti,
1169 2554 1207 2588 in
1255 2564 1301 2589 uo

214 2566 329 2635 fler-ba
359 2599 454 2634 mala
487 2599 721 2634 nascebatur:
753 2599 813 2635 hic
837 2599 929 2635 enim
953 2599 983 2635 si
1005 2609 1139 2645 pecora
1161 2599 1216 2635 vel
1231 2565 1300 2634 (he-

215 2647 357 2680 mortua
379 2648 463 2680 sunt
486 2644 540 2679 vel
564 2644 669 2679 etiam
694 2644 871 2680 deteriora
892 2644 1011 2687 facta,
1036 2644 1131 2690 quod
1154 2644 1302 2679 interest

215 2689 474 2734 praestabitur,
507 2689 537 2724 si
561 2689 671 2733 scisti,
695 2689 726 2725 si
748 2690 962 2735 ignorasti³,
994 2690 1199 2736 pensionem
1229 2700 1302 2725 non

217 2738 236 2770 2
284 2738 397 2786 peteS,
418 2737 454 2770 et
472 2734 523 2770 ita
543 2734 664 2770 Servio
685 2734 847 2770 Labeoni
860 2734 992 2770 Sabino
1013 2735 1158 2780 placuit.
1207 2734 1301 2770 Illud

216 2779 320 2815 nobis
343 2778 532 2815 videndum
557 2783 629 2823 est,
661 2780 692 2815 si
715 2780 793 2825 quis
815 2780 966 2816 fundum
989 2781 1178 2823 locaverit,
1211 2790 1302 2826 quae

217 2824 568 2876 soleattinstrumenti
587 2825 728 2861 nomine
748 2825 958 2862 conductori
976 2830 1170 2871 praestare,
1191 2835 1300 2871 quae-

217 2879 286 2915 que
310 2880 339 2905 si
363 2880 435 2904 non
459 2873 634 2914 praestet,
661 2880 704 2905 ex
728 2871 847 2906 locato
872 2874 1023 2906 tenetur.
1061 2875 1097 2907 et
1121 2875 1176 2907 est
1208 2871 1299 2916 epis-

215 2914 293 2950 tula
315 2913 451 2950 Neratii
484 2914 529 2950 ad
552 2915 756 2951 Aristonem
787 2916 882 2952 dolia
911 2916 1035 2961 utique
1066 2916 1192 2953 colono
1226 2926 1302 2951 esse

216 2959 433 3005 praestanda
456 2963 491 2993 et
513 2960 673 3004 praelum
697 2966 734 2996 et
752 2964 931 3007 trapetum
948 2962 1125 2997 instructa
1143 2961 1301 3004 funibuS,

217 3004 248 3041 si
270 3004 397 3046 minus,
423 3003 601 3040 dominum
624 3005 800 3042 instruere
823 3017 866 3042 ea
889 3007 1035 3043 debere:
1061 3007 1124 3043 sed
1144 3011 1179 3042 et
1197 3017 1300 3052 prae-

217 3050 290 3085 lum
308 3049 469 3102 vitiatum
489 3049 669 3085 dominum
688 3050 835 3087 reficere
855 3051 995 3088 debere.
1030 3053 1126 3098 quod
1146 3052 1177 3088 si
1196 3052 1303 3097 culpa

218 3094 336 3130 colom
361 3094 444 3140 quid
469 3104 589 3130 eorum
614 3099 819 3141 corruptum
844 3097 909 3140 sit,
934 3106 977 3133 ax
1000 3098 1120 3133 locato
1145 3108 1226 3133 eum
1248 3101 1300 3132 te-

217 3139 304 3176 neri.
337 3138 444 3175 fiscos
469 3144 597 3182 autem,
622 3141 750 3185 quibus
774 3142 821 3177 ad
869 3142 1070 3178 remendam
1095 3143 1209 3178 oleam
1231 3142 1300 3177 uti-

217 3195 315 3227 mur,
347 3184 511 3237 colonum
543 3185 610 3220 sibi
639 3196 767 3231 parare
798 3153 927 3224 deflere
950 3187 1117 3223 Neratius
1141 3188 1300 3233 scripsit:

216 3229 313 3311 ffimd
336 3240 367 3266 si
389 3229 520 3275 regulis
544 3230 623 3265 olea
646 3236 845 3275 prematur,
878 3236 914 3269 et
969 3234 1102 3269 raelum
1134 3237 1171 3268 et
1193 3243 1300 3269 sucu-

253 3286 288 3310 m
312 3278 349 3311 et
370 3274 510 3320 regulas
533 3279 570 3311 et
591 3279 797 3320 tympanum
817 3282 853 3312 et
873 3288 937 3314 coc
953 3279 1038 3314 eas⁴
1062 3278 1191 3323 quibus
1211 3278 1300 3314 rele-

217 3324 322 3356 vatur
350 3319 510 3366 praelum
542 3319 722 3356 dominum
753 3332 882 3366 parare
913 3328 1089 3369 oportere.
1125 3323 1210 3359 item
1240 3333 1299 3358 ae-

217 3366 346 3408 num⁶,
376 3365 414 3401 in
445 3375 515 3410 quo
548 3365 627 3401 olea
659 3366 763 3401 calda
794 3377 888 3413 aqua
910 3369 1070 3411 lavatur,
1105 3372 1147 3404 ut
1182 3372 1301 3404 cetera

216 3420 304 3446 vasa
327 3410 462 3446 olearia
481 3409 661 3446 dominum
680 3416 863 3456 praestare
883 3418 1059 3459 oportere,
1083 3413 1188 3449 sicuti
1207 3413 1302 3448 dolia

217 3455 371 3498 vinaria,
402 3465 495 3502 quae
525 3455 573 3491 ad
603 3460 826 3501 praesentem
857 3469 960 3493 usum
993 3458 1157 3494 colonum
1179 3457 1302 3504 picare

218 3501 406 3546 oportebit.
448 3500 537 3537 haec
568 3500 687 3536 omnia
716 3501 768 3537 sic
800 3507 884 3537 sunt
913 3504 990 3539 acci
1016 3503 1140 3547 ienda‚
1173 3503 1240 3539 nisi
1271 3503 1301 3539 si

218 3548 238 3581 3
286 3545 369 3591 quid
392 3545 489 3582 aliud
513 3545 714 3598 specialiter
737 3550 857 3582 actum
881 3548 936 3583 sit.
1010 3549 1021 3583 i
1052 3548 1215 3584 dominus
1240 3559 1300 3584 ex-

219 3591 351 3637 ceperit
369 3591 406 3626 in
425 3591 613 3634 locatione,
637 3594 678 3626 ut
695 3591 863 3627 frumenti
882 3596 1017 3629 certum
1037 3593 1182 3629 modum
1202 3597 1300 3630 certo

219 3707 259 3746 (ί)
284 3703 419 3737 uberta
431 3703 484 3738 1³²

219 3751 264 3789 u)
287 3748 436 3790 mle„
447 3750 481 3783 F
609 3706 653 3747 (2)
677 3705 734 3748 agi
745 3717 808 3739 scr.

567 3752 610 3791 (5)
634 3760 772 3784 meum
785 3751 819 3783 F

912 3707 956 3747 (3)
981 3705 1076 3738 scitis
1090 3706 1256 3749 ignorasti
1269 3707 1303 3740 F

892 3751 936 3791 (6)
961 3750 1129 3792 dominus]
1143 3751 1220 3784 dein
1233 3764 1294 3786 scr.

1284 123 1369 172 252

1366 248 1481 294 pretio
1506 248 1703 294 acciperet,
1735 251 1771 285 et
1793 248 1982 285 dominus⁸
2004 249 2094 286 nolit
2114 249 2332 287 frumentum
2354 251 2449 287 acci-

1367 303 1454 339 pere
1475 303 1591 340 neque
1620 294 1809 339 pecuniam
1841 305 1884 331 ex
1915 295 2076 331 mercede
2107 295 2301 339 deducere,
2333 299 2452 342 potest

1368 337 1509 385 quidem
1531 342 1644 375 totam
1667 349 1840 375 summam
1864 350 1907 376 ex
1930 340 2049 376 locato
2072 344 2212 393 petere,
2244 340 2307 377 sed
2328 341 2452 387 utique

1369 393 1455 419 cons
1501 394 1590 420 uens
1622 387 1677 420 est
1707 384 1909 420 existimare
1939 384 2059 421 officio
2082 385 2208 422 iudicis
2230 385 2299 422 hoc
2324 397 2450 422 conve·

1368 428 1464 471 nire,
1523 428 1622 465 aberi
1650 429 1842 473 rationem,
1875 434 2007 475 quanto
2033 430 2262 467 conductoris
2284 431 2453 467 intererat

1366 474 1405 509 in
1427 473 1606 510 frumento
1629 474 1748 520 potius
1772 485 1878 520 quam
1901 476 1938 510 in
1961 475 2114 520 pecunia
2145 475 2280 512 solvere
2309 477 2451 522 pensio-

1368 518 1423 554 nis
1457 522 1642 565 exceptam
1671 519 1879 565 portionem.
1918 520 2021 555 simili
2043 520 2147 556 modo
2172 524 2208 556 et
2230 521 2261 557 si
2291 531 2334 556 ex
2366 532 2451 558 con-

1369 566 1390 599 4
1437 563 1545 600 ducto
1570 567 1715 609 agatur,
1739 564 1831 600 idem
1856 565 1922 600 erit
1946 565 2145 600 dicendum.
2193 565 2231 601 Si
2260 566 2450 611 inquilinus

1370 609 1499 645 ostium
1533 608 1587 645 vel
1645 609 1795 646 uaedam
1829 610 1899 645 alia
1934 610 2095 646 aedificio
2131 610 2318 654 adiecerit,
2362 622 2451 657 quae

1370 654 1463 690 actio
1487 654 1604 690 locum
1654 654 1783 691 abeat?
1814 658 1849 690 et
1873 658 1927 691 est
1949 656 2064 691 verius
2088 655 2184 701 quod
2198 655 2320 692 Labeo
2341 657 2450 702 scrip-

1370 699 1418 735 sit
1448 702 1650 752 competere
1682 709 1726 735 ex
1757 699 1935 736 conducto
1970 700 2165 744 actionem,
2195 704 2237 736 ut
2267 701 2299 736 ei
2329 702 2454 737 tollere

1369 744 1487 787 liceat,
1511 754 1563 780 sic
1584 747 1716 788 tamen,
1739 748 1781 780 ut
1803 744 1922 780 damni
1946 744 2069 780 infecti
2093 749 2235 788 caveat,
2259 756 2304 782 ne
2326 746 2364 782 in
2387 747 2450 782 ali-

1371 799 1440 835 quo
1474 789 1558 825 dum
1589 789 1708 825 aufert
1737 789 1946 826 deteriorem
1981 800 2127 826 causam
2162 791 2301 826 aedium
2331 791 2452 835 faciat,

1371 838 1390 869 5
1438 834 1502 870 sed
1524 838 1566 871 ut
1587 834 1773 881 pristinam
1795 834 1947 870 faciem⁷
1972 835 2118 871 aedibus
2150 835 2286 871 reddat.
2334 837 2371 872 Si
2399 837 2453 872 in-

1371 879 1526 926 quilinus
1550 889 1672 916 arcam
1694 884 1853 916 aeratam
1871 881 1908 916 in
1928 880 2034 916 aedes
2054 881 2243 916 contulerit
2261 885 2297 916 et
2315 881 2454 917 aedium

1371 925 1507 960 aditum
1530 926 1815 970 coangustaverit
1846 925 2028 968 dominus,
2060 926 2177 962 verius
2209 930 2263 962 est
2294 937 2337 962 ex
2369 937 2453 963 con-

1372 970 1480 1006 ducto
1505 980 1584 1006 eum
1606 970 1719 1006 teneri
1743 974 1779 1006 et
1798 970 1844 1006 ad
1865 970 2100 1006 exhibendum
2120 971 2270 1013 actione,
2295 971 2367 1007 sive
2387 972 2456 1008 scit

1371 1015 1445 1051 sive
1466 1015 1699 1061 ignoraverit:
1733 1015 1852 1052 officio
1878 1015 1970 1051 enim
2000 1015 2127 1051 iudicis
2161 1017 2382 1059 continetur,
2414 1021 2453 1053 ut

1372 1064 1477 1106 cogat
1499 1071 1580 1096 eum
1603 1060 1763 1096 aditum⁸
1786 1065 1822 1097 et
1843 1060 2053 1097 facultatem
2075 1061 2248 1113 inquilino
2271 1066 2454 1107 praestare

1373 1110 1393 1142 6
1440 1105 1487 1141 ad
1505 1116 1626 1141 arcam
1637 1106 1830 1142 tollendam
1843 1106 2042 1152 sumptibus
2055 1106 2191 1142 scilicet
2201 1107 2380 1143 locatoris.
2418 1107 2454 1142 Si

1373 1151 1470 1196 quis,
1495 1162 1576 1187 cum
1598 1151 1636 1187 in
1660 1162 1792 1187 annum
1815 1151 2073 1187 habitationem
2097 1151 2344 1195 conduxisset,
2368 1162 2454 1199 pen-

1372 1196 1507 1232 sionem
1530 1196 1640 1232 totius
1669 1197 1754 1232 anni
1786 1196 1940 1240 dederit,
1972 1196 2100 1232 deinde
2128 1197 2247 1233 insula
2276 1201 2359 1243 post
2391 1208 2452 1233 sex

1371 1252 1510 1277 menses
1533 1242 1645 1277 ruerit
1667 1242 1723 1278 vel
1745 1242 1910 1278 incendio
1935 1245 2146 1287 consumpta
2169 1242 2226 1286 sit,
2249 1243 2454 1288 pensionem

1370 1287 1503 1322 residui
1522 1287 1689 1333 temporis
1709 1287 1904 1323 rectissime
1926 1287 2023 1322 Mela
2046 1287 2189 1332 scripsit
2212 1298 2254 1323 ex
2279 1288 2455 1324 conducto

1372 1332 1514 1368 actione
1545 1332 1795 1378 repetiturum,
1828 1343 1901 1368 non
1925 1332 2028 1378 quasi
2050 1333 2245 1368 indebitum
2270 1333 2454 1368 condictu-

1370 1388 1468 1413 rum:
1501 1388 1573 1413 non
1597 1377 1689 1413 enim
1713 1388 1778 1423 per
1802 1388 1955 1413 errorem
1980 1377 2078 1413 dedit
2099 1378 2200 1424 plus,
2232 1378 2294 1414 sed
2326 1383 2367 1414 ut
2390 1379 2455 1414 sibi

1370 1423 1407 1458 in
1439 1433 1583 1458 causam
1615 1422 1861 1459 conductionis
1894 1423 2093 1468 proficeret.
2141 1423 2243 1459 aliter
2281 1427 2389 1476 atque
2427 1424 2455 1460 si

1371 1468 1462 1514 quis,
1487 1479 1568 1504 cum
1589 1467 1710 1504 decem
1731 1468 1971 1511 conduxisset,
1997 1468 2195 1514 quindecim
2214 1469 2374 1504 solverit:
2399 1469 2456 1504 hic

1372 1513 1464 1549 enim
1488 1513 1519 1549 si
1541 1523 1605 1559 per
1628 1523 1784 1549 errorem
1809 1513 1931 1556 solvit,
1963 1513 2046 1549 dum
2069 1517 2174 1559 putat
2197 1524 2236 1549 se
2259 1514 2455 1559 quindecim

1372 1558 1606 1601 conduxisse,
1631 1559 1807 1595 actionem
1831 1569 1875 1595 ex
1899 1559 2075 1595 conducto
2100 1569 2172 1595 non
2195 1559 2359 1603 habebit,
2394 1559 2456 1595 sed

1371 1604 1483 1640 solam
1509 1604 1778 1640 condictionem.
1815 1614 1898 1639 nam
1922 1604 2015 1639 inter
2046 1614 2144 1647 eum,
2176 1605 2236 1650 qui
2266 1615 2330 1651 per
2360 1615 2455 1640 erro-

1370 1659 1445 1685 rem
1467 1649 1583 1692 solvit,
1609 1653 1644 1686 et
1668 1659 1758 1692 eum,
1783 1650 1843 1695 qui
1866 1650 2074 1695 pensionem
2095 1650 2267 1695 integram
2287 1661 2455 1696 proroga-

1372 1698 1390 1730 7
1437 1695 1499 1738 vit,
1523 1695 1674 1730 multum
1696 1695 1853 1731 interest.
1902 1694 1939 1731 Si
1963 1695 2042 1740 quis
2065 1695 2246 1731 mulierem
2263 1695 2456 1731 vehendam

1372 1740 1453 1775 navi
1487 1740 1736 1783 conduxisset,
1771 1739 1897 1775 deinde
1920 1740 1957 1774 in
1980 1750 2069 1775 nave
2091 1740 2211 1775 infans
2235 1744 2341 1775 natus
2366 1740 2455 1776 fuis-

1371 1789 1436 1828 set,
1461 1785 1685 1830 probandum
1710 1789 1765 1821 est
1787 1796 1852 1831 pro
1871 1785 2008 1821 infante
2027 1785 2114 1820 nihil
2135 1785 2266 1828 deberi,
2292 1796 2374 1821 cum
2394 1796 2455 1821 ne·

1372 1840 1440 1875 que
1471 1833 1617 1866 vectura
1647 1831 1722 1866 eius
1755 1840 1884 1875 magna
1906 1830 1953 1865 sit
1974 1840 2089 1876 neque
2113 1831 2166 1866 his
2191 1831 2353 1866 omnibus
2377 1835 2456 1867 uta·

1372 1878 1392 1911 8
1438 1879 1515 1919 tur,
1552 1885 1644 1922 quae
1677 1875 1723 1911 ad
1757 1875 1997 1920 navigantium
2031 1887 2136 1911 usum
2169 1880 2353 1921 parantur.
2401 1876 2456 1911 Ex

1372 1921 1549 1957 conducto
1573 1921 1751 1957 actionem
1774 1921 1880 1956 etiam
1904 1920 1950 1956 ad
1974 1921 2138 1956 heredem
2161 1922 2313 1957 transire
2337 1921 2455 1966 palam

1373 1969 1393 2001 9
1441 1970 1505 2002 est.
1555 1966 1642 2002 Cum
1673 1966 1816 2011 quidam
1841 1970 2010 2012 exceptor
2034 1977 2160 2012 operas
2184 1976 2269 2002 suas
2292 1967 2457 2010 locasset,

1372 2011 1500 2047 deinde
1522 2011 1552 2047 is
1577 2012 1637 2057 qui
1661 2022 1722 2047 eas
1756 2011 1976 2047 conduxerat
2007 2011 2235 2055 decessisset,
2266 2012 2458 2064 imperator

1372 2057 1579 2093 Antoninus
1615 2068 1695 2092 cum
1732 2057 1811 2092 divo
1843 2056 1971 2093 Severo
2006 2057 2188 2102 rescripsit
2222 2056 2267 2092 ad
2303 2057 2456 2092 hbellum

2285 136 2503 184 Locxriff‘

1373 2102 1571 2147 exceptoris
1601 2102 1639 2137 in
1669 2103 1758 2138 haec
1789 2102 1916 2138 verba:
1942 2101 2043 2137 ‘Cum
2074 2112 2139 2148 per
2161 2106 2198 2138 te
2221 2113 2294 2138 non
2318 2103 2458 2138 stetisse
2503 2115 2509 2120 ·

1372 2151 1582 2228 ἶΡτοὲοιιείε,
1617 2148 1827 2228 quo-minam
1850 2147 1988 2183 locatas
2012 2157 2143 2228 opera}
2164 2148 2331 2228 Antssmiqi
2345 2148 2455 2193 Aqui-

1374 2203 1440 2273 13⁶
1450 2202 2364 2284 ‘22322‘32‘55’11323000331-501233:3353stamas·
2385 2204 2457 2274 ¹32¹}

1396 2283 1537 2318 inianus
1570 2293 1711 2329 quoque
1734 2283 1824 2319 libro
1850 2287 1977 2329 quarto
2001 2293 2251 2336 responsorum
2276 2283 2418 2329 scripsit
2432 2285 2456 2305 ¹⁰

1370 2295 1463 2364 giem
1486 2328 1612 2364 functo
1636 2329 1753 2374 legato
1779 2328 1941 2364 Caesaris
1965 2328 2133 2364 salarium
2158 2328 2347 2364 comitibus
2370 2330 2455 2365 resi-

1371 2374 1432 2409 dui
1455 2374 1623 2419 temporis
1647 2374 1920 2426 praestandum,
1954 2373 2058 2410 modo
2091 2374 2122 2409 si
2151 2384 2223 2409 non
2246 2378 2372 2419 postea
2397 2385 2455 2410 co-

1370 2419 1471 2455 mites
1497 2429 1576 2454 cum
1601 2419 1679 2454 aliis
1703 2419 1827 2455 eodem
1850 2422 2008 2464 tempore
2030 2418 2186 2455 fuerunt.

1416 2462 1470 2502 20
1495 2463 1551 2499 ΡΑ
1560 2474 1655 2500 ULUS
1674 2464 1765 2501 libro
1791 2465 1973 2517 triqesimo
1994 2469 2125 2511 quarto
2146 2464 2195 2500 ad
2214 2464 2366 2500 edictum
2402 2463 2455 2500 Si-

1371 2514 1433 2546 cut
1456 2510 1586 2554 emptio
1610 2510 1662 2544 ita
1685 2513 1721 2545 et
1744 2509 1875 2545 locatio
1899 2510 1965 2545 sub
1990 2509 2200 2545 condicione
2222 2509 2299 2545 fieri
2319 2513 2455 2555 potest:

1373 2558 1388 2590 1
1417 2558 1436 2590 2
1484 2554 1547 2591 sed
1578 2554 1779 2591 donationis
1806 2565 1918 2590 causa
1941 2555 2104 2591 contrahi
2127 2565 2199 2590 non
2221 2558 2350 2599 potest.
2398 2555 2455 2590 In-

1369 2600 1509 2636 terdum
1542 2599 1682 2636 locator
1711 2610 1784 2636 non
1815 2600 2011 2646 obligatur,
2043 2599 2240 2636 conductor
2269 2600 2456 2645 obligatur,

1363 2645 1477 2681 *veluti
1501 2656 1582 2681 cum
1607 2649 1745 2691 emptor
1767 2645 1916 2681 fundum
1941 2645 2126 2688 conducit,
2160 2645 2272 2680 donec
2303 2645 2455 2690 pretium

1371 2691 1402 2726 ei
1416 2692 1442 2712 ¹¹
1467 2691 1592 2726 solvat.

1416 2733 1466 2773 21
1494 2735 1541 2772 ΙΔ
1550 2745 1720 2772 vozswvs
1748 2735 1840 2772 libro
1870 2735 2058 2772 undecimo
2083 2735 2320 2782 epistularum
2368 2735 2454 2771 Cum

1370 2781 1557 2817 venderem
1576 2780 1738 2824 fundum,
1763 2781 1938 2824 convenit,
1962 2784 2013 2823 ut,
2038 2780 2151 2816 donec
2171 2780 2324 2826 pecunia
2344 2781 2455 2817 omnis

1369 2827 1639 2872 persolveretur,
1665 2830 1762 2863 certa
1784 2826 1946 2862 mercede
1969 2830 2107 2871 emptor
2129 2825 2278 2861 fundum
2299 2826 2453 2862 conduc-

1369 2876 1445 2907 tum
1467 2872 1633 2908 haberet:
1660 2882 1707 2907 an
1730 2872 1849 2908 soluta
1870 2871 2024 2917 pecunia
2046 2881 2181 2906 merces
2205 2875 2354 2916 accepta
2378 2871 2454 2906 fieri

1371 2917 1525 2953 debeat?
1559 2917 1760 2963 respondit:
1788 2917 1884 2952 bona
1906 2916 1995 2952 fides
2020 2916 2147 2962 exigit,
2179 2920 2220 2951 ut
2250 2916 2345 2962 quod
2369 2927 2453 2952 con-

1369 2962 1464 2999 venit
1498 2962 1580 2999 fiat:
1624 2961 1687 2998 sed
1721 2972 1793 2997 non
1829 2961 1979 3006 amplius
2014 2964 2175 3007 praestat
2207 2961 2238 2997 is
2270 2961 2452 3004 venditori,

1370 3018 1476 3053 quam
1498 3018 1564 3053 pro
1587 3007 1751 3053 portione
1775 3006 1849 3042 eius
1868 3007 2048 3052 temporis,
2073 3017 2142 3052 quo
2162 3006 2315 3052 pecunia
2332 3015 2452 3042 nume·

1370 3056 1450 3088 rata
1473 3063 1545 3089 non
1569 3056 1670 3088 esset.

1417 3095 1471 3135 22
1505 3097 1667 3134 PAULUS
1705 3097 1797 3134 libro
1833 3098 2016 3144 triqesimo
2052 3100 2182 3143 quarto
2217 3096 2269 3132 ad
2300 3095 2450 3132 edictum

1370 3144 1459 3179 Item
1482 3142 1514 3179 si
1535 3142 1649 3188 pretio
1673 3153 1746 3178 non
1769 3142 1885 3178 soluto
1909 3142 2066 3187 inempta
2087 3152 2146 3178 res
2168 3141 2267 3177 facta
2286 3141 2343 3184 sit,
2366 3145 2452 3177 tunc

1376 3192 1387 3224 1
1439 3198 1483 3224 mr
1505 3188 1623 3224 locato
1649 3188 1714 3223 erit
1744 3188 1850 3224 actio.
1899 3187 2068 3232 Quotiens
2100 3191 2218 3223 autem
2249 3186 2451 3223 faciendum

1371 3237 1390 3269 2
1438 3232 1571 3278 aliquid
1595 3233 1720 3276 datur,
1753 3233 1882 3269 locatio
1918 3236 1981 3269 est.
2031 3232 2118 3267 Cum
2147 3231 2299 3268 insulam
2329 3231 2451 3267 aedifi·

1371 3277 1522 3314 eandam
1553 3278 1654 3321 loco,
1686 3282 1728 3314 ut
1757 3288 1823 3314 sua
1853 3278 2012 3324 impensa
2036 3277 2233 3313 conductor
2256 3277 2374 3313 omnia
2396 3276 2450 3312 fa-

1370 3323 1461 3367 ciat,
1491 3323 1745 3370 proprietatem
1792 3323 1909 3358 uidem
1932 3333 2053 3358 eorum
2078 3322 2123 3358 ad
2146 3332 2202 3358 me
2224 3322 2395 3357 transfert
2417 3325 2452 3358 et

1369 3373 1488 3404 tamen
1511 3369 1642 3404 locatio
1668 3372 1739 3404 est:
1787 3372 1870 3405 ocat
1901 3368 1991 3404 enim
2016 3367 2146 3403 artifex
2170 3377 2314 3412 operam
2338 3377 2450 3411 suam,

1370 3417 1389 3449 3
1436 3413 1473 3448 id
1503 3417 1559 3449 est
1588 3413 1741 3450 faciendi
1776 3413 2032 3449 necessitatem.
2082 3412 2381 3458 Quemadmodum
2413 3412 2449 3447 in

1370 3458 1516 3495 emendo
1549 3462 1585 3494 et
1606 3458 1790 3494 vendendo
1814 3458 2023 3494 naturaliter
2047 3468 2254 3493 concessum
2279 3461 2334 3493 est
2356 3456 2450 3503 quod

1368 3503 1480 3584 pluris
1504 3504 1550 3540 sit
1571 3504 1717 3540 minoris
1741 3514 1866 3547 emere,
1890 3502 1986 3549 quod
2008 3503 2151 3539 minoris
2168 3503 2219 3555 sit
2236 3502 2346 3555 pluris
2366 3512 2447 3555 ven·

1395 3559 1453 3584 ere
1474 3552 1511 3585 et
1533 3549 1584 3585 ita
1607 3549 1755 3585 invicem
1778 3559 1817 3585 se
1841 3549 2142 3591 circumscribere,
2165 3552 2217 3583 ita
2238 3558 2276 3582 in
2299 3547 2446 3583 locatio-

1368 3593 1472 3630 nibus
1497 3604 1636 3640 quoque
1660 3598 1696 3630 et
1720 3593 2015 3630 conductionibus
2038 3593 2124 3629 iuris
2148 3596 2222 3628 est:

1367 3708 1411 3749 (¹1)
1436 3706 1556 3739 faciam
1571 3707 1603 3739 F
1668 3709 1713 3749 (8)
1738 3706 2078 3750 ampliatam-undum
2093 3706 2199 3739 Bina·
2272 3707 2317 3747 (9)
2341 3705 2444 3745 n'cB,
2493 3706 2528 3748 {353

1367 3751 1513 3794 aquiliae
1528 3752 1560 3785 F
1646 3754 1706 3795 (10)
1730 3769 1775 3782 ==
1786 3753 1833 3786 D.
1847 3754 1877 3793 1,
1891 3759 1937 3792 22,
1952 3760 1968 3786 4
2061 3752 2116 3794 (11)
2141 3751 2216 3785 eius
2225 3763 2278 3784 scr

2494 3426 2526 3706 w-Jz-ties222:;1·»s.u÷‚
2497 3358 2519 3407 =2522
2504 3279 2515 3325 ψ
2499 3234 2508 3241 ”
2513 3200 2515 3202 .

2487 3749 2528 3918 ,-
