2528 3918
115 123 175 153 DE
204 122 278 153 HIS
309 122 386 160 QUI
414 121 701 152 EFFUDERINT

112 236 151 268 ut
174 231 350 267 maturius
380 230 658 272 interficeretur,
692 239 799 274 quam
831 239 875 264 ex
906 230 1026 274 priore
1057 229 1203 265 vulnere

112 278 305 312 moriturus
336 276 471 318 fuerat,
512 274 741 310 statuendum
773 278 827 309 est
858 278 1049 320 utrumque
1081 285 1203 310 eorum

116 326 127 357 1
178 322 255 367 lege
278 321 421 367 Aquilia
443 321 566 355 teneri.
615 320 727 365 quue
752 323 806 354 est
830 330 1052 365 consequens
1077 324 1202 355 aucto-

111 368 211 402 ritati
234 370 409 408 veterum,
435 365 515 411 qui,
550 376 631 400 cum
655 375 678 400 a
700 365 863 410 pluribus
888 365 981 400 idem
1005 375 1129 401 servus
1153 365 1205 400 ita

110 413 316 449 vulneratus
336 414 439 453 esset,
465 414 505 445 ut
523 421 596 446 non
618 414 811 455 appareret
833 410 933 445 cuius
952 411 1028 446 ictu
1039 410 1203 456 perisset,

111 461 130 492 2
180 467 301 493 omnes
331 456 409 500 lege
439 455 584 500 Aquilia
614 455 728 490 teneri
766 455 1027 491 iudicaverunt.
1084 456 1202 490 Aesti-

112 503 219 538 matio
252 505 371 536 autem
402 501 576 546 perempti
607 511 680 535 non
704 500 828 535 eadem
850 500 887 535 111
911 501 1098 546 utriusque
1121 511 1203 546 per-

110 558 199 583 sona
221 547 300 582 fiet:
323 556 407 581 nam
432 546 491 591 qui
514 546 613 591 prior
636 545 851 588 vulneravit,
877 550 1017 581 tantum
1041 549 1202 591 praesta-

110 594 171 634 bit,
196 594 328 644 quanto
353 591 391 626 in
414 601 508 626 anno
531 591 693 643 proximo
718 591 825 626 homo
849 591 992 636 plurimi
1015 591 1125 626 fuerit
1147 601 1202 625 re-

137 638 229 672 011115
262 647 306 672 ex
330 636 386 671 die
408 637 564 671 vulnens
588 640 788 671 trecentum
802 638 812 657 ¹
836 637 1022 682 sexaginta
1047 637 1132 682 quin
1158 646 1203 671 ue

108 650 252 724 diebus,
279 682 463 734 posterior
493 682 530 716 in
553 681 591 716 id
613 682 810 724 tenebitur,
844 683 969 727 quanti
991 682 1098 718 homo
1123 692 1147 727 p
1161 692 1202 716 u-

108 728 186 762 rimi
208 737 330 762 venire
352 727 507 772 poterit2
530 727 567 761 in
591 737 685 762 anno
717 727 898 772 proximo,
933 737 1003 779 quo
1035 727 1109 762 vita
1141 737 1201 762 ex-

107 773 233 815 cessit,
257 773 295 807 in
319 782 389 818 quo
414 772 566 817 pretium
591 782 732 817 quoque
755 772 965 808 hereditatis
991 773 1068 807 erit.
1106 772 1199 807 eius-

105 818 187 853 dem
212 828 293 863 ergo
325 818 418 853 servi
448 817 559 853 occisi
590 818 731 853 nomine
762 817 853 852 alius
886 818 1075 860 maiorem,
1109 818 1199 852 alius

105 864 276 898 minorem
299 861 584 898 aestimationem
608 863 827 908 praestabit,
859 874 926 898 1100
949 863 1095 906 1111111111,
1122 874 1200 898 011111

106 912 257 953 uterque
289 918 412 943 eorum
437 918 481 943 ex
505 908 643 943 diversa
667 918 778 943 causa
802 912 837 943 et
862 908 1007 943 diversis
1031 908 1200 953 tempori-

105 955 172 989 bus
209 953 382 989 occidisse
415 953 592 988 hominem
626 953 853 998 intellegatur
862 954 887 988 ³.
931 954 1027 999 quod
1060 954 1090 989 si
1121 954 1200 998 quis

104 999 262 1034 absurde
296 1008 319 1033 a
353 998 456 1033 nobis
493 1000 584 1034 haec
621 998 791 1034 constitui
851 999 1024 1041 utaverit,
1071 999 1201 1044 cogitet

103 1045 208 1090 longe
230 1043 420 1079 absurdius
446 1043 615 1079 constitui
639 1047 804 1079 neutrum
842 1055 903 1089 ege
923 1045 1067 1089 Aquilia
1087 1044 1201 1079 teneri

104 1093 170 1125 aut
201 1090 352 1125 alterum
383 1090 522 1134 potius,
557 1100 638 1124 cum
670 1099 786 1141 neque
816 1090 992 1134 impunita
1025 1089 1201 1125 maleficia

103 1145 183 1170 esse
207 1137 374 1180 oporteat
397 1145 464 1170 nec
486 1134 594 1170 facile
618 1135 788 1170 const1tui
811 1135 944 1180 possit,
976 1138 1057 1170 uter
1079 1135 1200 1180 potius

103 1181 180 1225 lege
204 1184 379 1215 teneatur.
417 1180 529 1215 multa
553 1184 672 1215 autem
695 1180 773 1215 iure
805 1180 897 1215 civili
931 1184 1058 1216 contra
1089 1180 1199 1215 ratio-

103 1236 185 1260 nem
210 1225 416 1270 disputandi
447 1235 512 1270 pro
545 1226 700 1261 utilitate
732 1225 911 1261 communi
942 1229 1089 1271 recepta
1122 1236 1200 1260 esse

102 1271 421 1306 innumerabilibus
446 1271 553 1305 rebus
576 1270 722 1316 probari
745 1274 883 1316 potest:
916 1282 1028 1306 unum
1058 1271 1200 1306 interim

129 1316 289 1351 osuisse‘¹
316 1320 504 1351 contentus
529 1326 602 1352 ero.
641 1326 722 1351 cum
741 1316 862 1361 plures
884 1317 1024 1351 trabem
1045 1316 1199 1351 alienam

119 1362 247 1396 urandi
279 1372 389 1397 causa
428 1362 657 1404 sustulerint,
695 1372 802 1406 quam
837 1361 967 1407 singuli
999 1361 1093 1397 ferre
1125 1372 1198 1397 non

102 1410 259 1452 possent,
279 1406 367 1441 furti
381 1406 522 1442 actione
534 1417 655 1442 omnes
667 1407 782 1442 teneri
795 1407 1055 1450 existimantur,
1076 1417 1199 1453 quam-

102 1452 154 1487 vis
187 1452 308 1487 subtili
330 1452 471 1487 ratione
495 1452 564 1487 dici
587 1452 703 1498 possit
726 1453 903 1488 neminem
928 1463 1051 1488 eorum
1074 1453 1199 1494 teneri,

101 1497 187 1542 quia
210 1497 385 1532 neminem
408 1508 530 1532 verum
553 1497 600 1533 sit
623 1507 702 1532 eam
726 1498 924 1533 sustulisse.

149 1540 202 1579 52
226 1543 410 1578 ALFENUS
430 1542 521 1578 libro
545 1543 704 1579 secundo
728 1543 953 1590 diqestorum
1000 1542 1038 1578 Si
1059 1552 1103 1577 ex
1122 1543 1199 1588 pla-

100 1588 153 1632 gis
179 1598 300 1623 servus
325 1591 488 1623 mortuus
513 1592 608 1623 esset
638 1598 754 1634 neque
785 1588 823 1623 id
853 1587 980 1624 medici
1011 1588 1201 1623 inscientia

100 1636 166 1668 aut
198 1633 330 1668 domini
361 1633 584 1678 neglegentia
616 1634 826 1676 accidisset,
861 1637 960 1669 recte
994 1633 1039 1669 de
1070 1634 1201 1668 iniuria

103 1682 119 1712 1
171 1679 290 1713 occiso
324 1689 364 1714 eo
398 1679 524 1723 agitur.
574 1679 816 1714 Tabernarius
853 1679 890 1714 in
926 1679 1052 1714 semita
1089 1683 1200 1714 noctu

102 1734 215 1768 supra
227 1724 381 1768 lapidem
400 1724 584 1759 lucernam
602 1729 793 1769 posuerat:
816 1724 959 1769 quidam
979 1725 1200 1769 praeteriens

101 1779 180 1804 eam
205 1769 416 1805 sustulerat:
439 1770 665 1805 tabernarius
681 1780 761 1805 eum
783 1774 997 1805 consecutus
1017 1770 1200 1805 lucernam

101 1814 315 1859 reposcebat
339 1817 375 1850 et
397 1814 591 1859 fugientem
614 1815 810 1850 retinebat:
835 1815 895 1850 1110
917 1814 1078 1860 flagello,
1105 1815 1200 1860 quod

100 1860 138 1894 in
163 1870 271 1894 manu
301 1859 478 1902 habebat,
510 1860 548 1895 in
580 1871 649 1905 quo
683 1860 811 1896 dolor⁵
842 1860 977 1904 inerat,
1010 1861 1200 1896 verberare

100 1905 343 1940 tabernarium
369 1908 547 1950 coeperat,
572 1909 612 1940 ut
635 1916 674 1941 se
705 1906 879 1941 mitteret:
915 1916 959 1940 ex
990 1916 1031 1941 eo
1064 1905 1200 1941 maiore

99 1951 179 1985 rixa
209 1949 309 1985 facta
339 1950 567 1986 tabernarius
601 1951 650 1992 ei,
684 1951 744 1996 qui
776 1951 960 1986 lucernam
991 1951 1197 1993 sustulerat,

100 1995 243 2030 oculum
268 1995 457 2030 effoderat:
496 1997 723 2039 consulebat,
758 2007 844 2031 num
877 1996 1045 2031 damnum
1068 1996 1199 2031 iniuria

100 2051 173 2076 non
197 2040 338 2075 videtur
363 2040 513 2083 dedisse,
539 2041 708 2086 quoniam
727 2042 826 2086 prior
843 2041 984 2086 fiagello
1004 2052 1197 2087 percussus

98 2089 206 2121 esset.
250 2086 437 2130 respondi,
470 2087 539 2121 nisi
571 2086 656 2121 data
688 2097 798 2139 opera
830 2087 1011 2122 effodisset
1043 2087 1197 2129 oculum,

100 2142 173 2166 non
185 2131 297 2166 videri
310 2131 477 2166 damnum
497 2131 627 2166 iniuria
645 2131 785 2174 fecisse,
811 2132 953 2184 culpam
973 2132 1068 2167 enim
1087 2142 1198 2178 penes

100 2186 194 2219 eum,
220 2176 280 2221 qui
303 2176 402 2228 prior
423 2176 472 2211 fla
497 2177 563 2212 ello
587 2177 785 2222 percussit,
809 2177 983 2213 residere:
1010 2177 1073 2212 sed
1097 2178 1127 2213 si
1151 2178 1197 2212 ab

98 2231 141 2257 eo
167 2232 240 2256 nou
263 2232 361 2266 pr1or
384 2232 479 2267 vapu
494 2226 610 2265 asset,
643 2222 707 2258 sed
741 2233 822 2258 011111
856 2223 888 2258 01
919 2223 1104 2258 11100111οῐ11
1129 2223 1197 2257 011-

100 2276 188 2312 9010
212 2266 338 2309 vellet,
373 2267 512 2302 rixatus
538 2271 651 2310 esset,
685 2268 906 2303 tabernarii⁶
931 2268 1039 2313 culpa
1061 2267 1198 2303 factum

100 2315 120 2347 2
167 2311 289 2347 videri.
346 2312 389 2346 In
425 2312 514 2347 clivo
551 2312 751 2358 Capitolino
787 2313 857 2348 duo
893 2313 1032 2358 plostra
1067 2317 1198 2348 onusta

99 2357 216 2392 mulae
242 2357 439 2392 ducebant:
474 2358 604 2403 prioris
630 2358 756 2403 plostri
780 2359 955 2394 muliones
982 2369 1197 2394 conversum

100 2403 277 2454 plostrum
311 2403 565 2446 sublevabant,
603 2414 672 2448 quo
708 2403 815 2439 facile
849 2404 968 2439 mulae
1003 2403 1194 2439 ducerent:

99 2448 214 2482 inter⁷
239 2448 427 2493 superius⁸
449 2448 625 2493 plostrum
658 2449 785 2484 cessim
816 2449 868 2484 ire
901 2449 1019 2495 coepit
1049 2453 1084 2484 et
1115 2460 1197 2484 cum

100 2492 285 2535 muliones,
303 2494 362 2538 qui
381 2494 475 2528 inter
494 2493 564 2529 duo
584 2494 724 2539 plostra
743 2493 900 2536 fuerunt,
927 2505 946 2529 e
965 2494 1080 2529 medio
1103 2495 1195 2530 exis-

99 2541 199 2580 sent,
235 2538 413 2583 posterius
444 2538 620 2584 plostrum
651 2550 674 2574 a
704 2539 823 2584 priore
855 2550 1067 2584 percussum
1099 2543 1195 2575 retro

98 2582 254 2618 redierat
288 2587 323 2618 et
356 2594 508 2628 puerum
545 2584 731 2619 cuiusdam
774 2585 986 2620 obtriverat:
1031 2585 1195 2620 dominus

99 2628 203 2673 pueri
235 2629 466 2671 consulebat,
500 2640 581 2664 011111
614 2640 684 2674 (1110
717 2640 756 2664 50
780 2640 884 2675 agere
909 2633 1100 2675 oporteret.
1139 2641 1194 2665 re-

100 2673 229 2717 spondi
251 2674 289 2708 in
314 2684 425 2710 causa
447 2674 503 2709 ius
528 2685 607 2710 esse
630 2675 805 2720 positum:
840 2685 923 2710 nam
957 2676 987 2710 si
1010 2675 1195 2719 muliones,

98 2718 162 2763 qui
193 2720 357 2764 superius
388 2720 564 2764 plostrum
596 2720 869 2763 sustinuissent,
901 2731 968 2755 sua
999 2724 1126 2765 sponte
1158 2731 1196 2756 se

98 2763 354 2800 subduxissent
378 2768 414 2800 et
435 2765 516 2800 ideo
535 2764 673 2800 factum
694 2768 799 2808 esset,
823 2768 865 2800 ut
884 2766 1002 2800 mulae
1021 2765 1196 2810 plostrum

100 2809 254 2844 retinere
286 2820 360 2845 non
382 2810 523 2855 possint
546 2814 655 2856 atque
680 2821 788 2846 onere
810 2810 889 2856 ipso
914 2811 1195 2854 retraherentur,

99 2864 183 2888 cum
216 2854 358 2890 domino
390 2855 567 2890 mularum
595 2856 730 2890 nullam
766 2865 844 2891 esse
880 2856 1076 2898 actionem,
1115 2867 1196 2891 011111

100 2899 314 2943 hominibus,
334 2900 394 2946 qui
412 2910 623 2936 conversum
642 2901 818 2946 plostrum
837 2901 1101 2944 sustinuissent,
1121 2901 1196 2946 lege

101 2944 251 2989 Aquilia
282 2946 338 2990 agi
367 2956 492 2990 posse:
525 2956 610 2980 nam
641 2946 751 2981 nihilo
777 2946 895 2981 minus
921 2957 1001 2981 eum
1026 2946 1194 2981 damnum

98 2989 206 3032 dare,
240 2990 301 3035 qui
348 2991 420 3026 uod
444 2991 635 3026 sustineret
658 2992 814 3027 mitteret
837 3002 904 3027 sua
927 2992 1129 3034 voluntate,
1154 2996 1196 3026 ut

99 3034 137 3069 id
161 3035 314 3080 aliquem
355 3035 477 3071 eriret:
509 3036 618 3071 veluti
649 3036 680 3072 si
712 3037 791 3082 quis
826 3037 975 3072 asellum
1008 3047 1088 3072 cum
1120 3037 1194 3082 agi-

98 3084 213 3114 tasset
237 3091 309 3116 non
332 3081 555 3123 retinuisset,
588 3091 702 3127 aeque
725 3082 755 3117 si
779 3082 858 3127 quis
883 3092 928 3117 ex
951 3092 1060 3117 manu
1084 3083 1195 3118 telum

99 3128 165 3158 aut
196 3125 292 3160 aliud
333 3125 416 3171 quid
455 3126 676 3170 immisisset,
718 3127 887 3163 damnum
917 3128 1047 3162 iniuria
1079 3127 1192 3163 daret.

101 3169 163 3204 sed
187 3170 218 3205 si
241 3171 378 3214 mulae,
404 3171 488 3216 quia
511 3171 644 3217 aliquid
667 3172 984 3208 reformidassent⁹
1009 3177 1044 3208 et
1066 3173 1193 3208 mulio-

102 3224 164 3266 nes
187 3215 315 3251 timore
337 3216 498 3261 permoti,
523 3227 567 3252 ne
592 3217 886 3263 opprimerentur,
912 3218 1088 3263 plostrum
1111 3218 1194 3253 reli-

126 3264 273 3302 u1ssent,
299 3271 379 3295 011111
403 3262 606 3297 hominibus
631 3263 807 3298 actionem
831 3263 965 3298 nullam
990 3273 1086 3306 esse,
1113 3274 1194 3298 cum

128 3305 243 3356 omino
276 3306 452 3341 mularum
484 3317 573 3342 esse.
611 3308 707 3352 quod
737 3308 768 3343 si
798 3319 914 3353 neque
937 3308 1055 3343 mulae
1078 3319 1194 3354 neque

103 3349 265 3384 hommes
287 3351 326 3385 in
357 3362 468 3386 causa
501 3356 639 3394 0550111,
673 3353 736 3388 5οᾱ
766 3353 884 3388 mulae
915 3354 1069 3388 retinere
1101 3364 1193 3389 onus

103 3394 311 3439 nequissent
341 3400 405 3431 aut
437 3407 519 3432 cum
550 3397 795 3433 coniterentur
808 3399 836 3419 ¹⁰
858 3399 983 3444 lapsae
1015 3399 1192 3434 concidis-

101 3444 182 3474 sent
206 3443 240 3474 et
263 3439 343 3475 ideo
367 3441 542 3485 plostrum
567 3443 694 3478 cessim
717 3443 869 3479 redisset
892 3447 1000 3488 atque
1023 3443 1061 3479 hi
1081 3455 1151 3489 quo
1166 3445 1192 3465 ¹¹

100 3494 311 3519 conversum
340 3485 467 3521 fuisset
493 3498 584 3523 onus
608 3488 784 3524 sustinere
816 3489 1044 3534 nequissent,
1076 3499 1193 3534 neque

99 3599 144 3642 (1)
170 3599 331 3631 trecentis
345 3598 373 3631 S
464 3601 506 3641 (2)
532 3602 682 3643 potuerit
695 3614 756 3635 scr.

103 3646 147 3681 (4)
174 3644 389 3686 proposuisse
402 3644 485 3677 F³S
576 3647 618 3682 (5)
645 3646 721 3678 dolo
735 3648 809 3680 dett.

535 3692 581 3733 (8)
603 3693 752 3735 superios
766 3693 801 3726 F
835 3693 878 3733 (9)
904 3693 1121 3724 recessissent
1133 3694 1196 3725 ins.

610 3737 664 3776 (11)
692 3736 780 3776 quod
794 3737 876 3770 Hal.
983 3738 1042 3778 (12)
1067 3739 1195 3771 certum

851 3603 894 3645 (3)
920 3602 1137 3645 intellegitur
1149 3602 1193 3635 F¹

105 3689 148 3729 (7)
176 3691 322 3722 facerent
335 3690 400 3722 iter
411 3702 473 3722 scr.

102 3734 166 3770 (ιο)
192 3734 447 3766 continerentur
459 3733 511 3765 F²

1179 104 1273 174 7131
1368 100 1372 103 ’

894 3649 937 3689 (6)
964 3647 1153 3680 tubernarii
1165 3647 1199 3679 F

2136 110 2259 154 VIIII
2289 114 2328 156 2.
2345 115 2370 156 3

1274 241 1354 265 011111
1391 230 1533 265 domino
1570 231 1746 266 mularum
1783 243 1899 278 neque
1935 242 2015 268 cum
2051 233 2256 269 hominibus
2294 245 2374 270 esse

1273 277 1462 311 actionem.
1500 276 1589 310 illud
1613 276 1755 321 quidem
1779 279 1927 320 certe12,
1953 289 2096 324 quoquo
2120 279 2225 315 modo
2250 290 2306 315 res
2332 291 2372 316 se

1273 321 1440 363 haberet,
1473 332 1554 356 cum
1587 321 1730 356 domino
1755 324 1992 367 posteriorum
2016 324 2193 359 mularum
2219 326 2276 370 agi
2299 336 2372 360 non

1272 376 1392 411 posse,
1417 367 1586 412 quoniam
1611 377 1684 401 non
1708 377 1775 402 sua
1799 372 1944 413 sponte,
1970 369 2034 404 sed
2058 379 2250 414 percussae
2274 375 2371 406 retro

1274 415 1292 446 3
1340 411 1528 446 redissent.
1578 411 1731 456 Quidam
1764 412 1874 448 boves
1909 414 2066 449 vendidit
2102 425 2145 449 ea
2178 415 2271 460 lege,
2317 416 2371 451 uti

1274 456 1376 491 daret
1389 457 1647 502 experiundos:
1696 461 1797 493 ostea
1811 458 1908 493 dedit
1921 460 2178 503 experiundos:
2201 461 2371 506 emptoris

1273 512 1396 537 servus
1419 503 1457 536 in
1482 502 1652 547 experiun
1679 513 1699 538 o
1724 513 1918 547 percussus
1944 505 1988 538 ab
2014 505 2126 540 altero
2151 506 2239 541 bove
2260 517 2371 541 cornu

1273 551 1345 582 est:
1383 548 1636 592 quaerebatur,
1673 559 1758 582 num
1801 548 1964 584 venditor
2008 551 2159 595 emptori
2202 551 2372 586 damnum

1271 596 1457 672 praestare
1482 592 1638 628 deberet.
1663 594 1850 639 respondi,
1885 595 1915 629 si
1939 599 2076 639 emptor
2100 596 2208 631 boves
2234 601 2370 642 emptos

1297 638 1438 680 aberet,
1470 649 1544 673 non
1576 638 1706 673 debere
1738 643 1942 684 praestare:
1977 640 2040 674 sed
2071 640 2101 675 si
2125 651 2197 676 non
2220 642 2371 677 haberet

1272 687 1431 728 emptos,
1455 687 1551 726 tum,
1584 683 1614 719 si
1639 684 1746 729 culpa
1776 684 1930 720 hominis
1962 685 2100 720 factum
2132 690 2243 729 esset,
2277 691 2318 722 ut
2349 697 2372 722 a

1271 729 1361 763 bove
1385 728 1570 771 feriretur,
1602 740 1675 764 non
1700 729 1829 764 debere
1852 730 2047 775 praestari,
2080 730 2110 765 si
2140 731 2224 767 vitio
2257 732 2371 775 bovis,

1271 776 1291 808 4
1339 773 1480 809 debere.
1519 773 1607 808 Cum
1631 775 1706 819 pila
1731 776 1931 820 complures
1955 775 2129 818 luderent,
2156 777 2300 821 quidam
2326 788 2369 812 ex

1270 819 1325 853 his
1358 819 1556 861 servulum,
1598 830 1679 854 cum
1710 820 1820 865 pilam
1850 820 2034 865 percipere
2066 826 2272 865 conaretur,
2303 823 2369 857 im-

1270 864 1378 944 pulit,
1404 874 1527 900 servus
1553 865 1682 900 cecidit
1707 869 1743 900 et
1767 876 1848 900 crus
1872 865 1997 911 fregit:
2032 866 2288 910 quaerebatur,
2323 878 2370 902 011

1295 909 1434 944 0111111115
1467 910 1598 945 servuli
1621 910 1696 955 lege
1720 911 1865 956 Aquilia
1890 921 1970 946 cum
1995 922 2055 954 eo,
2089 912 2191 946 cuius
2214 912 2371 957 impulsu

1271 954 1579 1000 ceciderat,agere
1591 959 1722 1000 potest.
1760 956 1929 1001 respondi
1950 967 2021 991 non
2041 967 2159 1002 posse,
2182 967 2263 992 cum
2284 968 2371 993 casu

1269 1000 1379 1044 magis
1405 1011 1511 1045 quam
1536 1001 1643 1046 culpa
1665 1001 1846 1036 videretur
1868 1001 2017 1037 factum.

1317 1043 1370 1083 53
1404 1046 1614 1082 NERATIUS
1643 1046 1734 1082 libro
1759 1047 1884 1093 primo
1916 1047 2208 1082 membranarum
2254 1047 2371 1083 Boves

1271 1091 1406 1127 alienos
1438 1092 1475 1126 in
1508 1094 1700 1136 angustum
1730 1092 1849 1127 locum
1882 1093 2030 1137 coegisti
2063 1102 2177 1137 eoque
2203 1092 2371 1128 effectum

1271 1140 1343 1179 est,
1375 1140 1416 1171 ut
1448 1137 1693 1172 deicerentur:
1728 1137 1834 1172 datur
1864 1137 1902 1173 in
1925 1140 1961 1173 te
1985 1138 2032 1172 ad
2057 1138 2258 1183 exemplum
2282 1138 2370 1183 legis

1269 1182 1435 1227 Aquiliae
1457 1183 1494 1217 in
1516 1182 1655 1218 factum
1679 1183 1785 1218 actio.

1317 1227 1370 1264 54
1395 1227 1645 1263 PAPINIANUS
1666 1228 1758 1264 libro
1783 1229 1992 1274 triqensimo
2016 1229 2168 1274 septimo
2190 1229 2371 1274 quaestio-

1270 1284 1356 1308 num
1402 1273 1509 1318 Legis
1541 1273 1706 1319 Aquiliae
1741 1273 1893 1308 debitori
1929 1273 2100 1318 competit
2134 1275 2250 1316 00110,
2289 1285 2371 1309 011111

1269 1329 1352 1354 10115
1386 1319 1582 1363 stipulandi
1613 1322 1698 1354 ante
1729 1329 1867 1354 moram
1898 1319 2112 1363 promissum
2137 1319 2270 1354 animal
2293 1320 2371 1354 vul-

1270 1364 1424 1399 neravit:
1450 1363 1543 1399 idem
1569 1368 1623 1399 est
1643 1367 1679 1399 et
1698 1364 1729 1399 si
1749 1364 1921 1399 occiderit
1941 1365 2084 1400 animal.
2122 1365 2218 1409 quod
2238 1365 2269 1399 si
2287 1369 2371 1409 post

1270 1419 1407 1444 moram
1430 1409 1656 1454 promissoris
1682 1409 1743 1454 qui
1767 1409 1960 1454 stipulatus
1985 1409 2105 1445 fuerat
2129 1410 2280 1452 occidit,
2307 1410 2368 1444 de-

1270 1455 1366 1490 bitor
1390 1454 1534 1500 quidem
1557 1455 1750 1498 liberatur,
1774 1455 1852 1500 lege
1877 1458 1997 1489 autem
2021 1455 2166 1500 Aquilia
2189 1456 2258 1490 11οο
2283 1466 2368 1490 00511

1270 1511 1344 1535 11011
1367 1503 1466 1535 10010
1491 1501 1710 1545 experietur:
1744 1510 1827 1535 nam
1861 1500 2016 1535 creditor
2046 1500 2124 1546 ipse
2158 1500 2226 1536 sibi
2249 1500 2370 1546 potius

1271 1556 1378 1591 quam
1403 1545 1463 1580 alii
1485 1546 1651 1580 iniuriam
1674 1545 1804 1581 fecisse
1827 1545 1978 1580 videtur.

1318 1590 1370 1628 55
1396 1591 1454 1626 ΡΛ
1462 1601 1506 1626 UL
1514 1601 1558 1626 us
1586 1591 1677 1627 libro
1710 1592 1901 1627 vicensimo
1933 1590 2091 1626 secundo
2116 1592 2369 1636 quaestionum

1271 1636 1434 1671 Stichum
1458 1640 1522 1671 aut
1544 1636 1770 1681 Pamphilum
1793 1636 1940 1681 promisi
1965 1636 2080 1679 Titio,
2116 1647 2197 1671 cum
2222 1635 2368 1671 Stichus

1272 1685 1366 1717 esset
1390 1682 1513 1717 decem
1545 1682 1698 1724 milium,
1730 1681 1940 1726 Pamphilus
1955 1682 1983 1702 ¹³
2006 1682 2146 1726 viginti:
2180 1681 2372 1727 stipulator

1271 1727 1433 1762 Stichum
1457 1731 1541 1762 ante
1565 1737 1701 1762 moram
1726 1727 1874 1762 occidit:
1910 1727 2110 1772 quaesitum
2144 1730 2198 1761 est
2231 1727 2275 1762 de
2307 1737 2369 1762 ac-

1270 1773 1369 1807 tione
1400 1772 1488 1817 legis
1520 1772 1696 1817 Aquiliae.
1742 1772 1933 1817 respondi:
1969 1783 2050 1806 cum
2081 1771 2240 1806 viliorem
2273 1773 2369 1807 occi-

1271 1818 1366 1853 disse
1398 1818 1632 1863 proponitur,
1668 1818 1705 1852 in
1736 1818 1834 1852 hunc
1858 1820 2053 1852 tractatum
2078 1817 2226 1851 nihilum
2252 1817 2370 1852 differt

1270 1863 1315 1898 ab
1350 1867 1518 1898 extraneo
1553 1863 1719 1898 creditor.
1767 1863 1891 1908 quanti
1921 1863 2028 1907 igitur
2060 1862 2122 1897 fiet
2155 1862 2369 1904 aestimatio,

1270 1912 1389 1944 utrum
1410 1908 1531 1943 decem
1551 1909 1686 1943 milium
1699 1909 1737 1951 ¹⁴,
1764 1908 1889 1953 quanti
1907 1908 1977 1942 fuit
1997 1908 2150 1950 occisus,
2177 1918 2224 1942 an
2245 1908 2369 1952 quanti

1269 1958 1342 1996 est,
1381 1964 1486 1999 quem
1518 1964 1666 1989 necesse
1696 1953 1813 1988 habeo
1848 1953 1953 1995 dare,
1985 1953 2023 1987 id
2055 1957 2109 1988 est
2141 1953 2266 1998 quanti
2289 1963 2370 1988 mea

1268 1999 1442 2034 interest?
1467 2002 1503 2034 et
1527 1999 1612 2051 quid
1637 1999 1806 2040 dicemus,
1832 1998 1863 2033 si
1886 2002 1923 2034 et
1942 1998 2150 2043 Pamphilus
2176 1998 2370 2033 decesserit

1269 2044 1345 2079 sine
1369 2045 1495 2079 mora?
1530 2045 1643 2079 1am¹⁵
1666 2044 1821 2089 pretium
1846 2044 1959 2079 Stichi
1983 2044 2172 2085 minuetur,
2199 2044 2368 2088 quoniam

1268 2090 1441 2124 liberatus
1473 2093 1529 2125 est
1559 2090 1780 2134 promissor?
1817 2090 1892 2124 0116
1925 2089 2081 2124 sufficiet
2111 2088 2224 2124 fuisse
2255 2089 2367 2134 pluris

1269 2146 1350 2170 cum
1382 2134 1607 2170 occideretur
1637 2135 1693 2170 vel
1724 2135 1820 2169 intra
1851 2145 1995 2169 annum.
2033 2134 2103 2169 hac
2136 2134 2277 2179 quidem
2308 2145 2367 2169 ra-

1267 2181 1376 2223 tione,
1403 2180 1542 2215 etiamsi
1564 2183 1649 2225 post
1671 2183 1820 2215 mortem
1840 2179 2019 2225 Pamphili
2042 2180 2139 2214 intra
2155 2190 2289 2215 annum
2305 2190 2366 2215 oc-

1268 2225 1420 2268 cidatur,
1445 2226 1558 2270 pluris
1583 2225 1762 2260 videbitur
1784 2225 1908 2261 fuisse.

1314 2268 1502 2308 56·IDEM
1521 2271 1613 2306 libro
1636 2271 1794 2306 secundo
1817 2271 2078 2306 sententiarum
2124 2270 2257 2305 Mulier
2281 2270 2366 2305 51111

1267 2327 1342 2351 rem
1365 2316 1431 2351 viri
1456 2315 1624 2351 damnum
1649 2315 1805 2359 dederit,
1837 2326 1903 2361 pro
1938 2319 2063 2351 tenore
2087 2315 2174 2360 legis
2199 2315 2366 2360 Aquiliae

1268 2362 1490 2396 convenitur.

1313 2404 1366 2443 57
1398 2406 1445 2442 IA
1455 2416 1627 2442 170111Νο5
1662 2406 1753 2442 libro
1784 2408 1891 2442 sexto
1922 2417 1973 2441 ex
1998 2405 2264 2452 posterioribus
2295 2404 2365 2439 La-

1267 2452 1389 2488 beom’s
1434 2452 1578 2497 Equum
1603 2451 1668 2486 tibi
1693 2451 1933 2487 commodavi:
1967 2451 2004 2486 in
2029 2461 2070 2486 eo
2095 2454 2135 2485 tu
2161 2461 2242 2485 cum
2267 2451 2365 2495 equi-

1265 2501 1361 2532 tares
1400 2501 1436 2532 et
1465 2507 1540 2532 una
1572 2497 1773 2542 complures
1789 2498 1815 2518 ¹⁷
1848 2497 2066 2541 equitarent,
2102 2506 2195 2530 unus
2232 2505 2276 2530 ex
2310 2496 2365 2530 his

1265 2543 1372 2577 irruit
1402 2543 1441 2578 in
1473 2553 1604 2588 equum
1627 2546 1734 2587 teque
1759 2542 1888 2577 deiecit
1911 2545 1947 2577 et
1971 2552 2013 2576 eo
2039 2551 2127 2576 casu
2153 2550 2259 2576 crura
2284 2541 2366 2586 equi

1265 2587 1383 2623 fracta
1407 2591 1502 2623 sunt.
1539 2587 1663 2623 Labeo
1682 2591 1788 2632 negat
1808 2590 1926 2622 tecum
1947 2586 2056 2621 ullam
2077 2586 2255 2621 actionem
2274 2596 2364 2628 esse,

1266 2634 1329 2669 sed
1353 2634 1384 2669 si
1408 2633 1536 2678 equitis
1562 2633 1670 2678 culpa
1692 2632 1829 2667 factum
1854 2635 1965 2674 esset,
2000 2642 2081 2666 cum
2106 2631 2242 2676 equite:
2278 2641 2366 2666 sane

1265 2689 1338 2713 non
1363 2689 1444 2714 cum
1469 2678 1551 2723 equi
1576 2678 1718 2713 domino
1744 2677 1801 2722 agi
1824 2686 1941 2722 posse.
1978 2686 2100 2712 verum
2124 2680 2225 2722 puto.

1758 2769 1867 2808 III¹⁸.

1295 2837 1356 2868 DE
1381 2837 1472 2877 HIS,
1499 2836 1579 2872 QUI
1602 2836 1902 2869 EFFUDERINT
1926 2835 2019 2868 VEL
2044 2835 2328 2868 DEIECERINT

1314 2902 1332 2939 1
1369 2902 1565 2938 ULPJANUS
1574 2902 1666 2938 libro
1678 2903 1870 2937 vicensimo
1885 2903 1989 2937 tertio
2002 2902 2053 2937 ad
2063 2902 2216 2938 edictum
2251 2901 2361 2937 Prae-

1264 2951 1322 2983 tor
1345 2947 1396 2983 ait
1420 2947 1464 2983 (10
1487 2947 1554 2990 1115,
1580 2948 1641 2993 (1111
1666 2947 1859 2982 (10100011111
1881 2947 1935 2982 vel
1959 2947 2165 2982 effuderint:
2194 2946 2309 2982 ‘Unde
2324 2948 2362 2981 in

1266 3004 1346 3028 cum
1378 2993 1516 3035 locum,
1549 3003 1619 3038 quo
1643 2993 1748 3037 vulgo
1772 2992 1841 3028 iter
1865 2992 1928 3027 fiet
1951 2992 2006 3027 vel
2029 2993 2067 3027 in
2091 3003 2161 3037 quo
2188 2992 2361 3027 consiste-

1265 3041 1353 3081 ‘tur,
1380 3038 1556 3073 deiectum
1579 3037 1635 3072 vel
1660 3037 1811 3073 effusum
1836 3037 1920 3083 quid
1945 3037 2027 3079 erit,
2053 3040 2225 3083 quantum
2251 3048 2294 3072 ex
2318 3047 2363 3072 ea

1265 3087 1315 3118 ‘re
1340 3084 1510 3118 damnum
1534 3083 1657 3118 datum
1681 3082 1862 3118 factumve
1896 3083 1982 3125 erit,
2015 3083 2052 3117 in
2086 3093 2185 3125 eum,
2219 3083 2280 3127 qui
2311 3083 2360 3117 ibi

1265 3129 1506 3171 ‘habitaverit,
1542 3129 1580 3163 in
1615 3127 1762 3173 duplum
1792 3128 1964 3163 iudicium
1998 3127 2104 3163 dabo.
2149 3127 2179 3163 si
2212 3137 2253 3162 eo
2284 3128 2359 3162 ictu

1266 3175 1382 3209 ‘homo
1407 3174 1496 3209 liber
1519 3173 1655 3218 perisse
1687 3173 1845 3216 dicetur,
1880 3173 2137 3218 quinquaginta
2169 3183 2360 3208 aureorum

1265 3219 1446 3254 ‘iudicium
1478 3219 1582 3253 dabo.
1619 3218 1650 3253 si
1672 3218 1765 3254 vivet
1788 3217 2018 3263 nocitumque
2043 3218 2075 3252 ei
2099 3228 2177 3253 esse
2209 3218 2357 3259 dicetur,

1264 3268 1448 3309 ‘quantum
1480 3264 1526 3299 ob
1559 3274 1638 3299 eam
1670 3274 1745 3298 rem
1769 3274 1923 3308 aequum
1946 3263 2055 3298 iudici
2078 3263 2254 3298 videbitur
2278 3273 2358 3297 eum

1264 3313 1356 3344 ‘cum
1381 3320 1451 3354 quo
1484 3311 1610 3354 agetur
1642 3309 1890 3351 condemnari,
1923 3309 2015 3343 tanti
2049 3308 2219 3343 iudicium
2251 3307 2356 3342 dabo.

1263 3355 1305 3389 ‘si
1329 3364 1451 3390 servus
1475 3354 1648 3389 insciente
1673 3354 1814 3389 domino
1838 3354 1968 3389 fecisse
1993 3353 2141 3395 dicetur,
2166 3353 2202 3387 in
2226 3351 2356 3386 iudicio

1270 3405 1280 3433 1
1333 3399 1514 3434 ‘adiciamz
1536 3403 1600 3434 aut
1611 3409 1743 3435 noxam
1756 3400 1784 3420 ¹⁹
1803 3399 1957 3434 dedere.'
1995 3399 2139 3433 Summa
2161 3408 2241 3432 cum
2261 3396 2339 3431 utili

1263 3448 1336 3478 tate
1359 3444 1396 3479 id
1419 3447 1618 3496 praetorem
1645 3444 1797 3480 edixisse
1821 3455 1923 3479 nemo
1957 3449 2012 3479 est
2043 3444 2103 3488 qui
2135 3446 2265 3493 neget-3
2289 3452 2337 3486 pu

1261 3490 1354 3524 blice
1378 3499 1471 3524 emm
1494 3490 1581 3525 utile
1606 3493 1660 3525 est
1684 3490 1760 3525 sine
1783 3493 1879 3524 metu
1902 3492 1937 3524 et
1959 3488 2116 3534 periculo
2141 3497 2205 3531 per
2228 3490 2357 3520 1t1nera.

1999 3603 2056 3642 (14)
2081 3600 2212 3632 11ιὶ1111111
2226 3600 2287 3633 del.
2301 3598 2358 3631 F²

1939 3648 1997 3688 (17)
2022 3656 2097 3678 011111
2111 3644 2223 3687 plures
2238 3644 2271 3676 F

1815 3694 1875 3735 (19)
1901 3702 2006 3723 noxae
2020 3691 2092 3724 edd.

1265 3614 1335 3635 esse
1346 3615 1406 3637 scr.
1537 3605 1594 3646 (13)
1620 3603 1831 3647 pamphilum
1844 3603 1879 3635 F

1266 3650 1323 3689 (15)
1348 3658 1392 3680 an
1405 3661 1467 3683 scr.
1562 3650 1620 3691 (16)
1646 3652 1682 3680 at
1693 3650 1847 3692 Krueyer

1311 3694 1370 3736 (18)
1394 3694 1460 3728 Ed.
1476 3713 1522 3719 -——
1534 3694 1620 3728 Bas.
1636 3696 1691 3734 60,
1706 3702 1722 3727 4

2008 3789 2079 3826 17*
