2528 3918
102 107 160 138 nn
189 108 250 139 Εο
281 108 355 139 0111
383 108 469 138 ms.
502 106 642 139 CAUSA
671 107 795 139 BONA
823 107 932 137 ADD.
1186 90 1242 138 35

100 218 282 265 'praetoris
307 218 441 259 edicto,
466 215 528 252 sed
553 227 594 251 eo
618 218 713 259 iure,
739 217 834 273 quod
858 227 1036 253 consensu
1059 227 1182 261 recep-

104 268 115 300 1
167 265 250 300 'tum
281 267 353 305 est,
383 262 587 298 introducta
619 265 682 297 est.
730 262 829 297 hece
859 263 953 297 enim
977 274 1058 298 cum
1081 266 1184 307 pater

99 310 258 345 'familias
282 318 359 344 sese
389 308 426 343 in
457 307 722 352 adrogationem
755 308 834 349 dat,
867 319 988 344 omnes
1019 318 1076 343 res
1108 308 1183 342 eius

98 355 309 400 'corporales
341 357 376 389 et
406 353 650 397 incorporales
683 363 844 405 quaeque
876 354 907 388 ei
932 353 1073 389 debitae
1097 356 1181 388 sunt

99 399 310 444 'adrogatori
349 402 432 434 ante
464 398 604 443 quidem
639 398 744 450 pleno
780 409 855 433 iure
890 399 1181 444 adquirebantur,

101 444 265 490 'exceptis
290 444 345 479 his
371 454 462 489 quae
485 454 549 488 per
573 444 700 487 capitis
726 443 1000 479 deminutionem
1058 447 1183 479 ereunt

97 490 227 536 ’quales
252 493 335 525 sunt
360 500 548 534 operarum
580 489 822 533 obligationes
847 493 882 524 et
912 490 967 524 ius
998 499 1019 524 a
1044 489 1181 534 gnatio-

92 537 158 572 nis.
218 545 303 570 usus
337 535 465 570 etenim
497 538 533 569 et
564 545 649 569 usus
681 534 840 576 fructus,
876 535 960 570 licet
989 535 1044 570 his
1076 538 1181 569 antea

95 580 454 622 connumerabantur‚
477 582 633 614 attamen
648 579 774 624 capitis
789 580 1026 615 deminutione
1038 579 1182 614 minima

95 629 114 660 2
163 635 224 661 eos
237 626 310 660 tolli
324 629 447 660 nostra
459 625 641 670 prohibuit
654 625 860 660 constitutio
875 626 896 660 ¹.
933 626 1039 660 Nunc
1062 628 1180 660 autem

94 681 159 706 nos
191 672 339 706 eandem
371 670 659 715 adquisitionem,
697 681 787 715 quae
818 682 883 715 per
914 671 1181 716 adrogationem

94 716 211 759 fiebat,
238 716 498 752 coartavimus2
521 718 566 751 ad
590 716 852 751 similitudinem
876 717 1092 751 naturalium
1114 725 1179 760 pa-

93 765 249 797 rentum:
293 762 378 796 nihil
415 761 544 796 etenim
577 761 674 796 aliud
709 761 776 796 nisi
812 761 1058 797 tantummodo
1093 771 1179 796 usus

92 806 230 842 fructus
254 810 328 842 tam
352 807 576 842 naturalibus
600 806 762 851 patribus
787 818 893 852 quam
918 806 1092 852 adoptivis
1117 816 1181 851 per

92 853 184 887 filios
197 853 348 887 familias
368 852 566 897 adquiritur
584 852 621 886 in
641 852 695 887 his
716 853 823 888 rebus
844 863 936 898 quae
957 853 1177 887 extrinsecus

92 898 172 933 filiis
197 899 407 940 obveniunt,
433 898 586 933 dominio
612 898 662 932 eis
686 898 821 942 integro
847 902 1006 934 servato:
1040 901 1178 932 mortuo

91 946 209 978 autem
233 943 305 979 filio
330 943 501 988 adrogato
526 944 562 978 in
587 943 754 988 adoptiva
778 943 912 979 familia
937 944 1042 979 etiam
1067 943 1177 978 domi-

91 989 187 1023 nium
223 989 299 1024 eius
334 989 379 1024 ad
413 989 660 1034 adrogatorem
697 989 825 1024 transit
835 990 860 1032 ³,
896 990 964 1025 nisi
1000 989 1181 1034 supersint

91 1034 181 1069 aliae
200 1045 384 1079 personae,
411 1043 502 1079 quae
525 1045 568 1069 ex
592 1038 716 1070 nostra
741 1035 1017 1071 constitutione⁴
1042 1038 1179 1079 patrem

91 1083 109 1114 3
157 1080 193 1114 in
217 1080 272 1115 his
297 1091 388 1125 quae
412 1080 552 1125 adquiri
575 1090 646 1115 non
696 1084 821 1115 ossunt
844 1081 1071 1116 antecedunt.
1110 1080 1179 1115 Sed

90 1136 133 1160 ex
159 1125 294 1161 diverso
318 1136 383 1170 pro
409 1136 463 1168 eo,
489 1125 584 1170 quod
606 1125 636 1160 is
686 1125 782 1160 ebuit
806 1127 867 1171 qui
891 1137 929 1162 se
953 1127 990 1161 in
1014 1125 1176 1171 adoptio-

90 1181 170 1206 nem
196 1170 311 1213 dedit,
343 1171 421 1216 ipso
447 1171 588 1216 quidem
612 1171 688 1206 iure
713 1171 904 1216 adrogator
929 1183 1001 1207 non
1024 1175 1176 1213 tenetur,

90 1216 151 1251 sed
172 1217 313 1252 nomine
333 1216 396 1251 filii
418 1216 646 1252 convenietur
659 1220 704 1259 et,
729 1217 759 1252 si
779 1218 933 1253 noluerit
953 1228 1034 1253 eum
1055 1217 1176 1252 defen-

89 1262 183 1304 dere,
204 1262 420 1306 permittitur
441 1262 676 1298 creditoribus
695 1273 759 1307 per
780 1267 1020 1308 competentes
1033 1267 1177 1298 nostros

88 1307 315 1352 magistratus
335 1308 440 1350 bona,
467 1318 558 1353 quae
579 1318 702 1343 eorum
722 1319 803 1343 cum
824 1320 892 1344 usu
912 1308 1033 1344 fructu
1052 1307 1176 1343 futura

87 1352 249 1395 fuissent,
275 1353 304 1388 si
328 1363 367 1388 se
390 1354 504 1389 alieno
529 1353 599 1388 iuri
622 1364 695 1389 non
719 1354 970 1398 subiecissent,
995 1353 1178 1400 possidere

88 1401 124 1434 et
145 1399 299 1443 legitimo
324 1399 429 1435 modo
455 1409 497 1434 ea
522 1399 718 1444 disponere.

603 1483 659 1521 XI

199 1548 260 1581 DE
285 1547 344 1581 EO
370 1546 446 1580 CUI
469 1547 742 1580 LIBERTATIS
768 1547 911 1582 CAUSA
935 1548 1055 1580 BONA

477 1593 783 1627 ADDICUNTUR.

130 1647 294 1683 Accessit
324 1659 436 1684 novus
462 1659 567 1684 casus
592 1649 828 1685 successionis
854 1660 897 1685 ex
922 1648 1176 1684 constitutione

86 1693 154 1728 divi
177 1693 304 1728 Marci.
340 1705 422 1729 nam
447 1694 476 1729 si
500 1695 556 1737 hi,
590 1695 650 1740 qui
681 1695 881 1730 libertatem
913 1698 1132 1739 acceperunt
1155 1705 1177 1729 a

86 1738 227 1774 domino
252 1739 288 1774 in
312 1742 548 1783 testamento,
582 1751 625 1776 ex
649 1751 719 1786 quo
744 1752 816 1776 non
841 1741 960 1776 aditur
983 1740 1175 1783 hereditas,

85 1784 194 1820 velint
224 1785 320 1820 bona
351 1785 419 1821 sibi
450 1785 567 1821 addici
599 1786 818 1821 libertatium
850 1786 1175 1822 conservandarum

85 1840 206 1872 causa,
231 1830 435 1866 audiuntur.
472 1835 507 1866 et
530 1831 581 1866 ita
604 1832 778 1878 rescripto
805 1832 874 1867 divi
898 1832 1015 1866 Marci
1039 1831 1085 1866 ad
1105 1832 1174 1867 Po-

88 1878 102 1910 1
152 1876 275 1920 pilium
300 1876 434 1911 Rufum
468 1877 681 1912 continetur.
730 1878 850 1913 Verba
874 1877 1038 1922 rescripti
1061 1877 1112 1912 ita
1136 1887 1175 1912 se

85 1921 235 1967 habent:
263 1921 484 1967 ‘SiVirginio
496 1922 648 1965 Valenti,
671 1922 731 1968 qui
750 1926 964 1958 testamento
985 1933 1049 1957 suo
1067 1923 1173 1957 liber-

85 1970 207 2001 ‘tatem
232 1966 445 2012 quibusdam
476 1967 685 2013 adscripsit,
717 1968 857 2003 nemine
888 1978 1095 2003 successore
1128 1968 1173 2003 ab

84 2012 264 2047 ‘intestato
290 2012 462 2048 existente
485 2013 522 2048 in
547 2023 589 2048 ea
614 2024 723 2049 causa
747 2014 843 2049 bona
868 2024 944 2049 esse
969 2017 1174 2058 coeperunt,

84 2061 136 2092 ‘ut
166 2057 278 2092 veniri
315 2057 486 2093 debeant:
523 2059 553 2094 is
594 2060 720 2094 cuius⁵
753 2059 795 2094 de
827 2069 870 2095 ea
899 2069 939 2094 re
980 2059 1078 2094 notio
1120 2063 1175 2094 est

83 2102 214 2138 ‘aditus
238 2103 413 2138 rationem
438 2104 601 2139 desiderii
625 2105 677 2139 tui
701 2105 867 2147 habebit,
893 2108 934 2139 ut
957 2104 1173 2139 libertatium

83 2151 167 2183 ‘tam
192 2159 332 2191 earum,
365 2159 457 2194 quae
483 2149 637 2192 directo,
671 2161 778 2195 quam
810 2161 951 2193 earum,
986 2160 1078 2195 quae
1108 2160 1174 2195 per

83 2194 248 2239 ‘speciem
264 2194 526 2230 fideicommissi
545 2195 690 2230 relictae
711 2198 805 2237 sunt,
826 2196 1039 2231 tuendarum
1058 2196 1173 2240 gratia

83 2239 306 2275 ‘addicantur
325 2240 400 2283 tibi,
427 2241 456 2276 si
474 2240 600 2276 idonee
626 2241 860 2276 creditoribus
886 2242 1021 2276 caveris
1047 2241 1091 2276 de
1115 2251 1172 2276 so-

82 2285 163 2320 ‘lido
197 2285 293 2330 quod
326 2286 454 2331 cuique
485 2286 634 2321 debetur
666 2286 846 2322 solvendo.
884 2290 920 2322 et
950 2286 987 2321 hi
1020 2286 1171 2331 quidem,

82 2331 221 2375 ‘quibus
247 2330 382 2366 directa
406 2332 551 2367 libertas
572 2331 657 2367 data
679 2336 743 2374 est,
769 2332 915 2377 perinde
934 2333 1036 2367 liberi
1057 2336 1171 2375 erunt,

82 2379 136 2411 ‘ac
169 2376 198 2411 si
229 2376 408 2412 hereditas
434 2377 532 2412 adita
557 2381 667 2413 esset:
703 2378 740 2412 hi
772 2381 909 2421 autem,
946 2388 1036 2424 quos
1068 2378 1171 2413 heres

82 2424 238 2466 ‘rogatus
259 2425 313 2457 est
332 2423 591 2465 manumittere,
618 2433 640 2458 a
663 2426 699 2458 te
723 2423 923 2458 libertatem
949 2433 1170 2468 consequan-

81 2470 167 2502 ‘tur:
199 2467 250 2503 ita
281 2470 322 2502 ut
352 2468 383 2503 si
415 2469 510 2503 non⁶
534 2469 605 2504 alia
629 2469 840 2504 condicione
863 2469 948 2504 velis
980 2469 1076 2504 bona
1107 2469 1171 2503 tibi

82 2512 221 2555 ‘addici,
248 2523 355 2557 quam
379 2515 443 2548 ut⁷
469 2514 574 2549 etiam
599 2514 659 2558 qui
683 2514 817 2549 directo
842 2515 1043 2549 libertatem
1069 2524 1170 2549 acce-

81 2561 220 2603 ‘perunt
249 2558 302 2593 tui
333 2559 451 2594 liberti
484 2559 592 2602 fiant,
628 2570 710 2594 nam
742 2559 825 2594 huic
858 2560 964 2595 etiam
996 2560 1171 2595 voluntati

80 2607 185 2646 ‘tuae,
204 2603 233 2639 si
253 2604 277 2638 ii
298 2604 341 2639 de
362 2615 511 2649 quorum
531 2608 628 2639 statu
649 2605 766 2649 agitur
787 2606 1021 2649 consentiant,
1047 2609 1170 2640 aucto-

80 2649 230 2684 ‘ritatem
255 2653 413 2684 nostram
439 2650 759 2686 accommodamus.
794 2654 830 2685 et
853 2661 897 2686 ne
916 2651 1021 2686 huius
1043 2651 1170 2686 rescri-

80 2698 89 2714 ‘
116 2695 223 2730 tionis
265 2699 410 2731 nostrae
446 2696 721 2731 emolumentum
757 2696 826 2731 alia
861 2697 1000 2732 ratione
1034 2697 1171 2732 irritum

80 2743 89 2759 ‘
118 2744 172 2783 at,
207 2741 237 2776 si
267 2740 376 2776 fiscus
408 2742 504 2776 bona
536 2751 731 2786 agnoscere
765 2741 932 2776 voluerit:
970 2745 1005 2777 et
1038 2742 1075 2776 hi
1111 2743 1171 2787 qui

80 2786 197 2822 ‘rebus
230 2786 361 2822 nostris
394 2787 583 2822 attendunt
616 2787 729 2822 scient
755 2787 939 2822 commodo
964 2787 1169 2832 pecuniario

80 2831 360 2876 ‘praeferendam
384 2832 558 2868 libertatis
584 2843 730 2868 causam
755 2836 791 2868 et
813 2833 864 2867 ita
886 2833 980 2868 bona
1001 2833 1169 2877 cogenda,

80 2880 131 2912 ‘ut
154 2877 301 2912 libertas
325 2877 380 2912 his
405 2879 503 2913 salva
526 2879 582 2921 sit,
609 2879 670 2923 qui
695 2888 771 2913 eam
796 2878 946 2923 adipisci
965 2882 1170 2923 potuerunt,

79 2926 99 2957 2
147 2923 189 2958 ‘si
212 2922 392 2958 hereditas
418 2934 462 2959 ex
485 2926 697 2959 testamento
723 2924 822 2959 adita
845 2924 964 2959 esset.’
1011 2924 1090 2959 Hoc
1114 2933 1170 2959 re-

79 2968 212 3013 scripto
238 2969 449 3004 subventum
474 2973 527 3004 est
552 2973 587 3004 et
609 2970 834 3004 libertatibus
856 2973 892 3004 et
911 2968 1101 3011 defunctis,
1126 2979 1171 3004 ne

79 3014 174 3049 bona
207 3024 327 3049 eorum
359 3025 381 3049 a
413 3015 647 3050 creditoribus
671 3015 923 3060 possideantur
947 3018 982 3050 et
1005 3018 1168 3050 veneant.

79 3063 175 3095 certe
200 3060 229 3094 si
252 3059 386 3094 fuerint
410 3070 454 3095 ex
484 3061 553 3095 hac
586 3071 697 3096 causa
728 3061 824 3096 bona
855 3060 1019 3103 addicta,
1054 3063 1171 3096 cessat

78 3105 253 3140 bonorum
277 3106 450 3141 venditio:
485 3106 601 3141 extitit
625 3106 717 3141 enim
742 3106 903 3141 defuncti
927 3105 1110 3148 defensor,
1136 3110 1171 3141 et

79 3150 220 3195 quidem
255 3150 422 3194 idoneus,
460 3153 520 3197 qui
556 3152 599 3187 de
633 3151 747 3187 solido
783 3151 1018 3187 creditoribus
1056 3155 1167 3187 cavet.

78 3199 97 3231 3
145 3196 309 3241 Inprimis
334 3197 402 3232 hoc
419 3197 632 3242 rescriptum
650 3197 780 3232 totiens
798 3197 917 3233 locum
936 3197 1056 3239 habet,
1082 3208 1168 3242 quo-

77 3241 169 3277 tiens
193 3245 406 3278 testamento
431 3243 614 3278 libertates
640 3242 745 3278 datae
769 3246 863 3277 sunt.
902 3242 985 3287 quid
1010 3252 1091 3287 ergo
1120 3243 1169 3277 ¹³si

78 3287 157 3332 quis
188 3287 379 3323 intestatus
412 3288 589 3323 decedens
622 3288 794 3324 codicillis
825 3288 1009 3323 libertates
1035 3288 1170 3323 dederit

77 3343 192 3385 neque
217 3333 314 3368 adita
337 3333 384 3368 sit
407 3334 452 3368 ab
477 3334 646 3368 intestato
671 3333 875 3368 hereditas?
909 3333 1012 3369 favor
1036 3334 1168 3368 consti-

77 3378 224 3413 tutionis
257 3378 387 3413 debet⁹
418 3379 536 3414 locum
567 3379 711 3414 habere.
758 3382 853 3414 certe
877 3378 907 3414 si
930 3382 1083 3414 testatus
1108 3379 1168 3414 de-

77 3423 182 3458 cedat
206 3427 241 3458 et
265 3424 437 3459 codicillis
463 3424 599 3459 dederit
622 3424 840 3467 libertatem,
867 3428 1068 3469 competere
1092 3435 1170 3459 eam

79 3516 116 3556 (1)
146 3516 223 3548 Cod.
239 3517 270 3555 3,
284 3523 376 3556 33,¹c

79 3563 120 3602 (4)
151 3561 227 3593 Cod.
243 3562 273 3600 6,
289 3568 375 3601 59,11

136 3607 178 3647 (5)
204 3606 258 3637 cui
277 3606 308 3638 T

479 3518 520 3558 (2)
551 3517 628 3550 Cod.
643 3518 674 3556 6,
689 3523 731 3558 (ει,
747 3524 763 3550 o

425 3608 468 3649 (6)
495 3607 523 3639 si
537 3608 617 3647 non]
632 3618 699 3640 non
713 3608 780 3639 nisi
797 3608 832 3640 B
947 3608 990 3649 (7)
1018 3618 1115 3648 quam
1130 3609 1168 3638 ut

78 3652 139 3684 del.
158 3651 361 3692 (Mommsen)
523 3654 566 3693 (8)
592 3653 621 3684 si
635 3653 710 3694 quis
722 3679 729 3686 .
741 3678 747 3683 .
759 3653 879 3684 habere
896 3666 934 3686 ex
946 3654 1027 3696 Diy.
1042 3655 1095 3692 40,
1112 3661 1138 3692 5,
1151 3659 1167 3685 2

79 3696 171 3739 (Uip.
189 3696 207 3728 l.
224 3703 260 3729 60
276 3696 320 3728 ad
332 3697 394 3737 ed.)
496 3699 539 3738 (9)
565 3697 700 3729 debebit
717 3699 749 3730 T
855 3699 913 3739 (10)
943 3702 958 3737 §
975 3699 1063 3739 4fin.
1076 3702 1091 3736 ἓ
1104 3706 1118 3730 5
1131 3710 1168 3730 ex

84 3742 158 3784 Οἱς.
169 3743 223 3781 40,
235 3749 261 3781 5,
272 3749 346 3784 4pr.
360 3746 374 3780 §
387 3749 409 3774 1.
421 3749 437 3775 2
448 3743 540 3785 (Ulp.
554 3743 573 3776 l.
586 3750 621 3776 60
633 3745 678 3776 ad
687 3745 750 3785 ed.)

871 3517 914 3559 (3)
940 3518 1125 3560 pertransit
1141 3517 1173 3550 Τ

832 3745 886 3785 (11)
913 3743 1076 3785 quamvis]
1092 3744 1171 3776 libri

1890 94 2035 138 INST.
2066 95 2144 149 111,
2180 97 2342 137 10—14

1254 218 1275 250 4
1322 214 1451 250 nemini
1470 215 1614 250 dubium
1635 220 1699 251 est.
1749 217 1850 252 Tunc
1870 217 2116 252 constitutioni
2134 218 2251 252 locum
2264 228 2341 253 esse

1253 261 1362 297 verba
1392 260 1603 302 ostendunt,
1637 272 1717 295 cum
1750 273 1851 298 nemo
1884 273 2070 298 successor
2100 263 2145 297 ab
2170 263 2339 298 intestato

1253 306 1399 341 existat:
1438 307 1465 326 ¹⁰
1475 316 1555 350 ergo
1581 306 1748 350 quamdiu
1773 308 1946 343 incertum
1971 308 2034 351 sit,
2067 312 2187 343 utrum
2213 309 2340 343 existat

1252 363 1299 387 an
1323 362 1406 393 non,
1432 351 1587 386 cessabit
1611 352 1837 387 constitutio:
1864 354 1894 388 si
1919 357 2054 389 certum
2079 364 2157 389 esse
2183 354 2340 398 coeperit

1252 401 1271 431 5
1319 397 1493 431 neminem
1518 400 1649 438 extare,
1674 401 1760 432 tunc
1786 398 1852 432 erit
1877 400 2120 435 constitutioni
2144 400 2254 434 locus.
2304 399 2341 433 Si

1250 442 1300 484 is,
1334 442 1393 522 qui
1424 442 1460 476 in
1484 442 1660 487 integrum
1683 443 1822 477 restitui
1846 449 1984 488 potest,
2018 445 2192 480 abstinuit
2224 455 2263 480 se
2294 445 2340 479 ab

1251 488 1335 522 here
1362 488 1459 529 itate,
1485 498 1542 529 an,
1568 488 1726 532 quamvis
1742 490 1766 508 ¹¹
1792 493 1912 533 potest
1934 490 1971 524 in
1994 491 2168 535 integrum
2189 490 2340 531 restitui,

1251 536 1370 577 potest
1401 533 1540 568 admitti
1566 533 1773 568 constitutio
1799 537 1835 568 et
1858 535 2013 570 addictio
2039 537 2214 571 bonorum
2237 536 2341 570 fieri?

1251 578 1335 658 guid
1360 589 1453 623 ergo,
1479 579 1508 613 si
1533 582 1615 623 post
1638 578 1876 614 addictionem
1900 580 2103 616 libertatum
2128 592 2339 616 conservan-

1276 635 1377 658 arum
1403 634 1513 660 causa
1537 624 1671 659 factam
1694 624 1732 658 in
1756 625 1931 669 integrum
1954 626 2002 660 sit
2025 627 2235 662 restitutus?
2271 627 2339 661 uti-

1251 680 1320 713 que
1350 680 1423 704 non
1457 670 1523 705 erit
1556 669 1745 705 dicendum
1780 671 1939 706 revocari
1974 671 2174 714 libertates,
2208 673 2340 717 quae¹²

1252 719 1271 749 6
1319 715 1426 749 semel
1460 716 1731 760 competierunt.
1779 715 1879 751 Haec
1905 717 2111 752 constitutio
2136 718 2339 752 libertatum

1250 761 1462 795 tuendarum
1494 771 1604 796 causa
1634 761 1840 796 introducta
1874 765 1946 796 est:
1981 772 2062 807 ergo
2097 763 2125 797 si
2158 764 2340 798 libertates

1250 805 1368 840 nullae
1402 806 1473 840 sint
1506 806 1630 849 datae,
1665 810 1784 841 cessat
1809 808 2027 842 constitutio.
2066 808 2148 852 quid
2181 819 2284 852 ergo,
2311 809 2338 843 si

1249 851 1347 885 vivus
1374 851 1471 886 dedit
1494 852 1676 887 libertates
1701 853 1755 887 vel
1779 853 1901 888 mortis
1927 863 2038 888 causa
2063 857 2108 895 et,
2134 863 2179 887 ne
2204 854 2246 888 de
2270 855 2339 888 hoc

1249 901 1454 941 quaeratur,
1478 901 1599 932 utrum
1623 897 1659 932 in
1683 897 1846 933 fraudem
1871 898 2086 933 creditorum
2106 909 2152 933 an
2170 910 2241 933 non
2262 899 2338 933 fac-

1248 945 1323 976 tum
1348 942 1412 985 sit,
1437 942 1571 978 idcirco
1596 943 1704 978 velint
1729 943 1846 978 addici
1872 944 1939 978 sibi
1963 944 2077 986 bona,
2103 955 2149 978 an
2174 944 2338 979 audiendi

1248 988 1357 1022 sunt?
1393 991 1428 1023 et
1451 989 1561 1032 magis
1586 992 1650 1031 est,
1676 993 1716 1023 ut
1741 989 1857 1023 audiri
1882 989 2054 1031 debeant,
2080 989 2146 1024 etsi
2171 989 2339 1024 deficiant

1249 1036 1266 1066 7
1315 1034 1423 1068 verba
1448 1034 1724 1069 constitutionis.
1775 1035 1845 1069 Sed
1877 1046 1957 1070 cum
1989 1036 2119 1070 multas
2152 1035 2339 1070 divisiones

1248 1079 1419 1114 eiusmodi
1443 1079 1690 1115 constitutioni
1715 1080 1837 1115 deesse
1861 1081 2117 1126 perspeximus,
2142 1081 2217 1115 lata
2241 1084 2295 1115 est
2319 1091 2339 1115 a

1247 1124 1349 1160 nobis
1373 1125 1579 1170 plenissima
1605 1125 1812 1161 constitutio
1830 1127 1866 1166 ¹³,
1900 1126 1936 1161 in
1970 1137 2075 1171 quam
2101 1127 2234 1161 multae
2259 1137 2337 1171 spe-

1247 1170 1318 1205 cies
1344 1171 1496 1206 collatae
1509 1171 1536 1191 ¹⁴
1561 1175 1655 1213 sunt,
1682 1171 1809 1215 quibus
1834 1172 1889 1207 ius
1913 1171 2116 1207 huiusmodi
2141 1172 2337 1207 successio-

1247 1215 1301 1250 nis
1326 1216 1569 1261 plenissimum
1594 1220 1647 1252 cst
1672 1217 1854 1252 effectum:
1889 1228 1978 1262 quas
2013 1229 2056 1253 ex
2086 1217 2166 1262 ipsa
2189 1217 2339 1252 lectione

1248 1262 1512 1298 constitutionis
1538 1266 1658 1308 potest
1684 1263 1761 1308 quis
1787 1273 2011 1308 cognoscere.

1726 1357 1801 1395 XII
1813 1355 1840 1376 ¹⁵

1247 1423 1307 1454 DE
1334 1421 1712 1456 SUCCESSIONIBUS
1739 1422 1968 1463 SUBLATIS,
1995 1422 2116 1459 QUAE
2139 1424 2337 1455 FIEBANT

1246 1468 1335 1500 PER
1359 1468 1578 1502 BONORUM
1604 1468 1928 1501 VENDITIONEM
1960 1469 2020 1500 ET
2044 1469 2108 1500 EX
2134 1470 2337 1502 SENATUS

1520 1514 1756 1547 CONSULTO
1782 1513 2055 1547 CLAUDIANO.

1291 1580 1409 1615 Erant
1441 1584 1524 1617 ante
1548 1581 1769 1626 praedictam
1793 1581 2056 1616 successionem
2081 1580 2164 1616 olim
2188 1584 2224 1616 et
2248 1581 2337 1617 aliae

1245 1635 1310 1670 per
1334 1626 1599 1662 universitatem
1624 1627 1879 1662 successiones.
1927 1627 2042 1671 qualis
2074 1626 2193 1661 fuerat
2223 1627 2335 1662 bono-

1245 1682 1323 1705 rum
1357 1672 1507 1717 emptio,
1543 1683 1634 1717 quae
1667 1672 1710 1707 de
1735 1672 1837 1707 bonis
1863 1672 2032 1707 debitoris
2057 1672 2249 1707 vendendis
2274 1683 2338 1718 per

1245 1717 1374 1752 multas
1393 1718 1559 1763 ambages
1579 1718 1698 1753 fuerat
1716 1717 1921 1753 introducta
1941 1721 1976 1753 et
1996 1721 2083 1753 tunc
2096 1718 2214 1753 locum
2226 1718 2336 1753 habe-

1245 1762 1327 1805 bat,
1361 1763 1503 1808 quando
1536 1763 1669 1798 iudicia
1701 1763 1882 1798 ordinaria
1912 1763 1949 1797 in
1981 1774 2048 1798 usu
2072 1763 2236 1799 fuerunt:
2274 1764 2336 1798 sed

1246 1819 1326 1843 cum
1349 1809 1639 1844 extraordinariis
1658 1808 1798 1843 iudiciis
1822 1809 2013 1853 posteritas
2037 1811 2144 1844 usa¹6
2169 1812 2233 1851 est,
2257 1809 2335 1845 ideo

1246 1865 1327 1888 cum
1357 1854 1443 1899 ipsis
1477 1854 1665 1889 ordinariis
1696 1854 1836 1889 iudiciis
1871 1854 1977 1889 etiam
2008 1854 2184 1890 bonorum
2216 1855 2332 1890 vendi-

1244 1899 1359 1935 tiones
1373 1900 1640 1945 exspiraverunt
1655 1903 1689 1935 et
1707 1899 1953 1935 tantummodo
1976 1900 2209 1935 creditoribus
2231 1900 2337 1935 datur

1245 1945 1362 1980 officio
1388 1945 1514 1981 iudicis
1539 1946 1634 1981 bona
1657 1945 1840 1991 possidere
1865 1949 1901 1980 et
1919 1950 2028 1990 prout
2047 1945 2096 1981 eis
2117 1946 2204 1980 utile
2223 1946 2335 1981 visum

1243 1990 1351 2026 fuerit
1383 2002 1426 2026 ea
1457 1991 1509 2026 dis
1538 2002 1662 2034 onere,
1696 1990 1791 2036 quod
1824 2001 1867 2026 ex
1900 1991 2084 2026 latioribus
2121 1991 2335 2036 digestorum

1247 2039 1261 2070 1
1311 2036 1409 2071 libris
1443 2047 1507 2081 per
1525 2037 1635 2072 ectius
1673 2036 1870 2081 apparebit.
1918 2036 2009 2071 Erat
2044 2040 2080 2072 et
2115 2048 2159 2072 ex
2190 2041 2336 2072 senatus

1245 2082 1407 2117 consulto
1435 2082 1631 2117 Claudiano
1657 2082 1868 2118 miserabilis
1893 2092 1958 2127 per
1981 2082 2248 2118 universitatem
2272 2083 2333 2117 ad-

1244 2127 1406 2171 quisitio,
1445 2139 1523 2163 cum
1555 2128 1668 2163 libera
1701 2127 1827 2163 mulier
1858 2127 1975 2163 servili
2007 2138 2128 2163 amore
2159 2128 2336 2163 bacchata

1242 2172 1355 2217 ipsam
1379 2173 1580 2208 libertatem
1631 2183 1669 2208 er
1694 2176 1840 2208 senatus
1866 2173 2068 2208 consultum
2092 2173 2277 2209 amittebat
2301 2178 2336 2208 et

1244 2229 1324 2253 cum
1358 2218 1523 2254 libertate
1558 2185 1811 2254 substantiam:
1857 2219 1953 2264 quod
1986 2218 2169 2264 indignum
2204 2220 2335 2255 nostris

1242 2264 1459 2309 temporibus
1485 2275 1563 2300 esse
1588 2265 1830 2300 existimantes
1854 2268 1890 2299 et
1914 2275 1936 2300 a
1960 2268 2083 2300 nostra
2108 2265 2249 2300 civitate
2274 2265 2333 2300 de-

1242 2309 1307 2345 leri
1331 2313 1366 2345 et
1389 2321 1462 2346 non
1485 2310 1594 2346 inseri
1618 2311 1749 2346 nostris
1775 2310 1918 2355 digestis
1944 2310 2196 2346 concessimus.

1719 2405 1813 2443 XIII
1829 2404 1855 2424 ¹⁷

1547 2471 1607 2503 DE
1634 2470 2025 2503 OBLIGATIONIBUS.

1286 2524 1391 2560 Nunc
1405 2527 1627 2561 transeamus
1642 2526 1688 2561 ad
1701 2526 1946 2570 obligationes.
1980 2525 2148 2571 obligatio
2172 2529 2226 2561 est
2246 2526 2333 2562 iuris

1241 2571 1437 2614 vinculum,
1471 2583 1540 2616 quo
1574 2572 1787 2607 necessitate
1811 2571 2064 2616 adstringimur
2088 2571 2238 2607 alicuius
2263 2572 2332 2607 sol-

1243 2620 1257 2650 1
1309 2616 1445 2651 vendae
1468 2618 1520 2652 rei
1544 2617 1740 2652 secundum
1765 2620 1910 2652 nostrae
1935 2617 2086 2652 civitatis
2111 2617 2200 2652 iura.
2249 2617 2331 2653 Om-

1241 2662 1338 2696 nium
1371 2665 1489 2697 autem
1521 2662 1775 2707 obligationum
1808 2673 1945 2697 summa
1969 2662 2092 2697 divisio
2117 2663 2154 2697 in
2179 2662 2248 2698 duo
2272 2674 2331 2708 ge-

1241 2717 1328 2742 nera
1369 2707 1566 2743 diducitur:
1599 2719 1752 2753 namque
1784 2711 1847 2742 aut
1878 2708 1996 2743 civiles
2026 2711 2111 2743 sunt
2142 2712 2205 2743 aut
2228 2719 2330 2754 prae-

1241 2753 1363 2788 toriae.
1402 2753 1520 2788 civiles
1545 2756 1639 2796 sunt,
1665 2763 1757 2798 quae
1781 2757 1844 2788 aut
1865 2753 2001 2798 legibus
2027 2754 2241 2789 constitutae
2266 2758 2328 2789 aut

1242 2802 1338 2833 certe
1369 2799 1445 2834 iure
1478 2799 1570 2834 civili
1595 2799 1848 2843 comprobatae
1872 2803 1966 2834 sunt.
2003 2800 2204 2844 praetoriae
2236 2804 2330 2842 sunt,

1242 2854 1330 2888 quas
1365 2847 1509 2889 praetor
1545 2855 1588 2879 ex
1624 2855 1691 2879 sua
1722 2844 1966 2880 iuris-dictione
1997 2845 2202 2887 constituit,
2240 2856 2331 2890 quae

1241 2892 1260 2923 2
1309 2889 1416 2924 etiam
1448 2889 1661 2925 honorariae
1691 2891 1914 2925 vocanturffl.
1963 2889 2121 2935 Sequens
2147 2890 2269 2926 divisio
2294 2892 2331 2925 in

1241 2938 1410 2979 quattuor
1442 2935 1579 2979 species
1623 2935 1821 2971 diducitur:
1855 2939 1918 2970 aut
1950 2936 2042 2970 enim
2075 2946 2117 2971 ex
2142 2940 2330 2971 contractu

1241 2984 1325 3015 sunt
1360 2983 1422 3015 aut
1458 2981 1560 3025 quasi
1595 2991 1639 3016 ex
1670 2984 1857 3016 contractu
1891 2985 1953 3016 aut
1985 2992 2028 3016 ex
2060 2981 2233 3017 maleficio
2268 2986 2330 3016 aut

1241 3026 1342 3070 quasi
1367 3036 1412 3060 ex
1436 3026 1622 3062 maleficio.
1659 3026 1757 3072 prius
1779 3030 1843 3069 est,
1871 3031 1909 3062 ut
1929 3027 1973 3062 de
1992 3027 2046 3062 his
2067 3037 2158 3072 quae
2179 3037 2222 3062 ex
2244 3038 2328 3062 con-

1239 3074 1359 3106 tractu
1383 3075 1466 3106 sunt
1491 3071 1729 3117 dispiciamus.
1772 3072 1899 3107 harum
1923 3082 2035 3117 aeque
2061 3075 2229 3117 quattuor
2249 3083 2328 3118 spe-

1241 3117 1312 3152 cies
1345 3120 1446 3152 sunt:
1481 3120 1545 3152 aut
1576 3118 1667 3153 enim
1690 3128 1730 3153 re
1754 3119 2016 3153 contrahuntur
2039 3122 2102 3153 aut
2125 3118 2242 3153 verbis
2266 3122 2330 3153 aut

1239 3162 1363 3198 litteris
1388 3165 1450 3198 aut
1474 3173 1660 3199 consensu.
1698 3163 1742 3199 de
1766 3164 1895 3209 quibus
1919 3163 2065 3209 singulis
2087 3164 2326 3209 dispiciamus.

1705 3256 1856 3297 X1111¹⁹

1262 3323 1427 3359 QUIBUS
1452 3323 1591 3356 M0D1s
1617 3325 1677 3356 RE
1703 3324 2027 3357 CONTRAHITUR
2051 3323 2306 3356 ossmeATio.

1285 3378 1378 3414 ²⁰Re
1402 3379 1624 3414 contrahitur
1648 3380 1814 3424 obligatio
1847 3380 1955 3414 veluti
1987 3379 2098 3414 mutui
2131 3377 2326 3412 dationem.

1239 3425 1352 3459 mutui
1377 3428 1495 3459 autem
1519 3425 1688 3470 obligatio
1720 3425 1757 3460 in
1788 3425 1843 3460 his
1876 3426 1982 3460 rebus
2016 3423 2198 3465 consistit,
2235 3432 2325 3467 quae

1238 3528 1305 3548 cum
1321 3517 1360 3557 Θ,
1383 3517 1543 3558 quamdiu
1558 3519 1637 3561 Diy.
1797 3518 1854 3558 (12)
1881 3518 1978 3558 quae]
1999 3516 2123 3558 Diyffl,
2148 3515 2227 3556 quia
2249 3514 2328 3547 libri

1238 3565 1294 3603 (13)
1324 3562 1400 3596 Cod.
1415 3565 1483 3603 7‚2,
1497 3570 1529 3597 15
1624 3563 1682 3604 (14)
1708 3563 1867 3595 collectae
1885 3563 1914 3594 'J'

1283 3607 1340 3647 (15)
1370 3608 1420 3651 Cf.
1440 3608 1515 3642 Gai.
1531 3610 1562 3649 3,
1574 3616 1665 3642 77..81
1740 3611 1798 3650 (113)
1825 3610 1896 3647 usa]
1918 3605 1982 3645 ΠΨ,
1997 3607 2072 3637 nisa
2083 3605 2159 3643 BT,
2175 3605 2249 3635 uisa
2267 3604 2323 3637 ΠΜ

1283 3653 1340 3694 (17)
1369 3653 1446 3687 Gai.
1457 3655 1488 3694 3,
1500 3662 1545 3688 88.
1559 3662 1594 3688 89
1621 3655 1701 3697 Dz‘y.
1712 3655 1765 3693 44,
1777 3662 1791 3687 7
1823 3654 1899 3686 cod.
1911 3654 1984 3692 4,10
2049 3652 2107 3691 (18)
2125 3650 2284 3682 dicuntur
2298 3650 2319 3682 Ί

1283 3699 1342 3738 (19)
1372 3698 1421 3742 ij.
1439 3699 1513 3732 Gai.
1527 3701 1556 3739 3,
1570 3707 1615 3733 90.
1629 3707 1659 3732 91
1756 3700 1818 3738 (20)
1842 3711 1892 3741 pr.
1908 3699 1950 3730 in.
1966 3709 2004 3729 ex
2020 3696 2101 3730 Gaii
2114 3696 2132 3728 Z.
2148 3702 2163 3728 2
2177 3707 2241 3727 rer.
2252 3701 2320 3727 cott.

1239 3743 1332 3787 (Diy.
1343 3745 1396 3784 44,
1410 3752 1469 3785 7,1,
1482 3748 1510 3787 2)
1607 3746 1663 3786 (21)
1689 3745 1837 3784 datione]
1854 3744 1943 3787 Ιλῐφ,
1958 3742 2163 3782 obligatione
2177 3740 2250 3773 BT

2017 3792 2055 3824 5*
