2528 3918
207 106 362 139 TITULI

264 222 420 278 Incipit
453 235 506 265 ex
536 221 684 264 ordine
712 220 824 264 liber
853 220 1233 277 quadragensimus

638 277 863 321 secundus.

234 358 253 378 a
302 348 327 380 R
362 345 415 380 De
439 354 478 380 re
499 343 658 379 iudicata
681 347 718 380 et
739 343 784 379 de
808 342 938 380 effectu
969 345 1223 381 sententiarum
1255 347 1291 380 et

410 389 453 424 de
476 389 823 426 interlocutionibus.

229 438 255 478 β
302 439 327 470 Β
361 434 415 470 ΒΘ
439 434 623 470 confessis.

230 493 251 525 γ
303 484 326 514 Β
366 479 417 514 ΒΘ
441 479 601 516 cessione
623 480 810 516 bonorum.

232 523 254 557 δ
300 528 324 559 Β
361 524 497 567 Quibus
523 534 568 560 ex
591 525 708 561 causis
731 525 769 561 in
791 525 1052 571 possessionem
1074 528 1188 562 eatur.

232 583 248 602 e
303 573 325 604 R
359 569 413 605 ΒΘ
437 570 545 606 rebus
569 570 783 606 auctoritate
815 571 940 606 iudicis
971 570 1195 615 possidendis
1228 581 1291 606 seu

410 614 602 651 vendendis
617 618 639 651 ¹.

231 673 246 694 ς
302 664 324 694 Β
359 659 414 694 ΒΘ
437 660 734 705 separationibus.

233 706 251 744 ζ
301 709 323 740 Β
361 705 413 740 ΒΘ
438 709 604 741 curatore
627 706 729 741 bonis
754 705 884 741 dando.

232 763 252 791 η
303 754 325 785 Β
359 749 459 794 Quae
493 751 530 786 in
564 750 726 786 fraudem
758 750 974 786 creditorum
1007 750 1107 787 facta
1137 755 1221 787 sunt
1252 754 1293 786 ut

409 795 656 831 restituantur.

211 853 393 907 Explicit
425 854 533 897 liber
562 867 614 896 ex
645 854 795 897 ordine
826 854 1084 909 digestorum
1112 854 1291 909 quadra-

512 911 728 964 gensimus
759 911 983 954 secundus.

270 1033 426 1089 Incipit
455 1047 509 1077 ΘΧ
538 1034 687 1133 ordine
716 1034 826 1133 liber
854 1034 1235 1090 quadragensimus

685 1103 730 1133 er
749 1104 827 1133 ius.

229 1171 252 1191 a
299 1161 325 1193 R
359 1157 414 1193 De
436 1156 644 1191 interdictis.

226 1206 253 1295 ἴ
298 1206 326 1283 ἓ
359 1202 729 1299 ἓῖἓῖῗῗὲὲἓὲἒΐῗῗ·

229 1292 251 1327 ὃ
296 1297 322 1328 Β
357 1293 411 1371 ge
433 1291 572 1372 sszffist
591 1292 1047 1374 gihitliisiidigossessmnem
1063 1293 1192 1328 missus
1211 1293 1290 1328 erit.

227 1351 246 1419 ςε
295 1343 323 1419 ἓ
355 1349 412 1418 NS
433 1382 516 1434 quid
538 1382 576 1417 in
599 1382 679 1435 loco
705 1366 809 1435 sacro
834 1384 888 1419 vel
911 1385 1061 1420 itinere²
1084 1385 1158 1419 fiat.

230 1430 250 1470 ζ
296 1433 322 1464 Β
356 1428 410 1463 ΒΘ
434 1429 521 1463 locis
547 1430 582 1462 et
605 1429 792 1465 itineribus
815 1429 980 1474 publicis.

226 1487 248 1516 η
297 1478 322 1509 Β
357 1474 412 1509 ΝΘ
436 1472 522 1518 quid
544 1473 582 1508 in
605 1473 684 1508 loco
710 1476 838 1510 sacro³
863 1476 920 1510 vel
944 1475 1068 1510 itinere
1094 1475 1159 1509 fiat
1169 1475 1193 1509 ⁴.

228 1520 259 1553 θ
298 1523 324 1554 Β
359 1519 413 1554 ΒΘ
438 1519 516 1554 loco
541 1518 685 1563 publico
710 1518 874 1555 fruendo.

229 1579 242 1597 ι
299 1568 325 1599 Β
361 1564 415 1599 ΒΘ
439 1564 494 1598 via
518 1564 685 1617 publica-‘¹
714 1566 750 1599 et
772 1565 1069 1619 itinere-publico.
1090 1564 1290 1616 reficiendo.

218 1624 253 1643 “¹
299 1614 324 1644 Β
359 1609 948 1700 Βῖῑξὲῗέῗῖἰιῗὲᾶἒῖθᾳέἒιξεῑὶῗε
971 1610 1290 1700 ἓὲἱὲἒὲῗηέῗῑιωωο

218 1704 255 1744 ιβ
298 1704 323 1736 Β
358 1699 414 1735 Ne
443 1699 529 1744 quid
557 1700 595 1734 in
626 1699 770 1735 flumine
799 1701 943 1745 publico
974 1702 1057 1742 fiat,
1089 1712 1158 1745 quo
1189 1700 1292 1735 aliter

409 1755 504 1799 agua
525 1744 626 1797 fluat,
651 1749 758 1797 atque
782 1749 822 1780 ut
844 1747 965 1799 priore
989 1750 1125 1798 aestate
1149 1746 1262 1780 fluxit.

216 1805 255 1870 ab}
297 1794 324 1871 ἓ
357 1789 413 1871 ΕΞ
430 1789 802 1880 irnpguffllilrffiephiglico
826 1801 991 1836 navigare
1014 1792 1132 1826 liceat.

217 1895 248 1915 ιε
299 1885 325 1916 Β
362 1880 418 1916 ΒΘ
441 1881 475 1915 vi
499 1884 534 1915 et
558 1880 602 1915 de
625 1880 659 1915 vi
683 1884 831 1918 armata.

218 1940 246 1962 ις
298 1930 325 1961 Β
361 1925 420 1961 Uti
444 1925 644 1970 possidetis.

218 1972 253 2012 ιζ
299 1975 324 2006 Β
360 1971 415 2006 ΒΘ
439 1970 649 2016 superficiis.
912 1995 915 1999 s

218 2030 254 2059 ιη
296 2021 322 2051 Β
357 2016 412 2051 ΒΘ
435 2016 562 2051 itinere
585 2020 740 2060 actuque
762 2016 912 2062 privato.

217 2062 262 2095 ιθ
297 2065 323 2096 Β
358 2062 413 2097 ΒΘ
437 2071 530 2106 aqua
554 2061 750 2097 cottidiana
773 2065 809 2097 et
832 2062 976 2097 aestiva.

228 2121 249 2140 κ
297 2110 322 2142 Β
355 2106 411 2142 ΒΘ
434 2106 528 2141 rivis.

206 2166 250 2185 κα
298 2156 324 2187 Β
359 2151 415 2186 ΒΘ
438 2151 547 2187 fonte.

206 2201 252 2241 κβ
298 2201 325 2232 Β
360 2197 414 2232 ΒΘ
439 2197 582 2249 cloacis.

206 2256 250 2322 Z}
296 2246 325 2323 ἓ
357 2242 731 2339 ἓὲοέθῃζέεὲᾆὲῑῗὲἓῗ·

206 2347 245 2367 κε
297 2337 323 2368 Β
357 2333 413 2368 ΒΘ
436 2342 611 2377 precario.

206 2391 243 2413 κς
295 2382 321 2413 Β
355 2378 411 2413 ΒΘ
435 2378 622 2412 arboribus
647 2377 848 2412 caedendis.

206 2424 249 2463 κζ
296 2427 320 2458 Β
356 2423 411 2458 ΒΘ
433 2422 561 2467 glande
586 2422 746 2466 legenda.

205 2482 249 2511 κη
296 2472 322 2503 Β
355 2468 411 2503 ΒΘ
434 2468 577 2503 homine
600 2467 710 2503 libero
736 2467 934 2502 exhibendo
945 2467 971 2502 ⁶.

206 2515 258 2546 κθ
297 2518 323 2549 Β
358 2513 413 2548 ΒΘ
436 2513 557 2549 liberis
582 2512 802 2556 exhibendis,
826 2512 911 2547 item
935 2511 1116 2547 ducendis.

228 2557 247 2591 λ
298 2563 323 2594 Β
359 2558 500 2594 Utrubi.

205 2601 248 2637 λα
296 2607 322 2639 Β
356 2603 412 2639 ΒΘ
435 2602 630 2648 migrando.

205 2647 250 2691 λβ
297 2653 322 2684 Β
356 2649 412 2684 ΒΘ
437 2649 602 2684 Salviano
625 2647 826 2684 interdicto.

206 2706 442 2761 Explicitus
485 2710 550 2748 est
593 2706 701 2749 liber
744 2718 797 2748 ex
841 2705 990 2748 ordine
1030 2704 1289 2760 digestorum

467 2762 846 2816 quadragensimus
875 2762 1035 2805 tertius.

271 2885 426 2941 Incipit
454 2898 508 2929 ex
538 2885 686 2928 ordine
714 2885 823 2983 mier
853 2884 1233 2940 quadragensimus

657 2955 760 2995 quar
780 2955 841 2984 us.

229 3032 252 3052 a
297 3023 326 3055 Β
358 3018 418 3072 ΒΘ
437 3018 726 3072 exceptionibus,
758 3018 1100 3064 praescriptionibus
1125 3021 1162 3054 et
1184 3028 1288 3064 prae-

227 3112 253 3153 β
299 3112 326 3144 Β
359 3063 647 3153 Βέυέκιὲἓῧὶίοω
669 3108 722 3143 rei
744 3108 936 3144 iudicatae.

227 3167 249 3200 γ
299 3157 326 3189 Β
359 3153 415 3189 ΒΘ
439 3153 585 3189 diversis
609 3157 679 3188 tem
708 3153 864 3189 oralibus
886 3153 1230 3199 praescriptionibus
1255 3155 1289 3189 et

410 3198 455 3234 de
478 3197 676 3235 accessioni
703 3209 743 3234 us
768 3200 1046 3243 possessionum.

207 3314 245 3353 (1)
269 3311 455 3345 vendundis
474 3312 525 3344 ΡΞ

205 3356 339 3400 publico
355 3369 416 3390 scr.
490 3359 531 3398 (4)
556 3358 718 3390 rubricam
736 3367 759 3398 η
778 3357 895 3390 delevit
910 3369 1120 3400 numerosque
1138 3358 1288 3400 deinceps

208 3404 339 3436 mutavit
354 3401 404 3435 Ρ
473 3404 515 3443 (5)
541 3404 659 3435 omissa
673 3409 747 3435 sunt
761 3403 860 3435 verba
878 3403 911 3433 et
925 3401 954 3433 si
971 3401 1054 3443 quid
1064 3401 1102 3434 in
1114 3411 1153 3434 ea
1163 3402 1288 3434 factum

645 3312 690 3354 (2)
714 3311 766 3344 vel
785 3311 906 3344 itinere
927 3313 989 3345 del.
1113 3312 1157 3353 (3)
1181 3311 1288 3354 sacro]

209 3543 282 3569 ante
307 3536 328 3569 l.
347 3533 516 3568 XXXXII
533 3533 675 3567 feliciter
687 3535 726 3576 F,
742 3534 879 3578 explicit
891 3534 977 3568 liber
988 3534 1050 3567 xlii
1061 3536 1135 3578 (sic)
1147 3534 1159 3580 ΙΙ
1169 3534 1291 3578 incipit

251 3579 338 3613 liber
352 3580 468 3613 xxxxii
488 3581 564 3613 add.
586 3580 637 3611 F2

211 3626 329 3678 ante-l..
350 3624 535 3658 ΧΧΧΧΙΙΙ
556 3623 694 3667 explicit
712 3624 770 3657 lib.
789 3624 850 3657 xlii
870 3623 1012 3658 feliciter
1034 3625 1070 3666 F,
1089 3624 1211 3668 incipit
1228 3623 1289 3657 lib.

207 3669 329 3748 amxeluZ
349 3669 552 3747 ffigm
574 3713 715 3747 feliciter
734 3715 769 3755 F,
794 3715 915 3756 incipit
930 3714 988 3747 lib.
1009 3713 1098 3747 xliiii
1121 3715 1198 3748 add.
1213 3715 1246 3747 F
1250 3714 1265 3734 ²

1348 3356 1480 3400 fallunt

1438 201 1478 258 7Β
1511 221 1568 259 ΒΘ
1591 221 1672 259 dolo
1696 222 1790 260 malo
1814 225 1850 259 et
1871 226 1986 262 metus
2010 225 2230 272 exceptione.

1450 270 1478 303 R
1570 277 1672 303 arum
1694 277 1813 304 rerum
1836 268 1931 306 actio
1954 281 2028 306 non
2051 270 2169 307 datur.

1450 316 1480 393 ἓ
1548 322 1568 348 Θ
1590 312 1765 365 litigIosis.

1383 221 1406 255 ὃ

1383 279 1401 301 8

1382 323 1405 398 Ξ
1513 357 1569 394 ΒΘ
1591 357 1865 403 obligationibus
1887 362 1924 396 et
1946 359 2159 398 actionibus.

1363 426 1601 482 Explicitus
1645 431 1708 471 est
1749 428 1857 472 liber
1899 441 1953 472 ex
1994 429 2144 474 ordine
2186 428 2440 486 digestorum
2508 495 2511 498 Α

1605 483 1984 539 quadragensimus
2013 490 2202 540 quartus.

1428 607 1582 663 Incipit
1610 621 1664 651 ex
1694 607 1844 652 ordine
1871 608 1981 707 libter
2008 609 2388 664 quadragensimus

1816 678 1916 719 quin
1937 678 1998 708 us.

1332 744 1335 747 '
1386 754 1407 774 α
1458 745 1483 777 Β
1518 741 1573 777 ΒΘ
1595 741 1783 777 verborum
1807 741 2093 787 obligationibus.

1382 790 1409 830 β
1455 791 1482 822 Β
1517 787 1572 822 ΒΘ
1595 786 1734 822 duobus
1758 787 1828 823 reis
1852 787 2119 824 constituendis.

1383 846 1404 877 y
1454 836 1480 867 Β
1516 832 1570 867 ΒΘ
1594 832 1823 877 stipulatione
1846 843 2039 868 servorum.

1361 900 1598 955 Explicitus
1640 906 1704 943 est
1747 901 1854 943 liber
1899 915 1952 944 ΘΧ
1995 902 2144 946 ordine
2186 901 2443 957 digestorum

1606 957 1986 1011 quadragensimus
2016 959 2200 1013 quintus.

1419 1080 1576 1135 Incipit
1610 1093 1663 1123 ex
1693 1081 1842 1125 ordine
1871 1083 1981 1126 liber
2011 1082 2389 1139 quadragensimus

1825 1144 1983 1182 sextus.

1385 1229 1408 1248 α
1456 1219 1482 1250 Β
1515 1215 1572 1251 ΒΘ
1596 1215 1863 1252 fideiussoribus
1887 1220 1923 1251 et
1947 1217 2225 1253 mandatoribus.

1383 1263 1408 1303 β
1455 1265 1479 1295 Β
1518 1260 1569 1295 ΒΘ
1593 1261 1843 1297 novationibus
1868 1265 1904 1297 et
1927 1261 2218 1307 delegationibus.

1382 1318 1405 1351 γ
1455 1310 1478 1340 Β
1516 1305 1570 1340 ΒΘ
1594 1306 1831 1342 solutionibus
1857 1311 1892 1342 et
1914 1307 2195 1343 liberationibus.

1385 1349 1406 1384 δ
1452 1355 1478 1385 Β
1515 1351 1569 1387 ΒΘ
1592 1361 1677 1386 acce
1704 1351 1876 1387 tilatione.

1385 1409 1402 1429 ε
1454 1399 1478 1430 Β
1517 1395 1569 1431 ΒΘ
1593 1396 1688 1440 stipu
1704 1396 1883 1432 ationibus
1908 1397 2108 1442 praetoriis.

1384 1455 1398 1476 s
1452 1445 1476 1475 Β
1513 1441 1603 1476 Rem
1626 1441 1751 1486 pupilli
1775 1442 1828 1477 vel
1853 1441 2092 1478 adulescentis
2116 1443 2249 1479 salvam
2271 1443 2361 1478 fore.

1386 1486 1405 1526 ζ
1452 1490 1476 1521 Β
1512 1486 1714 1521 Iudicatum
1738 1487 1838 1522 solvi.

1384 1544 1405 1573 η
1454 1535 1479 1566 Β
1514 1531 1642 1566 Ratam
1667 1542 1741 1566 rem
1764 1533 1888 1568 haberi
1911 1535 1948 1568 et
1971 1533 2015 1568 de
2038 1533 2107 1568 rati
2131 1533 2324 1569 habitione.

1363 1600 1600 1654 Explicitus
1646 1606 1710 1643 est
1753 1602 1860 1644 liber
1904 1615 1957 1644 ΘΧ
1999 1602 2148 1645 ordine
2191 1603 2444 1657 digestorum

1621 1658 2002 1712 quadragensimum
2031 1665 2188 1702 sextus.

1418 1791 1574 1846 Incipit
1609 1805 1662 1834 ΘΧ
1692 1793 1841 1835 ordine
1870 1793 1978 1859 liber
2008 1794 2391 1849 quadragensimus

1796 1857 2012 1904 septimus.

1454 1940 1481 1971 R
1516 1935 1571 1971 De
1619 1935 1742 1971 rivatis
1766 1935 1912 1973 delictis.

1456 1985 1482 2016 Β
1517 1981 1572 2015 ΒΘ
1610 1981 1712 2016 urtis.

1455 2030 1481 2061 R
1515 2025 1571 2062 De
1594 2027 1692 2071 tigno
1715 2027 1848 2062 iuncto.

1454 2076 1480 2106 R
1516 2071 1553 2106 Si
1573 2073 1633 2116 qui
1651 2075 1863 2108 testamento
1882 2073 1972 2107 liber
1989 2082 2068 2109 esse
2085 2073 2203 2109 iussus
2221 2073 2340 2116 fuerit,
2365 2078 2445 2119 post

1562 2121 1715 2151 mortem
1754 2117 1885 2152 domini
1924 2121 2007 2153 ante
2042 2117 2174 2153 aditam
2211 2119 2444 2154 hereditatem

1565 2162 1786 2206 subripuisse
1810 2166 1874 2197 aut
1897 2163 2099 2208 corrupisse
2122 2164 2272 2200 dicetur.

1454 2210 1481 2242 Β
1515 2207 1619 2241 Furti
1643 2207 1812 2243 adversus
1844 2212 1972 2242 nautas
2005 2219 2185 2253 caupones
2217 2210 2443 2245 stabularios.

1451 2256 1478 2287 Β
1513 2252 1551 2287 Si
1574 2252 1709 2287 familia
1732 2252 1865 2287 furtum
1889 2253 2017 2288 fecisse
2041 2253 2190 2288 dicetur.

1383 1949 1409 2105 ΜΥἾἈὲ

1514 2298 1693 2332 Arborum
1717 2297 1838 2332 furtim
1864 2308 2058 2334 caesarum.

1514 2341 1560 2376 Vi
1584 2343 1758 2377 bonorum
1782 2347 1976 2388 raptorum.

1454 2391 1480 2422 Β
1516 2386 1570 2422 ΒΘ
1601 2387 1765 2423 incendio
1795 2388 1899 2424 ruina
1928 2388 2114 2433 naufragio
2149 2393 2227 2425 rate
2262 2399 2351 2426 nave
2382 2400 2442 2425 ex-

1562 2436 1732 2477 pugnata.

1386 2492 1398 2511 ι
1455 2482 1482 2513 Β
1516 2478 1572 2513 ΒΘ
1594 2476 1732 2513 iniuriis
1755 2480 1792 2513 et
1815 2477 1962 2514 famosis
1985 2478 2125 2515 libellis.

1373 2536 1410 2556 ια
1452 2526 1479 2557 Β
1513 2522 1569 2558 ΒΘ
1594 2522 1883 2559 extraordinariis
1907 2523 2122 2559 criminibus.

1359 2571 1411 2611 -ιβ
1453 2572 1481 2603 Β
1515 2567 1571 2602 ΒΘ
1593 2568 1783 2613 sepulchro
1807 2568 1950 2604 violato.

1374 2626 1407 2659 ιγ
1453 2617 1480 2648 Β
1515 2613 1571 2648 ΒΘ
1595 2613 1840 2649 concussione.

1373 2656 1410 2692 ιδ
1452 2662 1478 2692 Β
1512 2658 1568 2693 ΒΘ
1592 2658 1737 2703 abigeis.

1374 2716 1404 2736 ιε
1452 2707 1476 2738 Β
1512 2702 1567 2737 ΒΘ
1590 2703 1906 2747 praevaricatione.

1373 2761 1401 2783 ις
1447 2752 1474 2783 Β
1510 2748 1564 2783 ΒΘ
1587 2749 1882 2793 receptatoribus.

1372 2795 1407 2834 ιζ
1447 2797 1475 2828 Β
1509 2792 1564 2828 ΒΘ
1587 2792 1726 2828 furibus
1751 2793 1953 2829 balneariis.

1371 2851 1407 2881 ιη
1450 2841 1477 2873 Β
1511 2837 1567 2873 ΒΘ
1591 2837 1838 2874 effractoribus
1862 2842 1897 2874 et
1919 2838 2188 2883 expilatoribus.

1373 2883 1418 2917 ιθ·
1450 2887 1478 2919 Β
1511 2882 1702 2928 Expilatae
1713 2883 1930 2918 hereditatis.

1383 2941 1404 2961 κ
1450 2932 1476 2963 Β
1513 2927 1754 2963 Stellionatus.

1358 2987 1404 3006 κα
1451 2977 1478 3008 Β
1512 2973 1591 3008 ΒΘ·1
1618 2973 1766 3009 termino
1791 2976 1899 3008 moto.

1358 3021 1405 3062 κβ
1450 3022 1477 3053 Β
1511 3017 1566 3053 ΒΘ
1591 3018 1680 3054 colle
1705 3018 1726 3026 ''
1770 3017 1902 3053 illicitis
1927 3021 1963 3053 et
1986 3017 2208 3063 corporibus.

1358 3076 1401 3109 κγ
1451 3067 1479 3098 Β
1513 3063 1568 3098 ΒΘ
1590 3074 1662 3108 pop
1703 3063 1825 3098 aribus
1850 3063 2060 3098 actionibus.

1359 3132 1597 3187 Explicitus
1640 3137 1704 3175 est
1746 3132 1853 3175 liber
1896 3145 1950 3175 ΘΧ
1992 3130 2139 3174 ordine
2183 3130 2438 3186 digestorum

1592 3187 1971 3243 quadragensimus
2001 3187 2216 3242 septimus.

1386 2220 1402 2240 ε

1383 2265 1400 2287 ς

1386 2297 1406 2337 ζ

1384 2355 1405 2384 ⁷7

1386 2388 1415 2420 θ’

1357 3321 1423 3345 esse
1446 3311 1578 3344 dicatur
1603 3323 1640 3343 ια
1664 3313 1691 3345 Β
1714 3311 1764 3343 ΒΘ
1784 3311 1839 3343 via
1860 3309 2011 3353 publicat
2035 3310 2120 3343 unde
2143 3312 2268 3344 numeri
2289 3311 2438 3354 deinceps

1571 3357 1615 3398 (6)
1639 3355 1725 3388 liber
1745 3355 1906 3398 exigendo
1926 3355 1958 3388 F
2043 3356 2088 3396 (7)
2113 3354 2152 3388 de
2172 3368 2231 3389 om.
2253 3355 2289 3389 F

1358 3541 1432 3568 ante
1457 3535 1476 3567 l.
1502 3533 1634 3568 XXXX
1639 3535 1673 3568 V
1691 3534 1829 3578 explicit
1849 3533 1936 3567 liber
1952 3534 2076 3566 mxiv
2098 3535 2133 3575 F}
2157 3533 2278 3577 incipit
2299 3532 2358 3566 lib.
2379 3532 2436 3565 xlv

1357 3580 1480 3658 αηῖεᾱῖ.
1497 3579 1682 3658 ΞὲΧΧῨΙ
1703 3624 1823 3667 incipit
1841 3623 1926 3657 liber
1944 3623 2014 3656 xlvi
2035 3625 2113 3657 add.
2134 3624 2185 3658 Γ*

1357 3676 1430 3704 ante
1455 3670 1476 3703 l.
1496 3668 1701 3703 XXXXVH
1721 3682 1779 3703 nec
1797 3670 1988 3712 subscriptio
2009 3681 2109 3712 neque
2130 3669 2298 3712 inscriptio
2319 3668 2354 3704 F

2500 3439 2523 3672 ,xi-1423.³.2÷m'*.1m.
2517 3417 2522 3429 ..
2518 3387 2524 3399 ⁴
2508 3355 2511 3357 ·
2518 3316 2523 3334 n
2520 3288 2523 3302 ,.
2515 3224 2524 3265 ⁴-
2520 3139 2524 3141 .
2504 2992 2525 3120 ⁴.⁴·‘.⁴-'.⁴„
2520 2876 2525 2909 ,μ
2520 2833 2527 2838 .-
2511 2764 2528 2805 ,2²0
2508 2667 2528 2712 Μ’

2498 3711 2513 3730 ³³.
2492 3654 2514 3697 §iz-i
