2528 3918
137 119 198 155 DE
227 118 345 150 LEGE
374 116 496 150 IULIA
527 117 587 148 DE
616 115 804 148 ANNONA

623 229 739 270 XII’.

340 298 403 331 DE
427 297 552 330 LEGE
577 296 706 329 IULIA
730 296 792 328 DE
819 296 1019 329 ANNONA.

187 362 205 400 1
232 363 470 400 MARcmiws
502 365 592 399 libro
623 363 781 398 secundo
813 363 1077 398 institutionum
1133 361 1224 395 Con-

136 409 230 446 stitit
252 409 348 445 inter
370 419 512 445 servum
536 411 572 444 et
591 407 772 443 dominum
790 408 970 449 iudicium,
995 408 1026 442 si
1047 416 1224 442 annonam

138 453 316 499 publicam
339 454 526 490 fraudasse
551 453 647 488 dicat
671 453 862 488 dominum.

184 497 209 536 2
257 499 450 535 ULPJANUS
490 500 580 534 libro
618 510 713 534 mmo
751 499 795 533 de
831 499 958 544 officio
995 496 1226 543 proconsulis

137 545 233 590 Lege
251 545 344 580 Iulia
368 544 412 580 de
436 555 578 579 annona
602 554 719 589 poena
743 545 914 579 statuitur
938 543 1109 578 adversus
1133 551 1224 584 eum,

138 591 199 635 qui
223 595 350 625 contra
373 600 552 625 annonam
575 589 702 624 fecerit
722 591 970 624 sociotatemve
993 587 1129 629 coierit,
1156 597 1225 631 quo

141 640 156 670 1
206 645 349 670 annona
382 635 500 670 carior
529 635 605 669 fiat.
653 635 791 669 Eadem
822 635 898 679 lege
930 633 1149 675 continetur,
1182 641 1227 666 ne

137 681 216 726 quis
241 691 366 716 navem
389 684 579 715 nautamve
598 680 775 715 retincat²
800 683 864 714 aut
883 679 966 714 dolo
987 678 1080 713 malo
1104 677 1225 719 iaciat,

138 729 157 760 2
206 737 275 770 quo
299 726 412 770 magis
437 726 654 769 detineatur,
687 729 724 761 et
746 735 864 770 poena
887 723 1012 769 viginti
1035 733 1226 758 aureorum

137 771 315 807 statuitur.

184 814 234 854 3³
263 816 459 851 PAPJRJUS
485 815 628 851 Josws
655 815 746 851 libro
773 816 894 862 primo
927 815 971 849 de
1003 814 1226 849 constitutio-

138 862 243 897 nibus
288 862 550 907 111111616101661
574 861 779 896 Antoninus
804 864 840 896 et
862 860 979 896 Verus
1003 859 1158 903 Augusti
1189 858 1227 892 iii

137 907 227 942 haec
255 907 365 942 verba
394 907 671 951 rescripserunt:
707 906 863 941 ‘Minime
893 916 1047 950 aequum
1079 907 1134 940 est
1165 903 1226 938 de-

138 952 313 988 ‘curiones
338 952 475 988 civibus
501 952 574 987 suis
597 952 813 987 frumentum
833 951 936 986 vilius
956 961 1062 995 quam
1083 959 1227 984 annona

143 1001 155 1032 1
208 998 329 1042 ‘exigit
351 997 526 1033 vendere'.
572 997 663 1032 Item
693 997 936 1042 scripserunt5
966 997 1023 1030 ius
1051 1006 1124 1030 non
1149 1004 1227 1030 esse

138 1043 254 1078 ordini
284 1042 457 1088 cuiusque
489 1042 641 1078 civitatis
672 1042 825 1087 pretium
859 1041 962 1086 grani
1000 1041 1096 1085 quod
1130 1040 1225 1075 inve-

137 1089 235 1123 nitur
266 1092 435 1124 statuere.
490 1088 574 1123 item
610 1088 648 1122 iii
685 1088 775 1122 haec
807 1088 917 1122 verba
946 1086 1226 1131 rescripserunt:

138 1134 232 1170 ‘Etsi
271 1145 343 1169 non
381 1134 497 1169 solent
532 1133 601 1168 hoc
662 1143 750 1168 enus
788 1132 1022 1167 nuntiationis
1061 1131 1227 1166 mulieres

138 1182 335 1222 ‘exercere,
371 1183 490 1214 tamen
522 1178 606 1223 quia
683 1181 960 1213 monstraturam
991 1181 1027 1212 te
1059 1187 1151 1221 quae
1182 1176 1228 1210 ad

138 1225 339 1260 ‘utilitatem
369 1234 533 1259 annonae
564 1224 744 1269 pertinent
773 1223 972 1269 polliceris,
1005 1222 1227 1267 praefectum

138 1272 315 1306 ‘annonae
339 1270 468 1306 docere
492 1270 619 1314 potes'.

615 1409 712 1447 XIII
723 1406 748 1445 ⁶.

137 1475 199 1509 AD
222 1474 386 1508 LEGEM
410 1474 576 1506 IULIAM
600 1474 865 1507 PEOULATUS
894 1474 954 1506 ET
986 1473 1049 1505 DE
1080 1471 1228 1505 SACRI-

406 1520 543 1552 LEGIS
568 1520 627 1552 ET
651 1520 713 1552 DE
737 1519 958 1551 RESIDUIS.

188 1586 206 1623 1
241 1585 436 1622 Uimzws
457 1586 548 1622 libro
573 1585 878 1631 quadraqensimo
904 1589 1035 1630 quarto
1060 1584 1109 1619 ad
1127 1582 1228 1619 Sabi-

139 1643 224 1667 num
270 1632 366 1676 Lege
388 1631 482 1666 Iulia
505 1632 691 1676 peculatus
717 1634 879 1672 cavetur,
911 1641 957 1665 ne
988 1629 1068 1675 quis
1099 1639 1144 1664 ex
1166 1638 1228 1673 pe-

139 1677 246 1712 cunia
277 1687 383 1712 sacra
410 1677 577 1721 religiosa
608 1676 796 1722 publicave
826 1674 968 1711 auferat
999 1685 1088 1710 neve
1118 1673 1229 1709 inter-

140 1723 250 1767 cipiat
273 1732 360 1758 neve
383 1722 420 1757 in
444 1733 519 1757 rem
543 1733 646 1757 suam
669 1725 785 1756 vertat
806 1731 893 1756 neve
914 1720 1034 1764 faciat,
1061 1730 1129 1765 quo
1150 1719 1229 1764 quis

139 1768 282 1803 auferat
312 1767 516 1813 intercipiat
542 1768 598 1802 vel
621 1768 659 1802 in
682 1777 757 1802 rem
782 1777 883 1801 suam
906 1769 1040 1809 vertat,
1074 1765 1144 1800 nisi
1172 1764 1230 1800 cui

139 1813 262 1858 utique
293 1814 369 1858 lege
400 1813 541 1848 licebit:
580 1822 667 1847 neve
706 1812 783 1857 quis
815 1812 853 1846 in
884 1822 1012 1846 aurum
1043 1814 1229 1855 argentum

139 1869 200 1894 aes
224 1858 408 1904 publicum
432 1858 516 1903 quid
540 1858 664 1892 indat⁷
696 1867 784 1892 neve
815 1857 1014 1892 immisceat
1044 1866 1133 1891 neve
1158 1866 1229 1900 quo

140 1904 225 1949 quid
259 1904 404 1939 indatur
439 1904 681 1939 immisceatur
717 1903 829 1938 faciat
860 1903 977 1938 sciens
1009 1902 1090 1938 dolo
1122 1902 1229 1943 malo,

140 1960 209 1994 quo
233 1949 271 1984 id
293 1949 396 1994 peius
419 1949 494 1983 fiat.

185 1992 211 2031 2
236 1994 394 2030 Pieros
415 1995 506 2030 libro
527 1993 714 2029 undecimo
739 1993 788 2028 ad
805 1993 979 2028 Sabinum
1026 1993 1122 2037 Lege
1139 1992 1231 2027 Iulia

140 2040 184 2075 de
207 2040 359 2076 residuis
385 2044 542 2081 tenetur,
575 2039 635 2083 qui
665 2039 846 2084 publicam
875 2038 1065 2084 pecuniam
1090 2038 1230 2082 delega-

139 2089 214 2120 tam
250 2085 288 2120 in
322 2096 427 2121 usum
458 2085 612 2130 aliquem
641 2084 789 2120 retinuit
819 2094 934 2129 neque
965 2084 1002 2118 in
1032 2094 1112 2119 euin
1146 2094 1230 2118 con-

140 2141 218 2166 sum
245 2131 302 2166 sit.

187 2141 439 2214 3PULP1ANUS
467 2176 558 2211 libro
576 2176 700 2221 primo
733 2175 776 2210 de
801 2174 992 2210 adulteriis
1036 2174 1231 2209 Peculatus

140 2231 258 2267 poena
281 2231 396 2266 aquae
420 2224 457 2256 et
479 2221 570 2266 ignis
593 2220 896 2261 interdictionem,
930 2220 967 2254 in
996 2230 1102 2265 quam
1126 2219 1232 2254 hodie

141 2267 316 2302 successit
351 2266 570 2311 deportatio,
612 2266 781 2301 continet.
837 2276 947 2311 porro
987 2265 1047 2310 qui
1081 2265 1119 2299 in
1150 2275 1232 2300 eum

141 2315 275 2347 statum
298 2311 504 2355 deducitur,
537 2312 630 2347 sicut
660 2312 778 2347 omnia
805 2311 956 2356 pristina
986 2311 1083 2354 iura,
1114 2311 1165 2345 ita
1196 2314 1232 2345 et

141 2358 238 2393 bona
262 2357 402 2392 amittit.

187 2402 213 2439 4
245 2402 480 2438 MARGJANUS
515 2402 606 2437 libro
637 2405 768 2447 quarto
800 2401 936 2438 decimo
967 2402 1230 2437 institutionum

141 2448 236 2493 Lege
260 2448 352 2483 Iulia
382 2447 570 2493 peculatus
600 2451 761 2491 tenetur,
794 2447 854 2492 qui
878 2447 1066 2492 pecuniam
1091 2457 1231 2482 sacram

145 2497 156 2528 1
209 2493 410 2538 religiosam
433 2492 622 2528 abstulerit
645 2493 882 2537 interceperit.
925 2492 995 2528 Sed
1013 2496 1050 2528 et
1070 2492 1100 2527 si
1119 2491 1230 2527 dona-

140 2542 217 2574 tum
242 2539 307 2574 deo
332 2538 524 2574 immortali
547 2538 753 2581 abstulerit,
778 2538 966 2583 peculatus
990 2547 1109 2583 poena
1132 2541 1231 2572 tene-

141 2587 161 2619 2
209 2589 278 2619 tur.
331 2584 513 2619 Mandatis
544 2587 663 2617 autem
694 2588 840 2618 cavetur
870 2583 914 2618 de
945 2583 1157 2628 sacrilegiis,
1191 2586 1232 2617 ut

140 2628 324 2674 praesides
341 2629 535 2673 sacrilegos
556 2629 715 2663 latrones
739 2629 932 2674 plagiarios
958 2629 1172 2673 conquirant
1197 2631 1232 2663 et

141 2678 192 2718 ut,
216 2678 325 2719 prout
349 2675 497 2719 quisque
523 2673 726 2718 deliquerit,
759 2674 797 2708 in
829 2684 909 2709 eum
934 2673 1228 2709 animadvertant.

142 2723 179 2754 et
215 2720 267 2754 sic
303 2718 619 2755 constitutionibus
657 2723 820 2762 cavetur,
861 2724 902 2754 ut
934 2719 1098 2764 sacrilegi
1130 2723 1232 2754 extra

143 2764 302 2800 ordinem
327 2764 432 2809 digna
455 2774 572 2809 poena
595 2764 801 2809 puniantur.

189 2808 213 2847 5
239 2809 290 2853 (4,
316 2812 350 2852 3)
373 2809 479 2844 IDEM
513 2810 603 2845 libro
636 2814 766 2855 quarto
799 2810 959 2845 decimoss
1013 2809 1109 2854 Lege
1140 2810 1231 2844 Iulia

144 2855 188 2890 de
226 2854 378 2890 residuis
417 2858 560 2890 tenetur
595 2854 646 2896 is,
687 2855 785 2900 apud
823 2866 928 2900 quem
966 2866 1010 2890 ex
1041 2855 1229 2897 locatione,

143 2901 338 2945 emptione,
364 2900 587 2935 alimentaria
610 2900 766 2944 ratione,
793 2910 836 2935 ex
860 2901 1015 2946 pecunia
1040 2911 1146 2944 quam
1170 2910 1229 2935 ac-

143 2946 262 2991 cepit⁹
302 2945 416 2980 aliave
458 2955 530 2990 qua
568 2956 679 2981 causa
713 2946 867 2991 pecunia
902 2946 1048 2991 publica
1087 2946 1228 2981 resedit.

146 2995 160 3025 1
188 2994 236 3034 (4)
284 2990 354 3025 Sed
377 2994 413 3026 et
437 2991 497 3035 qui
519 2991 699 3035 publicam
718 2991 907 3035 pecuniam
926 2992 962 3025 in
982 3002 1052 3026 usu
1072 2991 1191 3035 aliquo
1204 2992 1232 3012 ¹⁰

144 3040 328 3082 acceptam
351 3035 538 3071 retinuerit
561 3046 626 3071 1166
651 3037 858 3081 erogaverit,
883 3037 953 3071 hac
977 3037 1054 3081 lege
1077 3040 1230 3071 tenetur.

144 3084 164 3116 2
189 3084 237 3125 (5)
284 3081 363 3126 Qua
386 3081 461 3125 lege
486 3081 673 3116 damnatus
694 3092 750 3116 am
776 3082 845 3117 lius
868 3082 975 3117 tertia
998 3085 1102 3126 parte
1126 3092 1232 3126 quam

144 3130 163 3162 :3
189 3129 238 3170 (6)
285 3127 391 3162 debet
420 3127 578 3172 punitur.
626 3126 708 3162 Non
739 3093 780 3161 iil:
809 3127 910 3163 locus
935 3127 1139 3171 religiosus,
1170 3127 1231 3161 ubi

143 3173 357 3207 thensaurus
380 3172 612 3207 invenitur¹¹:
644 3182 726 3206 116111
751 3176 786 3207 et
809 3172 840 3208 si
863 3173 900 3207 111
924 3176 1152 3207 monumento
1177 3172 1231 3206 in-

144 3221 270 3253 ventus
298 3218 425 3261 fuerit,
457 3227 530 3252 non
555 3217 656 3262 quasi
686 3217 873 3262 religiosus
887 3219 914 3238 ¹2
938 3218 1085 3253 tollitur.
1136 3217 1232 3262 quod

144 3263 237 3298 enim
265 3263 415 3308 sepelire
439 3263 519 3308 quis
549 3262 774 3307 prohibetur,
810 3263 847 3298 id
878 3263 1081 3307 religiosum
1112 3262 1232 3297 facere

144 3318 217 3343 non
248 3311 382 3353 potest:
423 3313 462 3343 at
490 3308 644 3353 pecunia
675 3307 818 3352 sepeliri
848 3319 921 3343 non
952 3311 1091 3354 potest,
1125 3311 1166 3342 ut
1197 3311 1233 3343 et

144 3357 165 3388 4
189 3355 238 3398 (ἵ)
283 3353 460 3389 mandatis
490 3352 750 3399 principalibus
774 3357 930 3388 cavetur.
980 3353 1050 3389 Sed
1073 3357 1110 3389 et
1133 3353 1164 3389 si
1189 3353 1233 3388 de

190 3469 230 3509 (1)
256 3468 336 3501 Sab.
350 3476 375 3502 1.
389 3476 422 3507 2;
448 3469 513 3502 Ed.
528 3477 553 3503 3.
566 3488 612 3492 -—
633 3469 714 3501 Bas.
729 3469 783 3508 60,
798 3475 832 3500 44

145 3515 189 3555 (3)
215 3515 257 3557 cf
273 3515 318 3546 D.
334 3516 389 3555 50,
411 3522 434 3555 i,
456 3522 472 3548 s
573 3515 616 3556 (4)
642 3513 848 3555 imperatorii
869 3514 902 3544 F

145 3561 226 3591 runt
242 3560 314 3592 edd.

193 3606 236 3646 (6)
261 3604 342 3638 Sab.
363 3611 462 3642 1...12;
489 3604 553 3636 Ed.
576 3611 693 3641 13...15;
722 3603 805 3646 Pap.
828 3611 870 3636 ic.
891 3621 936 3628 —
959 3604 1042 3636 Bas.
1059 3605 1112 3644 60,
1126 3611 1171 3636 45.
1189 3620 1234 3626 ——

150 3650 200 3692 Cf:
218 3649 296 3683 Cod.
310 3650 342 3690 9,
364 3656 410 3683 28.
434 3656 469 3682 29
585 3650 629 3690 (7)
655 3648 750 3680 iudet
768 3649 801 3680 F
909 3649 955 3690 (8)
979 3649 1076 3682 inser.
1098 3649 1160 3681 del.
1181 3646 1234 3680 F¹³

147 3698 192 3735 (9)
216 3694 305 3737 apud
320 3704 417 3736 quem
434 3704 471 3726 ex
488 3694 631 3736 pecunia
647 3704 746 3736 quam
762 3693 890 3736 accepit
906 3700 952 3726 ex*-
962 3691 1129 3726 locatione
1144 3702 1234 3735 emp-

146 3740 237 3773 tione
254 3739 463 3783 alimentaria
479 3739 607 3772 ratione
623 3752 684 3772 scr.
791 3741 851 3780 (10)
875 3739 912 3771 in
928 3748 1008 3771 usus
1024 3739 1154 3779 aliquos
1170 3750 1231 3771 scr.

933 3469 977 3509 (2)
1003 3467 1151 3501 detineat
1170 3479 1233 3500 scr.

991 3516 1034 3555 (5)
1059 3512 1233 3555 rescripse-

1219 97 1301 144 807

1927 103 2199 147 XXXXVIII
2235 105 2296 146 12.
2327 106 2375 145 13

1293 235 1332 260 re
1357 224 1510 260 civitatis
1533 223 1667 268 aliquid
1690 224 1916 271 subripiat¹³,
1942 228 2255 263 constitutionibus
2281 227 2376 273 prin-

1294 270 1412 316 cipum
1438 270 1599 304 divorum
1623 269 1770 320 Traiani
1801 276 1837 305 et
1860 272 2032 307 Hadriani
2063 278 2210 309 cavetur
2232 274 2376 318 pecula-

1293 319 1352 350 tus
1379 315 1511 351 crimen
1536 315 1724 349 committi:
1757 319 1792 350 et
1815 316 1883 352 hoc
1907 317 1984 352 iure
2009 318 2150 353 utimur.

1341 359 1366 397 6
1391 359 1444 403 (5)
1470 359 1576 394 IDEM
1604 360 1693 393 libro
1720 362 1843 404 quinto
1867 364 2074 408 requlurum
2122 364 2202 398 Divi
2228 365 2378 398 Severus

1294 410 1331 441 et
1349 406 1553 440 Antoninus
1572 404 1695 439 Cassio
1718 406 1825 440 Festo
1849 408 2120 452 rescripserunt,
2146 420 2203 444 res
2223 410 2378 454 privato-

1295 463 1375 486 rum
1399 451 1428 486 si
1453 451 1490 485 in
1514 450 1638 484 aedem
1659 460 1798 484 sacram
1823 451 2003 496 depositae
2025 456 2215 499 subreptae
2238 455 2378 497 fuerint,

1294 496 1381 531 furti
1406 496 1600 537 actionem,
1624 505 1697 529 non
1722 496 1896 540 sacrilegii
1920 508 2008 533 esse.

1342 539 1364 577 7
1391 539 1444 583 (6)
1482 540 1676 576 ULPJANUS
1705 540 1794 575 libro
1827 552 1864 575 se
1894 544 1976 577 timo
2001 543 2045 577 de
2068 544 2193 588 officio
2223 556 2377 590 procon-

1295 588 1384 622 sutis
1432 585 1615 629 Sacrilegii
1638 595 1791 630 poenam
1815 586 1858 621 de
1885 587 1958 621 ebit
1989 589 2179 640 proconsul
2203 600 2267 633 pro
2294 600 2380 634 (1116-

1295 632 1395 667 litate
1420 641 1596 677 personae
1627 641 1765 675 proque
1788 631 1840 666 rei
1865 633 2071 668 condicione
2094 639 2130 669 et
2153 635 2321 678 temporis
2347 639 2382 669 et

1295 678 1423 712 aetatis
1448 681 1483 711 et
1515 686 1621 712 sexus
1645 676 1701 711 vel
1726 676 1881 712 severius
1906 678 1959 712 vel
1984 679 2188 714 clementius
2212 684 2380 714 statuere.

1296 727 1331 758 et
1363 723 1436 757 scio
1472 722 1605 757 multos
1636 725 1673 756 et
1704 721 1750 756 ad
1789 722 1922 756 bestias
1961 723 2148 759 damnasse
2180 725 2380 768 sacrilegos,

1296 768 1487 803 nonnullos
1512 766 1620 802 etiam
1643 767 1740 802 vivos
1773 767 1969 810 exussisse,
2001 769 2090 804 alios
2113 780 2196 804 vero
2220 770 2256 803 in
2280 769 2383 804 furca

1296 812 1536 858 suspendisse.
1586 811 1649 847 sed
1684 811 1903 847 moderanda
1941 823 2056 857 poena
2092 819 2147 849 est
2185 825 2298 859 usque
2338 815 2383 848 ad

1296 859 1492 893 bestiarum
1515 857 1779 892 damnationem
1802 867 1934 901 eorum,
1960 859 2020 902 (1111
2044 869 2151 893 11161111
2174 860 2271 894 facta
2294 864 2381 894 tem-

1296 905 1394 949 plum
1425 903 1642 947 effregerunt
1673 907 1709 938 et
1740 902 1835 937 dona
1865 903 1922 937 dei
1959 904 2035 937 11114
2068 909 2177 939 noctu
2213 906 2381 939 tulerunt.

1297 953 1453 984 ceterum
1485 950 1515 983 si
1546 948 1607 992 qui
1630 948 1786 983 interdiu
1818 948 1997 983 modicum
2029 949 2161 994 aliquid
2187 949 2230 984 de
2252 950 2383 994 templo

1296 995 1389 1037 tulit,
1415 1004 1532 1039 poena
1553 994 1686 1028 metalli
1706 994 1923 1028 coercendus
1945 998 2009 1035 est,
2035 1000 2107 1035 aut,
2133 994 2164 1029 si
2182 995 2384 1030 honestiore

1295 1041 1376 1075 1060
1402 1043 1507 1074 natus
1533 1039 1589 1082 sit,
1615 1038 1858 1083 deportandus
1874 1041 1900 1060 ¹⁵
1922 1039 1958 1073 in
1982 1039 2135 1074 insulam
2158 1044 2222 1075 est.

1344 1082 1368 1122 8
1395 1083 1445 1128 (6,
1478 1088 1505 1126 1)
1531 1084 1638 1119 IDEM
1667 1085 1758 1119 libro
1783 1085 1928 1119 ειπίεγηΒ
1975 1084 2053 1128 Qui,
2079 1096 2159 1119 611111
2183 1085 2219 1119 111
2243 1088 2385 1120 moneta

1297 1130 1443 1175 publica
1475 1134 1725 1174 operarentur,
1759 1129 1980 1164 extrinsecus
2011 1129 2078 1165 sibi
2109 1130 2250 1173 signant
2276 1140 2383 1174 pecu-

1297 1176 1393 1211 niam
1424 1175 1540 1210 forma
1572 1175 1715 1220 publica
1747 1174 1802 1209 vel
1834 1174 2009 1219 signatam
2040 1175 2222 1217 furantur,
2256 1176 2291 1209 hi
2315 1186 2385 1209 non

1297 1222 1462 1256 videntur
1482 1220 1718 1255 adulterinam
1735 1224 1916 1255 monetam
1933 1221 2146 1263 exercuisse,
2172 1220 2235 1255 sed
2253 1220 2386 1254 furtum

1297 1267 1465 1312 publicae
1489 1270 1653 1301 monetae
1676 1265 1823 1308 fecisse,
1856 1265 1951 1310 quod
1975 1266 2021 1300 ad
2044 1266 2230 1310 peculatus
2256 1266 2387 1300 crimen

1301 1316 1314 1346 1
1343 1315 1390 1354 (2)
1439 1311 1578 1347 accedit
1592 1312 1630 1345 ¹⁶.
1687 1311 1724 1345 Si
1764 1311 1844 1355 quis
1888 1321 1932 1346 ex
1975 1311 2127 1346 metallis
2166 1310 2386 1346 Caesarianis

1299 1368 1425 1392 aurum
1450 1361 1680 1401 argentumve
1703 1356 1846 1391 furatus
1869 1356 1998 1397 fuerit,
2034 1367 2077 1391 ex
2100 1356 2215 1391 edicto
2241 1356 2311 1390 divi
2333 1356 2387 1390 Pii

1299 1403 1406 1438 exilio
1430 1403 1486 1437 vel
1510 1402 1676 1444 metallo,
1709 1406 1818 1446 prout
1842 1401 1994 1446 dignitas
2019 1412 2203 1446 personae,
2229 1401 2386 1446 punitur.

1297 1449 1328 1483 is
1352 1452 1492 1489 autem,
1518 1448 1579 1492 qui
1602 1447 1739 1482 furanti
1763 1447 1880 1482 sinum
1903 1447 2085 1491 praebuit,
2109 1447 2256 1492 perinde
2279 1446 2388 1480 habe-

1297 1497 1374 1535 tur,
1408 1497 1517 1538 atque
1542 1493 1572 1528 si
1595 1492 1776 1528 manifesti
1800 1492 1888 1527 furti
1920 1492 2176 1527 condemnatus
2207 1495 2319 1533 esset,
2354 1492 2392 1526 et

1298 1539 1458 1574 famosus
1483 1538 1648 1574 efficitur.
1696 1538 1758 1582 qui
1788 1541 1907 1573 autem
1931 1547 2058 1572 aurum
2090 1547 2133 1573 ex
2156 1537 2300 1573 metallo
2326 1537 2388 1571 ha-

1299 1585 1418 1619 buerit
1441 1584 1565 1619 illicite
1591 1587 1626 1619 et
1649 1583 1874 1626 conflaverit,
1899 1583 1936 1617 in
1961 1583 2199 1628 quadruplum
2224 1582 2389 1618 condem-

1299 1633 1416 1665 natur.

1346 1672 1371 1712 9
1397 1674 1450 1718 (7)
1480 1674 1709 1709 VENULEJUS
1730 1673 1982 1709 SATURNJNUS
2002 1673 2092 1708 libro
2117 1673 2273 1708 secundo
2298 1672 2394 1707 iudi-

1300 1721 1437 1756 ciorum
1489 1720 1688 1755 ubticorum
1723 1719 1918 1754 Peculatus
1939 1718 2071 1753 crimen
2089 1721 2172 1753 ante
2193 1718 2389 1763 quinquen-

1299 1766 1397 1801 nium
1422 1775 1443 1800 a
1470 1765 1618 1800 missum
1643 1765 1738 1800 obici
1762 1775 1835 1799 non
1859 1767 2011 1809 oportet.

1349 1810 1399 1848 10
1415 1808 1469 1853 (8)
1493 1810 1602 1846 IDEM
1619 1821 1669 1845 ex
1693 1810 1784 1846 libro
1803 1811 1907 1844 tertio
1925 1810 2140 1845 iudiciorum
2157 1808 2389 1855 publicorum

1300 1856 1369 1901 Qui
1398 1856 1559 1891 tabulam
1591 1866 1733 1891 aeream
1762 1855 1890 1900 legis¹⁷
1919 1854 2113 1890 formamve
2137 1864 2303 1899 agrorum
2328 1857 2391 1888 aut

1300 1902 1385 1946 quid
1410 1901 1506 1937 aliud
1530 1901 1770 1936 continentem
1793 1900 1952 1935 refixerit
1975 1900 2030 1936 vel
2055 1899 2138 1945 quid
2160 1899 2242 1934 inde
2265 1898 2390 1933 immu-

1304 1951 1318 1981 1
1369 1947 1510 1990 taverit,
1536 1947 1612 1991 lege
1635 1947 1727 1982 Iulia
1749 1946 1939 1991 peculatus
1963 1949 2115 1981 tenetur.
2154 1944 2291 1979 Eadem
2315 1944 2391 1988 lege

1301 1996 1454 2073 genetur,
1480 1992 1540 2037 qui
1564 1992 1650 2037 quid
1672 1992 1710 2027 in
1732 1991 1866 2027 tabulis
1890 1991 2043 2036 publicis
2068 1989 2236 2027 deleverit
2258 1989 2314 2024 vel
2336 1989 2390 2024 in-

1325 2038 1454 2073 uxerit.
2306 2062 2308 2064 ,

1350 2082 1397 2120 11
1427 2081 1480 2126 (9)
1505 2082 1666 2118 PAULUS
1686 2082 1778 2118 libro
1801 2082 1985 2129 sinqulari
2006 2082 2050 2117 (le
2074 2081 2216 2116 iudiciis
2234 2080 2392 2127 publicis

1305 2134 1317 2163 1
1370 2129 1542 2173 Sacrilegi
1566 2128 1685 2173 capite
1709 2128 1919 2173 puniuntur.
1958 2127 2048 2163 Sunt
2072 2129 2192 2162 autem
2217 2125 2390 2170 sacrilegi,

1301 2174 1362 2219 qui
1379 2175 1526 2219 publica
1547 2184 1653 2210 sacra
1673 2173 1964 2218 compilaverunt.
1991 2176 2030 2208 at
2050 2172 2111 2217 qui
2130 2172 2269 2216 privata
2289 2181 2392 2206 sacra

1300 2220 1353 2255 vel
1367 2220 1550 2255 aediculas
1568 2219 1805 2254 incustoditas
1822 2221 2096 2264 temptaverunt,
2119 2217 2270 2261 amplius
2286 2226 2391 2261 quam

1299 2265 1417 2307 fures,
1451 2265 1568 2300 minus
1602 2275 1708 2309 quam
1731 2265 1896 2309 sacrilegi
1920 2267 2110 2299 merentur.
2160 2272 2271 2306 quare
2296 2262 2390 2306 quod

1301 2321 1444 2346 sacrum
1469 2310 1608 2355 quodve
1633 2310 1827 2345 admissum
1857 2310 1894 2344 in
1918 2309 2093 2353 sacrilegii
2118 2308 2250 2343 crimen
2275 2306 2389 2349 cadat,

1303 2360 1322 2391 2
1370 2356 1558 2401 diligenter
1591 2355 1892 2391 considerandum
1929 2359 1994 2390 est.
2049 2354 2171 2388 Labeo
2204 2353 2294 2387 libro
2327 2352 2390 2386 tri-

1299 2401 1458 2446 gensimo
1482 2404 1609 2436 octavo
1633 2401 1873 2446 posteriorum
1904 2400 2110 2445 peculatum
2135 2398 2258 2433 definit
2281 2407 2389 2442 pecu-

1300 2447 1382 2482 niae
1406 2446 1575 2493 publicae
1604 2449 1668 2481 aut
1691 2456 1816 2482 sacrae
1845 2445 1982 2481 furtum
2007 2455 2077 2480 non
2108 2444 2153 2478 ab
2178 2453 2220 2478 eo
2243 2442 2390 2484 factum,

1302 2493 1403 2527 cuius
1428 2492 1590 2537 periculo
1614 2491 1695 2534 fuit,
1721 2495 1756 2526 et
1779 2492 1858 2527 ideo
1884 2490 2066 2526 aedituum
2090 2489 2127 2523 in
2151 2489 2217 2531 his,
2243 2497 2335 2533 quae
2359 2487 2391 2522 ei

1302 2541 1320 2572 3
1369 2538 1502 2572 tradita
1532 2541 1633 2579 sunt,
1666 2537 1874 2581 peculatum
1906 2547 1978 2571 non
2009 2534 2207 2570 admittere.
2255 2532 2391 2567 Eodem

1302 2593 1344 2618 ca
1370 2582 1419 2618 ite
1443 2582 1592 2617 inferius
1613 2582 1738 2617 scribit
1761 2593 1835 2618 non
1853 2582 1968 2617 solum
1990 2579 2179 2625 pecuniam
2197 2578 2389 2624 publicam,

1301 2639 1339 2664 se
1389 2628 1496 2663 etiam
1518 2628 1697 2672 privatam
1721 2627 1856 2663 crimen
1878 2626 2066 2672 peculatus
2090 2625 2224 2668 facere,
2258 2624 2287 2658 si
2312 2623 2390 2667 quis

1302 2673 1397 2718 quod
1426 2672 1514 2710 fisco
1548 2673 1699 2709 debetur
1730 2673 1900 2708 simulans
1925 2683 1964 2707 se
1991 2671 2071 2706 fisci
2096 2670 2305 2705 creditorem
2330 2678 2388 2703 ac-

1301 2723 1322 2754 4
1371 2719 1477 2764 cepit,
1503 2718 1663 2763 quamvis
1683 2718 1859 2763 privatam
1877 2717 2067 2770 pecuniam
2087 2714 2322 2750 abstuleritffl.
2355 2712 2390 2764 Is

1301 2768 1437 2807 autem,
1472 2765 1532 2808 qui
1564 2764 1754 2808 pecuniam
1782 2762 2015 2798 traiciendam
2047 2760 2205 2805 suscepit
2234 2760 2290 2794 vel
2314 2769 2389 2803 qui-

1300 2810 1389 2845 libet
1412 2810 1515 2852 alius,
1542 2809 1588 2844 ad
1613 2809 1715 2844 cuius
1739 2808 1937 2854 periculum
1962 2807 2116 2852 pecunia
2139 2805 2303 2850 pertinet,
2328 2814 2389 2848 pe-

1302 2859 1320 2890 5
1370 2855 1527 2890 culatum
1549 2865 1621 2889 non
1643 2854 1842 2889 committit.
1880 2853 2031 2888 Senatus
2056 2852 2159 2886 iussit
2182 2851 2257 2894 lege
2280 2859 2390 2894 pecu-

1301 2901 1396 2935 latus
1419 2900 1533 2935 teneri
1559 2910 1630 2941 eos,
1657 2900 1717 2943 qui
1739 2898 1878 2934 iniussu
1898 2898 1984 2941 eius,
2010 2898 2070 2942 qui
2094 2896 2127 2932 ei
2149 2896 2201 2931 rei
2224 2894 2388 2939 praeerit,

1301 2946 1507 2981 tabularum
1545 2945 1772 2990 publicarum
1805 2943 2106 2988 inspiciendarum
2139 2939 2388 2991 describenda-

1302 2994 1322 3026 6
1368 3001 1518 3035 rumque
1536 2994 1751 3035 potestatem
1764 2989 1963 3024 fecerintffl.
1995 2988 2100 3028 Eum,
2123 2986 2182 3030 qui
2203 2992 2388 3035 pecuniam

1326 3036 1482 3071 ublicam
1492 3037 1524 3056 2⁰
1547 3036 1583 3069 in
1608 3046 1695 3070 usus
1721 3035 1860 3079 aliquos
1885 3033 2069 3069 retinuerit
2092 3042 2158 3066 nec
2183 3032 2388 3073 erogaverit,

1328 3092 1371 3116 ac
1395 3081 1472 3125 lege
1495 3080 1610 3115 teneri
1631 3080 1754 3115 Labeo
1779 3081 1871 3115 libro
1894 3078 2096 3123 trigensimo
2119 3079 2244 3111 octavo
2268 3077 2387 3125 poste-

1301 3127 1436 3161 riorum
1461 3125 1616 3170 scripsit.
1641 3136 1722 3160 cum
1747 3135 1788 3160 eo
1813 3128 1943 3164 autem,
1969 3122 2039 3167 qui,
2065 3121 2182 3157 cum2¹
2207 3119 2388 3170 provincia

1302 3172 1436 3214 abiret,
1469 3171 1676 3215 pecuniam,
1703 3180 1795 3215 quae
1818 3180 1927 3214 penes
1952 3178 1990 3203 se
2015 3170 2118 3207 esset,
2143 3165 2188 3199 ad
2212 3173 2388 3215 aerarium

1301 3216 1487 3262 professus
1526 3215 1730 3258 retinuerit,
1779 3226 1852 3250 non
1893 3224 1970 3249 esse
2014 3211 2179 3247 residuae
2215 3218 2388 3253 pecuniae

1302 3262 1496 3303 actionem,
1527 3261 1611 3305 quia
1642 3271 1722 3296 eam
1745 3260 1905 3305 privatus
1929 3258 2016 3293 fisco
2041 3255 2218 3307 debeat22,
2249 3257 2293 3305 et·
2307 3252 2388 3287 ideo

1302 3308 1394 3342 inter
1419 3306 1596 3341 debitores
1622 3316 1703 3341 eum
1727 3305 1828 3341 ferri:
1854 3313 2003 3348 eamque
2026 3302 2071 3336 ab
2096 3311 2138 3336 6ο
2161 3310 2210 3343 16,
2236 3309 2295 3343 (1111
2319 3298 2386 3332 1106

1301 3351 1450 3397 imperio
1481 3352 1610 3395 utitur,
1643 3352 1800 3396 exigeret
1809 3350 1850 3393 ²³,
1889 3349 1926 3383 id
1958 3350 2012 3383 est
2042 3346 2168 3391 pignus
2202 3343 2386 3389 capiendo.

1304 3466 1360 3507 (11)
1384 3476 1452 3498 non
1476 3465 1515 3498 fit
1536 3465 1611 3498 loco
1635 3465 1695 3497 ubi
1718 3463 1892 3496 invenitur
1919 3459 2094 3502 religiosus
2123 3458 2297 3491 thesaurus
2325 3469 2386 3490 scr.

1304 3514 1363 3553 (12)
1388 3522 1456 3543 11011
1474 3513 1533 3545 ins.
1636 3513 1694 3552 (13)
1719 3508 1924 3550 subripiatur
1940 3507 2013 3539 edd.
2120 3508 2179 3545 (14)
2203 3504 2255 3535 dei
2273 3504 2307 3534 in
2329 3502 2388 3541 1⁸¹,

1304 3556 1357 3588 dei
1375 3555 1439 3597 ΙΝ,
1456 3556 1534 3589 111(16
1551 3569 1613 3589 scr.
1738 3554 1797 3594 (15)
1820 3553 1849 3584 is
1865 3554 1926 3584 ins.
1944 3550 1995 3583 F²
2116 3550 2177 3590 (16)
2201 3547 2322 3580 accidit
2338 3547 2389 3578 F2

1304 3603 1363 3643 (17)
1386 3600 1476 3643 leges
1501 3602 1529 3634 S
1682 3601 1742 3640 (18)
1766 3596 1927 3630 abtulerit
1949 3595 1984 3627 F
2136 3595 2198 3636 (19)
2223 3592 2339 3625 feccrit
2364 3592 2392 3623 ,F

1304 3648 1369 3688 (20)
1393 3649 1560 3689 acceptam
1578 3646 1636 3678 ins.
1736 3643 1796 3683 (21)
1820 3642 1855 3673 111
1875 3642 1933 3675 ins.
1949 3640 1998 3673 ΙΝ
2098 3640 2161 3681 (22)
2185 3637 2323 3670 debebat
2338 3637 2369 3668 F
2376 3636 2389 3655 ²

1304 3693 1366 3733 (23)
1392 3692 1502 3733 exiget
1519 3692 1591 3724 edd.
