2528 3918
170 100 360 144 XXVIII
389 102 416 144 2

168 223 265 259 hunc
289 232 411 258 casum
437 220 606 263 nascitur,
630 219 692 266 qui
714 230 787 256 non
810 224 865 257 est
887 224 1100 257 testamento
1125 220 1254 266 adpre-

168 268 312 304 hensus.

218 310 263 349 11
293 311 348 347 ΡΑ
358 320 452 347 vsvs
480 310 572 346 libro
602 309 761 347 seeundo
795 310 846 346 ad
875 310 1049 347 Sabinum
1102 309 1145 345 In
1179 308 1254 345 suis

168 356 357 392 heredibus
382 355 581 391 evidentius
604 358 755 401 apparet
786 355 1088 396 continuationem
1111 353 1254 389 dominii

168 411 210 436 eo
234 410 309 436 rem
357 400 540 442 erducere,
564 404 606 435 ut
628 400 726 436 nulla
748 400 909 436 videatur
931 399 1108 435 hereditas
1132 398 1254 442 fuisse,

168 445 270 491 quasi
303 455 324 481 o
353 456 386 480 m
418 445 455 480 hi
487 444 620 480 domini
651 450 790 488 essent,
821 445 880 490 qui
913 445 1018 479 etiam
1051 444 1128 496 vivo
1151 447 1255 496 patre

192 489 427 526 uodammodo
452 489 584 525 domini
608 490 863 526 existimantur.
911 489 1006 524 unde
1030 492 1136 524 etiam
1159 488 1254 524 filius

183 535 321 570 amilias
344 534 546 580 appellatur
556 535 650 571 sicut
672 539 774 580 pater
784 534 950 577 familias,
974 533 1052 569 sola
1075 537 1162 569 nota
1184 533 1254 569 hac

166 579 317 622 adiecta,
342 589 408 625 per
430 589 538 625 quam
561 579 790 625 distinguitur
811 579 950 624 genitor
972 579 1018 614 ab
1043 588 1084 614 eo
1133 578 1171 614 ui
1193 588 1253 623 ge-

166 624 262 660 nitus
286 625 344 660 sit.
391 624 513 670 itaque
534 629 618 671 post
639 629 788 661 mortem
800 623 913 669 patris
938 623 1046 659 nonh
1133 623 1254 659 'tatem

166 669 350 715 percipere
372 669 555 712 videntur,
596 669 660 705 sed
684 670 794 714 magis
819 669 966 704 liberam
990 668 1165 703 bonorum
1189 667 1253 704 ad-

165 714 460 750 ministrationem
473 717 748 760 consequuntur.
795 713 864 749 hac
887 723 930 749 ex
943 723 1053 749 causa
1075 713 1160 748 licet
1182 723 1253 748 non

166 758 238 794 sint
260 758 407 795 heredes
430 759 595 799 instituti,
619 759 749 795 domini
775 762 876 794 sunt:
900 768 967 794 nec
990 758 1122 800 obstat,
1158 757 1253 803 quod

165 803 250 839 licet
273 814 336 840 eos
360 803 587 847 exheredare,
611 804 728 850 quod¹
754 808 790 838 et
812 803 975 839 occidere
998 802 1139 838 licebat.

216 846 266 886 12
297 848 493 885 ΗιΡΙΔΝσε
513 849 606 885 libro
618 859 714 884 nono
738 848 788 884 ad
798 847 972 884 Sabinum
1009 847 1111 892 Quod
1124 847 1254 883 dicitur

164 892 277 929 filium
300 897 423 930 natum
446 904 609 939 rumpere
631 897 894 936 testamentum,
925 895 1049 928 natum
1071 893 1196 938 accipe
1219 896 1254 928 et

165 938 196 974 si
219 942 362 975 exsecto
386 943 508 975 ventre
528 938 642 974 editus
667 939 730 974 sit:
755 948 838 973 nam
861 942 897 974 et
919 938 978 973 hic
989 938 1121 983 rumpit
1142 940 1252 973 testa-

168 986 184 1018 1
233 987 410 1024 mentum,
442 983 578 1020 scilicet
600 984 631 1019 si
662 987 833 1019 nascatur
861 983 899 1018 in
922 986 1113 1028 potestate.
1160 982 1253 1027 Quid

164 1031 296 1072 tamen,
320 1028 351 1064 si
374 1039 447 1064 non
459 1029 634 1074 integrum
645 1028 777 1064 animal
802 1028 934 1064 editum
947 1028 1004 1070 sit,
1030 1038 1111 1063 cum
1124 1027 1252 1072 spiritu

165 1076 296 1117 tamon,
304 1083 351 1109 an
360 1072 478 1109 adhuc
487 1077 737 1109 testamentum
746 1076 889 1118 rumpat
895 1073 912 1108 ‘?
924 1073 976 1108 et²
983 1076 1102 1107 tamen
1110 1072 1251 1118 rumpit,

213 1115 263 1156 13
288 1118 482 1154 IULIANUS
502 1118 592 1154 libro
624 1119 789 1154 vicesimo
820 1129 915 1153 nono
947 1117 1167 1163 diqestorum
1215 1117 1251 1153 Si

163 1162 217 1198 ita
239 1163 410 1208 scriptum
435 1163 498 1199 sit:
524 1164 566 1198 ‘si
590 1163 683 1198 filius
707 1162 792 1198 mihi
815 1165 920 1198 natus
944 1161 1065 1205 fuerit,
1089 1172 1134 1198 ex
1147 1162 1252 1198 besse

164 1208 279 1244 ‘heres
303 1212 399 1244 esto:
433 1218 477 1243 ex
508 1208 645 1253 reliqua
693 1211 770 1243 arte
792 1217 885 1242 uxor
914 1217 994 1243 mea
1028 1207 1131 1242 heres
1163 1211 1249 1243 esto.

164 1252 207 1289 ‘si
229 1263 313 1289 vero
337 1253 411 1288 filia
434 1253 519 1287 mihi
542 1257 628 1287 nata
673 1252 776 1296 uerit,
808 1262 852 1287 ex
875 1252 1004 1287 triente
1026 1251 1131 1288 heres
1154 1256 1250 1288 esto:

166 1301 222 1333 ‘ex
244 1298 380 1343 reliqua
410 1301 513 1343 parte
545 1307 637 1332 uxor
666 1297 769 1332 heres
794 1297 901 1339 esto’‚
933 1300 969 1332 et
992 1296 1086 1332 filius
1118 1300 1155 1332 et
1176 1296 1253 1332 filia

163 1342 240 1378 nati
264 1348 400 1384 essent,
434 1342 619 1378 dicendum
643 1346 697 1377 est
719 1351 835 1377 assem
867 1341 1149 1377 distribuendum
1174 1352 1252 1378 esse

161 1387 199 1423 in
222 1392 358 1433 septem
381 1391 514 1432 partes,
538 1391 578 1422 ut
602 1397 646 1422 ex
667 1387 723 1422 his
735 1387 829 1422 filius
842 1390 1023 1439 quattuor,
1047 1397 1138 1422 uxor
1148 1386 1250 1430 duas,

162 1431 239 1468 fllia
261 1442 369 1468 unam
392 1436 530 1477 partem
553 1432 703 1467 habeat:
728 1431 780 1467 ita
804 1442 896 1467 emm
909 1431 1104 1467 secundum
1127 1432 1251 1468 volun·

161 1480 272 1512 tatem
280 1477 445 1512 testantis
455 1477 549 1512 filius
566 1477 677 1512 altero
693 1480 794 1512 tanto
812 1476 964 1522 amplius
979 1476 1127 1512 habebit
1145 1487 1251 1522 quam

162 1531 265 1565 uxor,
289 1522 374 1557 item
399 1532 489 1557 uxor
512 1521 625 1557 altero
643 1525 743 1557 tanto
761 1522 911 1567 amplius
924 1531 1030 1567 quam
1053 1521 1143 1556 filia:
1169 1522 1252 1558 licet

163 1566 255 1603 enim
286 1567 408 1612 suptili
438 1567 526 1602 iuris
559 1567 703 1612 regulae
736 1566 970 1602 conveniebat
999 1570 1143 1611 ruptum
1174 1566 1251 1602 fieri

161 1615 423 1654 testamentum,
448 1615 607 1647 attamen
628 1611 734 1647 cum-⁹·
757 1622 801 1647 ex
824 1615 976 1656 utroque
990 1615 1075 1647 nato
1099 1615 1252 1648 testator

161 1656 313 1693 voluerit
335 1666 483 1692 uxorem
516 1656 650 1702 aliquid
684 1656 835 1699 habere,
867 1656 947 1692 ideo
972 1656 1019 1691 ad
1048 1656 1251 1693 huiusmodi

161 1701 375 1738 sententiam
397 1701 618 1738 humanitate
641 1705 851 1747 suggerente
863 1701 1053 1737 decursum
1076 1705 1141 1744 est,
1155 1701 1251 1747 quod

164 1750 179 1781 1
229 1747 336 1782 etiam
359 1746 520 1782 Iuventio
546 1746 648 1782 celso
674 1747 897 1791 apertissime
919 1746 1066 1791 placuit.
1113 1746 1147 1781 R
1214 1747 1252 1782 la

161 1795 217 1827 est
237 1791 324 1827 iuris
338 1792 460 1835 civilis,
486 1801 558 1837 qua
577 1791 810 1827 constitutum
834 1795 888 1827 est
898 1791 1131 1827 hereditatem
1194 1792 1201 1799 “
1241 1792 1249 1800 ’

160 1846 233 1872 non
256 1846 381 1881 posse:
405 1841 554 1882 propter
576 1846 683 1882 quam
714 1836 804 1872 liber
827 1840 863 1872 et
884 1836 987 1872 heres
1020 1846 1097 1872 esse
1119 1837 1249 1879 iussus,

161 1881 320 1927 quamvis
344 1881 507 1917 dominus
530 1881 703 1916 ademerit
725 1881 850 1917 eodem
868 1885 1081 1917 testamento
1105 1881 1250 1917 liberta·

160 1929 243 1968 tem,
268 1925 378 1961 nihilo
402 1927 518 1962 minus
532 1930 567 1961 et
588 1926 789 1961 libertatem
802 1930 838 1961 et
848 1925 1082 1962 hereditatem
1093 1927 1248 1962 habebit.

160 1970 182 2007 2
229 1970 513 2012 Testamentum,
546 1971 642 2016 quod
665 1971 735 2006 hoc
764 1971 868 2006 modo
900 1971 1086 2007 scribitur:
1124 1971 1250 2007 ‘Titius

161 2018 256 2061 ‘post
277 2019 427 2051 mortem
446 2015 510 2051 filii
534 2016 602 2052 mei
624 2016 728 2051 heres
753 2020 849 2051 esto:
873 2015 968 2051 filius
992 2016 1139 2052 exheres
1159 2017 1250 2052 esto'

160 2060 292 2096 nullius
315 2061 484 2096 momenti
497 2066 561 2103 est,
587 2061 670 2106 quia
682 2060 775 2096 filius
798 2064 882 2107 post
901 2065 1049 2096 mortem
1073 2071 1175 2097 suam
1188 2072 1249 2097 ex-

159 2105 351 2141 heredatus
376 2110 449 2143 est:
489 2116 599 2151 quare
623 2109 659 2141 et
690 2110 815 2141 contra
845 2105 988 2141 tabulas
1019 2109 1250 2151 paternorum

158 2150 365 2186 libertorum
389 2150 591 2186 huiusmodi
603 2150 696 2186 filius
709 2151 883 2187 bonorum
906 2151 1166 2196 possessionem
1189 2161 1249 2187 ac-

160 2195 193 2231 ci
221 2205 280 2231 ere
328 2196 445 2231 oterit.

194 2206 260 2277 Ι14
319 2250 515 2277 ramanus
535 2241 627 2278 libro
651 2244 782 2288 quarto
796 2241 1047 2286 quaestionum
1072 2241 1110 2276 Si
1121 2245 1247 2286 postu-

160 2295 239 2320 mus
265 2294 288 2320 a
302 2285 418 2330 primo
429 2285 543 2331 gradu
556 2285 804 2328 exheredatus,
829 2285 1022 2321 asecundo
1060 2286 1248 2322 raeteritus

160 2330 219 2370 sit,
243 2331 402 2375 quamvis
426 2341 468 2366 eo
492 2335 652 2377 tempore
674 2334 866 2373 nascatur,
897 2341 966 2375 quo
1055 2331 1069 2352 ⁴
1100 2330 1248 2367 heredes

160 2374 274 2420 primo
297 2375 411 2420 gradu
445 2376 598 2428 scriptos
649 2376 801 2411 ertineat
830 2375 1021 2418 hereditas,
1054 2375 1249 2412 secundum

159 2424 279 2455 tamen
301 2420 449 2465 gradum
473 2421 626 2467 vitxarip
641 2425 722 2456 acet
744 2420 792 2455 ad
806 2420 888 2463 hoc,
911 2424 953 2456 ut
963 2422 1248 2466 praetermitten-

159 2465 256 2500 tibus
279 2465 451 2500 institutis
462 2466 539 2518 ipse
550 2466 653 2502 heres
667 2466 807 2501 existat.
845 2465 951 2500 immo
976 2469 1013 2500 et
1024 2465 1054 2500 si
1077 2465 1247 2501 defuncto

160 2519 202 2544 eo
225 2509 373 2545 heredes
397 2510 551 2546 inst1tuti
576 2511 759 2546 omiserint
780 2510 1024 2553 hereditatem,
1048 2521 1120 2546 non
1142 2521 1249 2556 posse

160 2554 372 2590 substitutos
397 2554 506 2591 adire.
553 2556 674 2601 itaque
697 2559 733 2591 et
755 2555 786 2590 si
809 2565 832 2590 a
854 2555 969 2600 primo
1002 2555 1116 2600 gradu
1140 2556 1246 2591 exhe-

158 2599 316 2641 redatus,
342 2610 364 2635 a
387 2600 542 2636 seeundo
567 2601 790 2646 praeteritus,
826 2610 849 2635 a
882 2600 986 2636 tertio
1011 2600 1247 2636 exheredatus

159 2644 207 2679 sit
241 2647 277 2679 et
311 2644 506 2680 viventibus
535 2646 657 2690 primis
700 2650 737 2682 et
775 2645 1055 2680 deliberantibus
1087 2645 1246 2688 decedat,

160 2689 284 2734 quaeri
308 2689 401 2725 solet
423 2690 666 2726 omittentibus
690 2690 811 2736 primis
843 2689 1034 2725 aditionem
1057 2693 1176 2726 utrum
1201 2690 1247 2726 ad

160 2743 232 2774 eos,
281 2733 317 2768 ui
341 2734 445 2770 tertio
469 2735 581 2779 gradu
604 2735 729 2781 scripti
752 2735 834 2778 sint,
858 2745 906 2770 an
924 2735 1045 2780 potius
1065 2734 1111 2770 ad
1133 2735 1246 2780 legiti-

159 2788 236 2813 mos
293 2778 414 2814 eredes
446 2780 622 2824 pertineat
652 2780 842 2816 hereditas.
877 2790 948 2825 quo
981 2783 1018 2816 et
1049 2780 1128 2826 ipso
1160 2791 1247 2816 casu

159 2822 293 2858 rectius
317 2823 511 2858 existimari
535 2825 672 2869 putavit
695 2825 741 2860 ad
751 2825 923 2870 legitimos
949 2835 1026 2860 eam
1050 2825 1245 2871 pertinere:

159 2876 243 2902 nam
268 2871 304 2902 et
327 2878 407 2903 cum
431 2868 569 2904 duobus
593 2870 781 2905 heredibus
804 2870 977 2905 institutis
1008 2873 1044 2906 et
1066 2870 1103 2905 in
1126 2870 1246 2915 singu-

159 2911 275 2948 lorum
298 2912 416 2948 locum
439 2913 537 2949 facta
548 2915 799 2950 substitutione
822 2925 845 2950 a
889 2915 987 2950 rimis
1011 2914 1247 2951 exheredatus

159 2961 359 3009 postumus,
391 2968 413 2992 a
437 2958 601 2994 secundis
625 2961 837 3004 praeteritus
885 2960 995 3001 uerit,
1027 2960 1057 2996 si
1091 2959 1182 2996 alter
1205 2970 1248 2996 ex

158 3002 331 3038 institutis
355 3003 524 3045 omiserit,
549 3005 706 3048 quamvis
719 3009 905 3049 postumus
929 3004 1150 3048 excludatur,
1175 3016 1247 3041 non

162 3049 178 3082 1
225 3050 348 3082 tamen
378 3048 490 3092 magis
525 3049 756 3084 substitutum
795 3049 941 3085 admitti.
1005 3049 1109 3094 Quod
1141 3050 1246 3095 vulgo

159 3090 291 3127 dicitur
313 3101 393 3127 eum
415 3091 575 3137 gradum,
600 3103 621 3128 a
645 3104 713 3138 quo
738 3094 831 3129 filius
855 3094 1068 3140 praeteritus
1093 3094 1150 3138 sit,
1175 3105 1247 3131 non

158 3136 287 3180 valere,
311 3147 385 3172 non
397 3147 650 3182 usquequaque
663 3149 780 3173 verum
794 3149 872 3175 esse
883 3140 951 3175 ait:
975 3150 1059 3175 nam
1079 3140 1108 3175 si
1132 3140 1246 3185 primo

158 3181 272 3227 gradu
295 3181 399 3218 heres
422 3182 606 3217 institutus
639 3183 685 3217 sit
708 3184 819 3226 filius,
856 3195 928 3220 non
960 3184 1090 3220 debere
1121 3195 1201 3220 eum
1226 3195 1248 3219 a

159 3226 362 3262 substitutis
385 3226 611 3262 exheredari:
645 3227 792 3272 ideoque
816 3229 846 3264 si
870 3229 942 3264 filio
967 3234 1003 3265 et
1026 3229 1120 3265 Titio
1144 3230 1246 3265 here·

160 3271 263 3307 dibus
275 3271 446 3307 institutis
458 3270 554 3306 Titio
566 3271 725 3307 Maevius
746 3274 959 3310 substitutus
979 3274 1037 3317 sit,
1062 3274 1247 3310 omittente

160 3315 254 3351 Titio
278 3316 512 3352 hereditatem
531 3316 709 3351 Maevium
733 3327 810 3352 eam
824 3319 923 3354 adire
945 3329 1063 3364 posse,
1088 3319 1247 3365 quamvis

160 3363 180 3395 2
226 3361 321 3397 filius
345 3361 503 3397 secundo
514 3361 627 3406 gradu
652 3362 886 3398 exheredatus
907 3374 978 3399 non
1002 3364 1058 3399 sit.
1107 3364 1144 3399 Si
1168 3364 1247 3409 quis

159 3405 211 3440 ita
234 3406 433 3452 scripserit:
459 3405 540 3448 ‘ille,
565 3416 669 3451 quem
693 3407 767 3441 scio
793 3418 902 3443 exme
925 3413 1048 3444 natum
1072 3420 1144 3444 non
1157 3419 1247 3452 esse,

160 3450 319 3486 ‘exheres
344 3451 459 3494 esto’⁸‚
491 3450 586 3486 hanc
610 3451 917 3487 exheredationem
947 3454 997 3488 ita
1017 3453 1148 3489 nullius
1171 3464 1247 3489 mo-

160 3495 267 3530 menti
293 3506 370 3531 esse
393 3496 455 3539 ait,
490 3495 520 3531 si
554 3495 726 3542 probetur
749 3506 791 3531 ex
825 3507 865 3531 eo
890 3502 1013 3533 natus:
1050 3509 1122 3534 non
1154 3498 1247 3533 enim

159 3611 197 3647 (ι)
225 3619 307 3650 quos
319 3609 372 3642 F·
485 3610 530 3650 (²)
554 3609 618 3643 hoe
630 3610 690 3643 ins.
704 3608 757 3642 F²
879 3613 921 3647 (3)
947 3621 1045 3652 quam
1060 3612 1095 3645 F
1199 3611 1243 3654 (4)

159 3652 249 3693 quod
263 3654 298 3686 F
383 3656 425 3695 (5)
450 3657 501 3686 est
514 3654 549 3687 F
639 3658 683 3693 (s)
709 3653 797 3686 idem
810 3663 881 3687 esse
894 3656 953 3687 ins.
1056 3659 1098 3697 (7)
1124 3657 1172 3689 eis
1185 3656 1243 3699 qui

159 3708 220 3729 scr.
413 3701 456 3738 (8)
484 3700 575 3732 immo
589 3699 769 3733 Scaevolae
958 3701 1002 3738 (9)
1027 3701 1158 3734 adiecto
1181 3714 1243 3735 scr.

1230 94 1320 143 374

1514 34 1583 92 “w

1572 94 1588 149 ἦ
1611 162 1617 163 ἶ
2145 115 2207 147 mr
2235 113 2408 147 ami-:ms

1323 219 1434 256 videri
1455 220 1559 267 quasi
1582 220 1694 257 filium
1717 222 1969 258 exheredatum
1993 232 2080 260 esse.
2125 225 2141 248 ⁸
2154 234 2236 260 eum
2259 225 2408 270 elogium

1323 268 1438 310 pater,
1461 275 1543 301 cum
1564 265 1677 302 filium
1699 266 1944 310 exheredaret,
1967 278 2034 313 pro
2083 271 2213 305 suisset
2246 273 2283 305 et
2311 270 2408 307 adie-
2473 296 2478 301 .

1324 309 1432 345 cisset
1453 314 1601 363 propter
1623 320 1701 347 eam
1732 321 1879 348 causam
1902 312 2031 348 exhere
2126 339 2136 356 ‚
2166 313 2409 361 probaturque

1323 357 1463 400 patrem
1487 365 1584 391 circa
1606 365 1752 392 eausam
1775 356 2060 393 exheredationis
2084 367 2233 394 errasse.

1374 397 1423 436 15
1455 398 1651 437 Uzmuws
1668 399 1761 437 libro
1839 402 1902 438 ‘mo
1933 402 1983 437 ad
2004 401 2178 438 Sabinum
2232 402 2331 440 Idem
2354 409 2407 440 est

1324 446 1360 479 et
1381 443 1412 479 si
1434 443 1486 480 ita
1498 443 1642 481 dixerit:
1667 445 1738 481 ‘ille
1762 446 1770 454 ⁸
1801 445 1854 482 'us
1870 445 1964 482 filius
1988 446 2135 483 exheres
2147 447 2247 491 esto',
2270 453 2407 494 patrem

1324 488 1356 524 ei
1379 488 1579 525 adulterum
1601 499 1666 536 per
1688 500 1843 527 errorem
1866 490 2069 536 adsignans.

1372 531 1423 572 16
1447 534 1673 571 Arm-swa
1692 534 1784 572 libro
1803 541 1935 582 quarto
1958 537 2208 582 quaestionum
2255 536 2293 573 Si
2315 537 2408 575 filius

1322 578 1426 615 heres
1437 578 1622 615 institutus
1639 579 1687 615 sit
1698 580 1829 616 omisso
1852 585 2018 626 postumo
2038 580 2111 617 filio
2138 591 2183 617 ue
2194 581 2408 620 substitutus

1322 633 1434 669 nepos
1458 633 1502 660 et
1526 634 1568 660 eo
1592 624 1650 666 sit,
1680 624 1711 660 si
1733 624 1874 661 interim
1897 625 2069 662 moriatur
2139 626 2212 669 'us,
2268 630 2407 664 ostumo

1322 678 1394 704 non
1418 672 1504 704 nato
1529 672 1694 714 nepotem
1716 672 1791 705 tam
1813 669 1907 715 patri
1919 680 2027 716 quam
2037 681 2104 707 avo
2128 681 2232 707 suum
2269 672 2408 708 eredem

1322 712 1492 748 futurum.
1539 713 1635 759 quod
1657 714 1689 750 si
1711 724 1815 750 nemo
1839 714 1911 750 filio
1935 715 2148 751 substitutus
2183 715 2231 752 sit
2253 719 2290 752 et
2311 717 2408 754 solus

1322 758 1401 810 ipse
1423 758 1608 794 institutus
1631 759 1689 801 sit,
1712 762 1800 795 tunc
1823 759 1907 812 quia
1929 770 1971 796 eo
1995 763 2168 806 tempore,
2192 771 2263 807 quo
2286 761 2317 797 is
2333 772 2407 798 mo·

1321 806 1446 845 natur,
1471 806 1606 839 certum
1630 813 1709 840 esse
1730 804 1856 850 incipit
1867 804 2041 840 neminem
2065 815 2110 841 ex
2133 815 2176 841 eo
2194 809 2407 843 testamento

1321 847 1486 884 heredem
1509 847 1599 891 fore,
1622 848 1635 884 i
1661 858 1701 884 se
1716 847 1811 885 filius
1833 848 2004 885 intestato
2015 850 2111 895 patri
2132 849 2237 886 heres
2261 851 2407 888 existet:

1321 892 1416 928 sicut
1438 893 1577 929 evenire
1600 903 1640 929 so
1656 897 1709 936 et,
1742 904 1823 929 cum
1846 893 1913 929 sub
1938 904 1981 929 ea
2003 894 2222 939 condicione,
2258 906 2350 941 quae
2370 896 2406 933 in

1321 937 1433 990 ipsius
1457 942 1635 983 potestate
1646 938 1724 981 erit,
1749 938 1842 974 filius
1855 938 1958 974 heres
1970 938 2168 983 institutus,
2191 939 2291 986 prius
2302 951 2407 986 quam

1322 993 1354 1018 e1
1403 986 1532 1026 areret,
1556 983 1739 1019 moriatur.

1398 1025 1421 1064 7
1446 1027 1723 1064 Froawmrvs
1742 1027 1833 1064 libro
1856 1027 1994 1064 decimo
2016 1028 2281 1065 institutionum
2326 1029 2408 1066 Filii

1322 1072 1428 1108 etiam
1461 1072 1532 1109 hoc
1562 1072 1667 1109 modo
1706 1072 1968 1109 exheredantur
2002 1072 2108 1110 ‘filius
2148 1073 2295 1111 exheres
2330 1075 2408 1112 sit’:

1322 1117 1428 1153 ‘filius
1453 1117 1599 1154 exheres
1624 1117 1712 1154 erit’.

1371 1159 1421 1200 18
1453 1161 1648 1199 Uzmsnvs
1690 1162 1781 1198 libro
1825 1163 2124 1213 qumquaqesimo
2165 1164 2318 1211 septimo
2360 1166 2411 1202 ad

1320 1207 1474 1244 edietum
1522 1207 1629 1243 Multi
1641 1218 1714 1243 non
1733 1210 1841 1243 notae
1865 1217 1976 1243 causa
1986 1207 2204 1244 exheredant
2226 1208 2319 1246 filios
2342 1221 2409 1247 nec

1320 1256 1361 1287 ut
1384 1252 1434 1288 eis
1458 1252 1588 1295 obsint,
1612 1252 1675 1288 sed
1699 1256 1740 1287 ut
1763 1252 1813 1287 eis
1838 1253 2045 1297 consulant,
2075 1256 2117 1288 ut
2138 1257 2227 1299 puta
2248 1254 2408 1299 impube-

1320 1297 1419 1333 ribus
1445 1298 1589 1343 eisque⁷
1612 1297 1921 1333 fideicommissam
1944 1298 2175 1334 hereditatem
2198 1298 2295 1334 dant.

1370 1339 1420 1380 19
1444 1342 1502 1378 ΡΑ
1510 1352 1605 1378 nos
1625 1342 1717 1378 libro
1756 1342 1847 1378 rimo
1859 1342 1909 1377 ad
1928 1342 2133 1379 Vitellium⁸
2166 1343 2254 1379 Cum
2266 1344 2408 1390 quidam

1319 1387 1429 1422 filiam
1453 1398 1497 1423 ex
1521 1398 1601 1424 asse
1622 1387 1707 1423 here
1733 1397 1787 1422 em
1818 1387 2021 1433 scripsisset
2050 1387 2212 1433 filioque,
2244 1399 2349 1435 quem
2371 1390 2409 1426 in

1319 1436 1499 1478 potestate
1521 1432 1687 1475 habebat,
1713 1432 1834 1468 decem
1857 1432 2022 1492 legasset,
2044 1433 2199 1469 adiecit⁹
2222 1436 2271 1470 ‘et
2291 1434 2330 1470 in
2349 1445 2407 1471 ce-

1321 1481 1410 1513 ‘tera
1432 1481 1534 1523 parte
1547 1477 1694 1513 exheres
1718 1477 1804 1512 mihi
1827 1477 1916 1518 erit,
1941 1481 1975 1513 et
1988 1481 2229 1523 quaereretur,
2252 1489 2300 1515 an
2310 1483 2409 1516 recte

1320 1522 1555 1558 exheredatus
1578 1522 1765 1565 videretur,
1791 1521 1963 1558 Scaevola
1984 1522 2170 1568 respondit
2191 1533 2264 1559 non
2287 1524 2407 1566 videri,

1320 1571 1356 1603 et
1378 1567 1415 1602 in
1439 1567 1494 1603 dis
1520 1566 1654 1603 utando
1679 1567 1858 1603 adiciebat
1879 1567 1959 1603 ideo
1983 1577 2057 1603 non
2079 1567 2208 1611 valere,
2263 1570 2408 1605 uoniam

1320 1622 1387 1648 nec
1417 1579 1518 1648 fumi}
1551 1612 1697 1648 exheres
1730 1621 1808 1648 esse
1837 1611 1957 1664 iussus
1990 1616 2090 1649 recte
2120 1613 2229 1649 exher
2397 1641 2407 1658 ,

1320 1657 1496 1703 aliamque
1520 1667 1666 1693 causam
1690 1667 1768 1693 esse
1790 1657 2034 1700 inst1tutionis,
2059 1668 2150 1703 quae
2172 1658 2323 1704 benigne
2345 1670 2406 1696 ac-

1320 1703 1517 1747 ciperetur:
1531 1702 1822 1738 exheredationes
1838 1705 1957 1737 autem
1965 1712 2039 1738 non
2048 1706 2168 1738 essent
2174 1702 2407 1740 adiuvandae.

1365 1745 1418 1785 20
1443 1746 1698 1782 Monsssrlrws
1717 1747 1809 1783 libro
1831 1747 1988 1782 secundo
2019 1747 2286 1794 pandectarum
2332 1749 2407 1785 Sub

1320 1792 1529 1828 condicione
1551 1791 1645 1827 filius
1656 1792 1761 1827 heres
1771 1791 1957 1827 institutus
1969 1792 1999 1827 si
2010 1792 2187 1838 pendente
2199 1792 2408 1830 condicione

1320 1837 1563 1882 adrogandum
1587 1847 1626 1873 se
1649 1836 1757 1880 dedit,
1781 1836 2005 1872 necessarius
2027 1836 2132 1873 heres
2155 1848 2228 1874 non
2252 1838 2328 1874 erit.

1366 1880 1415 1920 21
1445 1882 1674 1918 Pom’omvs
1694 1882 1785 1918 libro
1808 1882 1965 1918 seeundo
1989 1882 2039 1917 ad
2060 1881 2230 1926 Quintum
2246 1883 2407 1920 Mucium

1320 1927 1358 1963 Si
1380 1927 1491 1963 filium
1514 1926 1722 1963 nominatim
1747 1925 2003 1962 exheredavero
2034 1931 2071 1963 et
2093 1937 2174 1963 eum
2196 1932 2322 1974 postea
2344 1929 2407 1965 he·

1319 1972 1439 2008 redem
1462 1972 1661 2014 instituero,
1685 1971 1787 2007 heres
1812 1971 1887 2007 erit.

1366 2015 1420 2055 22
1446 2017 1670 2053 Tem-mes
1693 2016 1872 2052 Caeneus
1902 2015 1993 2052 libro
2015 2017 2167 2063 septimo
2198 2017 2334 2054 decimo
2358 2018 2410 2055 ad

1320 2063 1433 2109 quem
1457 2062 1591 2098 Iuliam
1621 2066 1657 2097 et
1680 2061 1838 2108 Papiam
1892 2060 1980 2096 Cum
2010 2065 2197 2107 postumus
2228 2063 2295 2099 sub
2320 2074 2406 2100 con-

1320 2107 1459 2143 dicione
1488 2107 1703 2149 instituitur,
1739 2106 1769 2141 si
1792 2106 1892 2152 prius
1916 2116 2023 2151 quam
2046 2111 2219 2143 nascatur
2243 2108 2405 2145 condicio

1319 2152 1512 2195 exstiterit,
1553 2162 1625 2187 non
1656 2151 1835 2197 rumpitur
1873 2155 2125 2187 testamentum
2155 2153 2312 2198 postumi
2342 2153 2406 2189 ad·

1367 2197 1495 2233 atione.

1318 2209 1417 2280 gn23
1432 2244 1460 2264 ¹⁰
1483 2241 1730 2277 Pummws
1768 2240 1859 2277 libro
1903 2240 2112 2277 duodecimo
2156 2243 2405 2288 quaestionum

1318 2287 1421 2330 Filio,
1457 2296 1562 2332 quem
1584 2289 1687 2332 pater
1735 2289 1793 2321 ost
1816 2285 2135 2330 emancipationem
2165 2297 2188 2321 a
2209 2297 2249 2322 se
2271 2287 2405 2323 factam

1319 2332 1445 2368 iterum
1453 2331 1645 2384 admgavit,
1731 2330 1971 2366 eredationem
1979 2334 2086 2366 antea
2097 2331 2267 2376 scriptam
2276 2343 2406 2368 nocere

1318 2377 1408 2412 dixi:
1433 2386 1516 2412 nam
1538 2387 1576 2411 1n
1607 2375 1703 2411 omni
1732 2375 1808 2411 fere
1830 2375 1908 2410 iure
1938 2375 1991 2410 sic
2014 2375 2196 2411 observari
2229 2377 2405 2420 convenit,

1317 2425 1359 2457 ut
1380 2421 1454 2457 veri
1477 2420 1590 2466 patris
1614 2420 1802 2464 adoptivus
1832 2419 1927 2455 filius
1951 2430 2144 2466 numquam
2167 2420 2404 2467 intellegatur,

1316 2477 1362 2502 ne
1373 2466 1525 2511 imagine
1536 2469 1686 2501 naturae
1697 2465 1829 2501 veritas
1841 2464 2073 2500 adumbretur
2085 2467 2124 2508 ¹¹,
2136 2465 2299 2502 videlicet
2334 2467 2406 2502 uod

1317 2523 1388 2548 non
1412 2511 1620 2553 translatus,
1652 2509 1716 2546 sed
1738 2509 1898 2546 redditus
1932 2509 2129 2545 videretur:
2164 2520 2232 2546 nec
2255 2522 2290 2547 m
2330 2515 2405 2547 tum

1316 2560 1403 2602 puto
1427 2555 1571 2598 referre,
1603 2555 1698 2601 quod
1722 2555 1768 2590 ad
1790 2553 2013 2600 propositum
2035 2555 2174 2598 attinet,
2206 2556 2302 2601 quod
2324 2557 2404 2592 loco

1319 2606 1334 2637 1
1384 2601 1524 2647 nepotis
1555 2599 1668 2635 filium
1698 2599 1950 2636 exheredatum
1984 2603 2089 2644 pater
2118 2600 2310 2646 adrogavit.
2366 2600 2405 2638 Si

1317 2646 1431 2682 Titius
1455 2646 1558 2682 heres
1568 2645 1752 2681 institutus
1764 2645 1844 2681 loco
1857 2644 1998 2690 nepotis
2010 2645 2210 2690 adoptetur,
2234 2645 2404 2682 defuncto

1316 2695 1443 2737 postea
1465 2690 1539 2727 filio
1563 2690 1624 2736 qui
1654 2694 1758 2735 pater
1779 2689 1983 2732 videbatur,
2014 2689 2155 2743 nepotis
2178 2690 2405 2727 successione

1316 2747 1390 2772 non
1412 2735 1589 2781 rumpitur
1606 2738 1858 2771 testamentum
1869 2734 1915 2770 ab
1940 2744 1993 2776 e0,
2017 2745 2078 2780 qui
2089 2734 2193 2771 heres
2215 2734 2403 2772 invenitur.

1362 2778 1416 2819 24
1442 2778 1497 2816 ΡΑ
1505 2790 1600 2816 vsvs
1618 2780 1710 2816 libro
1733 2790 1829 2815 nono
1853 2779 2102 2826 quaestionum
2146 2779 2318 2816 Postuma
2336 2780 2403 2816 sub

1317 2825 1525 2862 condicione
1548 2825 1651 2871 heres
1663 2824 1828 2860 instituta
1850 2825 1881 2860 si
1902 2823 2080 2869 pendente
2096 2824 2303 2861 condicione
2325 2825 2403 2862 vivo

1316 2874 1419 2917 patre
1431 2871 1460 2893 ¹²
1482 2874 1663 2913 nascatur,
1686 2880 1764 2904 rum
1791 2870 1820 2904 it
1842 2872 2102 2905 testamentum.

1362 2913 1415 2953 25
1440 2914 1546 2951 Iotu
1566 2915 1657 2951 libro
1681 2913 1752 2949 duo
1799 2914 1890 2950 eimo
1909 2925 1950 2949 re
1995 2924 2162 2949 onsorum
2195 2913 2310 2949 Titius
2329 2917 2402 2950 tes·

1316 2964 1473 2996 tamento
1508 2959 1675 2995 heredem
1708 2959 1862 2994 instituit
1893 2961 1929 2994 et
1992 2958 2062 2993 ‘um
2092 2958 2228 2994 habens
2263 2958 2314 2994 sic
2339 2969 2400 2994 ex-

1316 3005 1580 3042 heredationem
1602 3004 1741 3050 posuit:
1767 3003 1886 3039 ‘ceteri
1898 3013 2019 3039 omnes
2042 3003 2106 3038 filii
2127 3002 2291 3048 filiaeque
2302 3013 2403 3039 meae

1316 3049 1523 3086 ‘exheredes
1546 3048 1675 3085 sunto’.
1720 3048 1855 3084 Paulus
1878 3047 2062 3093 respondit
2083 3047 2195 3083 filium
2218 3050 2317 3084 recte
2340 3058 2401 3085 ex·

1315 3095 1524 3132 heredatum
1546 3093 1666 3130 videri.
1713 3096 1840 3139 postea
1863 3093 2059 3134 consultus,
2083 3103 2130 3127 an
2154 3091 2316 3128 videatur
2339 3103 2401 3129 ex-

1315 3139 1527 3182 heredatus,
1560 3149 1663 3184 quem
1687 3142 1790 3184 pater
1813 3137 1952 3183 putavit
1973 3136 2186 3180 decessisse,
2218 3137 2403 3190 respondit

1315 3185 1407 3220 filios
1439 3187 1475 3219 et
1505 3183 1596 3219 filias
1636 3183 1842 3219 nominatim
1882 3181 2114 3218 exheredatos
2145 3192 2317 3227 propom:
2357 3182 2402 3219 de

1316 3239 1435 3266 errore
1446 3232 1564 3264 autem
1575 3228 1699 3274 patris,
1725 3228 1785 3273 qui
1797 3227 2039 3262 intercessisse
2057 3227 2279 3278 proponitur,
2302 3226 2402 3273 apud

1319 3278 1333 3310 1
1382 3273 1534 3310 iudicem
1558 3274 1614 3318 agi
1637 3278 1811 3318 oportere.
1857 3271 1992 3308 Lucius
2005 3271 2122 3307 Titius
2132 3282 2212 3307 cum
2235 3281 2402 3318 suprema

1316 3329 1382 3355 sua
1405 3318 1587 3354 ordinaret
1615 3318 1653 3353 in
1677 3318 1818 3353 civitate
1841 3320 1878 3352 et
1898 3316 2063 3369 haberet·
2078 3320 2221 3362 neptem
2239 3327 2297 3369 ‘ex
2325 3314 2401 3353 fllia

1315 3367 1648 3452 Eiiiissi‘ssffpiurig
1664 3366 1847 3442 ἔὲἓέἆὲἒέ
1873 3365 2023 3451 ἒδῖἐῗέῗ
2041 3361 2213 3451 Simqiffi
2235 3364 2401 3448 3¹:²05&ss

1317 3453 1432 3488 Titius
1463 3452 1646 3488 ordinaret
1682 3455 1931 3487 testamentum
1963 3451 2001 3486 in
2036 3451 2179 3487 civitate
2209 3450 2299 3486 hora
2328 3417 2399 3503 ³³⁰³

1317 3501 1437 3540 sexta,
1470 3497 1591 3533 eodem
1624 3496 1681 3532 die
1693 3498 1720 3519 ¹³
1751 3497 1952 3531 albescente
1983 3495 2082 3531 caelo
2112 3505 2196 3531 rure
2225 3495 2272 3531 sit
2294 3504 2400 3531 enixa

1314 3614 1375 3654 (ιο)
1395 3623 1450 3654 pr.
1464 3612 1543 3644 citat
1559 3609 1723 3653 Ulpianus
1734 3610 1780 3643 D.
1793 3610 1848 3650 37,
1861 3616 1888 3650 4,
1902 3617 1931 3651 8,
1946 3617 1962 3643 ¹1
2101 3610 2156 3650 (ιι)
2180 3607 2400 3641 obumbretur

1313 3656 1387 3690 odd.
1480 3657 1537 3696 (12)
1562 3655 1638 3687 vivo
1650 3657 1744 3698 patre
1757 3654 1811 3688 del
1923 3656 1969 3692 (13
2006 3654 2120 3688 eodem
2134 3653 2188 3687 die
2209 3653 2271 3687 del.
