2528 3918
2 1455 7 1476 1

95 134 179 166 vm.
211 135 388 167 CONTRA

90 246 148 281 hic
175 258 197 282 a
221 246 367 282 Claudio
392 246 582 281 Saturnino
607 248 773 290 praetore
796 243 947 278 maiores
968 245 1107 279 fructus
1127 244 1180 278 in-

89 291 186 327 ferre
217 292 335 327 iussus
367 294 444 326 erat
474 294 509 325 et
540 288 834 325 advocationibus
867 288 899 323 ei
930 289 1023 324 idem
1057 289 1181 324 Satur-

91 336 198 372 ninus
222 336 462 372 interdixerat.
500 334 688 370 videbatur
718 338 838 369 autem
869 334 954 368 mihi
986 335 1182 370 iudicatum

92 383 179 418 solvi
203 381 418 417 fideiussisse
441 384 476 415 et
499 380 601 425 quasi
624 380 826 432 redemptor
849 379 921 414 litis
942 380 1101 415 extitisse
1122 380 1180 415 et¹

93 428 179 464 velle
213 438 235 462 a
270 425 460 471 Daphnide
495 425 654 460 mandati
688 425 819 460 iudicio
856 425 1046 470 consequi,
1086 424 1182 470 quod

93 477 169 509 erat
194 471 459 508 condemnatus.
497 470 560 506 sed
583 470 781 505 rectissime
805 469 875 504 divi
898 468 1029 505 fratres
1053 470 1179 506 rescri-

93 520 239 563 pserunt
271 516 403 551 nullam
435 516 613 551 actionem
645 526 725 551 eum
749 518 895 560 propter
919 526 1020 550 suam
1045 516 1179 550 callidi-

92 569 200 598 tatem
223 562 372 603 habere,
406 561 489 606 quia
512 561 674 596 mercede
696 564 806 605 pacta
829 565 1031 595 accesserat
1056 560 1102 596 ad
1127 565 1180 595 ta-

92 610 158 643 lem
182 607 469 651 redemptionem.
518 606 711 641 Marcellus
736 609 856 640 autem
881 605 932 640 sic
955 606 1114 651 loquitur
1138 606 1182 641 de

92 665 132 689 eo
157 653 216 699 qui
238 652 391 697 pecunia
415 656 564 697 accepta
588 651 790 696 spopondit,
817 654 866 693 ut,
893 651 922 686 si
946 651 1087 696 quidem
1111 652 1181 687 hoc

92 703 211 734 actum
235 701 307 740 est,
332 702 372 732 ut
395 708 459 732 suo
485 697 644 742 periculo
671 696 881 741 sponderet,
916 697 1016 731 nulla
1041 697 1181 732 actione

94 748 193 789 agat,
226 743 281 778 sin
304 753 386 778 vero
411 753 484 778 non
507 742 576 778 hoc
608 747 728 777 actum
762 745 834 783 est,
868 741 964 777 utilis
999 742 1031 777 ei
1061 742 1180 787 potius

91 790 182 825 actio
216 791 413 833 competat:
447 798 538 833 quae
572 787 749 823 sententia
781 787 927 821 utilitati
950 796 1069 823 rerum
1095 798 1178 822 con-

90 840 260 870 sentanea
283 837 347 868 est.

135 878 158 917 7
183 879 428 915 PAPJNIANUS
449 878 539 914 libro
565 879 669 914 tertio
693 888 952 925 responsorum
1001 878 1179 913 Salarium

90 925 310 972 procuratori
343 924 574 960 constitutum
607 924 637 959 si
670 928 772 959 extra
804 923 965 959 ordinem
996 924 1070 969 peti
1096 934 1177 959 000-

89 972 188 1017 perit,
215 969 511 1005 considerandum
537 969 620 1012 erit,
645 970 803 1004 laborem
828 969 991 1004 dominus
1015 980 1177 1004 remune-

89 1027 167 1052 rare
191 1016 341 1051 voluerit
364 1018 471 1060 atque
494 1015 572 1050 ideo
597 1014 702 1050 fidem
726 1015 889 1050 adhiberi
908 1014 1050 1059 placitis
1072 1025 1177 1060 opor-

90 1066 162 1097 teat
196 1072 242 1096 an
277 1065 439 1096 eventum
473 1060 587 1095 litium
622 1060 765 1095 maioris
801 1060 976 1105 pecuniae
1018 1060 1176 1105 praemio

89 1111 213 1143 contra
237 1107 350 1142 bonos
374 1116 489 1140 mores
514 1110 727 1150 procurator
750 1105 947 1141 redemerit.

134 1150 158 1190 8
190 1152 384 1188 ΠιΡΙΑΝΠ8
416 1151 506 1187 libro
543 1150 751 1197 criqensz'mo
779 1151 903 1197 primo
939 1150 989 1186 ad
1023 1150 1177 1186 edictum

89 1198 125 1234 Si
149 1201 416 1243 procuratorem
441 1196 571 1232 dedero
596 1207 663 1231 nec
682 1197 920 1232 instrumenta
940 1196 1026 1231 mihi
1047 1206 1178 1231 causae

88 1243 232 1285 reddat,
265 1253 335 1288 qua
366 1242 507 1277 actione
530 1241 616 1276 mihi
640 1243 830 1277 teneatur?
866 1245 901 1276 et
924 1241 1047 1276 Labeo
1073 1245 1178 1286 putat

88 1288 246 1324 mandati
279 1299 359 1323 eum
392 1287 504 1323 teneri
527 1298 594 1322 nec
619 1298 696 1323 esse
719 1287 940 1332 probabilem
964 1286 1176 1322 sententiam

87 1333 363 1369 existimantium
376 1343 420 1368 ex
436 1333 506 1368 hac
526 1343 637 1368 causa
657 1333 713 1385 agi
732 1343 839 1378 posse
859 1331 1027 1377 depositi:
1054 1332 1175 1367 unius-

89 1380 260 1424 cuiusque
277 1379 370 1414 enim
392 1382 599 1414 contractus
618 1378 758 1412 initium
778 1378 1012 1423 spectandum
1034 1382 1068 1412 et
1089 1388 1175 1413 cau-

92 1429 104 1460 1
154 1436 240 1460 sam.
296 1424 367 1460 Sed
402 1427 437 1459 et
471 1423 501 1459 si
539 1434 607 1476 per
647 1424 902 1459 collusionem²
936 1423 1176 1467 procuratoris

88 1471 273 1506 absolutus
298 1470 344 1505 sit
368 1469 612 1512 adversarms,
645 1469 804 1504 mandati
837 1479 917 1504 eum
949 1468 1079 1504 teneri:
1114 1468 1176 1503 sed

87 1517 116 1552 si
140 1515 307 1551 solvendo
332 1526 404 1550 non
429 1515 492 1556 sit,
518 1519 605 1550 tunc
629 1514 673 1550 de
698 1514 778 1550 dolo
803 1514 981 1549 actionem
1006 1513 1175 1549 adversus

86 1561 227 1604 reum³,
286 1560 322 1595 ui
345 1571 409 1606 per
443 1560 673 1595 collusionem
706 1560 891 1595 absolutus
923 1559 986 1601 sit,
1021 1558 1176 1594 dandam

87 1610 107 1642 2
153 1607 214 1642 ait.
296 1606 340 1641 ed
374 1610 409 1641 et
445 1606 488 1640 de
522 1606 584 1641 lite
619 1616 725 1650 quam
758 1605 917 1650 suscepit
950 1615 1032 1640 exse
1058 1604 1176 1640 nenda

86 1656 105 1688 3
153 1651 310 1687 mandati
335 1662 415 1687 eum
439 1651 551 1686 teneri
576 1654 727 1686 constat.
777 1650 815 1686 Si
846 1650 923 1696 quis
956 1661 1038 1684 man
1065 1650 1176 1685 averit

86 1697 191 1732 alicui
214 1696 369 1742 gerenda
393 1696 534 1741 negotia
559 1697 652 1739 eius,
687 1696 748 1741 qui
778 1696 855 1741 ipse
885 1695 953 1731 sibi
985 1695 1173 1730 mandave-

84 1747 160 1785 rat,
185 1743 332 1777 habebit
355 1742 514 1777 mandati
538 1742 732 1784 actionem,
766 1741 850 1787 quia
874 1744 909 1776 et
931 1741 1008 1786 ipse
1032 1745 1174 1777 tenetur

86 1792 240 1830 (tenetur
260 1792 390 1831 autem,
415 1787 498 1832 quia
518 1787 647 1832 agere⁴
671 1791 820 1832 potest):
847 1797 1062 1832 quamquam
1082 1786 1175 1822 enim

87 1835 186 1878 vulgo
211 1833 374 1868 dicatur⁵
397 1836 665 1878 procuratorem
688 1836 771 1867 ante
804 1833 902 1867 litem
938 1835 1174 1868 contestatam

83 1879 203 1915 facere
225 1882 492 1924 procuratorem
518 1889 589 1913 11011
612 1888 729 1922 110880,
755 1882 875 1913 tamen
898 1877 1058 1912 mandati
1079 1877 1173 1913 actio

86 1929 156 1960 est:
182 1924 229 1959 ad
253 1923 427 1968 agendum
452 1924 543 1958 enim
569 1923 754 1958 dumtaxat
778 1923 846 1959 hoc
870 1922 991 1958 facere
1015 1933 1088 1958 non
1108 1934 1172 1967 po-

85 1974 105 2005 4
151 1973 232 2005 test.
281 1969 319 2004 Si
350 1972 486 2004 tutores
511 1968 755 2003 mandaverint
780 1968 959 2004 contutori
983 1979 1048 2004 suo
1073 1978 1172 2002 man-

86 2015 214 2060 cipium
239 2014 425 2050 emendum
449 2014 583 2059 pupillo
616 2018 651 2049 et
683 2014 741 2049 ille
771 2025 844 2049 non
876 2013 1015 2056 emerit,
1048 2024 1095 2048 an
1127 2013 1173 2048 sit

86 2060 241 2095 mandati
265 2060 378 2101 actio,
413 2063 448 2095 et
471 2063 590 2094 utrum
615 2063 753 2094 tantum
777 2059 936 2094 mandati
960 2069 1006 2094 an
1030 2069 1112 2094 vero
1139 2062 1174 2093 et

85 2106 242 2141 tutelae?
267 2109 302 2141 et
321 2105 479 2140 Iulianus
501 2104 701 2149 distinguit:
723 2104 857 2139 referre
877 2104 969 2139 enim
989 2104 1049 2146 ait,
1072 2104 1172 2140 cuius

84 2151 220 2196 generis
245 2161 383 2186 servum
408 2153 544 2185 tutores
575 2150 637 2184 uni
670 2154 827 2185 tutorum
858 2149 1103 2185 mandaverint
1134 2153 1174 2184 ut

86 2200 226 2232 emeret.
268 2207 351 2231 nam
376 2196 405 2231 si
429 2206 689 2240 supervacuum
714 2206 853 2230 servum
877 2195 932 2230 vel
956 2195 1062 2230 etiam
1087 2205 1171 2230 0110-

85 2253 225 2283 rosum,
257 2240 416 2276 mandati
441 2241 582 2276 actione
606 2244 746 2275 tantum
771 2251 850 2276 eum
875 2241 1005 2283 teneri,
1040 2240 1173 2275 tutelae

86 2298 156 2322 non
180 2286 309 2322 teneri:
336 2286 366 2322 si
389 2296 470 2322 vero
496 2286 736 2322 necessarium
761 2297 919 2328 servum,
944 2290 1029 2321 tunc
1055 2289 1091 2321 et
1116 2290 1171 2320 tu-

86 2333 178 2367 telae
203 2343 283 2367 eum
306 2331 421 2367 teneri
444 2343 516 2367 non
540 2331 673 2373 solum,
699 2331 759 2366 sed
787 2335 822 2366 et
847 2336 1003 2367 ceteros:
1030 2342 1113 2366 nam
1138 2334 1173 2366 et

85 2378 139 2413 si⁶
163 2377 405 2420 mandassent,
430 2380 637 2412 tenerentur
660 2378 812 2419 tutelae,
845 2387 909 2412 cur
934 2387 1074 2412 servum
1106 2388 1171 2421 pu-

85 2423 168 2467 pillo
194 2423 435 2458 necessarium
459 2433 531 2457 non
557 2426 870 2474 comparaverunt:
905 2433 976 2457 non
1002 2425 1085 2457 sunt
1108 2421 1170 2467 igi-

85 2472 142 2503 tur
161 2468 331 2510 excusati,
353 2467 448 2513 quod
469 2471 647 2503 0011101011
666 2467 935 2510 mandaverunt,
958 2467 1041 2512 quia
1059 2477 1173 2502 emere

86 2513 293 2548 debuerunt.
328 2514 433 2559 plane
456 2513 641 2548 habebunt
664 2513 772 2548 nihilo
795 2513 911 2548 minus
930 2512 1091 2547 mandati
1111 2523 1171 2548 ac-

86 2559 226 2601 tionem,
251 2558 334 2603 quia
358 2558 525 2593 mandato
552 2569 622 2593 non
647 2562 701 2593 est
725 2558 1019 2604 obtemperatum.
1046 2561 1173 2593 0011110

85 2614 226 2649 quoque
248 2604 407 2639 Iulianus
432 2604 482 2638 ait
506 2607 660 2639 tutorem
684 2603 744 2648 qui
769 2604 852 2638 emit
875 2603 1034 2646 mandati
1059 2603 1170 2638 actio-

87 2652 105 2684 5
154 2660 234 2684 nem
263 2649 394 2684 habere
427 2649 595 2684 adversus
628 2653 834 2684 contutores
866 2659 961 2683 suos.
1011 2648 1047 2683 Si
1082 2649 1172 2683 liber

84 2695 207 2736 homo,
243 2705 322 2729 cum
353 2695 448 2730 bona
477 2694 547 2729 fide
572 2694 737 2736 serviret,
770 2694 990 2729 mandaverit
1014 2693 1107 2729 Titio
1133 2696 1173 2728 ut

85 2739 314 2774 redimeretur
338 2743 372 2774 et
395 2750 556 2774 nummos
582 2750 625 2774 ex
649 2751 690 2775 eo
715 2739 854 2784 peculio
887 2739 1043 2781 dederit,
1076 2738 1172 2784 quod

85 2785 200 2829 ipsum
232 2785 347 2829 sequi,
380 2795 450 2819 non
482 2784 578 2829 apud
601 2785 717 2820 bonae
741 2784 823 2819 fidei
847 2788 1041 2829 emptorem
1065 2784 1171 2819 relin-

87 2830 146 2874 qui
185 2830 324 2871 debuit,
365 2830 551 2874 Titiusque
585 2831 699 2874 pretio
738 2830 854 2865 soluto
889 2830 1039 2864 liberum
1074 2829 1172 2864 illum

85 2875 336 2915 manumiserit‚
361 2886 443 2910 mox
461 2875 635 2920 ingenuus
656 2874 906 2919 pronuntiatus
928 2878 982 2909 est
995 2875 1020 2916 ⁷,
1041 2874 1173 2909 habere

86 2931 165 2955 eum
188 2919 346 2954 mandati
370 2920 545 2955 actionem
570 2920 728 2955 Iulianus
754 2920 804 2954 ait
823 2920 993 2955 adversus
1015 2930 1094 2954 eum
1115 2919 1173 2955 cui

85 2976 123 3000 se
159 2964 400 3000 redimendum
435 2965 635 3007 mandavit,
679 2965 742 3000 sed
778 2966 847 3000 hoc
882 2968 1022 2999 tantum
1056 2964 1172 3000 inesse

85 3010 241 3045 mandati
264 3009 405 3052 iudicio,
431 3013 471 3045 01
495 3010 562 3045 81111
585 3011 743 3046 actiones
768 3010 923 3053 mandet,
949 3020 1038 3055 quas
1062 3010 1172 3045 habet

85 3055 253 3090 adversus
285 3066 363 3090 eum
396 3066 417 3090 a
442 3067 511 3100 quo
536 3056 764 3100 comparavit.
826 3056 907 3090 lane
938 3056 969 3090 si
1001 3066 1079 3090 eam
1110 3065 1171 3099 pe-

86 3101 225 3135 cuniam
249 3100 401 3142 dederit,
434 3111 525 3145 quae
549 3105 625 3136 erat
648 3111 692 3135 ex
715 3111 806 3146 pecu
821 3101 854 3135 io
880 3100 927 3135 ad
951 3101 1067 3136 bonae
1090 3100 1173 3135 fidei

86 3149 277 3188 emptorem
301 3145 508 3189 pertinente,
533 3146 652 3180 nullae
675 3146 718 3187 ei,
743 3146 778 3179 in
805 3146 857 3180 uit
877 3145 1047 3188 Iulianus,
1072 3156 1171 3180 man-

86 3190 162 3225 dari
185 3190 342 3225 actiones
367 3194 527 3235 possunt,
553 3191 636 3236 quja
654 3191 769 3225 nullas
816 3191 909 3233 abet,
935 3201 1015 3225 cum
1036 3191 1068 3226 ei
1087 3201 1171 3226 suos

85 3246 245 3270 nummos
271 3239 408 3280 emptor
432 3235 584 3270 dederit:
641 3236 824 3278 uinimmo,
855 3235 987 3280 inquit,
1021 3246 1064 3270 ex
1088 3246 1170 3270 ven-

86 3280 158 3314 dito
182 3281 339 3315 manebit
363 3281 549 3325 obligatus,
575 3248 638 3316 sed
661 3285 696 3316 et
719 3281 807 3316 11000
832 3281 925 3316 00110
949 3281 1084 3316 inutilis
1106 3284 1169 3323 est,

86 3326 169 3370 quia
193 3330 363 3370 quantum
390 3325 520 3361 ⁸fuerit
545 3330 779 3368 consecutus,
811 3329 952 3360 tantum
985 3326 1093 3371 empti
1116 3327 1170 3360 iu-

86 3373 106 3405 6
153 3369 244 3405 dicio
277 3381 422 3406 necesse
456 3371 602 3406 habebit
636 3375 828 3415 praestare.
877 3370 1042 3406 Mandati
1073 3371 1167 3406 actio

86 3418 172 3449 tunc
196 3416 375 3459 competit,
401 3426 481 3451 cum
506 3416 622 3461 coepit
645 3417 816 3451 interesse
841 3416 914 3451 eius
939 3416 1000 3460 qui
1023 3416 1169 3451 manda-

86 3459 151 3494 vit:
186 3463 341 3494 ceterum
373 3460 403 3495 si
433 3461 519 3495 nihil
542 3461 706 3504 interest,
740 3464 858 3496 cessat
880 3460 1040 3495 mandati
1063 3461 1170 3503 actio,

87 3507 122 3538 et
145 3508 291 3539 eatenus
311 3506 489 3549 competit,
515 3510 689 3551 quatenus
708 3506 865 3541 interest.
903 3509 943 3540 ut
963 3509 1051 3550 puta
1070 3516 1169 3540 man-

87 3548 166 3584 davi
190 3549 271 3591 tibi,
305 3552 345 3583 ut
367 3548 516 3585 fundum
541 3562 692 3587 emeres:
726 3551 755 3586 si
786 3551 957 3586 intererat
988 3561 1068 3586 mea
1092 3550 1168 3593 emi,

86 3594 280 3630 teneberis:
306 3597 461 3629 ceterum
485 3595 515 3630 si
539 3596 688 3631 eundem
712 3597 807 3631 hunc
830 3595 980 3631 fundum
1004 3606 1067 3640 ego
1092 3596 1168 3640 ipse

88 3709 127 3745 (1)
152 3707 318 3739 extitisset
330 3708 385 3740 F⁴³

89 3753 130 3793 (4)
155 3763 269 3794 gerere
281 3766 343 3786 scr.

511 3712 551 3745 (2)
577 3709 754 3741 collusium
769 3710 822 3741 F⁰
958 3713 1000 3750 (3)
1026 3720 1102 3741 eum
1114 3710 1168 3740 Fa

454 3755 496 3794 (5)
522 3754 657 3796 (ligatur
670 3754 704 3786 F
815 3756 858 3793 16)
875 3756 1023 3798 fortasse
1036 3755 1095 3788 ins.
1110 3753 1170 3786 alii

1170 118 1249 164 215

2168 125 2290 168 XVII
2327 131 2340 168 1

1253 245 1320 279 emi
1344 245 1398 280 vel
1422 245 1513 279 alius
1531 244 1618 279 mihi
1639 255 1754 290 neque
1773 247 1922 283 interest
1939 248 2085 293 aliquid,
2110 253 2228 284 cessat
2248 259 2347 283 man-

1252 289 1327 324 dati
1351 290 1457 342 actio.
1495 289 1672 342 mandavi,
1700 295 1739 325 ut
1763 293 1906 337 negotia
1928 303 2087 338 gereres:
2121 294 2152 329 s'i
2175 293 2262 329 nihil
2287 294 2347 329 de-

1251 336 1414 380 perierit,
1465 345 1600 370 uamvls
1626 346 1730 370 nemo
1754 338 1920 381 gesserit,
1945 339 2044 374 nulla
2068 340 2161 374 actio
2187 343 2259 382 est,
2284 343 2346 375 aut

1252 381 1281 415 si
1306 380 1397 416 alius
1421 381 1433 415 i
1460 391 1549 416 01100
1571 381 1739 425 gesserit,
1775 387 1893 418 cessat
1924 384 2084 419 mandati
2107 385 2214 420 00110.
2252 388 2288 420 01
2310 385 2347 420 111

1252 429 1270 460 7
1319 426 1492 462 similibus
1523 426 1591 461 1100
1614 425 1707 461 1ᾱο111
1732 427 1798 461 0111
1829 428 2064 472 probandum.
2113 430 2151 465 Si
2180 430 2346 475 ignoran-

1252 476 1305 506 tes
1329 471 1560 507 fideiussores
1586 471 1784 507 debitorem
1810 473 1956 508 solvisse
1980 475 2034 509 vel
2059 475 2166 510 etiam
2190 476 2346 521 accepti-

1250 517 1384 552 latione
1416 518 1489 552 sive
1519 521 1626 562 pacto
1660 517 1850 552 liberatum
1883 529 1926 553 ex
1950 520 2153 555 substantia
2178 521 2346 556 debitoris

1251 564 1271 596 8
1319 562 1522 604 solverunt,
1556 573 1628 598 non
1653 563 1873 598 tenebuntur
1896 564 2065 599 mandati.
2115 565 2218 610 Quod
2242 570 2277 601 01
2301 567 2347 601 ad

1251 607 1429 643 actionem
1463 607 1681 643 fideiussoris
1715 608 1880 653 pertinet.
1931 613 1966 644 et
1996 610 2064 645 hoc
2097 622 2140 645 ex
2172 612 2344 657 rescripto

1251 652 1412 688 divorum
1435 652 1588 688 fratrum
1611 653 1730 688 intelle
1755 664 1814 688 010
1845 653 1948 696 11001,
1983 655 2084 690 011108
2117 657 2225 691 verba
2256 657 2346 692 haec

1250 702 1353 732 sunt:
1379 697 1531 734 ‘Catullo
1556 698 1704 734 Iuliano.
1763 698 1775 733 i
1797 698 1845 741 hi,
1865 699 1924 743 qui
1944 711 2008 744 pro
2031 704 2066 735 te
2086 701 2344 745 fideiusserant,

1251 743 1299 778 ‘in
1323 744 1493 779 maiorem
1518 744 1756 788 quantitatem
1781 743 1959 787 damnati,
1986 756 2092 790 quam
2118 746 2228 782 debiti
2253 748 2343 783 ratio

1251 788 1446 833 ‘exigebat‚
1480 789 1634 824 scientes
1660 792 1696 824 et
1719 789 1913 835 prudentes
1939 790 2110 834 auxilium
2135 792 2344 837 appellatio-

1250 834 1316 869 ‘nis
1340 834 1554 878 omiserunt,
1588 835 1723 880 poteris
1747 834 1908 870 mandati
1932 836 2119 880 agentibus
2143 837 2198 872 his
2223 838 2344 883 aequi-

1249 882 1336 915 ‘tate
1367 879 1494 915 iudicis
1519 880 1613 915 tueri
1636 880 1696 915 te.’
1732 880 1838 925 igitur
1868 880 1899 915 si
1931 880 2202 926 ignoraverunt,
2237 893 2343 918 excu-

1248 928 1329 960 sata
1351 925 1552 970 ignorantia
1577 929 1648 961 est:
1674 925 1705 961 si
1729 925 1905 969 scierunt,
1937 926 2168 962 incumbebat
2200 928 2249 962 eis
2284 939 2344 963 ne-

1249 970 1398 1006 cessitas
1433 971 1672 1015 provocandi,
1710 975 1867 1006 ceterum
1901 971 1982 1007 dolo
2014 972 2146 1007 versati
2179 977 2280 1015 sunt,
2316 974 2345 1008 si

1248 1027 1320 1051 non
1356 1020 1652 1061 provocaverunt.
1703 1016 1788 1061 quid
1823 1021 1963 1059 tamen,
2001 1017 2032 1052 si
2065 1023 2260 1062 paupertas
2295 1019 2345 1053 eis

1247 1072 1319 1097 non
1344 1062 1531 1106 permisit?
1576 1067 1748 1097 excusata
1773 1066 1827 1097 est
1852 1073 1974 1097 eorum
1998 1062 2130 1108 inopia.
2168 1063 2232 1098 sed
2257 1068 2292 1098 et
2315 1064 2345 1099 si

1247 1110 1378 1142 testato
1413 1108 1679 1143 convenerunt⁹
1711 1107 1926 1150 debitorem,
1960 1111 2000 1142 ut
2032 1108 2062 1143 si
2092 1108 2170 1153 ipse
2201 1113 2347 1153 putaret

1247 1155 1267 1187 9
1315 1163 1336 1187 0
1363 1153 1523 1197 110Πο101,
1548 1158 1636 1198 puto
1662 1153 1836 1188 rationem
1862 1153 1911 1188 eis
1937 1158 2116 1189 constare.
2164 1153 2257 1190 Dolo
2281 1164 2344 1189 au-

1246 1202 1318 1232 tem
1358 1208 1462 1233 acere
1486 1198 1635 1241 videtur,
1661 1198 1722 1243 qui
1744 1198 1782 1233 id
1806 1198 1901 1243 quod
1925 1203 2046 1243 potest
2066 1199 2254 1234 restituere
2274 1210 2346 1234 non

1251 1246 1290 1278 10
1338 1244 1511 1279 restituit:
1545 1244 1697 1289 proinde
1732 1243 1763 1279 si
1786 1244 1851 1279 tibi
1874 1243 2061 1287 mandavi,
2096 1249 2137 1279 ut
2167 1245 2345 1280 hominem

1246 1299 1401 1331 emeres,
1437 1293 1547 1335 tuque
1571 1290 1707 1332 emisti,
1742 1289 1920 1325 teneberis
1953 1289 2057 1331 mihi,
2092 1294 2133 1325 ut
2162 1291 2344 1326 restituas.

1246 1333 1309 1370 sed
1335 1337 1370 1369 et
1394 1334 1424 1369 si
1448 1334 1530 1370 dolo
1564 1345 1680 1370 emere
1712 1334 1897 1380 neglexisti
1930 1334 2035 1374 (forte
2068 1336 2160 1371 enim
2191 1336 2346 1381 pecunia

1247 1384 1397 1424 accepta
1416 1380 1477 1415 alii
1498 1380 1636 1416 cessisti
1658 1384 1697 1416 ut
1718 1384 1861 1421 emeret)
1882 1383 1946 1415 aut
1964 1380 1996 1416 si
2015 1381 2091 1415 lata
2112 1381 2218 1426 culpa
2240 1381 2346 1423 (forte

1246 1425 1276 1460 si
1305 1426 1422 1470 gratia
1446 1425 1576 1461 ductus
1600 1436 1729 1471 passus
1762 1436 1799 1461 es
1833 1426 1941 1460 alium
1973 1430 2120 1470 emere),
2155 1427 2342 1462 teneberis.

1246 1471 1308 1505 sed
1332 1475 1367 1505 et
1391 1470 1421 1506 si
1445 1482 1567 1506 servus
1592 1482 1696 1516 quem
1729 1471 1844 1506 emisti
1877 1471 1986 1516 fugit,
2019 1471 2049 1507 si
2085 1471 2227 1517 quidem
2260 1472 2342 1507 dolo

1245 1519 1319 1558 tuo,
1344 1516 1531 1559 teneberis,
1557 1516 1588 1551 si
1612 1516 1714 1552 dolus
1738 1528 1811 1552 non
1830 1516 2019 1551 intervenit
2037 1528 2102 1552 nec
2127 1517 2243 1563 culpa,
2269 1529 2342 1552 non

1245 1561 1422 1597 teneberis
1446 1562 1515 1597 nisi
1540 1562 1587 1596 ad
1617 1562 1707 1604 hoc,
1739 1565 1780 1597 ut
1812 1572 1959 1604 caveas,
1994 1562 2024 1597 si
2057 1562 2094 1597 in
2124 1566 2341 1608 potestatem

1246 1611 1344 1642 tuam
1395 1608 1579 1650 ervenerit,
1604 1612 1640 1642 te
1663 1608 1920 1643 restituturum.
1958 1607 2022 1642 sed
2047 1611 2082 1643 et
2106 1609 2136 1643 si
2160 1608 2340 1651 restituas,

1246 1655 1281 1687 et
1304 1655 1360 1687 tra
1387 1662 1445 1687 010
1469 1652 1588 1688 (101108.
1628 1656 1663 1688 01
1686 1653 1717 1688 81
1742 1656 1887 1688 cautum
1919 1656 1974 1688 est
2006 1653 2049 1688 de
2082 1654 2255 1689 evictione
2286 1653 2342 1689 vel

1244 1701 1347 1742 potes
1373 1697 1595 1741 desiderare,
1622 1702 1661 1733 ut
1685 1698 1751 1733 tibi
1776 1702 1964 1740 caveatur,
1989 1702 2076 1743 puto
2101 1698 2286 1741 sufficere,
2311 1698 2341 1734 si

1248 1742 1332 1777 mihi
1356 1743 1426 1778 hac
1450 1744 1593 1779 actione
1618 1744 1743 1786 cedas,
1769 1748 1810 1779 ut
1831 1747 2102 1788 procuratorem
2125 1755 2181 1780 me
2204 1744 2241 1779 in
2265 1755 2340 1779 rem

1245 1799 1358 1841 meam
1381 1788 1515 1832 facias,
1540 1800 1607 1825 nec
1630 1790 1783 1835 amplius
1807 1792 1969 1836 praestes
1995 1799 2101 1835 quam
2126 1793 2338 1825 consecutu-

1243 1844 1304 1869 rus
1329 1844 1389 1869 818.

1290 1877 1315 1916 9
1348 1879 1509 1915 Panem
1540 1879 1631 1916 libro
1667 1879 1877 1926 trz'qensimo
1911 1880 2069 1916 secundo
2106 1879 2155 1916 ad
2184 1880 2338 1916 edictum

1243 1924 1298 1960 De
1322 1928 1384 1960 tuo
1409 1925 1515 1960 etiam
1538 1924 1637 1961 facto
1663 1935 1788 1961 cavere
1813 1925 1932 1961 debes.

1293 1968 1343 2008 10
1376 1969 1571 2006 Uzmzws
1600 1970 1691 2006 libro
1725 1972 1936 2017 criqensimo
1963 1972 2087 2017 primo
2111 1970 2161 2006 ad
2183 1970 2338 2007 edictum

1244 2015 1413 2060 Idemque
1446 2019 1481 2051 et
1511 2016 1547 2051 in
1578 2015 1711 2058 fundo,
1744 2017 1775 2051 si
1807 2016 1958 2052 fundum
1993 2017 2077 2051 emit
2107 2019 2338 2061 procurator:

1243 2061 1330 2096 nihil
1354 2061 1447 2096 0111111
1471 2061 1622 2106 0111111108
1647 2072 1753 2106 (10001
1773 2062 1905 2106 bonam
1925 2061 2030 2097 fidem
2052 2065 2238 2107 praestare
2260 2073 2339 2097 eum

1248 2109 1261 2141 l
1311 2110 1453 2151 oportet
1478 2108 1537 2152 qui
1560 2110 1743 2152 procurat.
1793 2107 1863 2142 Sed
1887 2110 1923 2142 et
1946 2107 1977 2143 si
2001 2107 2045 2142 de
2069 2107 2224 2142 sanitate
2246 2107 2338 2143 servi

1243 2151 1471 2196 procuratori
1504 2157 1648 2187 cautum
1674 2156 1728 2188 est
1752 2156 1816 2187 aut
1840 2152 1958 2188 caveri
1981 2156 2100 2197 potest
2123 2156 2188 2188 aut
2211 2152 2255 2188 de
2280 2163 2337 2188 00-

1242 2197 1328 2232 10118
1363 2197 1473 2239 vitiis,
1505 2197 1598 2232 idem
1631 2198 1698 2232 erit
1729 2197 1927 2233 dicendum.
1965 2201 2029 2233 aut
2041 2199 2069 2219 ¹⁰
2093 2198 2122 2233 si
2147 2198 2253 2243 culpa
2278 2208 2337 2233 ca-

1242 2245 1261 2277 2
1310 2242 1383 2278 veri
1407 2254 1479 2278 non
1505 2243 1701 2286 curaverit,
1736 2243 2043 2279 condemnabitur.
2093 2243 2131 2278 Si
2155 2253 2199 2278 ex
2223 2242 2336 2278 fundo

1242 2299 1347 2333 quem
1379 2288 1465 2323 mihi
1497 2289 1581 2323 emit
1611 2292 1826 2333 procurator
1856 2288 1996 2324 fructus
2030 2292 2245 2324 consecutus
2271 2292 2336 2331 est,

1241 2334 1307 2368 hos
1347 2344 1487 2378 quoque
1526 2333 1646 2369 officio
1681 2333 1810 2369 iudicis
1845 2338 2030 2379 praestare
2066 2345 2145 2370 eum
2183 2337 2334 2378 oportet.

1242 2382 1261 2414 3
1310 2378 1347 2413 Si
1370 2382 1583 2423 procurator
1606 2389 1706 2414 meus
1738 2380 1927 2431 pecuniam
1958 2389 2073 2414 meam
2103 2379 2257 2421 habeat,
2293 2389 2337 2414 ex

1242 2435 1342 2459 mora
1367 2423 1488 2469 utique
1512 2435 1641 2459 usuras
1665 2424 1751 2459 mihi
1776 2424 1916 2469 pendet.
1955 2424 2018 2460 sed
2043 2427 2078 2459 et
2097 2423 2128 2459 si
2145 2424 2336 2469 pecuniam

1242 2479 1356 2504 meam
1379 2469 1518 2504 faenori
1542 2469 1639 2505 dedit
1663 2480 1861 2515 usurasque
1894 2472 2110 2505 consecutus
2142 2472 2216 2512 est,
2250 2479 2336 2504 con-

1242 2517 1430 2560 sequenter
1463 2514 1621 2550 dicemus
1653 2514 1783 2550 debere
1815 2525 1893 2550 eum
1926 2518 2108 2559 praestare
2140 2518 2334 2559 quantum-

1242 2570 1394 2604 cumque
1428 2560 1702 2595 emolumentum
1735 2560 1866 2602 sensit,
1899 2560 1971 2595 sive
2004 2559 2035 2595 ei
2067 2559 2231 2595 mandavi
2265 2559 2339 2595 sive

1242 2616 1323 2647 non,
1349 2605 1432 2650 quia
1456 2605 1572 2641 bonae
1596 2605 1678 2640 fidei
1702 2605 1771 2640 hoc
1797 2605 1971 2650 congruit,
1997 2615 2042 2640 ne
2067 2604 2111 2640 de
2135 2605 2252 2640 alieno
2278 2605 2333 2640 10-

1242 2661 1342 2685 010111
1374 2650 1524 2685 sentiat:
1561 2651 1656 2695 quod
1689 2650 1719 2685 si
1752 2661 1823 2685 non
1849 2650 2009 2685 exercuit
2031 2650 2239 2695 pecuniam,
2274 2650 2336 2685 sed

1242 2696 1287 2730 ad
1314 2706 1399 2731 usus
1425 2706 1510 2731 suos
1535 2696 1727 2737 convertit,
1753 2696 1789 2730 in
1814 2706 1942 2730 usuras
1968 2695 2217 2738 convenietur,
2243 2706 2335 2740 quae

1242 2741 1395 2785 legitimo
1420 2741 1525 2776 modo
1558 2741 1594 2775 in
1625 2741 1828 2785 regionibus
1859 2740 2144 2786 frequentantur.
2183 2740 2336 2786 denique

1240 2786 1459 2838 Papinianus
1493 2786 1544 2821 ait
1575 2786 1681 2821 etiam
1712 2785 1742 2821 si
1774 2796 1902 2821 usuras
1935 2786 2090 2831 exegerit
2123 2790 2337 2831 procurator

1242 2835 1277 2866 et
1300 2842 1336 2865 m
1361 2841 1447 2866 usus
1472 2841 1556 2866 suos
1583 2831 1774 2872 convertit,
1808 2841 1934 2866 usuras
1960 2842 2041 2866 eum
2064 2835 2249 2876 praestare
2273 2831 2334 2867 de-

1241 2879 1261 2910 4
1310 2877 1405 2911 11010.
1454 2876 1492 2910 Si
1516 2876 1594 2920 quis
1619 2876 1712 2911 Titio
1738 2875 1978 2919 mandaverit,
2009 2880 2049 2912 ut
2072 2877 2119 2912 ab
2144 2877 2328 2912 actoribus

1241 2921 1313 2957 suis
1339 2925 1498 2956 mutuam
1522 2921 1709 2965 pecuniam
1733 2921 1930 2966 acciperet,
1963 2922 2123 2957 mandati
2157 2933 2237 2958 eum
2263 2933 2333 2957 non

1241 2970 1407 3002 acturum
1430 2966 1651 3011 Papinianus
1675 2966 1765 3002 libro
1790 2967 1894 3002 tertio
1919 2977 2172 3012 responsorum
2197 2967 2331 3010 scribit,

1240 3012 1324 3057 quia
1364 3010 1408 3046 de
1446 3015 1572 3046 mutua
1611 3011 1766 3056 pecunia
1799 3022 1879 3046 eum
1911 3012 2021 3047 habet
2052 3013 2265 3058 obligatum:
2299 3016 2333 3047 et

1239 3057 1317 3092 ideo
1350 3067 1479 3091 usuras
1513 3067 1592 3091 eum
1625 3060 1746 3101 petere
1776 3067 1848 3092 non
1881 3068 1988 3102 posse
2020 3057 2122 3102 quasi
2155 3069 2197 3093 ex
2223 3068 2333 3093 causa

1239 3101 1417 3144 mandati,
1460 3101 1490 3136 si
1531 3101 1568 3135 in
1611 3101 1875 3147 stipulationem
1918 3102 2093 3138 deductae
2129 3114 2200 3138 non
2236 3106 2330 3138 sunt.

1239 3150 1258 3182 5
1307 3147 1404 3181 Idem
1439 3146 1659 3191 Papinianus
1694 3147 1785 3183 libro
1819 3147 1944 3183 eodem
1978 3147 2089 3183 refert
2133 3147 2332 3183 fideiussori

1240 3191 1497 3234 condemnato,
1531 3191 1592 3236 qui
1622 3191 1702 3227 ideo
1727 3191 1919 3235 fideiussit,
1953 3193 2036 3238 quia
2060 3192 2222 3228 dominus
2248 3203 2329 3236 pro-

1241 3236 1398 3272 curatori
1429 3236 1659 3271 mandaverat
1682 3241 1722 3272 ut
1745 3238 1934 3283 pecuniam
1957 3241 2117 3273 mutuam
2140 3238 2329 3281 acciperet,

1240 3282 1361 3317 utilem
1386 3282 1563 3316 actionem
1595 3282 1749 3317 dandam
1782 3283 1883 3328 quasi
1913 3283 2144 3324 institoriam,
2179 3282 2262 3326 quia
2297 3285 2329 3315 et

1240 3327 1298 3362 hic
1330 3326 1432 3371 quasi
1455 3327 1706 3371 praeposuisse
1739 3339 1819 3363 eum
1850 3333 1995 3363 mutuae
2028 3328 2201 3372 pecuniae
2234 3326 2327 3360 acci-

1241 3375 1260 3406 6
1307 3371 1457 3416 piendae
1481 3371 1651 3407 videatur.
1700 3372 1737 3408 Si
1762 3373 1819 3409 cui
1850 3373 2081 3414 mandavero,
2115 3376 2155 3407 ut
2187 3382 2208 3405 a
2234 3371 2327 3405 Titio

1239 3416 1448 3460 stipuletur,
1481 3420 1605 3461 potero
1638 3428 1719 3453 cum
1751 3428 1792 3454 00
1826 3418 1883 3454 001
1914 3418 2077 3453 mandavi
2100 3426 2204 3460 agere
2229 3425 2327 3449 man·

1240 3461 1332 3502 dati,
1365 3464 1405 3496 ut
1429 3471 1508 3496 eum
1532 3466 1680 3508 accepto
1705 3463 1848 3506 liberet,
1882 3463 1913 3498 si
1945 3464 2013 3497 hoc
2038 3461 2157 3497 velim:
2191 3460 2264 3502 vel,
2298 3460 2329 3494 si

1239 3506 1376 3547 malim,
1401 3506 1438 3541 in
1462 3507 1530 3542 hoc
1555 3518 1675 3552 agam,
1701 3512 1741 3543 ut
1764 3518 1845 3544 eum
1870 3508 2006 3552 deleget
2029 3506 2113 3540 mihi
2137 3505 2189 3540 vel
2214 3505 2244 3539 si
2270 3504 2328 3539 cui

1239 3550 1299 3585 alii
1331 3550 1486 3586 voluero.
1533 3556 1568 3587 et
1598 3553 1817 3597 Papinianus
1847 3553 1937 3588 libro
1970 3551 2092 3586 eodem
2123 3550 2265 3591 scribit,
2298 3548 2328 3584 si

1239 3599 1352 3630 mater
1374 3606 1439 3641 pro
1464 3596 1536 3632 filia
1560 3597 1678 3633 dotem
1702 3598 1838 3634 dederit
1862 3607 2008 3642 eamque
2031 3595 2222 3630 mandante
2255 3594 2328 3629 filia

1241 3709 1283 3749 (7)
1308 3707 1355 3739 sit
1365 3720 1427 3742 scr.
2078 3710 2122 3750 (9)
2149 3707 2325 3741 convenie-

1238 3754 1319 3785 runt
1329 3751 1366 3785 F

1522 3711 1566 3751 (8)
1594 3711 1748 3743 venditor
1762 3712 1821 3744 ins.
1833 3710 1986 3753 Krueyer

1453 3754 1514 3797 (101
1539 3758 1575 3787 at
1586 3756 1667 3790 Hal
