2528 3918
97 106 302 140 cREm'ns

95 216 286 264 pecuniam
309 216 508 256 donassem,
532 216 574 248 ut
595 215 635 247 tu
658 212 745 248 mihi
769 211 918 247 eandem
943 211 1117 254 crederes,
1142 220 1188 246 an

99 261 236 299 credita
258 261 385 296 fieret?
420 258 492 295 dixi
510 258 548 293 in
566 257 771 293 huiusmodi
790 256 1096 302 propositionibus
1117 266 1189 291 non

123 306 252 352 ropriis
275 305 392 345 verbis
414 314 480 339 nos
503 302 568 344 uti,
592 312 677 338 nam
699 302 809 338 talem
829 305 1055 338 contractum
1074 311 1190 354 neque

97 320 326 388 &ouationem
349 359 427 386 esse
448 357 564 393 neque
587 348 776 392 pecuniam
800 347 991 382 creditam:
1025 347 1188 382 donatio-

97 408 179 434 nem
201 407 274 432 non
296 404 392 437 esse,
424 392 508 438 quia
537 403 610 428 non
644 402 687 427 ea
710 395 829 428 mente
851 392 1005 438 pecunia
1030 391 1188 434 daretur,

96 447 139 478 ut
169 439 368 478 omnimodo
398 448 508 484 penes
540 437 774 490 accipientem
806 441 985 473 maneret:
1019 436 1190 473 creditam

97 498 174 524 non
197 495 294 528 esse,
341 483 402 518 uia
422 482 627 518 exsolvendi
647 493 759 518 causa
777 483 889 528 magis
910 482 1059 518 daretur
1082 492 1190 528 quam

98 531 245 568 alterius
280 529 326 565 ob
342 528 469 573 gandi.
514 527 621 572 igitur
651 528 683 563 si
711 528 763 571 is,
800 528 861 573 qui
895 527 1085 573 pecuniam
1119 527 1189 563 hac

99 575 308 613 condicione
331 573 487 618 accepit,
519 576 560 608 ut
590 572 676 608 mihi
698 573 737 608 in
769 573 943 609 creditum
974 573 1095 615 daret,
1127 582 1188 608 ac-

98 625 237 668 ceptam
256 618 403 661 dederit,
425 629 496 654 non
514 618 592 654 fore
612 617 801 654 creditam:
826 619 939 663 magis
959 619 1053 654 enim
1070 628 1189 654 meum

97 666 280 711 accepisse
301 663 456 708 intellegi
481 663 604 699 debeo.
641 663 705 699 sed
727 663 819 700 haec
842 662 1080 709 intellegenda
1104 666 1189 699 sunt

95 715 241 758 propter
264 709 498 755 suptilitatem
521 709 729 745 verborum:
762 709 949 753 benignius
982 712 1103 744 tamen
1134 711 1189 744 est

95 761 214 792 utrum
239 766 284 790 ue
306 755 436 789 valere.

141 798 191 838 21
216 766 327 836 insu
353 799 444 839 libro
477 798 782 846 quadraqensimo
813 803 941 851 octauo
965 799 1188 846 diqestorum

95 846 246 892 Quidam
270 844 560 881 existimaverunt
582 854 697 889 neque
721 854 819 886 eum,
851 854 913 889 qm
944 844 1066 879 decem
1087 847 1187 890 pete-

94 895 167 934 ret,
200 890 399 936 cogendum
422 889 579 970 quingue
601 889 767 934 accipere
790 893 827 925 et
849 889 987 935 reliqua
1009 889 1187 935 persequi,

94 946 208 982 neque
232 947 331 978 eum,
356 935 418 980 qui
440 934 506 970 fun
531 945 592 970 um
615 945 720 970 suum
744 934 898 977 diceret,
921 937 1062 980 partem
1085 934 1187 970 dum-

93 985 196 1021 taxat
218 981 350 1016 iudicio
374 980 558 1025 persequi:
592 979 656 1016 sed
686 980 723 1015 in
747 983 901 1025 utraque
925 990 1036 1016 causa
1059 980 1186 1015 huma-

93 1027 174 1063 nius
197 1026 362 1062 facturus
385 1025 524 1061 videtur
546 1029 710 1071 praetor,
736 1025 766 1060 si
790 1029 947 1061 actorem
973 1036 1053 1061 com
1080 1025 1188 1061 ulerit

93 1072 141 1108 ad
164 1070 411 1117 accipiendum
432 1070 470 1106 id
518 1070 590 1107 uod
614 1070 804 1114 offeratur,
836 1081 919 1107 cum
950 1070 998 1106 ad
1027 1082 1048 1107 o
1066 1070 1188 1106 ficium

95 1118 170 1154 eius
194 1116 373 1163 pertineat
395 1116 474 1151 lites
519 1116 708 1151 eminuere.

141 1159 194 1200 22
218 1162 325 1198 IDEM
351 1162 442 1198 libro
475 1164 606 1207 quarto
637 1172 687 1197 ex
710 1160 860 1197 Minicio
906 1161 1059 1205 Vinum,
1091 1160 1186 1207 quod

93 1211 256 1244 mutuum
279 1207 404 1242 datum
428 1210 515 1249 erat,
538 1217 604 1251 per
625 1206 779 1242 iudicem
802 1206 954 1252 petitum
978 1211 1051 1243 est:
1077 1216 1186 1252 quae-

94 1254 201 1290 situm
233 1256 308 1295 est,
340 1251 441 1288 cuius
472 1252 642 1297 temporis
678 1251 880 1288 aestimatio
914 1252 1035 1295 fieret,
1066 1255 1187 1287 utrum

94 1310 176 1334 cum
211 1297 335 1333 datum
367 1301 462 1332 esset
491 1307 540 1332 an
571 1307 653 1333 cum
682 1297 781 1333 litem
813 1300 1036 1333 contestatus
1058 1296 1187 1333 fuisset

93 1355 140 1379 an
165 1354 246 1379 cum
268 1353 327 1378 res
350 1342 580 1378 iudicaretur.
628 1342 783 1378 Sabinus
813 1342 1017 1389 respondit,
1049 1342 1081 1378 si
1110 1343 1185 1378 dic-

93 1393 169 1424 tum
193 1391 289 1424 esset
311 1398 382 1434 quo
406 1391 567 1432 tempore
589 1387 809 1431 redderetur,
835 1388 961 1433 quanti
984 1391 1072 1423 tunc
1095 1387 1185 1423 fuis-

94 1438 166 1477 set,
197 1434 228 1469 si
257 1433 392 1469 dictum
415 1443 488 1468 non
512 1436 617 1475 esset,
642 1434 768 1479 quanti
790 1437 879 1469 tunc
901 1433 1031 1469 fuisset
1048 1434 1079 1476 ¹,
1104 1444 1187 1469 cum

94 1479 243 1525 petitum
267 1482 371 1515 esset.
407 1478 640 1524 interrogavi,
673 1479 775 1515 cuius
805 1478 877 1515 loci
907 1479 1061 1524 pretium
1085 1478 1187 1524 sequi

95 1527 270 1570 oporteat.
313 1523 517 1569 respondit,
556 1524 588 1559 si
618 1525 860 1567 convenisset,
895 1527 937 1559 ut
971 1527 1068 1560 certo
1103 1524 1185 1560 loco

95 1569 311 1612 redderetur,
336 1569 459 1615 quanti
482 1579 524 1605 eo
547 1569 628 1605 loco
653 1574 759 1613 esset,
783 1570 816 1606 si
834 1570 968 1606 dictum
988 1580 1062 1605 non
1079 1573 1184 1612 esset,

95 1615 218 1658 quanti
240 1614 303 1650 ubi
327 1617 422 1650 esset
443 1614 605 1660 petitum.

140 1658 193 1699 23
218 1660 446 1696 AFRICANUS
466 1659 558 1696 libro
580 1659 739 1696 secundo
763 1661 1014 1705 quaestionum
1051 1660 1089 1696 Si
1105 1670 1186 1696 eum

96 1716 246 1749 servum,
272 1706 334 1751 qui
355 1705 423 1740 tibi
443 1705 582 1750 legatus
605 1705 663 1748 sit,
688 1705 792 1750 quasi
814 1705 900 1741 mihi
923 1706 1078 1751 legatum
1101 1716 1184 1751 pos-

95 1751 244 1787 sederim
268 1754 304 1786 et
325 1749 554 1793 vendiderim,
578 1753 719 1786 mortuo
744 1761 786 1786 eo
810 1761 917 1796 posse
939 1754 977 1787 te
999 1751 1086 1787 mihi
1104 1762 1184 1796 pre-

95 1797 181 1832 tium
206 1795 393 1832 condicere
416 1795 575 1831 Iulianus
599 1796 659 1838 ait,
684 1796 787 1841 quasi
811 1806 855 1832 ex
877 1807 917 1833 re
939 1800 1003 1832 tua
1026 1797 1184 1842 locuple-

96 1842 163 1878 tior
185 1841 305 1880 factus
329 1841 406 1876 sim.

139 1885 194 1924 24
225 1886 420 1923 ULPIANUS
440 1885 532 1922 libro
554 1886 738 1934 sinqulari
751 1887 1021 1933 pandectarum
1056 1886 1185 1933 Siquis

95 1936 231 1968 certum
255 1932 445 1977 stipulatus
468 1930 596 1974 fuerit,
628 1941 673 1967 ex
705 1932 881 1977 stipulatu
912 1933 1090 1969 actionem
1112 1943 1185 1968 non

19 1993 24 1996 ·
94 1978 212 2019 habet,
237 1977 301 2013 sed
324 1977 386 2013 illa
410 1976 624 2012 condicticia
646 1977 789 2013 actione
810 1977 850 2027 *id
872 1978 1041 2024 persequi
1064 1978 1183 2021 debet,

94 2034 158 2069 per
182 2033 289 2068 quam
313 2026 449 2058 certum
471 2022 615 2067 petitur.

140 2066 192 2106 25
225 2067 335 2103 IDEM
364 2067 455 2104 libro
485 2067 671 2113 sinqulari
700 2067 746 2103 de
780 2068 907 2114 officio
940 2068 1184 2104 consularium

96 2113 269 2156 Creditor,
290 2113 351 2158 qui
370 2113 416 2148 ob
436 2112 699 2148 restitutionem
719 2113 962 2150 aedificiorum
981 2113 1184 2157 crediderit,

93 2158 353 2240 {lnbpgcuniam
387 2169 495 2203 quam
531 2157 722 2194 crediderit
761 2159 980 2204 privilegium
1023 2159 1185 2205 exigendi

120 2215 142 2240 a
168 2214 187 2239 e
211 2204 251 2239 it.

140 2247 195 2287 26
229 2248 339 2285 IDEM
368 2248 461 2285 libro
496 2248 622 2301 quinto
657 2249 867 2295 opinionum
914 2249 953 2285 Si
994 2249 1185 2295 pecuniam

96 2295 216 2331 militis
239 2297 452 2340 procurator
475 2303 551 2329 eius
574 2298 735 2329 mutuam
755 2294 852 2330 dedit
870 2294 1185 2340 fideiussoremque

96 2340 254 2385 accepit,
279 2339 440 2392 exemplo
465 2349 507 2375 eo
532 2349 603 2384 quo
627 2339 658 2374 si
680 2343 779 2375 tutor
801 2340 926 2385 pupilli
950 2343 1015 2375 aut
1038 2344 1185 2376 curator

95 2385 230 2421 iuvenis
261 2395 450 2430 pecumam
482 2384 687 2420 alterutrius
719 2395 842 2421 eorum
873 2385 1046 2421 creditam
1070 2386 1183 2431 stipu-

95 2430 188 2466 latus
210 2430 330 2473 fuerit,
355 2430 533 2466 actionem
557 2429 635 2465 dari
657 2430 759 2465 militi
783 2431 885 2467 cuius
904 2431 1059 2476 pecunia
1077 2430 1185 2467 fuerit

97 2475 243 2521 placuit.
783 2491 791 2494 -

141 2518 193 2558 27
217 2520 326 2557 Ins-u
353 2520 444 2556 libro
474 2519 610 2556 decimo
635 2520 685 2556 ad
706 2520 862 2556 edictum
908 2520 1040 2556 Civitas
1070 2521 1185 2555 mutui

79 2565 239 2611 ,datione
261 2565 410 2611 obligari
431 2568 562 2610 potest,
587 2565 619 2600 si
641 2565 688 2601 ad
705 2565 894 2601 utilitatem
914 2566 989 2601 eius
1010 2566 1185 2610 pecuniae

97 2621 217 2647 versae
239 2614 340 2647 sunt:
366 2610 524 2655 alioquin
546 2610 616 2656 ipsi
639 2611 706 2646 soli
729 2611 790 2656 qui
814 2615 1089 2654 contraxerunt,
1112 2622 1185 2646 non

99 2656 221 2692 civitas
244 2656 472 2692 tenebuntur.

141 2698 195 2740 28
223 2701 346 2738 Galus
373 2701 464 2737 libro
495 2701 685 2736 vicensimo
735 2702 826 2737 rimo
851 2701 902 2737 ad
922 2700 1077 2736 edictum
1093 2712 1184 2747 pro-

98 2746 247 2783 vinciale
293 2746 473 2788 Creditor,
506 2745 567 2791 qui
596 2757 669 2781 non
691 2711 859 2782 iffoneum
881 2746 1009 2792 pignus
1033 2746 1184 2791 accepit,

99 2801 170 2827 non
200 2791 354 2828 amittit²
388 2791 610 2827 exactionem
639 2791 714 2827 eius
747 2791 855 2827 debiti
886 2791 1116 2837 quantitatis,
1148 2791 1186 2826 in

100 2845 203 2881 quam
251 2838 353 2882 ignus
376 2847 449 2872 non
473 2835 617 2872 sufficit.

144 2878 197 2919 29
225 2848 388 2918 {ausas
415 2881 506 2918 libro
538 2885 670 2927 quarto
701 2881 752 2917 ad
780 2881 967 2918 Plautium
1014 2881 1052 2917 Si
1082 2881 1184 2916 insti-

99 2928 210 2962 torem
233 2937 372 2963 servum
396 2926 561 2963 dominus
584 2927 769 2970 habuerit,
801 2937 907 2973 posse
931 2926 1002 2962 dici
1024 2927 1185 2962 Iulianus

100 2969 150 3006 ait
172 2972 278 3008 etiam
301 2972 442 3008 condici
465 2972 497 3007 ei
519 2982 644 3017 posse,
676 2973 779 3018 quasi
809 2973 910 3009 iussu
941 2973 1017 3008 eius
1042 2975 1183 3008 contra-

99 3015 215 3060 hatur,
239 3027 262 3053 a
285 3028 354 3063 quo
403 3017 604 3062 raepositus
629 3017 686 3053 sit.

145 3057 197 3099 30
221 3061 329 3098 IDEM
347 3063 375 3098 li
395 3073 438 3098 ro
462 3064 588 3108 quinto
612 3062 662 3098 ad
684 3061 870 3098 Plautium
916 3062 985 3107 Qui
996 3062 1185 3108 pecuniam

101 3105 269 3142 creditam
303 3111 517 3153 accepturus
549 3107 743 3160 spopondit
774 3107 940 3144 creditori
970 3107 1112 3150 futuro,
1149 3108 1185 3142 in

100 3154 276 3195 potestate
297 3152 416 3195 habet,
440 3162 486 3188 ne
509 3152 719 3198 acclpiendo
742 3163 782 3188 se
805 3153 838 3189 ei
860 3153 1070 3198 obstringat.

146 3192 194 3232 31
222 3196 330 3232 IDEM
347 3197 438 3233 libro
456 3199 607 3244 septimo
626 3197 763 3234 decimo
782 3198 833 3234 ad
855 3198 1061 3234 Plautium³
1096 3197 1186 3233 Cum

101 3237 231 3277 fundus
253 3242 310 3277 vel
327 3242 433 3278 homo
452 3253 518 3288 per
537 3242 796 3279 condictionem
815 3244 948 3288 petitus
967 3247 1073 3286 esset,
1097 3247 1184 3288 puto

102 3283 170 3320 hoc
191 3296 257 3321 nos
280 3286 356 3322 iure
378 3288 449 3329 uti,
481 3292 522 3323 ut
551 3292 636 3333 post
665 3288 836 3323 iudicium
866 3299 952 3325 acce
977 3292 1054 3323 tum
1076 3298 1186 3323 causa

103 3330 215 3366 omnis
237 3331 457 3368 restituenda
479 3333 543 3375 sit,
575 3332 612 3368 id
645 3336 700 3368 est
723 3344 844 3376 omne,
877 3345 947 3379 quo
996 3333 1184 3369 habiturus

104 3378 196 3410 esset
207 3379 319 3418 actor,
332 3377 363 3412 si
373 3377 443 3413 litis
457 3378 711 3414 contestandae
722 3382 883 3423 tempore
895 3379 1033 3414 solutus
1043 3378 1182 3414 fuisset.

107 3419 122 3452 1
171 3418 315 3455 Servum
337 3424 438 3457 tuum
460 3422 665 3468 imprudens
690 3433 712 3458 a
734 3423 814 3459 fure
837 3425 933 3460 bona
955 3423 1025 3458 fide
1045 3423 1129 3459 emi:
1154 3424 1185 3459 is

106 3573 145 3625 (ι)
157 3575 185 3606 si
198 3580 232 3609 d.
243 3586 277 3608 n.
290 3580 377 3610 esset
388 3579 508 3619 quanti
520 3582 600 3613 tuno
608 3580 727 3613 fuisset
737 3582 887 3624 supplevi
891 3594 953 3615 sec.
965 3582 1011 3622 B,
1021 3594 1080 3615 om.
1095 3582 1184 3624 FP‘,

106 3627 136 3650 si
148 3628 213 3651 non
227 3622 346 3662 quanti
359 3627 441 3655 tuno
454 3627 541 3656 esset
553 3626 626 3658 dett.
719 3626 763 3667 (2)
787 3626 923 3659 amittat
934 3626 980 3659 F¹

109 3666 126 3701 5
139 3665 207 3716 ies.
218 3665 370 3700 Iuh'anus
381 3667 426 3700 D.
444 3669 495 3707 19,
507 3676 532 3708 1,
546 3677 591 3711 24,
605 3677 620 3704 1
729 3672 771 3712 (4)
796 3670 885 3704 idem
898 3671 966 3704 dici
980 3671 1091 3713 debet]
1104 3671 1185 3704 item

107 3706 196 3741 admi
215 3708 312 3742 debet
332 3709 458 3744 absolvi
479 3723 530 3745 me
551 3715 759 3752 (venditorem
777 3717 866 3749 servi
884 3717 1006 3750 vicarii
1023 3717 1183 3760 intelleye)

1177 84 1252 133 161

1073 3628 1115 3669 (3)
1141 3627 1188 3660 aa

2218 92 2353 135 XII1

1260 210 1481 263 expeculio,
1531 210 1604 263 uod
1627 211 1673 246 ad
1696 215 1733 246 te
1782 212 1976 256 ertinebat,
2001 213 2180 249 hominem
2202 215 2354 259 paravit,

1260 266 1321 301 qui
1344 255 1431 291 mihi
1453 259 1512 291 tra
1550 259 1609 291 tus
1634 259 1699 291 est.
1772 258 1900 293 abinus
1914 257 2060 294 Cassius
2109 269 2191 294 osse
2214 262 2250 295 te
2273 260 2358 295 mihi

1258 301 1437 336 hominem
1461 301 1667 337 condicere:
1703 301 1767 336 sed
1791 303 1821 336 si
1846 303 1931 347 quid
1954 303 2040 339 mihi
2064 314 2086 339 a
2113 308 2206 339 esset
2229 314 2273 340 ex
2294 315 2357 340 ne-

1257 346 1356 391 gotio
1381 346 1478 392 quod
1500 346 1531 382 is
1555 346 1742 390 gessisset,
1774 347 1925 383 invicem
1957 359 2013 384 me
2035 352 2155 385 tecum
2179 352 2356 385 acturum.

1260 394 1296 426 et
1318 391 1389 427 hoc
1412 402 1537 428 verum
1561 394 1633 427 est:
1658 401 1743 426 nam
1766 395 1803 427 et
1825 392 1985 429 Iulianus
2010 394 2062 429 ait
2083 394 2285 438 videndum,
2310 405 2358 431 ne

1260 435 1425 472 dominus
1448 437 1623 482 integram
1647 447 1691 472 ex
1715 440 1832 489 empto
1857 438 2035 474 actionem
2058 439 2210 482 habeat,
2234 440 2357 476 vendi-

1259 485 1318 517 tor
1341 485 1461 517 autem
1486 481 1676 518 condicere
1691 486 1807 527 possit
1825 482 1943 518 bonae
1962 484 2045 519 fidei
2066 485 2227 530 emptori.
2260 486 2358 531 quod

1259 526 1307 561 ad
1330 527 1529 572 peculiares
1553 537 1718 563 nummos
1742 526 1889 570 attinet,
1915 528 1945 563 si
1977 533 2138 572 exstant,
2173 530 2356 566 vindicare

1260 582 1321 607 eos
1347 572 1511 608 dominus
1534 575 1672 618 potest,
1705 572 1768 607 sed
1799 572 1941 609 actione
1974 574 2018 609 de
2049 576 2189 619 peculio
2213 579 2358 611 tenetur

1258 617 1445 660 venditori,
1469 621 1511 653 ut
1532 618 1687 662 pretium
1710 617 1845 653 solvat:
1871 618 1902 653 si
1926 620 2130 664 consumpti
2154 621 2235 663 sint,
2261 621 2356 658 actio

1259 662 1304 697 de
1327 663 1468 707 peculio
1493 663 1685 699 evanescit.
1719 662 1784 698 sed
1802 662 1944 699 adicere
1962 664 2085 699 debuit
2103 665 2263 702 Iulianus
2284 677 2357 702 non

1259 707 1363 743 aliter
1382 707 1526 744 domino
1547 708 1640 744 servi
1656 708 1876 744 venditorem
1897 719 1942 744 ex
1962 712 2081 755 empto
2101 711 2225 754 teneri,
2273 721 2357 747 uam

1259 753 1290 788 si
1314 753 1347 788 ei
1368 753 1523 798 pretium
1546 753 1698 790 solidum
1721 757 1757 789 et
1780 764 2047 800 quaecumque,
2078 755 2109 790 si
2133 766 2214 791 cum
2236 757 2262 791 li
2288 767 2354 793 ero

1259 798 1516 842 contraxisset,
1551 799 1784 841 deberentur,
1817 799 1982 835 dominus
2014 800 2107 835 servi
2137 805 2349 846 praestaret.

1257 843 1352 879 idem
1375 843 1447 879 dici
1471 843 1578 879 debet
1587 845 1612 887 ⁴,
1638 844 1669 880 si
1692 844 1809 879 bonae
1831 844 1915 880 fidei
1938 845 2138 890 possessori
2161 846 2355 890 solvissem,

1258 889 1290 924 si
1299 892 1421 924 tamen
1433 889 1606 932 actiones,
1620 899 1710 934 quas
1723 889 1894 926 adversus
1906 900 1987 926 eum
1995 891 2159 934 habeam,
2172 895 2356 936 praestare

1258 933 1403 970 domino
1426 937 1577 980 paratus
1600 934 1678 971 sim.

1304 976 1358 1017 32
1386 979 1533 1016 Cusas
1560 980 1652 1016 libro
1676 980 1803 1026 quinto
1827 979 2050 1027 diqestorum
2097 980 2134 1016 Si
2167 983 2203 1016 et
2233 992 2289 1017 me
2321 986 2357 1018 et

1258 1024 1395 1060 Titium
1429 1028 1592 1060 mutuam
1625 1025 1816 1071 pecuniam
1849 1026 2030 1070 rogaveris
2066 1029 2103 1061 et
2138 1036 2202 1071 ego
2238 1037 2355 1063 meum

1258 1069 1455 1106 debitorem
1478 1070 1545 1106 tibi
1568 1070 1776 1116 promittere
1799 1071 1980 1115 iusserim,
2014 1074 2055 1106 tu
2078 1071 2270 1117 stipulatus
2294 1073 2354 1116 sis,

1258 1125 1339 1151 cum
1388 1118 1509 1151 utares
1534 1126 1615 1151 eum
1640 1116 1726 1151 Titii
1749 1115 1945 1152 debitorem
1969 1127 2059 1160 esse,
2084 1127 2132 1152 an
2155 1117 2243 1152 mihi
2265 1117 2355 1153 obli-

1255 1161 1352 1206 garis
1413 1161 1591 1204 subsisto,
1623 1162 1655 1197 si
1688 1161 1831 1213 quidem
1853 1162 1991 1197 nullum
2013 1162 2194 1207 negotium
2217 1173 2355 1199 mecum

1257 1206 1486 1242 contraxisti:
1511 1206 1576 1242 sed
1599 1217 1747 1252 propius
1772 1210 1827 1243 est
1849 1210 1891 1242 ut
1915 1207 2064 1252 obligari
2087 1211 2123 1243 te
2147 1207 2354 1252 existimem,

1256 1262 1330 1287 non
1353 1251 1438 1297 quia
1460 1251 1651 1297 pecuniam
1674 1252 1741 1288 tibi
1765 1252 1900 1288 credidi
1931 1253 2013 1294 (hoc
2047 1253 2139 1288 enim
2170 1253 2240 1289 nisi
2263 1253 2356 1289 inter

1257 1297 1520 1333 consentientes
1532 1297 1611 1333 fieri
1622 1307 1695 1333 non
1714 1301 1867 1343 potest):
1893 1298 1956 1333 sed
1976 1299 2059 1343 quia
2078 1298 2232 1343 pecunia
2251 1300 2356 1334 mea⁶

1256 1342 1304 1378 ad
1334 1345 1371 1378 te
1401 1343 1582 1388 pervenit,
1614 1352 1693 1378 eam
1722 1343 1809 1378 mihi
1840 1354 1863 1378 a
1893 1347 1930 1379 te
1954 1344 2055 1379 reddi
2079 1344 2212 1379 bonum
2236 1347 2272 1380 et
2295 1354 2354 1380 ae-

1280 1399 1364 1423 uum
1388 1391 1453 1424 est.

1257 1399 1280 1434 q
1301 1430 1355 1471 33
1380 1433 1639 1469 Monsssrfflas
1658 1433 1751 1469 libro
1775 1434 1914 1469 decimo
1932 1433 2202 1481 pandectarum
2249 1435 2353 1470 Prin-

1257 1478 1433 1524 cipalibus
1458 1479 1775 1515 constitutionibus
1801 1482 1965 1522 cavetur,
1997 1490 2042 1516 ne
2065 1480 2103 1515 hi
2126 1480 2188 1526 qui
2210 1481 2353 1526 provin-

1257 1523 1350 1559 ciam
1380 1527 1509 1570 regunt
1539 1525 1644 1569 quive
1675 1524 1773 1560 circa
1804 1535 1866 1560 eos
1898 1527 1983 1560 sunt
2017 1526 2244 1570 negotientur
2274 1537 2353 1562 mu-

1255 1573 1397 1605 tuamve
1420 1569 1610 1615 pecuniam
1634 1569 1721 1605 dent
1742 1569 1914 1606 faenusve
1938 1574 2140 1606 exerceant.

1302 1612 1356 1653 34
1380 1614 1438 1650 ΡΑ
1446 1624 1542 1651 ULUS
1569 1615 1662 1650 libro
1685 1615 1843 1651 secundo
1867 1616 2127 1651 sententiarum
2173 1616 2354 1652 Praesidis

1255 1660 1459 1706 provinciae
1483 1659 1668 1703 officiales,
1693 1661 1778 1706 quia
1800 1661 1964 1706 perpetui
1988 1665 2082 1704 sunt,
2107 1667 2268 1697 mutuam
2290 1673 2352 1707 pe-

1259 1710 1274 1741 1
1324 1705 1467 1741 cuniam
1487 1705 1574 1741 dare
1594 1709 1630 1741 et
1640 1705 1845 1741 faenebrem
1858 1716 2025 1742 exercere
2037 1710 2201 1751 possunt.
2239 1707 2350 1743 Prae-

1255 1761 1313 1786 ses
1336 1751 1542 1796 provinciae
1565 1754 1726 1786 mutuam
1748 1751 1939 1796 pecuniam
1969 1751 2176 1787 faenebrem
2208 1762 2348 1788 sumere

1255 1807 1329 1832 non
1354 1796 1576 1841 prohibetur.

1301 1839 1355 1879 35
1379 1841 1638 1877 Moossmrvs
1657 1841 1748 1877 libro
1773 1842 1878 1877 tertio
1901 1853 2158 1888 responsorum
2203 1842 2347 1878 Pericu·

1254 1887 1329 1922 lum
1352 1887 1535 1922 nominum
1559 1886 1607 1922 ad
1630 1896 1729 1930 eum,
1762 1886 1864 1923 cuius
1897 1887 2005 1933 culpa
2036 1887 2192 1923 deterius
2215 1886 2353 1923 factum

1254 1932 1401 1977 probari
1423 1935 1555 1978 potest,
1579 1932 1744 1977 pertinet.

1301 1975 1356 2015 36
1379 1976 1427 2013 IA
1435 1987 1608 2013 ronanus
1623 1977 1715 2013 libro
1726 1978 1852 2030 primo
1873 1977 2111 2024 epistularum
2145 1977 2351 2021 Pecuniam,

1256 2033 1364 2068 quam
1386 2022 1473 2058 mihi
1496 2022 1573 2058 sine
1597 2022 1808 2058 condiclone
1831 2022 2008 2065 debebas,
2041 2023 2142 2058 iussu
2165 2033 2243 2058 meo
2267 2034 2351 2068 pro-

1256 2068 1383 2104 misisti
1413 2068 1514 2103 Attio
1546 2069 1614 2104 sub
1647 2068 1873 2104 condicione:
1906 2079 1986 2103 cum
2018 2068 2196 2113 pendente
2228 2068 2352 2104 condi-

1256 2114 1358 2149 cione
1380 2113 1420 2149 in
1443 2123 1485 2150 eo
1510 2116 1609 2149 statu
1631 2113 1680 2149 sit
1702 2113 1871 2158 obligatio
1891 2117 1956 2148 tua
1975 2113 2146 2149 adversus
2167 2124 2235 2157 me,
2259 2117 2351 2149 tam-

1278 2169 1363 2194 uam
1385 2159 1453 2195 sub
1478 2158 1696 2195 contrariam
1720 2158 1966 2194 condicionem
1989 2169 2068 2194 eam
2087 2159 2174 2194 mihi
2195 2169 2212 2195 s
2239 2169 2351 2204 opon-

1281 2204 1382 2247 ‘sti⁶,
1406 2204 1437 2240 si
1460 2204 1637 2250 pendente
1662 2203 1871 2240 condicione
1894 2207 2033 2249 petam,
2066 2214 2114 2239 an
2137 2204 2210 2239 nih‘
2249 2208 2351 2240 actu-

1254 2260 1317 2286 rus
1341 2250 1446 2285 sum?
1480 2249 1684 2295 respondit:
1710 2260 1783 2285 non
1807 2249 1951 2292 dubito,
1985 2249 2071 2294 quin
2102 2250 2208 2285 mea⁷
2239 2259 2349 2302 pecu-

1255 2295 1326 2338 nia,
1351 2305 1458 2340 quam
1474 2295 1552 2347 ipse
1569 2295 1646 2330 sine
1664 2294 1871 2331 condicione
1887 2294 2078 2347 stipulatus
2095 2305 2183 2337 sum,
2210 2297 2315 2329 etlam
2325 2296 2351 2316 ⁷·

1255 2340 1286 2375 si
1310 2339 1473 2375 condicio
1496 2351 1535 2375 ιιι
1564 2350 1721 2385 persona
1743 2339 1852 2382 Attii,
1888 2351 1950 2385 qui
1981 2350 2025 2375 ex
2057 2350 2137 2375 mea
2167 2339 2351 2375 voluntate

1256 2385 1404 2421 eandem
1426 2385 1617 2431 pecuniam
1640 2386 1708 2420 sub
1733 2385 1944 2421 condicione
1967 2385 2159 2430 stipulatus
2185 2389 2250 2428 est,
2275 2395 2351 2420 non

1254 2430 1429 2473 extiterit,
1463 2430 1599 2466 credita
1630 2441 1708 2466 esse
1739 2433 1948 2476 permaneat
1981 2429 2140 2475 (perinde
2165 2434 2219 2465 est
2243 2429 2348 2472 enim,

1254 2486 1298 2512 ac
1321 2475 1353 2511 si
1375 2476 1475 2511 nulla
1498 2476 1682 2521 stipulatio
1706 2476 1984 2518 intervenisset):
2016 2475 2194 2520 pendente
2231 2478 2351 2510 autem

1254 2531 1364 2557 causa
1389 2521 1607 2557 condicionis
1631 2521 1725 2557 idem
1747 2524 1870 2566 petere
1892 2531 1965 2556 non
1984 2531 2141 2565 possum,
2167 2520 2346 2565 quoniam,

1255 2577 1337 2602 cum
1359 2567 1534 2602 incertum
1557 2567 1623 2609 sit,
1655 2577 1702 2601 an
1734 2576 1778 2601 ex
1803 2576 1845 2600 ea
1869 2565 2098 2611 stipulatione
2122 2565 2242 2600 deberi
2264 2575 2349 2611 pos·

1253 2612 1311 2653 sit,
1336 2615 1419 2647 ante
1443 2615 1583 2656 tempus
1606 2615 1728 2657 petere
1751 2611 1883 2646 videor.

1301 2654 1354 2695 37
1379 2656 1628 2692 PAPINIANUS
1648 2656 1738 2693 libro
1755 2657 1879 2709 primo
1904 2656 2151 2701 definitionum
2195 2655 2284 2691 Cum
2303 2655 2350 2691 ad

1254 2712 1424 2748 praesens
1456 2706 1595 2747 tempus
1629 2702 1790 2737 condicio
1825 2701 2026 2744 confertur,
2060 2701 2106 2736 sti
2132 2700 2243 2736 ulatio
2275 2711 2348 2736 non

1255 2747 1485 2792 suspenditur
1509 2751 1564 2789 et,
1589 2747 1620 2782 si
1644 2746 1807 2782 condicio
1831 2756 1916 2781 vera
1938 2747 1995 2789 sit,
2021 2746 2091 2791 stip
2133 2746 2206 2781 atio
2230 2749 2341 2788 tenet,

1253 2791 2347 2873 &¹5⁷3ss‘3¹33‘³12issfflffintfiivi?⁰”3331t‘iffimmffi90iiff‘e

1906 2864 1914 2879 2

1255 2882 1466 2927 ‘spondes?’
1503 2881 1626 2917 eadem
1650 2885 1734 2917 sunt
1758 2885 1794 2917 et
1817 2892 1898 2917 cum
1928 2882 1965 2917 in
1996 2881 2229 2927 praeteritum
2261 2891 2346 2916 con-

1255 2927 1348 2963 dicio
1374 2926 1568 2963 confertur.
1754 2956 1757 2958 ,

1301 2969 1355 3010 38
1379 2971 1584 3008 SGAEVOLA
1605 2971 1696 3008 libro
1710 2972 1834 3018 primo
1855 2973 2103 3019 quaestionum
2138 2971 2346 3016 Respicien-

1256 3018 1339 3054 dum
1364 3017 1458 3053 enim
1482 3027 1572 3060 esse,
1596 3027 1654 3059 an,
1679 3020 1851 3062 quantum
1874 3018 1912 3053 in
1935 3020 2066 3052 natura
2085 3017 2269 3052 hominum
2288 3016 2346 3058 sit,

1254 3063 1370 3109 possit
1395 3062 1512 3098 scire⁹
1535 3072 1614 3109 eam
1638 3062 1759 3098 debitu
1774 3064 1802 3084 ¹⁰
1824 3063 1879 3098 iri.

1301 3106 1354 3146 39
1390 3107 1640 3143 PAPJNJAst
1666 3108 1758 3144 libro
1815 3108 1907 3143 rimo
1939 3107 2186 3153 definitionum
2199 3107 2226 3128 ¹¹
2272 3105 2345 3140 Ita-

1256 3164 1325 3199 que
1348 3157 1433 3188 tunc
1457 3155 1672 3198 potestatem
1695 3163 1763 3188 con
1803 3153 1914 3189 cionis
1941 3152 2099 3198 optinet,
2124 3162 2206 3187 cum
2228 3150 2266 3185 in
2288 3150 2345 3185 fu-

1254 3204 1375 3234 turum
1399 3198 1591 3233 confertur.

1301 3242 1355 3281 40
1380 3242 1540 3279 PAULUS
1560 3242 1652 3279 libro
1676 3243 1780 3279 tertio
1800 3243 2055 3296 quaestionum
2100 3241 2214 3277 Lecta
2235 3243 2289 3292 est
2308 3240 2346 3275 in

1256 3287 1434 3324 auditorio
1458 3287 1599 3323 Aemilii
1621 3287 1811 3334 Pupiniam
1866 3287 2015 3323 raefecti
2046 3286 2225 3338 praetori-o
2256 3294 2346 3337 iuris

1258 3333 1412 3369 consulti
1435 3333 1554 3368 cautio
1577 3333 1798 3368 huiusmodi:
1831 3337 1841 3353 ⁴
1874 3333 1978 3368 ucius
2002 3332 2116 3367 Titius
2140 3341 2266 3375 scnpm
2289 3338 2346 3364 me

1256 3378 1450 3423 ‘accepisse
1474 3388 1496 3413 a
1518 3378 1647 3413 Publio
1670 3378 1811 3414 Maevio
1837 3377 2037 3423 quindecim
2068 3379 2192 3411 mutua
2222 3384 2344 3409 nume-

1256 3427 1349 3458 ‘rata
1380 3423 1466 3458 mihi
1499 3423 1542 3458 de
1575 3423 1678 3459 domo
1711 3427 1747 3458 et
1769 3424 1860 3458 haec
1884 3422 2084 3468 quindecim
2107 3421 2223 3465 proba
2247 3422 2346 3454 recte

1563 3583 1606 3624 (5)
1631 3592 1717 3624 quae
1731 3583 1792 3616 ins.
1806 3581 1850 3613 F²
1944 3581 1987 3621 (6)
2013 3577 2252 3625 spopondisses
2260 3575 2343 3610 Hal.

1564 3626 1618 3668 (¹17)
1643 3627 1742 3660 etiam
1757 3627 1819 3660 del.
1914 3626 1959 3666 (8)
1986 3626 2120 3656 centum
2132 3621 2218 3654 mihi
2231 3631 2252 3653 a
2264 3620 2345 3653 dare

1759 3672 1804 3713 (9)
1830 3670 1910 3703 sciri
1925 3669 1954 3702 S
2102 3668 2161 3709 (10)
2187 3665 2361 3699 deditulr'*

1255 3580 1375 3614 debere
1387 3594 1449 3614 scr.

1256 3628 1299 3667 (ἵ)
1325 3636 1364 3658 ea
1377 3627 1458 3660 Hal.

1255 3671 1309 3711 F1,
1322 3674 1457 3704 centum
1469 3670 1543 3704 dari
1555 3671 1609 3704 Γ*

1256 3717 1311 3758 (ιι)
1335 3715 1565 3749 definitionem
1577 3716 1614 3749 F

2032 3769 2068 3802 21
