2528 3918
183 134 476 180 XXXXVIIII
510 139 559 180 15

185 260 345 307 quamvis
382 260 584 296 consentire
620 259 753 311 nuptiis
785 263 887 304 pater
917 259 994 296 sius
1027 271 1097 295 non
1129 264 1267 304 posset:

186 317 267 341 nam
290 305 413 350 utique
437 315 503 340 nec
527 305 725 340 dissentire.
772 309 962 350 susceptus
988 315 1072 349 ergo
1096 314 1207 349 nepos
1231 305 1269 340 in

186 350 317 386 reversi
348 349 479 394 captivi
507 352 686 395 potestate
718 353 758 384 ut
785 349 842 385 avi
865 350 955 385 erit²
985 359 1142 394 suusque
1165 349 1268 385 heres

186 397 218 430 ei
242 394 503 440 quodammodo
526 394 647 435 invito,
673 405 752 429 cum
772 394 903 447 nuptiis
922 405 993 429 non
1012 394 1233 429 consenserit
1242 397 1268 429 ².

185 451 257 475 non
280 440 426 481 mirum,
453 440 537 484 quia
559 439 653 474 illius
676 444 845 484 temporis
870 439 1031 475 condicio
1057 439 1267 474 necessitas-

184 495 254 530 que
282 484 440 520 faciebat
470 490 506 520 et
536 484 681 529 publica
704 485 909 537 nuptiarum
933 484 1068 519 utilitas
1091 484 1267 528 exigebat.

185 537 206 565 -i
253 529 324 565 Sed
344 529 474 574 captivi
493 540 595 570 uxor,
620 533 762 565 tametsi
779 529 931 564 maxime
950 529 1033 564 velit
1054 532 1090 563 et
1107 528 1145 563 in
1163 528 1268 564 domo

185 579 204 609 5
254 575 330 610 eius
353 575 411 616 sit,
436 585 508 610 non
531 579 651 609 tamen
674 574 711 609 in
735 574 957 609 matrimonio
983 578 1047 609 est.
1095 573 1268 616 Codicilli,

185 620 215 654 si
246 629 335 664 quos
366 619 403 654 in
429 624 589 664 tempore
612 619 827 664 captivitatis
851 619 1052 664 scripserit,
1088 629 1160 654 non
1191 628 1267 654 cre-

185 664 319 699 duntur
349 664 427 699 iure
457 664 580 709 suptili
612 664 811 700 confirmati
842 668 1073 707 testamento,
1130 663 1202 699 uod
1232 663 1270 698 in

186 709 328 745 civitate
350 709 498 744 fecerat.
538 709 601 744 sed
625 719 691 744 nec
714 709 1024 745 fideicommissum
1049 719 1094 743 ex
1145 710 1172 744 's
1196 708 1269 752 peti

184 759 321 799 potest,
356 754 441 799 quia
469 765 541 789 non
572 759 657 790 sunt
685 755 732 789 ab
762 764 803 789 eo
834 754 937 796 facti,
975 754 1035 799 qui
1065 753 1269 789 testamenti

185 798 376 834 factionem
399 799 537 834 habuit.
572 799 637 834 sed
657 800 741 844 quia
759 810 894 834 merum
914 798 1128 843 principium
1145 808 1268 834 eorum

183 845 220 879 in
251 844 394 879 civitate
423 844 616 879 constituto
648 845 788 888 captivo
820 844 956 878 factum
985 850 1055 887 est,
1087 844 1123 878 id
1154 847 1209 879 est
1231 843 1269 877 in

183 894 396 924 testamento
421 888 644 925 confirmatio
669 889 923 930 codicillorum,
948 892 984 923 et
1007 889 1037 924 is
1061 891 1188 934 postea
1211 898 1266 923 re-

183 944 308 969 versus
338 938 393 970 est
415 940 451 969 et
474 934 689 979 postliminio
714 934 770 969 ius
794 943 897 968 suum
921 944 1002 969 rece
1028 934 1072 976 it,
1105 934 1268 969 humani-

183 979 268 1014 tatis
303 979 434 1014 rationi
464 990 659 1023 congruum
692 984 747 1014 est
776 989 838 1013 eos
869 978 981 1014 codic*
1011 989 1051 1014 os
1083 979 1134 1014 ita
1164 989 1268 1014 suum

183 1023 350 1059 effectum
372 1024 523 1067 habere,
579 1024 657 1059 uasi
680 1024 716 1058 in
741 1023 856 1058 medio
880 1023 981 1058 nulla
1004 1024 1191 1069 captivitas
1215 1023 1268 1058 in-

184 1074 205 1104 6
251 1069 475 1105 tercessisset
484 1070 509 1102 ³.
587 1074 685 1103 etera
714 1079 806 1113 quae
834 1068 872 1103 in
895 1069 973 1104 iure
996 1074 1095 1113 sunt,
1127 1073 1268 1120 postea-

184 1124 290 1160 quam
313 1113 529 1159 postliminio
554 1113 646 1149 redit
669 1117 734 1159 pro
758 1124 801 1149 eo
825 1114 1020 1156 habentur,
1044 1124 1088 1149 ac
1112 1125 1142 1150 si
1165 1125 1267 1149 num-

184 1162 202 1193 7
251 1169 359 1204 quam
381 1159 450 1195 iste
472 1159 627 1194 hostium
645 1159 781 1204 potitus
802 1158 939 1194 fuisset.
977 1159 1015 1194 Si
1032 1159 1111 1204 quis
1129 1169 1270 1194 servum

184 1209 329 1250 captum
352 1204 399 1240 ab
423 1204 587 1239 hostibus
611 1203 809 1248 redemerit,
860 1204 999 1239 rotinus
1023 1209 1078 1239 est
1095 1204 1268 1239 redimen-

183 1250 247 1291 tis,
282 1249 442 1294 quamvis
471 1248 615 1284 scientis
647 1249 801 1283 alienum
845 1250 959 1284 uisse:
991 1249 1055 1285 sed
1084 1249 1205 1284 oblato
1237 1249 1271 1284 ei

182 1294 298 1339 pretio
331 1294 427 1338 quod
458 1293 556 1329 dedit
613 1293 804 1329 ostliminio
835 1294 970 1329 redisse
994 1298 1058 1329 aut
1079 1295 1270 1346 receptus⁴

184 1343 204 1374 8
252 1349 331 1374 esse
361 1349 482 1374 servus
513 1349 572 1373 cre
598 1344 678 1373 etur
688 1340 712 1373 ⁵.
759 1338 810 1373 Et
833 1339 863 1374 si
886 1339 1055 1384 ignorans
1080 1344 1269 1384 captivum,

183 1384 389 1420 existimans
420 1383 604 1419 vendentis
636 1394 715 1419 esse
743 1384 910 1426 redemit,
944 1395 990 1419 an
1014 1384 1117 1429 quasi
1140 1395 1269 1420 usuce-

182 1430 279 1475 pisse
309 1429 491 1472 videatur,
531 1428 669 1463 scilicet
706 1439 752 1464 ne
786 1434 871 1475 post
905 1429 1097 1474 legitimum
1130 1434 1269 1474 tempus

183 1474 355 1510 offerendi
377 1474 483 1519 pretii
506 1473 619 1518 priori
642 1473 786 1509 domino
810 1474 965 1510 facultas
989 1475 1047 1516 sit,
1075 1474 1269 1510 videamus.

183 1530 267 1555 nam
290 1519 464 1561 occurrit,
497 1518 594 1564 quod
623 1519 851 1563 constitutio,
883 1530 975 1564 quae
1005 1519 1049 1555 de
1079 1520 1270 1564 redemptis

182 1566 258 1600 lata
280 1568 346 1608 est,
370 1574 451 1599 eum
473 1563 679 1599 redimentis
702 1574 842 1600 servum
861 1564 958 1607 facit,
984 1570 1021 1600 et
1039 1565 1135 1610 quod
1154 1575 1271 1600 meum

182 1610 255 1645 iam
276 1619 476 1655 usucapere
499 1619 556 1644 me
578 1609 737 1654 intellegi
759 1620 832 1645 non
854 1614 985 1654 potest.
1021 1620 1164 1645 rursum
1189 1620 1270 1645 cum

183 1654 392 1690 constitutio
416 1664 489 1689 non
513 1653 723 1689 deteriorem
749 1665 895 1690 causam
918 1654 1183 1697 redimentium,
1208 1654 1272 1691 sed

183 1700 214 1736 si
253 1709 322 1744 quo
362 1699 543 1734 meliorem
578 1698 751 1742 effecerit,
789 1700 924 1744 peremi
953 1700 1010 1735 ius
1041 1700 1158 1735 bonae
1188 1699 1271 1735 fidei

182 1745 353 1789 emptoris
375 1744 653 1779 vetustissimum
679 1750 714 1779 et
737 1744 897 1790 iniquum
916 1750 953 1780 et
973 1749 1099 1781 contra
1117 1750 1271 1780 mentem

184 1789 448 1825 constitutionis
468 1794 541 1824 est:
565 1789 717 1834 ideoque
733 1794 917 1825 transacto
934 1794 1105 1835 tempore,
1125 1794 1269 1834 quanto,

183 1834 251 1870 nisi
275 1834 484 1870 constitutio
508 1844 589 1869 eum
613 1834 799 1879 proprium
830 1835 991 1877 fecisset,
1024 1835 1176 1880 usucapi
1205 1846 1270 1881 po-

182 1880 320 1922 tuisset,
345 1879 434 1914 nihil
457 1890 501 1914 ex
526 1879 782 1915 constitutione
806 1880 950 1916 domino
970 1890 1157 1926 superesse
1173 1885 1271 1916 recte

183 1928 204 1960 9
251 1924 400 1960 dicetur.
437 1924 724 1960 Manumittendo
749 1929 868 1961 autem
892 1930 1013 1960 utrum
1037 1925 1168 1960 desinit
1189 1930 1269 1960 tan-

182 1975 259 2005 tum
297 1969 461 2005 dominus
497 1979 574 2005 esse
604 1974 641 2005 et
669 1970 815 2006 relictus
846 1971 894 2006 ab
925 1981 966 2007 eo
997 1981 1121 2006 servus
1150 1971 1187 2005 in
1214 1971 1270 2006 ius

183 2015 312 2060 prioris
336 2014 468 2050 domini
491 2014 610 2050 redit?
649 2025 696 2049 an
727 2019 764 2051 et
794 2016 946 2051 liberum
975 2026 1057 2051 eum
1088 2015 1192 2059 facit,
1225 2026 1271 2051 ne

182 2059 380 2140 praestatio
394 2059 570 2095 libertatis
585 2059 731 2095 dominii
744 2060 811 2096 fiat
823 2061 1038 2096 translatio?
1062 2065 1159 2096 certe
1175 2061 1271 2106 apud

210 2110 306 2140 ostes
319 2104 559 2140 manumissus
573 2105 747 2140 liberatur
756 2106 781 2147 ⁶,
803 2110 840 2141 et
854 2109 975 2141 tamen
991 2106 1021 2141 si
1036 2116 1116 2141 eum
1126 2107 1139 2127 ⁷
1159 2116 1270 2141 nanc-

182 2155 243 2185 tus
267 2150 431 2185 dominus
454 2149 568 2194 ipsius
592 2154 693 2185 vetus
715 2151 811 2186 intra
833 2151 1014 2196 praesidia
1037 2155 1162 2186 nostra
1181 2151 1270 2186 fuis-

184 2201 257 2238 set,
289 2195 448 2247 quamvis
471 2205 544 2230 non
567 2200 730 2230 secutum
753 2206 810 2231 res
834 2201 995 2238 nostras,
1026 2196 1091 2231 sed
1120 2195 1204 2231 dum
1227 2206 1271 2231 eo

184 2240 333 2276 consilio
364 2239 538 2281 venisset,
572 2243 613 2274 ut
641 2239 688 2275 ad
715 2240 797 2276 illos
825 2246 1064 2276 reverteretur
1074 2242 1098 2282 ⁸,
1130 2251 1272 2277 servum

183 2285 354 2321 retineret
376 2285 455 2320 iure
478 2284 695 2329 postliminii.
732 2285 828 2330 quod
850 2286 887 2321 in
906 2286 1030 2321 liberis
1050 2286 1156 2321 aliter
1174 2292 1269 2321 erat:

183 2341 256 2365 non
277 2330 370 2365 enim
388 2329 604 2374 postliminio
625 2331 881 2373 revertebatur,
902 2331 971 2367 nisi
989 2330 1050 2376 qui
1066 2331 1136 2366 hoc
1153 2331 1271 2366 animo

185 2375 231 2410 ad
263 2385 348 2410 suos
380 2375 551 2416 venisset,
583 2379 624 2409 ut
653 2385 777 2410 eorum
807 2386 866 2411 res
888 2381 1099 2421 sequeretur
1121 2376 1273 2421 illosque

183 2420 273 2456 relin
298 2425 415 2462 neret,
440 2430 463 2454 a
486 2420 616 2464 quibus
639 2420 916 2467 abissetzquia,
941 2425 983 2456 ut
1006 2421 1158 2456 Sabinus
1182 2421 1270 2457 scri-

184 2466 248 2507 bit,
297 2475 317 2500 e
340 2475 408 2500 sua
431 2465 527 2510 qua⁹
550 2465 694 2500 civitate
713 2466 842 2511 cuique
859 2465 1099 2502 constituendi
1117 2466 1271 2502 facultas

184 2511 298 2546 libera
317 2514 382 2552 est,
407 2520 480 2546 non
499 2509 544 2545 de
564 2510 710 2545 dominii
730 2511 820 2547 iure.
858 2522 981 2547 verum
1001 2511 1070 2546 hoc
1089 2521 1162 2546 non
1181 2511 1272 2546 mul-

184 2561 261 2590 tum
284 2559 411 2590 onerat
431 2559 656 2608 praesentem
674 2555 982 2601 inspectationem,
1007 2556 1094 2608 quia
1116 2557 1272 2592 hostium

183 2601 262 2636 iure
284 2600 516 2635 manumissio
540 2601 667 2636 obesse
690 2601 757 2637 civi
780 2605 904 2637 nostro
928 2601 1072 2637 domino
1090 2602 1183 2637 servi
1200 2612 1273 2637 non

185 2646 320 2690 potuit,
359 2650 399 2680 at
429 2645 460 2681 is
492 2645 537 2681 de
566 2656 637 2690 quo
669 2647 854 2692 quaeritur
883 2646 960 2691 lege
990 2650 1129 2689 nostra,
1165 2657 1273 2691 quam

185 2690 394 2726 constitutio
423 2690 525 2733 fecit,
557 2691 667 2725 civem
692 2691 894 2727 Romanum
923 2691 1104 2727 dominum
1133 2691 1271 2735 habuit,

185 2742 222 2771 et
251 2746 299 2770 an
330 2736 376 2770 ab
409 2745 450 2770 eo
482 2735 597 2780 possit
626 2736 825 2771 libertatem
858 2736 1025 2781 adsequi,
1062 2740 1270 2772 tractamus.

186 2780 272 2826 quid
302 2781 414 2822 enim,
447 2780 480 2815 si
510 2791 703 2825 numquam
735 2781 795 2817 ille
851 2781 979 2817 retium
1010 2781 1086 2817 eius
1118 2781 1272 2817 offerat?

185 2826 217 2861 si
240 2836 306 2861 nec
330 2825 562 2860 conveniendi
581 2826 659 2861 eius
678 2827 725 2862 sit
743 2826 802 2862 fac
841 2827 924 2862 tas?
953 2826 1086 2862 liber-¹⁰
1109 2827 1177 2862 erit
1196 2837 1270 2862 ser—

184 2882 269 2913 vus,
301 2870 362 2915 qui
391 2870 489 2905 nullo
520 2871 646 2906 merito
676 2882 742 2907 suo
774 2872 908 2916 poterit
937 2881 960 2906 a
989 2871 1132 2907 domino
1164 2872 1270 2907 liber-

185 2918 295 2951 tatem
318 2915 513 2959 consequi?
554 2915 650 2960 quod
680 2922 734 2952 est
762 2917 923 2962 iniquum
951 2921 989 2953 et
1017 2920 1144 2952 contra
1170 2917 1270 2952 insti-

184 2965 302 2996 tutum
326 2970 349 2995 a
371 2960 565 2995 maioribus
589 2961 764 2997 libertatis
787 2961 958 2997 favorem.
994 2966 1092 2997 certe
1109 2966 1146 2997 et
1162 2963 1271 2997 veteri

184 3006 263 3041 iure
293 3005 326 3041 si
356 3005 403 3040 ab
426 3005 514 3047 hoc,
546 3005 608 3050 qui
634 3006 749 3041 sciens
773 3006 927 3042 alienum
951 3017 1030 3042 esse
1052 3006 1270 3049 redemisset,

185 3051 277 3086 alius
302 3051 397 3086 bona
419 3049 491 3085 fide
514 3050 674 3093 emisset,
706 3062 905 3097 usucapere
932 3051 978 3087 ad
1000 3051 1272 3098 libertatemque

185 3095 381 3140 perducere
400 3095 527 3140 potuit,
552 3100 588 3130 et
606 3095 674 3130 isto
694 3106 836 3141 quoque
853 3096 959 3132 modo
977 3097 1077 3142 prior
1095 3096 1270 3140 dominus,

186 3141 247 3186 qui
283 3145 367 3176 ante
405 3139 649 3193 captivitatem
679 3140 813 3182 fuerat,
851 3142 906 3177 ius
937 3152 1042 3177 suum
1073 3142 1270 3178 amittebat.

190 3190 231 3220 10
302 3195 390 3221 uare
408 3185 518 3230 igitur
531 3184 600 3220 iste
617 3195 690 3220 non
709 3185 818 3221 habet
837 3187 892 3222 ius
911 3187 1210 3222 manumittendi?
1233 3187 1271 3222 Si

186 3235 259 3266 stat
301 3230 376 3265 'ber
405 3229 532 3272 fuerit,
572 3235 764 3275 antequam
800 3232 845 3267 ab
875 3232 1038 3268 hostibus
1069 3236 1270 3278 caperetur,

186 3275 390 3321 redemptus
425 3274 602 3319 pendente
635 3275 843 3311 condicione
874 3286 976 3312 suam
1007 3287 1153 3312 causam
1185 3277 1270 3313 reti-

190 3324 226 3355 11
277 3320 388 3356 nebit.
425 3319 518 3364 Quid
540 3330 637 3365 ergo,
662 3321 692 3356 si
715 3321 766 3356 ita
789 3321 990 3357 libertatem
1014 3326 1216 3368 acceperat,
1240 3323 1271 3358 si

186 3438 226 3475 (ι)
250 3434 305 3466 avi
317 3434 393 3476 erit]
405 3433 551 3467 audierit
564 3434 596 3465 F
681 3433 726 3475 (2)
749 3434 943 3466 consenserit
958 3435 992 3467 F'
1073 3437 1116 3476 (3)
1141 3436 1269 3469 videtur

190 3480 417 3530 Dyphom‘nue
435 3480 483 3512 sic
502 3479 695 3522 scripsisset
716 3477 894 3511 factionem
914 3479 1042 3521 habuit,
1065 3479 1122 3513 sed
1140 3490 1268 3513 merum

186 3524 389 3567 principium
471 3523 680 3556 confirmatio
700 3522 949 3565 codicillorum,
974 3525 1101 3568 reliqua
1123 3525 1218 3567 (quia
1240 3532 1271 3559 ee

186 3572 221 3601 et
238 3569 268 3601 is
284 3571 397 3611 posteo
490 3568 738 3610 interemisset)
762 3570 892 3602 adiecta
910 3581 979 3602 esse
999 3572 1040 3602 ab
1062 3570 1267 3613 Iustinianis,

187 3615 246 3656 qui
253 3621 427 3656 praeterea
439 3623 566 3646 merum
578 3613 766 3646 vocabulum
779 3614 889 3647 tollere
901 3615 1060 3648 debebant
1149 3617 1191 3655 (4)
1217 3625 1268 3648 re-

187 3661 343 3699 cepturus
358 3659 389 3690 F
450 3659 496 3699 (5)
518 3657 730 3691 erediturF’
793 3659 839 3700 (6)
863 3658 1030 3692 uben-ath*
1087 3660 1131 3699 (7)
1156 3660 1278 3693 osmi·

186 3705 232 3741 (8)
258 3706 442 3736 revertetur
463 3704 495 3735 F
610 3708 656 3742 (⁹)
682 3712 749 3744 qua
768 3704 830 3736 dal.

187 3754 243 3791 (ιι)
266 3746 360 3780 milis
372 3748 434 3781 del.
446 3747 513 3793 Ε’-
564 3753 624 3791 (12)
647 3747 726 3781 dare
736 3748 815 3781 inde
827 3758 895 3782 nun
907 3752 1016 3792 pote-t
1028 3750 1086 3783 im.
1150 3752 1208 3790 (is)
1231 3750 1268 3781 in

1260 133 1345 184 834

953 3705 1016 3745 (10)
1038 3702 1134 3746 liber]
1157 3704 1186 3736 is
1204 3716 1267 3738 ecr-
1338 3705 1402 3746 ΙΝ,
1419 3703 1556 3746 aliquad
1570 3706 1641 3745 (sic)
1655 3703 1707 3737 12¹0

1482 77 1547 104 *px

1541 108 1551 162 ἶ
2119 149 2182 182 ns
2210 149 2412 183 effrivis

1337 259 1458 294 decem
1489 258 1585 293 milia
1598 261 1624 281 ¹¹
1656 259 1816 296 dederit?
1862 261 2062 305 quaesitum
2094 264 2166 303 est,
2205 262 2299 297 unde
2329 262 2415 297 dare

1337 304 1498 346 debebit,
1531 304 1697 348 quoniam
1729 306 1796 340 etsi
1827 316 2035 342 concessum
2061 309 2117 341 est
2139 307 2346 342 statulibero
2371 306 2415 342 de

1337 349 1475 393 peculio
1499 348 1596 391 dare,
1621 349 1690 384 hoc
1713 354 1847 394 tamen,
1897 351 1969 386 uod
1992 351 2089 396 apud
2110 350 2206 386 hunc
2230 351 2289 395 qui
2315 352 2414 387 rede-

1337 394 1400 428 mit
1423 394 1543 434 habet,
1568 394 1738 438 numquid
1760 395 1836 430 vice
1859 396 1883 430 il
1900 396 1953 431 'us
1977 395 2035 439 sit,
2060 395 2154 440 quod
2177 395 2273 440 apud
2293 396 2415 432 hostes

1337 438 1560 483 quaesisset?
1592 438 1725 483 utique,
1749 440 1780 474 si
1803 451 1847 475 ex
1869 451 1907 475 re
1930 441 2025 475 illius
2049 445 2112 475 aut
2135 451 2178 475 ex
2202 441 2317 485 operis
2341 441 2415 476 suis

1338 483 1537 528 quaesitum
1571 489 1625 518 est
1638 485 1683 519 ¹²:
1715 494 1759 519 ex
1783 485 1852 519 alia
1876 491 1993 520 autem
2018 495 2128 521 causa
2148 490 2253 530 parto
2278 486 2415 530 peculio

1337 533 1457 573 potest
1479 527 1584 570 dare,
1616 529 1668 564 ita
1694 532 1734 563 ut
1758 529 1957 566 condicioni
1981 531 2060 565 beni
2109 540 2129 565 e
2152 540 2232 565 eum
2255 530 2417 574 paruisse

1343 576 1380 607 12
1428 572 1626 624 credamus.
1673 573 1711 608 Si
1742 573 1878 626 pignori
1908 585 2030 611 servus
2084 580 2165 610 atus
2194 574 2313 610 fuerat
2335 580 2417 610 ante

1337 628 1381 653 ca
1407 618 1590 660 tivitatem,
1615 623 1697 663 post
1720 618 1901 655 dimissum
1924 620 2183 665 redemptorem
2206 619 2244 654 in
2263 625 2416 655 veterem

1338 629 1588 715 obligationem
1611 664 1809 707 revertitur,
1834 668 1870 699 et
1892 664 1923 700 si
1947 665 2102 701 creditor
2119 664 2289 700 obtulerit
2307 665 2339 699 ei
2358 664 2418 709 qui

1337 708 1502 749 redemit,
1537 713 1670 753 quanto
1699 709 1902 754 redemptus
1931 713 2005 752 est,
2036 710 2146 745 habet
2168 709 2419 754 obligationem

1338 757 1374 787 et
1402 753 1440 788 in
1471 753 1625 797 priorem
1638 755 1665 775 ¹³
1695 753 1805 788 debiti
1835 765 1980 790 causam
2009 757 2046 790 et
2074 754 2112 789 in
2141 765 2218 789 eam
2247 764 2419 789 summam

1338 808 1409 843 qua
1434 809 1513 832 eum
1535 798 1707 842 liberavit,
1732 799 1835 844 quasi
1859 809 1901 833 ea
1924 799 2139 843 obligatione
2160 799 2313 844 quadam
2333 810 2418 834 con-

1338 842 1524 878 stitutione
1553 843 1718 879 inducta:
1751 847 1792 879 ut
1824 855 1904 879 cum
1935 845 2110 889 posterior
2133 844 2288 880 creditor
2310 844 2421 889 priori

1339 888 1515 923 satisfacit
1538 888 1773 923 confirmandi
1796 889 1850 923 sui
1879 889 2036 934 pignoris
2066 899 2195 925 causa:
2228 889 2296 924 nisi
2325 888 2421 934 quod

1338 933 1374 968 in
1398 933 1467 968 hoc
1491 943 1663 968 conversa
1685 944 1743 969 res
1764 938 1818 969 est
1837 939 1873 969 et
1916 935 2117 978 osteri0r¹⁴,
2142 934 2226 978 quia
2245 944 2325 968 euni
2344 944 2419 969 ser-

1338 989 1431 1021 vum,
1456 981 1497 1012 ut
1520 978 1616 1023 apud
1640 989 1706 1014 nos
1725 983 1828 1020 esset,
1854 990 1873 1014 e
1903 979 2013 1023 'cit¹⁵,
2038 979 2084 1014 ab
2103 989 2156 1020 eo,
2181 979 2242 1024 qui
2262 984 2420 1023 tempore

1343 1026 1381 1057 13
1429 1023 1528 1068 prior
1551 1023 1630 1065 fuit,
1656 1027 1697 1058 ut
1719 1023 1911 1059 infirmiore
1934 1023 2159 1060 dimittendus
2183 1030 2248 1059 est.
2285 1023 2323 1058 Si
2340 1023 2419 1068 plu-

1337 1068 1429 1103 rium
1452 1078 1575 1104 servus
1600 1068 1718 1104 fuerat
1742 1073 1777 1103 et
1800 1070 1955 1104 omnium
1979 1069 2120 1104 nomine
2143 1070 2176 1104 ei
2195 1069 2256 1114 qui
2274 1068 2422 1104 redemit

1338 1113 1541 1148 restitutum
1565 1114 1718 1158 pretium
1743 1114 1819 1155 erit,
1844 1114 1882 1149 in
1906 1114 2190 1150 communionem
2212 1113 2358 1149 redibit:
2391 1113 2421 1148 si

1338 1159 1444 1193 unius
1467 1162 1608 1193 tantum
1632 1158 1688 1194 vel
1711 1159 1934 1204 quorundam
1962 1170 2028 1195 nec
2057 1159 2231 1200 omnium,
2263 1158 2311 1194 ad
2341 1168 2421 1193 eum

1339 1213 1443 1239 eosve
1466 1204 1526 1248 qui
1549 1204 1730 1239 solverunt
1753 1204 1955 1248 pertinebit,
1979 1205 2030 1239 ita
2053 1211 2093 1239 ut
2115 1204 2154 1239 in
2174 1204 2337 1249 portione
2355 1213 2422 1239 sua

1338 1248 1530 1293 pristinum
1562 1249 1617 1284 ius
1648 1249 1834 1294 optineant
1864 1253 1901 1284 et
1912 1250 1939 1271 ¹⁶
1970 1250 2007 1284 in
2036 1254 2139 1295 parte
2166 1253 2365 1284 ceterorum
2388 1248 2422 1283 ei

1341 1296 1382 1328 14
1430 1293 1491 1338 qui
1514 1293 1662 1329 redemit
1681 1294 1889 1330 succedant.
1925 1294 1964 1330 Si
1983 1294 2255 1330 fideicommissa
2274 1293 2420 1328 libertas

1340 1338 1462 1374 debita
1486 1339 1626 1390 captivo
1650 1338 1770 1380 fuerit,
1794 1339 1999 1392 redemptus
2022 1339 2178 1374 nondum
2200 1348 2279 1374 eam
2327 1343 2423 1373 etere

1344 1387 1381 1418 15
1430 1387 1578 1429 poterit,
1609 1384 1679 1419 nisi
1709 1384 1925 1429 redemptori
1956 1384 2179 1420 satisfecerit.
2227 1383 2266 1419 Si
2317 1393 2421 1436 epor-

1339 1432 1454 1463 tatum
1477 1429 1524 1464 ab
1547 1429 1665 1464 insula
1687 1430 1809 1465 hostes
1838 1434 2026 1474 ceperunt,
2059 1429 2262 1474 redemptus
2293 1429 2422 1474 quibus

1340 1474 1484 1509 casibus
1508 1474 1611 1518 redit,
1634 1474 1672 1509 in
1695 1485 1774 1510 eam
1799 1484 1945 1510 causam
1969 1475 2095 1515 veniet,
2125 1474 2162 1509 in
2186 1484 2258 1518 qua
2280 1474 2423 1509 futurus

1339 1523 1453 1561 esset,
1483 1519 1514 1554 si
1545 1523 1671 1564 captus
1703 1530 1776 1555 non
1806 1519 1949 1554 fuisset:
1989 1519 2236 1564 deportabitur
2265 1518 2421 1563 igitur¹⁷.

1343 1568 1383 1599 16
1430 1563 1501 1599 Sed
1513 1565 1542 1585 ¹⁸
1560 1565 1592 1600 si
1609 1564 1648 1599 in
1665 1565 1804 1609 captivo
1823 1574 1925 1600 servo
1942 1565 2026 1600 talis
2042 1569 2287 1609 praecesserat
2303 1573 2422 1604 causa,

1339 1619 1431 1654 quae
1454 1609 1530 1645 eius
1545 1610 1574 1630 ¹⁹
1602 1610 1658 1645 vel
1690 1609 1736 1644 ad
1766 1615 1836 1644 tem
1864 1620 1905 1644 us
1938 1610 1992 1645 vel
2022 1609 2059 1644 in
2082 1614 2293 1654 perpetuum
2315 1608 2422 1644 liber—

1338 1658 1449 1689 tatem
1472 1654 1667 1699 impediret,
1693 1665 1758 1690 nec
1781 1665 1820 1690 re
1847 1655 2024 1699 emptione
2047 1654 2093 1690 ab
2118 1654 2282 1689 hostibus
2305 1658 2420 1688 muta-

1340 1699 1454 1734 bitur:
1497 1699 1608 1734 veluti
1644 1699 1675 1734 si
1708 1699 1746 1734 in
1776 1700 1886 1743 legem
1918 1699 2064 1735 Faviain
2094 1698 2313 1734 commisisse
2343 1708 2421 1736 eum

1340 1744 1550 1780 constiterat
1558 1745 1601 1787 2⁰,
1639 1745 1695 1780 vel
1732 1745 1784 1779 ita
1819 1744 1979 1780 venierat
2015 1755 2061 1779 ne
2098 1744 2418 1779 manumitteretur:

1340 1789 1488 1824 habebit
1521 1792 1639 1824 autem
1671 1790 1811 1824 interim
1843 1789 1920 1824 sine
1950 1800 2067 1834 poena
2090 1799 2156 1824 sua
2179 1788 2241 1834 qui
2263 1788 2419 1824 redemit.

1344 1838 1381 1869 17
1430 1834 1529 1879 Ergo
1560 1835 1605 1870 de
1636 1835 1779 1870 metallo
1813 1839 1940 1879 captus
1970 1834 2175 1879 redemptus
2205 1834 2242 1868 in
2273 1843 2422 1878 poenam

1341 1890 1441 1915 suam
1465 1884 1672 1921 revertetur,
1697 1890 1763 1915 nec
1786 1883 1906 1914 tamen
1929 1883 1970 1915 ut
1993 1879 2179 1924 transfuga
2200 1878 2335 1914 metalli
2356 1889 2423 1930 pu-

1341 1924 1490 1960 niendus
1516 1925 1592 1967 erit,
1617 1925 1682 1960 sed
1705 1925 1908 1970 redemptor
1931 1935 1954 1960 a
1977 1925 2064 1960 fisco
2087 1925 2240 1969 preti-um
2265 1923 2412 1968 recipiet

1340 1969 1437 2014 quod
1467 1969 1574 2005 etiam
1599 1971 1833 2005 constitutum
1856 1974 1911 2005 est
1934 1970 1979 2004 ab
2004 1970 2219 2014 imperatore
2241 1973 2364 2004 nostro
2388 1973 2425 2003 et

1346 2018 1384 2049 18
1432 2015 1511 2050 divo
1528 2014 1670 2051 Severo.
1707 2015 1745 2050 Si
1768 2020 1890 2050 natum
1915 2025 1960 2050 ex
1974 2014 2161 2059 Pamphila
2183 2014 2337 2059 legatum
2359 2013 2425 2049 tibi

1339 2060 1448 2095 fuerit
1471 2064 1582 2104 tuque
1607 2064 1757 2096 matrem
1779 2060 1970 2095 redemeris
1994 2064 2030 2095 et
2054 2070 2096 2095 ea
2126 2059 2223 2104 apud
2251 2064 2287 2094 te
2317 2068 2423 2138 peffi-

1340 2105 1445 2147 rerit,
1480 2115 1553 2140 non
1583 2105 1695 2140 videri
1723 2109 1760 2140 te
1816 2110 1932 2140 artum
1962 2115 2005 2140 ex
2029 2115 2140 2140 causa
2162 2104 2336 2139 lucrativa
2408 2123 2423 2130 -

1341 2151 1444 2192 bere,
1485 2150 1549 2185 sed
1589 2150 1708 2186 officio
1745 2161 1786 2185 ar
1811 2150 1963 2195 itrioque
2001 2150 2128 2185 iudicis
2166 2149 2424 2185 aestimandum

1341 2195 1534 2230 constituto
1564 2196 1678 2240 pretio
1710 2200 1855 2240 partus,
1891 2195 2038 2240 perinde
2069 2199 2176 2239 atque
2205 2194 2252 2236 si,
2290 2198 2423 2238 quanto

1341 2244 1455 2275 mater
1478 2243 1533 2275 est
1555 2245 1691 2285 empta,
1723 2241 1827 2275 simul
1857 2244 1893 2275 et
1917 2245 2042 2285 partus
2064 2239 2229 2275 venisset.
2277 2238 2371 2283 quod
2394 2239 2424 2274 si

1339 2286 1411 2320 iam
1435 2289 1558 2320 natum
1581 2285 1678 2330 apud
1701 2286 1834 2328 hostes,
1859 2285 1955 2330 quod
1978 2295 2020 2321 eo
2039 2290 2200 2329 tempore
2217 2295 2287 2329 quo
2305 2294 2349 2319 ca
2374 2284 2424 2319 ie-

1341 2331 1448 2365 batur
1471 2335 1572 2366 utero
1597 2331 1754 2375 gerebat,
1781 2341 1862 2365 cum
1885 2335 1999 2365 matre
2022 2330 2216 2365 redimatur
2235 2329 2280 2364 ab
2300 2339 2342 2364 eo
2369 2339 2424 2364 eni

1341 2380 1412 2411 uno
1437 2376 1570 2420 pretio:
1604 2376 1725 2411 oblato
1749 2380 1868 2418 tanto,
1901 2379 2074 2420 quantum
2097 2385 2141 2409 ex
2164 2374 2296 2419 pretio,
2329 2374 2425 2419 quod

1341 2431 1406 2466 pro
1439 2424 1590 2465 utroque
1620 2431 1730 2455 unum
1761 2420 1885 2455 datum
1916 2424 1988 2463 est,
2025 2420 2307 2455 aestimationem
2339 2430 2423 2454 con-

1340 2465 1478 2545 tinffere
1501 2470 1646 2511 partus:
1679 2471 1717 2501 et
1747 2465 1923 2500 videtui-2¹
1954 2465 1985 2500 is
2008 2464 2225 2510 postliminio
2249 2474 2423 2515 reversus.

1341 2521 1375 2545 m
1414 2514 1451 2546 to
1476 2510 1600 2555 magis,
1624 2510 1655 2546 si
1679 2510 1806 2546 diversi
1829 2514 2007 2555 emptores
2031 2510 2216 2554 utriusque
2241 2514 2425 2544 extiterint

1340 2555 1397 2591 vel
1420 2555 1535 2591 unius.
1585 2555 1649 2591 sed
1672 2555 1703 2591 si
1726 2566 1791 2591 suo
1815 2565 1989 2600 quemque
2012 2554 2126 2600 pretio
2151 2553 2358 2595 redemerit,
2387 2554 2424 2588 id

1341 2600 1462 2636 offerri
1485 2611 1550 2646 pro
1575 2601 1722 2646 singulis
1747 2599 1926 2646 oportebit
1949 2599 2179 2645 redemptori,
2211 2599 2307 2644 quod
2330 2598 2425 2634 hosti

1340 2657 1406 2726 Ero
1431 2656 1572 2698 quoque
1582 2646 1613 2667 ²²
1637 2646 1759 2681 datum
1782 2650 1855 2688 est,
1880 2650 1921 2680 ut
1943 2645 2137 2690 separatim
2160 2654 2302 2690 quoque
2324 2649 2424 2690 post·

1356 2691 1475 2726 'mimo
1499 2691 1628 2726 reverti
1677 2691 1800 2726 ossint.

1391 2734 1440 2774 13
1466 2735 1624 2771 Piows
1659 2737 1736 2771 ibro
1759 2735 1917 2773 secundo
1941 2734 1991 2770 ad
2007 2733 2180 2770 Sabinum
2226 2734 2266 2770 Si
2284 2744 2340 2770 me
2360 2734 2426 2769 tibi

1341 2781 1584 2825 adrogantium
1616 2780 1809 2825 dedissem,
1844 2780 2066 2825 emancipato
2095 2789 2152 2815 me
2174 2789 2355 2815 reversum
2378 2780 2424 2814 ab

1340 2827 1505 2862 hostibus
1546 2826 1659 2861 filium
1698 2837 1815 2863 meum
1857 2826 1937 2861 loco
1979 2825 2119 2871 nepotis
2159 2825 2225 2861 tibi
2262 2824 2424 2860 futurum

1342 2875 1495 2907 constat.

1391 2915 1441 2953 14
1463 2916 1691 2951 Poupomos
1712 2915 1802 2951 libro
1823 2917 1927 2952 tertio
1947 2916 1997 2951 ad
2016 2915 2191 2951 Sabinum
2227 2913 2315 2950 Cum
2332 2914 2424 2949 duae

1341 2972 1357 2996 s
1385 2962 1478 2997 ecies
1509 2960 1717 3006 postliminii
1746 2960 1834 3002 sint,
1867 2965 1908 2996 ut
1938 2966 2002 2996 aut
2032 2971 2097 2996 nos
2121 2963 2339 2996 revertamur
2361 2963 2425 2993 aut

1341 2972 1476 3052 aliquid
1485 3007 1517 3028 ²³
1539 3006 1770 3051 recipiamus:
1796 3016 1878 3040 cum
1900 3005 1994 3042 filius
2014 3010 2222 3046 revertatur,
2247 3004 2423 3050 duplicem

1340 3052 1376 3087 in
1401 3062 1443 3087 eo
1469 3061 1615 3087 causam
1636 3060 1716 3086 esse
1739 3055 1881 3095 oportet
1904 3050 2113 3096 postlimini,
2144 3054 2179 3085 et
2202 3049 2298 3095 quod
2320 3053 2425 3094 pater

1345 3102 1355 3131 1
1409 3107 1490 3132 euni
1521 3096 1698 3140 reciperet
1727 3099 1764 3130 et
1790 3095 1867 3140 ipse
1894 3096 1950 3132 ius
1978 3106 2094 3131 suum.
2140 3094 2223 3130 Non
2253 3098 2293 3129 ut
2321 3099 2424 3139 pater

1340 3142 1473 3185 tilium,
1505 3142 1557 3176 ita
1586 3150 1732 3176 uxorem
1761 3141 1910 3177 maritus
1938 3142 2017 3176 iure
2048 3139 2254 3185 postliminii
2276 3138 2422 3184 recipit:

1339 3187 1404 3223 sed
1428 3196 1605 3222 consensu
1629 3185 1891 3230 redintegratur
1913 3186 2182 3221 matrimonium.

1390 3230 1439 3268 15
1462 3231 1655 3268 Ulmanus
1671 3230 1762 3266 libro
1776 3231 1985 3267 duodecimo
2000 3231 2051 3266 ad
2063 3230 2235 3265 Sabinum
2267 3229 2305 3263 Si
2319 3233 2423 3274 patre

1339 3276 1522 3322 redempto
1561 3279 1598 3310 et
1633 3280 1718 3311 aute
1727 3276 1758 3297 ²⁴
1796 3275 1979 3311 luitionem
2014 3275 2183 3311 defuncto
2216 3274 2309 3309 filius
2340 3278 2423 3318 post

1341 3326 1491 3358 mortem
1513 3321 1590 3357 eius
1613 3320 1866 3366 redemptionis
1885 3321 2119 3367 quantitatem
2139 3319 2277 3362 offerat,
2302 3319 2422 3355 dicen·

1337 3435 1542 3479 propriorem
1563 3435 1598 3467 F
1729 3436 1788 3476 (¹⁴)
1813 3434 1872 3476 qui
1888 3433 1977 3500 efud
1997 3443 2057 3466 nos
2076 3436 2158 3466 emet
2176 3433 2269 3476 prior
2288 3434 2349 3466 im.
2370 3433 2423 3466 Γ*

1337 3483 1398 3519 (15)
1422 3480 1532 3513 effecit
1549 3492 1612 3513 cer.
1720 3482 1781 3520 (ic)
1805 3481 1846 3512 ut
1861 3479 1895 3511 F·
2019 3480 2078 3518 (ιτ)
2101 3478 2131 3510 si
2149 3477 2359 3520 deportatum
2379 3477 2421 3509 ab

1336 3524 1448 3558 insula
1459 3525 1568 3558 hostes
1579 3527 1750 3568 ceperunt,
1770 3523 1968 3567 redemptus,
1987 3523 2147 3565 quoniam
2164 3522 2286 3564 quibus
2352 3532 2420 3555 non

1335 3569 1464 3612 fuisset,
1481 3569 1712 3612 deportabitur
1731 3581 1792 3602 scr.
1895 3570 1957 3610 (18)
1981 3571 2014 3600 et
2033 3569 2093 3601 ins.
2184 3568 2245 3608 (ιθ)
2269 3566 2341 3600 eius
2357 3567 2423 3599 del.

1341 3615 1408 3656 (20)
1432 3614 1651 3647 constituerat
1664 3614 1700 3648 F
1765 3616 1825 3653 (21)
1848 3613 2109 3646 aestimationem
2120 3615 2237 3656 partus
2247 3611 2420 3653 continge-

1335 3661 1398 3701 ret,
1410 3658 1544 3692 videtur
1553 3660 1790 3699 scr-,himilita-
1802 3658 1918 3736 Ηοιὲι
1960 3659 2025 3735 (ἕρ)
2050 3666 2184 3700 quoquo
2198 3657 2233 3691 F
2287 3660 2349 3698 (2³)
2373 3657 2420 3689 cic

2508 0 2521 117 l

2516 127 2521 190 ἱ

2519 3079 2528 3238 -.σμῆν-...Α
2524 3060 2528 3066 .
2523 2974 2528 3044 --,...
2524 2958 2528 2962 ι
2526 2927 2528 2942 Α.
2525 2892 2528 2910 i.
2526 2846 2528 2850 i

2520 3242 2528 3295 m...-
