2528 3918
235 116 505 162 mnu—6

235 249 341 285 agere
371 249 476 285 quam
505 235 712 273 tributoria:
744 246 827 273 nam
856 236 895 273 in
924 236 994 273 hac
1018 237 1158 273 actione
1181 236 1226 273 de
1249 247 1320 283 qua

235 284 412 331 loquimur
445 283 514 318 hoc
549 282 663 318 solum
697 281 735 317 in
769 281 973 319 divisionem
1004 283 1117 325 venit,
1153 281 1249 328 quod
1281 282 1319 317 in

236 329 412 364 mercibus
444 331 498 363 est
528 326 656 372 quibus
687 326 887 373 negotiatur
917 326 1082 373 quodque
1113 337 1154 363 eo
1178 326 1319 362 nomine

236 378 418 419 receptum
443 376 514 408 est:
539 375 578 407 at
599 371 635 406 in
660 371 801 408 actione
825 371 870 408 de
892 372 1031 418 peculio
1056 372 1167 407 totius
1190 372 1319 417 peculii

236 416 1317 508 ἓῗᾌὶῳξοῗέὲῗῗῗὲἰωῖἣῑὲἳὲηῗ1,ῗέἶέῗωῖἓέᾞέῗᾷ

236 508 286 542 tia
309 507 362 542 vel
387 507 493 542 etiam
516 506 652 542 minore
674 507 890 552 negotietur:
923 506 1000 541 fieri
1030 510 1215 551 praeterea
1237 510 1317 552 pot·

236 563 274 588 es
325 556 366 586 ut
388 551 483 596 patri
506 550 692 587 dominove
714 551 800 586 nihil
823 551 960 587 debeat.

275 556 335 633 *32
360 595 386 631 Ι
388 605 553 632 austros
583 595 674 632 libro
708 595 917 632 duodecimo
953 595 1170 647 diqestorum
1216 595 1318 631 Alius

236 641 422 676 dumtaxat
453 640 497 677 de
526 640 683 686 peculio,
715 640 805 676 alius
837 640 1025 676 tributoria
1056 640 1147 675 servi
1178 640 1319 676 nomine

235 697 316 722 cum
340 685 480 722 domino
505 685 596 731 agit}
621 686 819 731 quaesitum
844 689 907 727 est,
933 695 979 720 an
1003 684 1179 720 deducere
1203 684 1313 720 domi-

235 732 302 766 nus
327 731 371 767 de
393 730 532 776 peculio
556 730 702 773 debeat,
734 730 829 776 quod
860 730 1051 765 tributoria
1074 730 1192 775 agenti
1214 740 1317 775 prae-

235 779 393 811 staturus
418 775 474 811 sit.
511 775 713 821 respondit:
745 775 933 810 tributoria
964 774 1106 810 actione
1137 778 1224 810 tunc
1257 774 1317 810 de-

234 831 330 856 mum
353 820 410 866 agi
458 824 561 863 otest,
587 830 667 856 cum
691 820 853 856 dominus
876 819 913 854 in
937 819 1179 855 distribuendo
1203 820 1318 865 pretio

234 865 361 902 mercis
392 875 411 901 e
450 869 508 901 cto
539 865 713 911 praetoris
744 875 816 900 non
848 864 1042 907 satisfecit,
1076 864 1114 900 id
1148 868 1203 900 est
1237 874 1318 900 cum

234 910 403 947 maiorem
433 913 571 956 partem
603 909 712 945 debiti
743 910 798 945 sui
829 909 975 944 deduxit
1005 919 1111 962 quam
1135 909 1317 945 creditori-

234 956 302 992 bus
325 955 463 998 tribuit,
487 955 595 991 veluti
619 955 659 997 si,
685 965 765 990 cum
788 954 824 989 in
848 964 964 990 merce
987 954 1133 999 triginta
1154 953 1317 997 fuissent,

233 1000 271 1036 in
294 1011 400 1047 quam
421 1000 498 1047 ipse
521 999 662 1046 quidem
686 998 883 1045 quindecim
909 998 1124 1042 crediderat,
1158 999 1229 1035 duo
1253 1009 1317 1035 au-

234 1049 307 1081 tem
332 1045 491 1082 extranei
514 1045 676 1090 triginta,
708 1048 785 1079 tota
816 1043 1016 1090 quindecim
1048 1044 1250 1087 deduxerit,
1282 1047 1318 1080 et

234 1090 468 1126 creditoribus
491 1090 628 1135 reliqua
651 1089 850 1135 quindecim
874 1089 1028 1132 dederit,
1061 1100 1142 1124 cum
1174 1089 1319 1125 deberet

234 1136 314 1171 sola
337 1136 458 1171 decem
483 1135 674 1177 deducere,
707 1134 884 1170 extraneis
916 1133 1008 1170 dena
1031 1134 1199 1170 tribuere.
1237 1145 1317 1171 cum

233 1181 245 1216 i
271 1181 341 1216 'tur
371 1181 440 1217 hoc
473 1179 577 1220 fecit,
610 1189 675 1215 nec
704 1179 804 1214 intell
850 1178 960 1215 endus
992 1182 1047 1215 est
1070 1189 1210 1215 servum
1233 1190 1256 1215 a
1279 1190 1318 1215 se

233 1226 257 1261 11
284 1236 403 1262 erasse
426 1236 481 1268 eo,
504 1224 600 1270 quod
624 1224 778 1270 quinque
801 1234 824 1259 a
875 1234 919 1259 uc
942 1224 1086 1260 nomine
1109 1224 1184 1260 eius
1204 1225 1316 1261 tribu-

233 1271 327 1306 toria
351 1270 491 1306 actione
514 1273 760 1315 praestaturus
792 1269 855 1304 sit:
889 1279 999 1315 quare
1029 1269 1060 1305 si
1092 1270 1149 1315 agi
1179 1269 1224 1305 de
1254 1280 1314 1316 pe-

235 1316 328 1352 culio
363 1315 537 1368 coeperit,
577 1325 658 1350 cum
691 1313 785 1350 forte
820 1317 920 1349 extra
953 1324 1105 1350 mercem
1138 1315 1316 1360 peculium

233 1364 325 1396 esset
400 1370 532 1406 mnque
564 1363 748 1405 tamquam
772 1359 889 1395 adhuc
914 1359 1067 1395 creditor
1089 1359 1181 1396 servi
1205 1359 1315 1396 dedu-

233 1416 315 1442 cere
334 1388 382 1442 'de
409 1405 491 1441 ebit.

745 1496 812 1536 V¹.

269 1562 390 1600 QUOD
415 1562 510 1596 CUM
532 1563 610 1603 Eo,
636 1563 714 1600 QUI
739 1563 789 1595 IN
814 1562 986 1595 ALIENA
1011 1563 1273 1596 POTESTATE

298 1608 394 1649 EST,
419 1608 659 1641 NEGOTIUM
684 1607 870 1640 GESTUM
893 1607 1006 1640 ESSE
1033 1607 1245 1642 DICETUR.

281 1672 299 1711 1
330 1673 454 1710 Gmaes
467 1673 557 1710 libro
576 1684 673 1709 nono
693 1673 743 1709 ad
760 1672 913 1709 edictum
927 1673 1154 1719 provinciale
1188 1673 1316 1710 Omnia

230 1719 423 1765 proconsul
444 1718 527 1764 agit,
547 1722 589 1754 ut
607 1718 666 1764 qui
687 1718 867 1754 contraxit
886 1728 967 1754 cum
987 1728 1041 1761 eo,
1061 1718 1123 1763 qui
1141 1718 1179 1754 in
1199 1718 1316 1754 aliena

230 1767 409 1810 potestate
432 1764 489 1807 sit,
514 1763 653 1799 etiamsi
676 1763 843 1799 deficient
866 1763 1065 1808 superiores
1085 1762 1255 1807 actiones,
1278 1763 1315 1799 id

231 1812 286 1845 est
317 1809 526 1845 exercitoria
559 1808 737 1844 institoria
767 1808 1017 1851 tributoriave,
1052 1808 1162 1844 nihilo
1197 1809 1314 1845 minus

230 1858 349 1890 tamen
384 1854 421 1889 in
456 1857 629 1899 quantum
663 1863 708 1906 ex
740 1853 835 1906 bono
872 1857 908 1906 et
942 1863 1055 1906 aequo
1090 1863 1148 1889 res
1179 1854 1315 1907 patitur

233 1909 337 1934 suum
369 1902 619 1945 consequatur.
656 1908 728 1934 sive
759 1908 851 1934 emm
880 1908 980 1934 iussu
1011 1908 1105 1940 eius,
1141 1909 1243 1935 cuius
1277 1899 1314 1934 in

230 1947 407 1990 potestate
430 1943 494 1986 sit,
519 1943 698 1989 negotium
720 1947 858 1989 gestum
880 1942 1007 1986 fuerit,
1031 1943 1069 1978 in
1091 1943 1246 1979 solidum
1270 1954 1313 1980 eo

230 1988 552 2025 nomineiudicium
563 1988 769 2034 pollicetur:
795 1988 867 2024 sive
886 1998 958 2024 non
978 1988 1089 2031 iussu,
1109 1988 1173 2024 sed
1193 1992 1314 2025 tamen

230 2034 266 2070 in
289 2044 363 2069 rem
387 2034 462 2069 eius
485 2043 626 2069 versum
648 2032 774 2077 fuerit,
807 2037 953 2069 eatenus
983 2033 1178 2069 introducit
1201 2034 1312 2070 actio-

231 2089 330 2122 nem,
355 2082 530 2124 quatenus
552 2078 589 2114 in
612 2089 686 2114 rem
711 2079 786 2114 eius
809 2088 950 2114 versum
971 2077 1097 2114 fuerit:
1129 2078 1203 2114 sive
1225 2089 1312 2114 neu-

230 2127 325 2159 trum
349 2134 469 2159 eorum
493 2123 549 2166 sit,
574 2123 619 2160 de
640 2123 780 2169 peculio
805 2123 980 2159 actionem
1004 2123 1197 2159 constituit.

275 2166 301 2206 2
333 2167 527 2204 vamum
547 2169 638 2205 libro
661 2169 851 2204 vicensimo
874 2179 970 2204 nono
994 2168 1044 2204 ad
1065 2168 1217 2205 edictum
1251 2168 1314 2204 Ait

230 2213 708 2304 fflffiiffiffifflffi
726 2213 1313 2304 ifflffisse‘ussiffiffieffidssff

230 2306 356 2339 ‘estate
386 2314 467 2339 cum
501 2303 649 2339 moritur
677 2302 803 2347 fuerit,
839 2303 914 2339 eius
945 2303 998 2338 rei
1029 2303 1186 2346 nomine,
1221 2313 1313 2349 quae

231 2351 323 2384 ‘cum
355 2358 396 2384 eo
429 2352 616 2384 contracta
646 2348 730 2391 erit,
762 2359 843 2384 cum
872 2348 903 2384 is
935 2348 973 2383 in
1003 2351 1182 2393 potestate
1205 2353 1311 2391 esset,

231 2393 315 2429 ‘sive
337 2403 403 2429 sua
426 2393 608 2429 voluntate
632 2393 703 2429 sive
725 2393 823 2429 iussu
847 2393 921 2429 eius
944 2393 982 2428 in
1006 2394 1108 2428 cuius
1131 2397 1310 2439 potestate

231 2438 309 2473 ‘erit
333 2438 568 2481 contraxerit,
602 2439 675 2474 sive
697 2439 734 2473 in
756 2438 935 2484 peculium
957 2437 1069 2483 ipsius
1092 2438 1164 2474 sive
1186 2438 1224 2474 in
1246 2448 1310 2484 pa-

231 2483 443 2519 ‘trimonium
475 2483 550 2519 eius
582 2483 681 2519 cuius
712 2483 749 2518 in
779 2487 956 2529 potestate
978 2482 1086 2518 fuerit
1109 2493 1152 2519 ea
1173 2493 1231 2519 res
1253 2493 1310 2519 re-

231 2527 349 2563 ‘dacta
378 2527 503 2571 fuerit,
535 2528 710 2564 actionem
741 2538 851 2564 causa
875 2527 1016 2574 cognita
1039 2527 1132 2564 dabo
1155 2528 1193 2563 in
1216 2528 1312 2573 quod

234 2576 247 2607 1
298 2572 429 2608 ‘facere
451 2573 593 2618 potest.'
640 2572 709 2608 Sed
741 2576 778 2608 et
809 2573 840 2609 si
871 2574 963 2608 citra
994 2573 1311 2618 emancipationem

231 2618 286 2653 sui
307 2618 392 2653 iuris
415 2617 533 2653 factus
557 2618 603 2653 sit
624 2618 679 2654 vel
702 2618 739 2653 in
769 2618 997 2663 adoptionem
1029 2617 1152 2660 datus,
1185 2618 1312 2654 deinde

230 2666 333 2708 pater
356 2663 527 2715 naturalis
559 2662 770 2716 decesserit,
803 2663 890 2716 item
921 2663 952 2699 si
984 2663 1062 2708 quis
1094 2673 1138 2698 ex
1168 2663 1312 2716 minima

230 2711 336 2788 ἔὲἑξ
355 2712 402 2787 ῗέἶ
412 2711 911 2789 ἐζῗᾞᾟάἒὲἓὲξέῗῗέἓ
928 2712 1312 2798 ᾳῗὲᾱοὲὶῖἱῗεΐὲιὲὲῗ

276 2794 301 2834 3
326 2796 433 2832 loru
452 2797 542 2833 libro
566 2799 670 2833 tertio
688 2798 745 2834 dis
798 2799 971 2834 tatianum
1018 2797 1087 2834 Sed
1106 2808 1154 2833 an
1171 2798 1230 2834 hic
1250 2798 1310 2833 de-

230 2841 476 2894 trahi-debeat
500 2842 594 2887 quod
625 2843 703 2878 aliis
736 2809 902 2886 ffletur,
933 2843 1081 2879 tractari
1111 2846 1241 2895 potest.
1277 2847 1312 2879 et

230 2886 262 2922 si
284 2886 425 2932 quidem
449 2887 520 2922 sint
539 2887 743 2931 creditores,
766 2888 838 2934 qui,
862 2899 943 2924 cum
962 2891 1057 2924 esset
1074 2888 1211 2924 ahenae
1230 2891 1310 2934 pot-

231 2931 364 2973 estatis,
389 2941 470 2967 cum
494 2941 536 2967 eo
560 2936 826 2976 contraxerunt,
849 2937 947 2969 recte
971 2933 1108 2968 dicetur
1131 2943 1309 2986 occupan-

229 2976 276 3012 tis
299 2975 476 3012 meliorem
501 2986 578 3012 esse
608 2977 868 3021 condicionem,
900 2978 969 3014 nisi
998 2978 1029 3014 si
1061 2978 1139 3031 quis
1170 2978 1309 3024 privile·

229 3021 361 3067 giarius
391 3021 526 3056 veniat:
558 3021 662 3057 huius
694 3023 786 3058 enim
818 3034 889 3059 non
923 3023 999 3058 sine
1021 3027 1159 3058 ratione
1181 3023 1310 3069 prioris

230 3066 321 3102 ratio
352 3066 551 3101 habebitur.
588 3067 681 3112 quod
704 3068 734 3103 si
758 3068 816 3114 qui
847 3069 936 3111 sint,
967 3068 1045 3113 qui,
1077 3071 1310 3114 posteaquam

231 3111 286 3147 sui
308 3111 395 3147 iuris
418 3110 536 3146 factus
562 3116 633 3154 est,
666 3123 744 3147 cum
769 3123 810 3148 eo
835 3117 1109 3156 contraxerunt,
1133 3116 1221 3158 puto
1245 3113 1309 3149 ho-

230 3166 307 3192 rum
330 3156 502 3192 rationem
525 3156 736 3192 habendam.

276 3199 301 3238 4
325 3200 432 3237 Imm
459 3200 549 3236 libro
580 3202 768 3237 vicensimo
799 3214 893 3238 nono
917 3203 967 3239 ad
988 3203 1140 3239 edictum
1186 3202 1256 3238 Sed
1280 3203 1310 3239 si

230 3256 274 3282 ex
296 3249 399 3299 parte
421 3255 493 3281 non
516 3244 656 3281 modica
678 3246 725 3281 sit
747 3247 850 3284 heres
874 3248 1028 3293 scriptus
1052 3247 1166 3291 filius,
1189 3248 1227 3283 in
1251 3258 1307 3283 ar-

230 3291 336 3326 bitrio
361 3294 417 3326 est
447 3289 648 3333 creditoris,
681 3295 799 3327 utrum
822 3303 886 3337 pro
937 3293 1073 3329 ortione
1096 3292 1310 3328 hereditarIa

229 3346 277 3371 an
299 3335 337 3371 in
360 3334 510 3372 solidum
534 3345 614 3371 eum
635 3337 830 3372 conveniat.
864 3348 901 3373 se
946 3341 982 3373 et
999 3338 1057 3373 hic
1077 3337 1183 3373 iudex
1202 3338 1307 3373 aesti-

230 3380 591 3461 &sitiisse
601 3379 1082 3464 ἶοηιῖιὲἒῑέἓωῳὲἒιθὲοῗέ
1101 3382 1307 3464 ἔοῗέἱεΐὲ·

230 3470 336 3507 datus
358 3470 453 3506 filius
474 3470 529 3506 vel
552 3470 794 3516 mancipatus
818 3471 875 3514 sit,
899 3472 935 3507 in
958 3472 1109 3508 solidum
1126 3471 1221 3508 actio
1243 3473 1304 3507 ad-

228 3525 351 3552 vcrsus
380 3525 462 3552 eum
492 3514 652 3557 dabitur,
682 3518 724 3551 ut
752 3519 841 3561 puta
871 3516 901 3552 si
932 3521 1071 3562 patrem
1092 3517 1245 3554 familias
1268 3527 1308 3553 se

275 3631 316 3672 (ι)
341 3629 423 3664 Sub.
436 3636 523 3669 ι...ο;
543 3628 672 3673 Pap.·1.
685 3636 711 3664 s.
732 3647 777 3654 —
799 3628 880 3662 Βω.
899 3630 950 3669 18,
963 3636 1048 3664 3.-
1063 3631 1114 3673 Cf:
1130 3629 1208 3664 cod.
1222 3631 1254 3671 4,
1267 3636 1305 3664 η

229 3676 274 3716 (2)
299 3675 475 3708 aestimare
487 3674 594 3713 debet,
606 3673 769 3707 debeatne
782 3673 866 3706 forte
877 3674 914 3706 in
927 3674 963 3707 id
975 3675 1064 3716 quod
1076 3675 1184 3708 facere
1196 3678 1307 3717 potest

229 3720 401 3754 conveniri
414 3732 476 3754 ser.
546 3722 589 3759 (3)
603 3719 785 3763 aceipiensi
800 3719 853 3760 Ρ,
867 3719 1086 3761 aecipiendisi
1101 3719 1151 3752 F²
1220 3721 1263 3762 (4)
1276 3719 1306 3752 is

1315 109 1394 160 192

1661 129 1787 169 Qnon
1817 129 1910 162 CUM
1936 130 1997 162 Eo
2026 130 2105 170 qm
2131 132 2180 163 m
2202 132 2271 163 AL.
2286 129 2465 166 Pon-281⁸.

1386 236 1554 272 mentitus
1579 240 1648 281 est,
1680 248 1760 274 cum
1785 238 2054 276 contraheretur
2077 250 2158 276 cum
2181 250 2242 276 eo:
2273 251 2354 277 nam
2376 242 2467 278 libro

1387 281 1544 317 secundo
1576 281 1790 328 digestorum
1822 283 2016 320 Marcellus
2047 284 2207 330 scripsit,
2243 286 2380 322 etiamsi
2411 286 2467 322 fa-

1387 336 1467 362 cere
1499 336 1572 362 non
1601 328 1732 372 possit,
1765 328 2043 365 conveniendum
2066 334 2212 375 propter
2234 330 2466 367 mendacium.

1387 373 1407 406 2
1455 370 1676 424 Quamquam
1698 376 1817 409 autem
1841 384 1884 410 ex
1907 378 2094 409 contractu
2116 374 2154 410 in
2177 374 2212 409 id
2234 375 2329 420 quod
2347 375 2468 412 facere

1385 418 1505 460 potest
1527 419 1620 452 actio
1643 427 1680 451 in
1705 426 1784 453 eum
1807 417 1930 461 datur,
1955 422 2075 454 tamen
2099 429 2142 454 ex
2166 419 2302 455 delictis
2324 420 2362 456 in
2385 421 2467 457 soli-

1387 463 1407 495 3
1455 460 1537 495 dum
1573 461 1810 498 convenietur,
1870 458 1943 499 Soli
1977 468 2095 499 autem
2129 463 2202 499 filio
2237 465 2467 508 succurritur,

1386 515 1459 540 non
1479 505 1585 540 etiam
1604 506 1726 541 heredi
1748 507 1841 543 eiust
1866 518 1949 543 nam
1970 512 2006 544 et
2025 508 2078 543 Pa
2103 508 2243 544 inianus
2263 509 2352 545 libro
2372 521 2466 546 nono

1386 550 2035 632 ἓωεῑῑὲξῑῖεοτήᾞξᾱῗωᾱεξ
2077 554 2119 633 ιζ
2145 554 2179 588 1¹²
2205 554 2355 634 2⁰⁸3?
2376 554 2465 635 ³¹3⁰·

1655 607 1746 631 nm.
1908 608 2057 633 nem
2113 609 2244 634 moris
2289 609 2387 635 aen
2432 610 2467 636 e-

1385 639 1470 674 beat
1491 640 1595 683 ratio,
1618 644 1670 683 ut,
1695 641 1726 676 si
1773 641 1890 677 uidem
1913 652 1957 677 ex
1977 610 2172 678 continentli
2192 654 2271 678 cum
2291 643 2363 680 filio
2384 654 2466 689 aga-

1385 688 1463 727 tur,
1496 684 1601 720 detur
1631 685 1725 721 actio
1749 697 1787 722 in
1809 686 1847 722 id
1870 687 1966 732 quod
1988 686 2107 740 facere
2124 692 2267 767 5⁰²⁸&ae
2299 689 2354 724 sin
2383 699 2466 742 vero

1385 730 2059 812 {ffifflffizntffibssfflegizi
2083 744 2122 812 Ξ
2136 732 2468 814 ιζ’ἐέθὲῃῖωθὲωᾘΐὲ

1386 822 1405 854 5
1454 819 1609 864 cognitio
1644 820 1804 856 vertitur.
1852 821 1887 856 Is
1919 821 1980 867 qui
2015 821 2058 857 de
2092 822 2230 867 peculio
2263 823 2351 868 egit,
2388 834 2467 859 cum

1385 867 1508 916 posset
1530 864 1627 910 quod
1649 865 1769 908 iussu,
1799 866 1836 901 in
1868 876 1910 901 ea
1935 876 2045 901 causa
2068 871 2140 910 est,
2171 877 2217 902 ne
2238 867 2352 912 possit
2374 869 2467 914 quod

1385 919 1485 944 iussu
1507 913 1635 954 postea
1658 919 1774 955 agere,
1798 914 1834 946 et
1855 910 1907 946 ita
1930 911 2106 947 Proculus
2131 912 2324 948 existimat:
2350 913 2413 949 sed
2436 914 2467 949 si

1386 953 1555 999 deceptus
1580 954 1623 989 de
1646 955 1785 1000 peculio
1811 955 1891 1000 egit,
1916 959 2020 1001 putat
2043 956 2166 992 Celsus
2189 957 2467 993 succurrendum

1386 998 1436 1034 ei:
1461 1008 1553 1044 quae
1577 1000 1753 1035 sententia
1775 1000 1885 1036 habet
1907 1001 2091 1036 rationem.

1432 1042 1457 1081 5
1482 1043 1641 1080 Panos
1669 1044 1760 1081 libro
1794 1046 2002 1092 triqensimo
2034 1046 2084 1082 ad
2112 1046 2265 1082 edictum
2312 1046 2351 1083 Si
2374 1047 2466 1083 filius

1385 1088 1537 1124 familias
1560 1089 1637 1125 vivo
1661 1093 1763 1135 patre
1787 1094 1980 1126 conventus
2005 1094 2040 1126 et
2063 1091 2318 1128 condemnatus
2342 1092 2406 1136 sit,
2430 1093 2468 1128 in

1387 1133 1523 1169 emanci
1549 1138 1647 1169 atum
1677 1134 1731 1170 vel
1764 1135 2016 1171 exheredatum
2046 1140 2173 1182 postea
2203 1137 2349 1173 iudicati
2373 1137 2467 1174 actio

1390 1182 1402 1213 1
1452 1178 1490 1214 in
1513 1179 1526 1214 i
1574 1178 1671 1224 quod
1693 1179 1813 1215 facere
1836 1184 1955 1226 potest
1980 1181 2099 1217 danda
2122 1184 2186 1217 est.
2234 1181 2272 1218 Si
2302 1182 2375 1218 filio
2407 1192 2466 1218 ex-

1385 1223 1554 1260 heredato
1586 1234 1630 1260 ex
1660 1228 1807 1260 senatus
1840 1225 2002 1262 consulto
2034 1226 2258 1262 Trebelliano
2289 1227 2467 1263 hereditas

1385 1268 1497 1314 patris
1528 1269 1694 1304 restituta
1724 1269 1788 1313 sit,
1820 1280 1892 1306 non
1923 1270 2066 1307 debebit
2095 1271 2132 1306 in
2156 1275 2327 1317 quantum
2348 1271 2468 1308 facere

1383 1316 1514 1359 potest,
1527 1314 1591 1349 sed
1603 1313 1639 1349 in
1653 1314 1804 1350 solidum
1816 1315 2054 1359 condemnari,
2069 1316 2153 1362 quia
2160 1316 2288 1352 effectu
2296 1316 2466 1363 quodam-

1385 1360 1405 1394 2
1451 1358 1557 1395 modo
1588 1359 1691 1395 heres
1724 1363 1789 1396 est.
1837 1359 1908 1396 Sed
1938 1361 1969 1397 si
1992 1365 2139 1397 coactus
2162 1361 2392 1397 immiscuerit
2415 1372 2466 1405 se,

1383 1406 1425 1439 ut
1446 1404 1613 1457 restituat
1634 1404 1876 1450 hereditatem,
1899 1406 2046 1452 perinde
2069 1406 2346 1450 observandum,
2371 1417 2414 1443 ac
2436 1407 2467 1443 si

1384 1458 1424 1485 se
1446 1449 1686 1486 abstlnulsset.

1431 1492 1456 1531 6
1487 1493 1682 1531 ΠιΡΙΔΝσε
1716 1494 1807 1531 libro
1838 1495 1996 1531 secundo
2031 1496 2314 1542 disputationum
2361 1496 2465 1541 Eum,

1384 1539 1443 1585 qui
1473 1549 1513 1575 se
1535 1543 1672 1585 patrem
1695 1538 1849 1576 familias
1873 1540 2052 1576 simulavit
2074 1544 2110 1576 et
2132 1540 2325 1577 mandante
2348 1541 2466 1588 aliquo

1383 1584 1577 1629 stipulatus
1590 1589 1654 1628 est,
1667 1584 1826 1620 mandati
1838 1585 1951 1620 teneri
1962 1585 2156 1621 Marcellus
2170 1586 2324 1632 scripsit,
2343 1598 2464 1632 quam-

1382 1629 1434 1665 vis
1458 1640 1533 1665 rem
1555 1633 1740 1675 praestare
1763 1640 1837 1665 non
1858 1630 1989 1710 gessit:
2023 1634 2058 1665 et
2081 1640 2168 1666 sane
2190 1641 2313 1667 verum
2336 1636 2390 1668 est
2413 1637 2464 1668 te-

1383 1674 1459 1710 neri
1482 1684 1563 1710 eum
1586 1674 1727 1718 debere,
1751 1675 1835 1720 quia
1882 1675 1939 1711 olo
1962 1674 2059 1711 fecit.
2095 1675 2165 1711 hoc
2189 1679 2225 1712 et
2246 1676 2284 1712 in
2303 1677 2465 1713 omnibus

1382 1718 1500 1755 bonae
1522 1718 1607 1755 fidei
1629 1719 1768 1755 iudiciis
1792 1719 1983 1756 dicendum
2006 1720 2083 1756 erit.

1429 1761 1452 1801 7
1479 1763 1683 1801 Somou
1707 1764 1798 1800 libro
1814 1765 1938 1812 primo
1962 1776 2215 1812 responsorum
2262 1765 2371 1802 Pater
2393 1766 2464 1803 filio

1408 1809 1542 1845 ermisit
1573 1812 1733 1845 mutuam
1791 1809 1953 1845 ecuniam
1985 1810 2062 1846 acci
2090 1819 2148 1846 ere
2178 1814 2215 1846 et
2272 1821 2309 1846 er
2333 1811 2464 1857 epistu-

1395 1864 1453 1889 am
1477 1854 1642 1890 creditori
1664 1865 1747 1890 man
1772 1854 1861 1896 avit,
1886 1858 1927 1890 ut
1950 1855 1982 1891 ei
2005 1866 2045 1891 cr
2092 1858 2183 1891 eret:
2267 1866 2310 1892 us
2334 1867 2378 1892 ex
2400 1857 2465 1893 mi-

1382 1899 1478 1935 nima
1497 1903 1600 1945 parte
1612 1899 1711 1952 patri
1729 1899 1833 1935 heres
1853 1900 1998 1936 exstitit.
2034 1900 2203 1946 respondi
2226 1911 2304 1937 esse
2326 1901 2364 1937 in
2382 1906 2462 1947 pot-

1382 1947 1495 1980 estate
1525 1944 1730 1987 creditoris,
1769 1947 1889 1980 utrum
1919 1944 2048 1989 filium,
2082 1945 2140 1981 cui
2171 1945 2398 1990 credidisset,
2428 1947 2465 1983 in

1381 1989 1552 2032 solidum,
1577 2000 1624 2024 an
1646 1989 1812 2032 heredes,
1837 2000 1902 2035 pro
1928 2000 2000 2036 qua
2050 1994 2128 2026 arte
2151 1990 2300 2036 quisque
2322 2002 2464 2028 succes-

1381 2035 1505 2077 sisset,
1537 2035 1658 2070 mallet
1690 2035 1896 2070 convenire:
1929 2035 1992 2071 scd
2023 2001 2116 2071 Elius
2149 2036 2406 2072 condemnatur
2426 2037 2463 2072 in

1381 2083 1554 2125 quantum
1576 2079 1697 2115 facere
1719 2083 1848 2125 potest.

1429 2121 1453 2162 8
1478 2123 1535 2160 ΡΑ
1544 2134 1639 2160 Ubus
1666 2124 1757 2160 libro
1782 2125 1906 2171 primo
1929 2124 2152 2161 decretorum
2198 2125 2361 2162 Titianus
2385 2126 2459 2162 Pri-

1380 2180 1458 2205 mus
1486 2173 1743 2215 praeposuerat
1772 2179 1911 2205 servum
1942 2169 2074 2205 mutuis
2097 2171 2257 2215 pecuniis
2281 2171 2406 2207 dandis
2430 2176 2464 2208 et

1405 2214 1586 2259 ignoribus
1618 2214 1849 2294 accipiendis:
1880 2214 1936 2251 is’
1959 2224 2081 2251 servus
2106 2215 2212 2251 etiam
2235 2216 2462 2261 negotiatori-

1380 2226 1446 2295 gus
1470 2259 1593 2295 hordei
1617 2259 1690 2295 sole
1717 2264 1754 2294 at
1777 2270 1841 2305 pro
1866 2262 2026 2305 emptore
2048 2260 2229 2313 suscipere
2253 2260 2410 2297 debitum
2429 2266 2464 2298 et

1380 2305 1526 2340 solvere.
1563 2314 1644 2340 cum
1666 2303 1815 2349 fugisset
1837 2314 1958 2340 servus
1982 2308 2018 2340 et
2040 2305 2082 2347 is,
2107 2315 2166 2340 cm
2185 2305 2366 2351 delegatus
2385 2306 2461 2342 fue-

1379 2353 1437 2385 rat
1457 2349 1543 2384 dare
1561 2348 1713 2394 pretium
1731 2349 1867 2392 hordei,
1892 2349 2096 2385 conveniret
2118 2349 2297 2386 dominum
2322 2352 2463 2387 nomine

1379 2394 1570 2436 institoris,
1602 2394 1780 2439 ⁴negabat
1811 2404 1853 2430 eo
1884 2394 2026 2430 nomine
2061 2404 2100 2430 se
2134 2396 2311 2431 conveniri
2345 2407 2462 2441 posse,

1380 2439 1464 2484 quia
1486 2449 1558 2474 non
1580 2439 1618 2474 in
1641 2449 1719 2474 eam
1736 2449 1810 2474 rem
1829 2439 2053 2484 praepositus
2071 2439 2208 2475 fuisset.
2246 2451 2326 2476 cum
2344 2445 2462 2477 autem

1380 2487 1416 2520 et
1450 2483 1521 2519 alia
1579 2483 1730 2519 uaedam
1761 2484 1914 2529 gessisse
1949 2487 1984 2519 et
2016 2484 2146 2520 horrea
2181 2484 2394 2522 conduxisse
2428 2491 2462 2522 et

1379 2528 1499 2564 multis
1530 2495 1677 2564 stffivisse
1705 2528 1799 2564 idem
1837 2538 1960 2564 servus
2019 2529 2225 2573 robaretur‚
2259 2530 2460 2575 praefectus

1380 2583 1543 2609 annonae
1575 2577 1700 2609 contra
1731 2573 1911 2609 dominum
1942 2573 1966 2609 d
2012 2578 2089 2610 erat
2111 2575 2329 2611 sententiam.
2366 2575 2460 2611 dice-

1379 2619 1505 2654 bamus
1529 2619 1631 2664 quasi
1653 2618 1916 2655 fideiussionem
1939 2628 2016 2655 esse
2039 2619 2166 2663 videri,
2198 2630 2279 2656 cum
2326 2631 2366 2656 ro
2390 2621 2460 2656 alio

1379 2663 1531 2699 solveret
1563 2663 1739 2705 debitum,
1774 2665 1870 2699 non‘
1900 2674 1965 2709 pro
1997 2664 2075 2699 aliis
2105 2664 2254 2710 suscipit
2309 2665 2459 2701 ebitum:

1379 2719 1452 2744 non
1483 2708 1597 2744 solere
1627 2712 1746 2744 autem
1770 2718 1814 2744 ex
1837 2718 1880 2744 ea
1904 2719 2014 2744 causa
2035 2709 2072 2744 in
2096 2709 2275 2745 dominum
2299 2709 2376 2746 dari
2398 2720 2458 2747 ac-

1379 2753 1511 2790 tionem
1545 2763 1610 2789 nec
1642 2753 1805 2789 videtur⁶
1834 2754 1903 2789 hoc
1938 2753 2118 2790 dominum
2152 2754 2352 2791 mandasse.
2397 2755 2459 2791 sed

1380 2799 1463 2844 quia
1492 2798 1678 2834 videbatur
1705 2798 1743 2834 in
1775 2798 1938 2834 omnibus
1970 2809 2050 2834 eum
2074 2809 2138 2834 suo
2164 2800 2304 2835 nomine
2327 2800 2457 2836 substi-

1379 2843 1501 2887 tuisse,
1526 2844 1737 2879 sententiam
1761 2843 1982 2879 conservavit
2004 2844 2207 2889 imperator.

1873 2935 1964 2976 vv.

1464 3002 1525 3036 DE
1550 3001 1752 3035 SENATUS
1776 3000 2011 3034 CONSULTO
2035 3001 2373 3035 mosnommo.

1428 3066 1445 3104 1
1470 3066 1665 3103 Ulmanus
1680 3067 1770 3103 libro
1782 3067 1974 3104 m‘censimo
1985 3078 2080 3103 nono
2093 3067 2305 3104 adedictum
2339 3067 2459 3104 Verba

1378 3116 1522 3148 senatus
1547 3112 1699 3148 consulti
1722 3111 1972 3148 Macedoniani
1995 3113 2084 3148 haec
2108 3117 2209 3148 sunt:
2235 3112 2334 3148 ‘Cum
2365 3113 2458 3149 inter

1378 3160 1527 3193 ‘ceteras
1551 3156 1695 3193 sceleris
1719 3167 1848 3192 causas
1872 3157 2034 3198 Macedo,
2082 3168 2146 3193 uas
2169 3158 2219 3193 illi
2242 3161 2371 3193 natura
2393 3158 2456 3194 ad-

1378 3202 1623 3245 ministrabat,
1648 3202 1754 3238 etiam
1777 3211 1838 3237 aes
1862 3202 2013 3237 alienum
2036 3212 2058 3237 a
2110 3202 2268 3245 'buisset,
2293 3206 2328 3238 et
2351 3213 2457 3248 saepe

1378 3247 1573 3283 ‘materiam
1595 3246 1768 3293 peccandi
1785 3246 1886 3282 malis
1906 3247 2062 3282 moribus
2081 3251 2290 3292 praestaret,
2315 3248 2374 3293 qui
2392 3258 2455 3301 pe-

1378 3293 1549 3336 ‘cuniam‚
1582 3301 1628 3328 nc
1658 3291 1743 3338 quid
1766 3292 1917 3338 amplius
1941 3291 2118 3327 diceretur
2140 3292 2284 3328 incertis
2307 3292 2454 3328 nommi-

1377 3337 1455 3373 ‘bus
1479 3336 1656 3373 crederet:
1681 3336 1841 3382 placere,
1866 3346 1910 3371 ne
1934 3337 2002 3379 cui,
2027 3338 2087 3382 qui
2110 3336 2182 3373 filio
2206 3336 2358 3372 familias
2378 3347 2454 3372 mu-

1377 3385 1487 3418 ‘tuam
1511 3381 1697 3428 pecuniam
1721 3381 1858 3417 dedisse
1909 3382 2013 3416 etiam
2033 3385 2116 3426 post
2134 3385 2281 3417 mortem
2298 3381 2455 3427 parentis

1375 3427 1474 3470 ‘eius‚
1499 3427 1601 3463 cuius
1619 3427 1657 3462 in
1675 3429 1852 3472 potestate
1885 3426 2005 3468 uisset,
2029 3426 2122 3462 actio
2167 3426 2334 3472 etitioque
2352 3426 2454 3461 dare-

1376 3474 1465 3514 ‘tur,
1497 3475 1539 3507 ut
1569 3471 1720 3514 scirent,
1775 3470 1812 3506 ui
1869 3471 1995 3507 essimo
2027 3438 2186 3517 exempqo
2217 3470 2452 3513 faenerarent,

1375 3516 1519 3552 ‘nullius
1543 3526 1649 3562 posse
1671 3516 1734 3552 filii
1751 3481 1916 3551 qiarnffias
1940 3516 2073 3552 bonum
2095 3526 2224 3552 nomen
2246 3519 2454 3562 exspectata

1374 3630 1435 3664 ἕπε.
1528 3631 1571 3672 (a)
1596 3640 1673 3663 nam
1685 3641 1746 3663 scr.
1840 3631 1883 3670 (6)
1908 3629 2013 3662 videri
2027 3629 2108 3663 Hal.

1419 3674 1464 3716 (τ)
1489 3674 1572 3708 Sub.
1584 3682 1607 3709 ι.
1622 3681 1649 3708 s.
1663 3681 1766 3712 ms:
1780 3674 1862 3717 Pap.
1877 3682 1956 3708 ⁴...c.
1972 3682 2093 3715 10...1s;
2107 3675 2171 3708 Ed.
2186 3682 2213 3708 ι.
2229 3681 2280 3714 ¹⁸3
2302 3674 2389 3718 App.
2404 3681 2449 3708 ιο.

1374 3737 1419 3743 -
1433 3719 1516 3753 Bm.
1534 3721 1585 3760 ¹8,
1599 3727 1626 3753 4.
1640 3737 1684 3745 —
1698 3717 1750 3763 ej:
1765 3717 1843 3752 0001.
1858 3720 1888 3760 4,
1903 3726 1939 3753 πε
