2528 3918
164 117 450 163 XXXXIlll

165 253 212 279 an
234 252 320 284 non,
342 242 395 284 ut,
419 239 451 276 si
472 248 539 285 per
557 237 853 284 gratulationem
871 239 1042 279 tutorum,
1066 241 1255 273 revocetur

165 287 212 324 ad
235 286 384 323 eandem
407 284 618 331 portionem,
642 293 750 329 quam
773 282 883 320 ceteri
905 282 1099 318 creditores
1121 281 1256 318 fuerint

165 331 315 369 laturi¹:
340 331 396 367 sin
418 340 502 366 vero
525 330 619 365 iuste
642 328 814 374 exegerit,
839 327 948 364 ceteri
973 326 1168 363 creditores
1191 337 1253 363 ne-

165 377 340 423 glexerint
363 374 606 417 exactionem,
636 373 775 410 interea
805 384 862 409 res
896 371 1053 408 deterior
1075 372 1174 408 facta
1196 371 1254 414 sit,

166 422 221 458 vel
255 421 473 458 mortalitate
499 420 555 455 vel
568 421 590 441 ¹·
622 418 808 455 subductis
840 417 947 454 rebus
978 417 1170 453 mobilibus
1200 417 1255 453 vel

166 467 274 503 rebus
305 466 374 502 soli
405 465 452 500 ad
481 465 621 500 irritum
650 464 851 510 perductis,
884 463 919 498 id
952 462 1048 507 quod
1077 464 1257 507 acceperit

168 512 323 548 creditor
354 510 517 547 revocari
547 509 646 545 nullo
677 513 785 562 pacto
815 511 935 554 potest
944 509 969 550 ²,
1003 507 1171 552 quoniam
1196 507 1256 542 alii

169 557 363 593 creditores
388 566 476 592 suae
499 554 742 600 neglegentiae
762 563 956 599 expensum
977 552 1071 587 ferre
1090 552 1254 588 debeant.

168 602 255 648 quid
277 611 382 647 ergo,
414 601 460 644 si,
485 611 567 636 cum
589 600 627 635 in
651 610 692 635 eo
717 602 836 634 essent
846 599 869 642 ³,
902 601 944 632 ut
966 597 1063 633 bona
1086 597 1256 632 debitoris

168 647 238 683 mei
268 647 446 690 venirent,
486 645 631 682 solverit
664 644 750 679 mihi
788 642 996 689 pecuniam,
1037 653 1085 678 an
1115 642 1256 678 actione

168 692 330 728 revocari
354 701 397 727 ea
446 690 536 727 ossit
559 700 582 726 a
604 690 685 725 me?
725 699 771 724 an
801 686 1090 733 distinguendum
1122 691 1195 729 est,
1226 688 1256 722 is

169 737 340 784 optulerit
368 736 418 772 mi
443 737 457 772 i
488 747 534 772 an
565 745 631 780 ego
662 734 713 770 illi
742 734 952 770 extorserim
982 732 1092 768 invito
1122 737 1159 768 et
1169 733 1193 776 ⁸,
1227 732 1257 767 si

169 782 378 819 extorserim
401 781 528 824 invito,
552 785 757 823 revocetur,
782 779 813 815 si
838 789 908 814 non
933 778 1161 821 extorserim,
1185 788 1258 812 non

169 827 382 864 revocetur?
413 827 478 863 sed
495 826 645 906 vigilavi,
668 825 850 861 meliorem
874 834 989 859 meam
1013 823 1258 859 condicionem

170 874 250 916 feci,
274 873 332 908 ius
353 872 454 909 civile
474 872 542 916 vigi
557 871 698 906 antibus
719 869 893 915 scriptum
912 872 986 905 est:
1011 869 1163 914 ideoque
1185 879 1257 903 non

169 922 361 954 revocatur
382 917 420 953 id
443 917 539 962 quod
560 916 717 962 percepi.

216 961 269 1001 25
303 963 531 999 Vmwasws
552 962 643 997 libro
663 964 769 996 sexto
790 959 1062 996 interdictorum
1103 959 1141 994 Si
1158 960 1257 994 frau-

171 1008 276 1045 dator
305 1007 508 1044 fideiussori
537 1017 602 1043 suo
627 1006 753 1041 scienti
777 1007 965 1050 acceptum
988 1004 1129 1046 tulerit,
1160 1005 1191 1039 si
1224 1007 1259 1038 et

170 1064 253 1090 reus
277 1064 350 1090 non
371 1052 597 1099 ignoraverit,
622 1056 772 1096 uterque
795 1050 990 1093 tenebitur,
1015 1050 1046 1085 si
1069 1050 1203 1091 minus,
1228 1049 1259 1084 is

171 1100 231 1145 qui
253 1099 385 1136 scierit.
432 1099 463 1134 si
485 1102 605 1133 tamen
628 1097 704 1140 ille,
740 1096 798 1131 cui
822 1099 1011 1149 acceptum
1034 1094 1170 1130 factum
1193 1098 1258 1135 est,

171 1143 340 1181 solvendo
363 1154 436 1179 non
459 1144 516 1186 sit,
539 1142 729 1178 videndum
752 1144 817 1183 est,
847 1150 895 1175 an
917 1150 955 1176 m
977 1150 1088 1183 reum,
1119 1139 1258 1175 etiamsi

171 1189 397 1235 ignoraverit,
422 1189 516 1224 actio
541 1187 662 1223 danda
684 1187 740 1229 sit,
765 1186 849 1231 quia
872 1196 917 1222 ex
937 1185 1130 1221 donatione
1151 1185 1258 1230 capit.

173 1239 300 1271 contra
321 1234 353 1270 si
375 1245 437 1270 reo
461 1233 612 1269 scienti⁵
635 1235 823 1277 acceptum
847 1231 958 1266 latum
983 1230 1047 1275 sit,
1071 1230 1260 1266 fideiussor

172 1291 333 1327 quoque,
356 1280 388 1316 si
410 1283 446 1315 et
467 1280 544 1324 ipse
567 1278 706 1320 sclerit,
732 1276 929 1312 tenebitur:
955 1276 987 1312 si
1009 1286 1093 1311 vero
1117 1276 1259 1320 ignora-

171 1326 277 1368 verit,
305 1323 475 1370 numquid
499 1334 572 1359 non
595 1332 707 1368 aeque
732 1321 826 1357 actio
850 1322 888 1356 in
912 1331 992 1357 eum
1017 1321 1095 1359 dari
1119 1321 1259 1363 debeat,

197 1371 341 1407 uoniam
356 1381 390 1405 m
440 1370 447 1378 '
484 1369 732 1404 detrimentum
748 1378 820 1402 non
836 1367 981 1412 patitur,
998 1376 1106 1412 quam
1121 1366 1261 1401 lucrum

188 1416 308 1452 aciat?
347 1416 384 1450 in
393 1380 559 1450 a‘gltffobus
587 1418 707 1449 autem
735 1413 806 1448 reis
837 1422 905 1458 par
933 1412 1120 1456 utriusque
1150 1421 1262 1447 causa

175 1465 189 1497 1
241 1465 306 1497 est.
342 1460 381 1496 Si
404 1470 427 1495 a
449 1469 574 1495 socero
597 1458 807 1494 fraudatore
830 1458 946 1494 sciens
969 1467 1078 1502 gener
1098 1457 1261 1502 accepit⁶

173 1507 309 1550 dotem,
340 1505 520 1542 tenebitur
543 1505 613 1540 hac
637 1503 778 1539 actione
802 1507 856 1545 et,
890 1503 921 1538 si
949 1502 1147 1538 restituerit
1170 1512 1260 1544 eam,

173 1552 303 1588 desinit
336 1551 456 1586 dotem
491 1550 643 1585 habere:
682 1559 750 1584 nec
787 1548 977 1594 quicquam
1016 1547 1262 1593 emancipatae

172 1597 324 1633 divortio
342 1596 439 1632 facto
458 1595 705 1631 restituturum
720 1594 843 1629 Labeo
863 1594 926 1638 ait,
951 1593 1036 1639 quia
1054 1593 1145 1629 haec
1166 1593 1260 1628 actio

172 1643 225 1678 rei
247 1640 489 1678 restituendae
510 1640 645 1686 gratia,
677 1650 750 1676 non
782 1649 920 1684 poenae
949 1639 1092 1674 nomine
1115 1638 1263 1673 daretur

173 1688 323 1733 ideoque
343 1686 480 1723 absolvi
498 1686 591 1722 solet
609 1696 703 1728 reus,
723 1685 755 1720 si
770 1684 979 1720 restituerit.
1017 1684 1081 1719 sed
1097 1684 1128 1720 si
1144 1684 1261 1729 prius-

197 1744 280 1768 uam
298 1732 494 1768 creditores
513 1742 595 1767 cum
615 1741 657 1767 eo
677 1730 935 1776 experirentur,
955 1729 1151 1765 reddiderit
1169 1728 1264 1763 filiae

173 1745 293 1814 dotem
315 1778 447 1813 iudicio
471 1777 565 1812 dotis
589 1776 732 1812 nomine
756 1779 970 1818 conventus,
1002 1775 1114 1810 nihilo
1145 1774 1263 1809 minus

175 1834 256 1859 eum
278 1824 349 1859 hac
372 1822 513 1858 actione
536 1822 651 1857 teneri
673 1821 797 1857 Labeo
822 1821 874 1856 ait
895 1830 963 1856 nec
986 1820 1102 1855 ullum
1123 1829 1262 1864 regres—

174 1880 254 1905 sum
282 1868 490 1904 habiturum
521 1866 568 1903 ad
597 1866 800 1903 mulierem:
834 1866 891 1902 sin
919 1876 1004 1901 vero
1035 1866 1112 1901 sine
1134 1864 1263 1906 iudice,

175 1914 374 1958 videndum,
404 1924 452 1948 an
475 1912 550 1948 ulla
572 1911 737 1958 repetitio
762 1914 944 1957 competat
967 1911 1011 1946 ei.
1061 1910 1157 1956 quod
1180 1910 1211 1945 si
1233 1909 1265 1945 is

175 1959 400 2006 ignoraverit,
423 1958 498 1994 filia
521 1962 642 1994 autem
661 1957 791 2001 scierit,
815 1957 995 1992 tenebitur
1014 1955 1105 1991 filia:
1130 1956 1161 1991 si
1180 1965 1264 1991 vero

175 2010 326 2051 uterque
348 2003 480 2046 scierit,
503 2007 654 2049 uterque
677 2002 871 2038 tenebitur.
909 2005 949 2037 at
972 2001 1003 2037 si
1025 2005 1151 2037 neuter
1174 2000 1265 2036 scie-

175 2051 234 2094 rit,
258 2049 403 2096 quidam
426 2048 632 2085 existimant
654 2047 764 2084 nihilo
787 2047 904 2082 minus
923 2047 963 2082 in
981 2046 1092 2082 filiam
1111 2046 1266 2082 dandam

176 2095 363 2139 actionem,
388 2094 472 2139 quia
496 2093 715 2139 intellegitur
733 2093 837 2138 quasi
858 2103 903 2128 ex
921 2092 1114 2128 donatione
1132 2090 1267 2136 aliquid

176 2141 225 2177 ad
256 2151 335 2176 eam
363 2139 587 2186 pervenisse,
623 2142 688 2174 aut
724 2142 821 2174 certe
856 2147 983 2174 cavere
1015 2147 1093 2173 eam
1125 2137 1266 2179 debere,

177 2185 274 2232 quod
308 2189 504 2222 consecuta
533 2184 643 2220 fuerit
672 2194 712 2220 se
734 2183 1000 2219 restituturam:
1034 2183 1072 2218 in
1101 2182 1268 2217 maritum

177 2236 315 2274 autem,
346 2230 409 2276 qui
430 2229 664 2276 ignoraverit,
694 2239 768 2265 non
791 2229 946 2264 dandam
970 2228 1166 2271 actionem,
1195 2237 1269 2263 non

1243 109 1327 158 680

1492 9 1563 90 “f—7

1552 94 1555 114 l

2033 101 2095 156 nn
2122 122 2405 158 munnio-ns

1324 236 1437 281 magis
1461 245 1568 281 quam
1591 235 1628 271 in
1648 234 1871 279 creditorem,
1896 234 1957 280 qui
1979 245 2003 271 a
2024 234 2232 272 fraudatore
2255 235 2351 282 quod
2374 235 2406 272 ei

1326 281 1516 317 deberetur
1537 290 1625 317 acce
1670 280 1736 325 rit,
1769 290 1850 317 cum
1873 279 1905 316 is
1928 279 2127 316 indotatam
2149 290 2298 317 uxorem
2319 280 2407 318 duc·

1325 328 1347 362 2
1391 329 1496 362 turus
1518 336 1592 362 non
1631 325 1733 362 uerit.
1767 325 1857 362 Item
1881 324 1914 361 si
1933 329 2123 361 extraneus
2142 325 2236 362 filiae
2252 325 2408 362 familiae

1324 370 1468 407 nomine
1487 370 1678 406 fraudandi
1697 380 1809 406 causa
1827 370 1946 406 dotem
1967 370 2112 414 dederit,
2136 371 2315 407 tenebitur
2331 380 2408 407 ma·

1325 416 1436 459 ritus,
1467 416 1499 451 si
1521 415 1660 451 scierit:
1692 426 1805 461 aeque
1831 415 1974 451 mulier:
2004 425 2071 451 nec
2095 415 2211 452 minus
2235 419 2272 452 et
2294 419 2408 461 pater,

1325 461 1356 496 si
1378 471 1452 497 non
1474 460 1709 506 ignoraverit,
1738 462 1790 497 ita
1814 465 1854 496 ut
1878 464 2021 503 caveat,
2053 460 2084 496 si
2108 460 2155 496 ad
2177 470 2216 496 se
2240 460 2304 497 dos
2328 471 2408 507 per·

1326 509 1345 541 3
1392 506 1547 548 venerit,
1589 506 1729 541 restitui
1759 516 1849 542 eam.
1905 506 1942 542 Si
1977 509 2191 551 procurator
2224 506 2409 558 ignorante

1326 551 1479 593 domino,
1501 561 1582 586 cum
1600 551 1708 586 sciret
1727 550 1921 587 debitorem
1940 551 2016 587 eius
2028 552 2040 573 ⁷
2062 550 2253 586 fraudandi
2274 552 2410 596 cepisse

1327 596 1532 640 consilium,
1565 596 1669 632 iussit
1696 606 1798 632 servo
1822 596 1869 631 ab
1893 607 1934 633 eo
1959 596 2036 631 acci
2062 606 2139 638 ere,
2172 596 2241 630 hac
2270 596 2411 632 actione

1327 645 1347 676 4
1394 642 1471 687 ipse
1494 641 1692 685 tenebitur,
1725 651 1799 676 non
1825 641 1999 677 dominus.
2082 652 2129 677 on
2153 641 2267 676 solum
2292 645 2410 677 autem

1325 687 1441 732 ipsam
1464 697 1539 722 rem
1564 686 1754 721 alienatam
1777 686 1916 722 restitui
1939 690 2090 732 oportet,
2115 685 2178 722 sed
2201 690 2238 721 et
2260 685 2411 729 fructus,

1326 731 1388 777 qui
1401 776 1407 784 ι
1420 731 1644 768 alienationis
1672 734 1832 777 tempore
1859 735 1977 767 terrae
2008 732 2220 774 cohaerent,
2261 731 2346 784 quia
2375 731 2412 766 in

1326 778 1429 812 bonls
1453 776 1673 812 fraudatoris
1695 777 1852 821 fuerunt,
1876 776 1961 812 item
1985 787 2058 819 eos,
2083 777 2144 822 qui
2164 779 2248 821 post
2265 776 2412 812 inchoa-

1326 826 1403 857 tum
1434 822 1604 857 iudicium
1635 822 1796 867 recepti⁸
1826 822 1914 857 sint:
1957 821 2073 858 medio
2103 825 2222 857 autem
2253 824 2414 867 tempore

1326 870 1517 912 perceptos
1540 867 1578 902 in
1601 866 1862 902 restitutionem
1886 877 1959 902 non
1981 867 2111 903 venire.
2157 867 2244 902 item
2271 870 2414 912 partum

1328 912 1479 948 ancillae
1501 922 1567 958 per
1589 912 1751 948 fraudem
1775 911 1951 947 alienatae
1970 911 2084 947 medio
2103 915 2264 957 tempore
2281 911 2414 947 editum

1327 958 1364 993 in
1388 957 1649 993 restitutionem
1673 968 1745 993 non
1768 957 1898 1001 venire,
1924 957 2008 1003 quia
2024 957 2063 992 in
2082 957 2185 992 bonis
2203 967 2276 992 non
2294 956 2413 992 fuerit.

1328 1007 1347 1037 5
1395 1002 1572 1038 Proculus
1603 1003 1673 1045 ait,
1714 1003 1745 1038 si
1780 1002 1907 1038 mulier
1937 1005 2021 1048 post
2051 1002 2298 1038 alienationem
2330 1012 2414 1038 oon-

1329 1058 1368 1083 ce
1395 1048 1462 1083 erit
1485 1052 1522 1083 et
1545 1052 1735 1093 antequam
1759 1051 1935 1092 ageretur,
1966 1048 2155 1093 pepererit,
2179 1047 2313 1083 nullam
2336 1057 2416 1083 esse

1329 1059 1602 1135 duzitationem
1643 1093 1729 1138 quin
1768 1096 1894 1138 partus
1930 1093 2070 1128 restitui
2098 1103 2172 1128 non
2203 1092 2347 1128 debeat:
2386 1093 2416 1128 si

1327 1149 1429 1181 vero,
1463 1149 1544 1174 cum
1576 1138 1810 1180 alienaretur,
1843 1147 2019 1183 praegnas
2050 1138 2175 1180 fuerit,
2208 1147 2315 1188 p9sse
2346 1137 2416 1173 dici

1329 1188 1349 1217 6
1422 1187 1539 1219 artum
1563 1194 1705 1229 quoque
1727 1183 1868 1219 restitui
1891 1186 2067 1237 oportere.
2117 1183 2273 1219 Fructus
2297 1187 2415 1218 autem

1329 1229 1393 1264 fun
1419 1240 1440 1264 o
1472 1229 1676 1264 cohaesisse
1706 1239 1779 1264 non
1802 1228 1889 1265 satis
1914 1228 2120 1274 intellegere
2142 1238 2182 1264 se
2205 1228 2327 1263 Labeo
2351 1228 2417 1270 ait,

1328 1279 1449 1310 utrum
1480 1274 1666 1309 dumtaxat
1696 1274 1758 1327 qui
1789 1274 1920 1309 maturi
1951 1284 1999 1309 an
2021 1274 2128 1309 etiam
2158 1274 2219 1318 qui
2247 1273 2416 1309 inmaturi

1329 1320 1481 1362 fuerint,
1513 1324 1658 1364 praetor
1691 1319 1882 1364 s1gnificet:
1923 1323 2079 1354 ceterum
2115 1318 2253 1354 etiamsi
2285 1318 2330 1354 de
2362 1318 2417 1354 his

1330 1365 1492 1407 senserit,
1518 1365 1579 1410 qui
1601 1365 1733 1399 maturi
1758 1364 1909 1407 fuerint,
1941 1364 2052 1400 nihilo
2081 1364 2191 1410 magis
2221 1364 2416 1416 possessio-

1330 1421 1411 1446 nem
1434 1410 1575 1446 restitui
1599 1421 1620 1446 o
1648 1413 1776 1445 ortere.
1823 1419 1907 1445 nam
1930 1420 2011 1445 cum
2035 1409 2169 1445 fundus
2191 1409 2416 1452 ahenaretur,

1353 1456 1426 1491 uod
1449 1455 1496 1490 ad
1519 1465 1600 1491 eum
1623 1456 1833 1502 fructusque
1857 1455 1934 1490 eius
1957 1455 2143 1498 attineret,
2174 1464 2280 1490 unam
2304 1464 2417 1500 quan·

1355 1512 1412 1536 am
1434 1511 1510 1537 rem
1533 1501 1660 1545 fuisse,
1684 1500 1722 1535 id
1746 1504 1800 1536 est
1823 1500 1991 1543 fundum,
2016 1500 2119 1536 cuius
2143 1500 2256 1536 omnis
2279 1500 2418 1545 generis

1330 1547 1579 1582 alienationem
1609 1546 1777 1581 fructus⁹
1808 1546 1927 1591 sequi:
1960 1555 2028 1581 nec
2052 1555 2152 1588 eum,
2186 1545 2247 1590 qui
2269 1545 2418 1580 hiberno

1329 1591 1498 1627 habuerit
1519 1591 1670 1626 fundum
1694 1593 1858 1634 centum,
1884 1591 1916 1626 si
1939 1591 2007 1627 sub
2031 1594 2171 1636 tempus
2194 1590 2319 1626 messis
2343 1590 2417 1625 vin-

1331 1637 1511 1673 demiaeve
1533 1637 1673 1672 fructus
1698 1636 1774 1672 eius
1797 1635 1950 1671 vendere
1972 1636 2088 1682 possit
2111 1636 2251 1678 decem,
2284 1635 2418 1671 idcirco

1332 1683 1420 1718 duas
1451 1692 1529 1725 res,
1560 1682 1598 1717 id
1629 1685 1683 1717 est
1711 1681 1862 1716 fundum
1893 1685 2037 1717 centum
2068 1684 2105 1716 et
2135 1680 2275 1716 fructus
2298 1679 2420 1716 decem

1333 1729 1453 1763 eum¹⁰
1476 1727 1611 1762 habere
1633 1726 1925 1771 intellegendum,
1956 1726 2019 1762 sed
2043 1736 2170 1769 unam,
2200 1725 2237 1761 id
2260 1729 2316 1762 est
2338 1725 2419 1761 fun-

1333 1773 1419 1808 dum
1443 1776 1587 1808 centum
1601 1774 1638 1815 ¹¹,
1671 1773 1765 1807 sicut
1794 1771 1826 1807 is
1858 1782 2000 1817 quoque
2030 1782 2139 1807 unam
2162 1781 2238 1806 rem
2260 1770 2420 1814 haberet,

1334 1822 1352 1853 7
1402 1818 1463 1863 qui
1482 1817 1675 1863 separatim
1695 1817 1810 1853 solum
1831 1816 1972 1852 aedium
1988 1817 2142 1853 vendere
2158 1816 2285 1862 possit.
2321 1815 2420 1852 Haec

1334 1863 1428 1899 actio
1459 1863 1566 1899 etiam
1595 1863 1632 1898 in
1655 1862 1667 1898 i
1693 1873 1772 1898 sum
1797 1861 2041 1898 fraudatorem
2064 1862 2189 1906 datur,
2219 1861 2304 1897 licet
2326 1861 2422 1896 Mela

1334 1920 1407 1945 non
1429 1909 1582 1954 putabat
1604 1909 1642 1943 in
1681 1907 1910 1943 raudatorem
1933 1917 2012 1943 eam
2031 1907 2195 1951 dandam,
2220 1907 2306 1953 quia
2323 1906 2423 1942 nulla

1335 1955 1430 1990 actio
1464 1954 1502 1989 in
1534 1964 1615 1989 eum
1646 1963 1690 1989 ex
1713 1956 1798 1989 ante
1820 1956 1922 1999 gesto
1945 1956 2030 1998 post
2052 1953 2228 1989 bonorum
2250 1951 2422 1987 venditio-

1335 2010 1416 2036 nem
1440 1999 1586 2035 daretur
1610 2002 1646 2034 et
1667 1998 1828 2044 iniquum
1851 2002 1947 2034 esset
1969 1998 2146 2034 actionem
2170 1997 2247 2033 ‹lari
2270 1997 2308 2032 in
2330 2006 2422 2038 eum,

1337 2046 1395 2081 cui
1419 2045 1516 2080 bona
1538 2045 1662 2080 ablata
1683 2047 1814 2080 essent.
1862 2043 1894 2079 si
1923 2053 2008 2079 vero
2040 2042 2215 2089 quaedam
2247 2042 2421 2088 disperdi-

1337 2090 1467 2132 disset,
1500 2090 1531 2125 si
1562 2089 1702 2125 nulla¹²
1732 2089 1872 2125 ratione
1896 2088 2092 2134 reciperari
2114 2091 2280 2134 possent,
2311 2087 2422 2122 nihilo

1336 2135 1454 2171 minus
1478 2135 1575 2171 actio
1599 2135 1638 2170 in
1661 2145 1743 2170 eum
1768 2134 1913 2170 dabitur
1931 2138 1968 2169 et
1983 2137 2129 2179 praetor
2145 2144 2219 2170 non
2235 2137 2310 2168 tam
2327 2142 2422 2168 emo-

1337 2182 1536 2217 lumentum
1559 2181 1710 2216 actionis
1733 2180 1866 2216 intueri
1888 2179 2028 2216 videtur
2050 2179 2088 2215 in
2111 2189 2172 2223 eo.
2203 2178 2265 2225 qui
2295 2181 2422 2214 exutus

1337 2230 1393 2263 est
1415 2225 1531 2270 bonis,
1557 2236 1663 2272 quam
1686 2235 1850 2272 poenam.

803 2827 983 2878 LIBER
1013 2824 1478 2888 QUADRAGESIMU
1479 2825 1509 2875 S
1538 2823 1804 2875 TERTIUS.

705 2956 776 2998 1¹⁸.

183 3026 247 3060 DE
276 3022 570 3059 INTERDICTIS
604 3022 709 3057 SIVE
741 3022 1165 3057 EXTRAORDINARIIS
1196 3021 1271 3056 Ac-

279 3068 506 3111 TIONIBUS,
529 3068 653 3106 QUAE
675 3069 762 3103 PRO
785 3068 865 3102 HIS
889 3067 1178 3102 COMPETUNT.

232 3136 252 3175 1
287 3135 484 3173 mmm-1
509 3135 601 3171 libro
632 3135 886 3181 sexaqensimo
917 3135 1068 3188 septimo
1100 3133 1151 3170 ad
1177 3133 1271 3170 edio-

185 3187 259 3218 tum
312 3180 526 3223 Videamus,
565 3179 610 3215 de
643 3180 773 3225 quibus
807 3180 916 3216 rebus
950 3179 1142 3216 interdicta
1173 3189 1270 3215 com-

230 3231 321 3263 tunt.
359 3230 396 3263 et
418 3225 602 3262 sciendum
621 3230 676 3260 est
695 3225 886 3261 interdicta
908 3229 973 3260 aut
995 3225 1040 3261 de
1063 3224 1190 3260 divinis
1214 3234 1270 3259 re-

211 3283 253 3308 us
277 3275 342 3308 aut
364 3271 409 3307 de
431 3270 597 3307 humanis
621 3275 833 3315 competere.
882 3269 1026 3311 divinis,
1050 3274 1092 3305 ut
1114 3269 1159 3305 de
1181 3269 1270 3305 locis

184 3317 298 3354 sacris
320 3316 378 3353 vel
400 3316 445 3353 de
466 3315 557 3352 locis
580 3314 764 3360 religiosis.
811 3315 855 3351 de
878 3316 986 3352 rebus
1009 3314 1193 3351 hominum
1216 3314 1271 3349 in-

184 3362 338 3399 terdicta
367 3361 566 3398 redduntur
596 3365 661 3396 aut
688 3359 732 3395 de
763 3360 837 3404 his,
869 3371 961 3406 quae
991 3365 1076 3396 sunt
1107 3359 1270 3402 alicuius,

185 3411 250 3444 aut
279 3407 325 3444 de
353 3407 428 3451 his,
484 3416 553 3442 uae
583 3405 715 3442 nullius
739 3409 834 3440 sunt.
888 3416 981 3451 quae
1011 3409 1096 3441 sunt
1123 3404 1269 3447 nullius,

185 3454 276 3490 haec
306 3456 409 3489 sunt:
440 3418 575 3488 liberae
605 3460 799 3497 personae,
831 3449 876 3486 de
907 3451 1037 3496 quibus
1061 3448 1269 3487 exhibendis

186 3497 358 3534 ducendis
371 3498 400 3519 ¹⁴
421 3496 613 3533 interdicta
636 3499 853 3542 competunt.
891 3506 983 3541 quae
1001 3500 1086 3532 sunt
1105 3494 1269 3537 alicuius,

1340 2952 1471 2988 haec¹⁵
1504 2953 1589 2987 sunt
1620 2953 1683 2985 aut
1713 2949 1858 2995 publica
1888 2951 1952 2985 ant
1982 2947 2037 2985 sin
2099 2957 2211 2983 orum.
2259 2945 2422 2993 publica:

1341 2997 1386 3033 de
1408 2997 1496 3033 locis
1519 2995 1691 3042 publicis,
1724 2994 1769 3031 de
1799 2995 1863 3030 viis
1895 2994 2010 3039 deque
2059 2991 2235 3028 uminibus
2259 2990 2422 3037 publicis.

1341 3053 1433 3089 quae
1463 3046 1584 3077 autem
1614 3040 1834 3085 singulorum
1863 3043 1965 3082 sunt,
1997 3042 2062 3074 aut
2090 3037 2137 3073 ad
2159 3036 2424 3073 universitatem

1340 3087 1538 3134 pertinent,
1569 3089 1610 3121 ut
1631 3085 1859 3121 interdictum
1882 3094 2034 3130 quorum
2057 3084 2250 3124 bonorum,
2284 3085 2348 3117 aut
2378 3081 2424 3116 ad

1340 3129 2035 3221 iinfflirfflmiiffffiffissffl
2058 3125 2425 3217 xioetffflisstssss

1340 3226 1435 3265 sunt,
1456 3221 1670 3258 exhibitor-ia
1687 3220 1923 3266 prohibitoria
1941 3218 2179 3255 restitutoria:
2203 3220 2288 3253 sunt
2306 3221 2425 3251 tamen

1365 3266 1516 3303 uaedam
1547 3266 1739 3302 interdicta
1770 3269 1806 3301 et
1835 3265 1964 3307 mixta,
1999 3273 2091 3317 quae
2123 3266 2161 3299 et
2190 3261 2426 3308 prohibitoria
2467 3269 2470 3272 ’

1407 3315 1493 3348 sunt
1515 3315 1552 3347 et
1575 3311 1839 3347 exhibitoria¹⁰.
1886 3308 2162 3345 Interdictorum
2185 3305 2359 3352 quaedam
2388 3305 2425 3341 in

1338 3366 1529 3404 praesens,
1573 3356 1750 3402 quaedam
1785 3356 1824 3391 in
1886 3354 2090 3390 raeteritum
2123 3352 2346 3389 referuntur:
2388 3350 2426 3386 in

1337 3411 1527 3448 praesens,
1556 3406 1598 3437 nt
1627 3401 1682 3437 uti
1710 3400 1852 3447 posside
1908 3412 1917 3435 :
1955 3399 1994 3435 in
2023 3398 2271 3445 praeteritum,
2301 3399 2345 3432 ut
2382 3394 2427 3448 de

1339 3450 1360 3483 3
1408 3447 1536 3483 itinere
1557 3450 1642 3483 actu
1667 3456 1724 3489 ne,
1743 3445 1787 3482 de
1804 3455 1898 3491 aqua
1913 3444 2059 3480 aestiva.
2096 3441 2291 3478 Interdicta
2308 3450 2426 3477 omma
2483 3470 2486 3472 .

1338 3492 1423 3529 licet
1445 3492 1483 3528 in
1505 3502 1581 3528 rem
1604 3458 1792 3528 videantur
1815 3494 2007 3536 concepta,
2039 3489 2073 3526 vi
2103 3493 2222 3524 tamen
2242 3486 2324 3534 ipsa
2345 3495 2426 3532 per·

186 3613 227 3654 (ι)
249 3611 419 3645 laturisF'
462 3613 516 3653 (ι’)
539 3609 592 3643 vel
604 3610 668 3644 del.
722 3611 768 3652 (2)
790 3609 894 3653 possit
905 3622 967 3642 scr.
1026 3611 1072 3652 (3)
1095 3611 1179 3642 esset
1190 3609 1273 3642 Hal.

186 3660 231 3698 (ι)
254 3660 294 3690 ιιι
307 3657 357 3690 F'2
410 3657 455 3698 (5)
479 3655 650 3689 soienteF'
701 3656 749 3696 (o)
772 3654 938 3698 acceperit
950 3654 1003 3687 F²
1056 3655 1102 3696 (τ)
1125 3654 1197 3687 eius
1209 3653 1274 3687 del.

187 3703 232 3743 (8)
255 3701 403 3745 percepti
417 3701 570 3744 Krueqer

189 3746 278 3779 neris
290 3747 418 3779 fruetus
434 3746 614 3790 Ooseerdyk

704 3746 766 3787 (ιο)
789 3754 866 3778 eum
878 3745 940 3778 dee.
1034 3745 1092 3787 (ιι)
1115 3747 1148 3777 et
1161 3743 1274 3777 decem

671 3701 719 3742 (⁹)
742 3699 839 3732 cuim
849 3698 1087 3733 alienationem
1099 3699 1206 3732 omnis
1215 3708 1274 3742 ge-
1341 3696 1402 3740 (u)
1425 3697 1579 3730 ducentis
1591 3697 1627 3730 1·
1697 3697 1758 3740 (ιδ)
1781 3695 1862 3729 haee
1874 3695 1936 3729 del.

1343 3607 1403 3641 im.
1417 3607 1492 3641 add.
1584 3607 1644 3650 (ιι)
1667 3606 1697 3640 si
1708 3615 1786 3639 vero
1798 3614 1883 3647 quae
1895 3602 2141 3647 disperdidisset
2151 3600 2247 3635 nulla
2258 3612 2321 3634 cer.

1387 3653 1448 3694 (ns)
1471 3653 1537 3686 Ed.
1560 3659 1644 3691 ι...4;
1669 3651 1751 3685 Sat.
1770 3659 1798 3685 ε.
1817 3667 1863 3674 -
1883 3650 1968 3683 Bas.
1991 3650 2046 3690 58,
2068 3655 2109 3682 ιι.
2129 3665 2173 3671 -
2194 3646 2244 3698 qs.
2263 3645 2341 3697 qod.
2362 3645 2425 3695 ⁸2}

2020 3694 2086 3737 (143)>
2106 3690 2317 3734 exhibitum]
2331 3691 2425 3723 resti·

1341 3742 1469 3776 tutoris
1481 3742 1712 3786 Smaltenburq
