2528 3918
169 126 256 169 1111
287 129 311 170 8
1259 118 1315 168 68

165 248 311 285 incidat.
349 247 412 283 sed
442 247 479 282 in
511 256 622 282 causa
652 245 864 282 valetudinis
894 245 1111 282 similibusve
1142 254 1254 280 causa

170 299 184 330 1
236 293 380 338 cognita
392 292 533 328 differre
552 291 702 337 cogitur.
739 291 886 327 Arbiter
902 290 1024 328 iudicii
1033 290 1088 326 sui
1099 290 1252 331 nomine,

191 338 264 375 uod
285 338 469 384 publicum
491 340 556 372 aut
579 336 757 382 privatum
786 336 915 377 habet,
948 339 1141 371 excusatus
1175 344 1254 370 esse

191 385 274 420 ebet
303 393 326 418 a
361 381 634 427 compromisso,
670 381 795 434 utique
829 382 861 417 si
896 380 972 416 dies
1009 379 1255 425 compromissi

165 428 316 475 proferri
339 438 412 463 non
435 431 572 472 potest:
598 426 696 472 quod
719 438 750 463 si
767 430 898 472 potest,
923 435 1035 471 quare
1055 435 1128 460 non
1149 428 1255 469 cogat

166 485 257 516 eum,
272 484 353 508 cum
365 476 494 518 potest,
534 471 694 508 roferre?
718 472 815 518 quod
833 472 910 507 sine
922 471 996 506 ulla
1009 470 1252 506 distinctione¹

164 519 275 564 ipsius
299 517 477 553 interdum
499 483 662 553 ilium-um
685 521 750 554 est.
795 517 825 552 si
847 521 969 551 tamen
999 519 1150 560 uterque
1172 515 1257 567 velit

165 575 246 600 eum
270 562 484 599 sententiam
507 562 638 605 dicere,
671 573 729 604 an,
756 562 915 607 quamvis
941 564 1086 596 cautum
1109 570 1183 595 non
1207 564 1255 595 sit

164 609 209 644 de
233 608 289 644 die
311 607 538 654 proferenda,
562 618 635 644 non
659 608 749 643 alias
774 608 950 652 impetret,
975 605 1060 651 quia
1082 604 1256 640 iudicium

164 654 290 696 habet,
322 663 369 689 ne
393 657 560 698 cogatur,
617 663 701 688 uam
726 653 757 687 si
782 651 985 687 consentiat
1009 650 1127 686 denuo
1153 650 1191 685 in
1216 660 1255 686 se

165 710 242 735 com
270 698 429 734 remitti?
453 699 544 734 haec
567 698 704 734 scilicet
727 698 759 733 si
782 697 858 732 dies
883 696 1024 732 exitura
1048 699 1113 731 est.

214 743 232 781 1
297 743 494 780 ULPIANUS
510 743 602 780 libro
623 744 727 778 tertio
749 742 885 778 decimo
905 741 956 776 ad
973 741 1129 776 edictum
1164 740 1255 775 Item

163 789 195 825 si
206 800 299 825 unus
321 799 365 824 ex
383 789 622 834 litigatoribus
635 788 739 824 bonis
759 787 833 823 suis
847 785 963 828 cedat,
988 785 1150 821 Iulianus
1161 786 1253 821 libro

163 838 292 880 quarto
306 834 525 880 digestorum
546 834 671 869 scribit
690 844 763 868 non
776 842 855 867 esse
868 831 1066 876 cogendum
1079 831 1255 866 arbitrum

163 879 379 916 sententiam
403 879 533 922 dicere,
559 890 640 914 cum
663 888 780 924 neque
803 886 909 923 agere
932 886 1048 922 neque
1068 876 1251 912 conveniri

167 928 180 960 1
233 925 360 971 possit.
409 924 447 960 Si
478 924 589 960 multo
614 928 697 969 post
726 926 952 958 revertantur
984 921 1031 957 ad
1054 922 1254 957 arbitrum²

161 970 370 1016 litigatores,
383 980 456 1005 non
470 980 547 1005 esse
560 968 757 1014 cogendum
771 967 986 1004 sententiam
998 966 1118 1002 dicere
1129 966 1253 1002 Labeo

162 1018 183 1051 2
231 1015 366 1051 scribit.
422 1015 514 1050 Item
545 1015 576 1049 si
606 1014 727 1059 plures
759 1016 843 1048 sunt
878 1013 940 1058 qui
975 1012 1163 1048 arbitrium
1197 1022 1253 1047 re-

163 1064 348 1106 ceperunt,
373 1071 476 1096 nemo
499 1070 593 1095 unus
615 1058 794 1104 cogendus
808 1058 876 1094 erit
893 1058 1109 1093 sententiam
1123 1057 1253 1100 dicere,

162 1109 183 1142 3
231 1106 294 1142 sed
318 1110 383 1141 aut
405 1115 529 1141 omnes
554 1108 618 1140 aut
640 1104 771 1139 nullus.
807 1103 897 1139 Inde
916 1103 1138 1148 Pomponius
1161 1102 1254 1138 libro

161 1151 366 1197 trigensimo
390 1151 494 1186 tertio
520 1150 670 1195 quaerit,
696 1150 726 1184 si
744 1150 797 1184 ita
817 1148 863 1183 sit
883 1148 1189 1193 compromissum,
1214 1151 1256 1183 ut

162 1196 260 1243 quod
284 1196 379 1231 Titio
406 1194 636 1240 disceptatori
658 1195 797 1239 placet,
828 1193 866 1229 id
900 1193 1003 1229 Seius
1034 1193 1254 1239 pronuntiet,

161 1242 241 1287 quis
265 1242 313 1277 sit
336 1241 539 1286 cogendus?
564 1244 600 1275 et
618 1244 706 1285 puto
731 1240 803 1274 tale
823 1238 1011 1274 arbitrium
1032 1249 1107 1274 non
1125 1239 1254 1281 valere,

160 1287 198 1322 in
246 1297 292 1322 uo
314 1287 427 1322 libera
446 1285 604 1321 facultas
616 1285 742 1320 arbitri
755 1284 955 1320 sententiae
967 1295 1040 1319 non
1053 1288 1108 1319 est
1119 1283 1254 1319 futura.

161 1334 183 1367 4
257 1332 301 1367 8(1
331 1332 362 1367 si
394 1331 446 1366 ita
470 1331 518 1366 sit
550 1330 846 1375 compromissum
878 1330 1057 1365 arbitratu
1082 1329 1168 1364 Titii
1191 1332 1256 1364 aut

162 1376 233 1412 Seii
269 1377 369 1418 fieri,
401 1375 622 1421 Pomponius
656 1375 781 1411 scribit
812 1379 848 1410 et
871 1385 938 1410 nos
988 1378 1132 1410 utamus
1158 1384 1254 1410 com-

161 1422 375 1468 promissum
405 1422 541 1456 valere:
575 1420 639 1456 sed
670 1421 701 1456 is
734 1420 802 1456 erit
834 1430 947 1466 cogen
972 1430 1015 1455 us
1040 1419 1256 1455 sententiam

161 1470 181 1502 5
230 1467 359 1509 dicere,
383 1467 420 1502 in
442 1476 547 1511 quem
558 1466 755 1510 litigatores
769 1465 1028 1501 consenserint.
1066 1464 1255 1500 Siinduos

159 1511 270 1548 fuerit
294 1513 345 1547 sic
371 1511 685 1556 compromissum,
709 1514 761 1554 ut,
787 1511 819 1546 si
843 1510 1087 1553 dissentirent,
1112 1510 1256 1546 tertium

160 1557 362 1600 adsumant,
386 1560 474 1602 puto
499 1557 572 1592 tale
595 1556 893 1602 compromissum
916 1566 988 1591 non
1008 1556 1146 1591 valere:
1171 1565 1255 1590 nam

159 1603 197 1638 in
222 1601 440 1638 adsumendo
465 1605 619 1647 possunt
643 1601 842 1637 dissentire.
880 1601 944 1636 sed
975 1601 1006 1636 si
1037 1601 1089 1636 ita
1112 1601 1180 1643 sit,
1213 1603 1256 1635 ut

160 1648 211 1684 eis
242 1648 369 1683 tertius
401 1647 648 1682 adsumeretur
679 1646 760 1682 Sem
787 1647 930 1689 ronius,
963 1646 1059 1682 valet
1089 1656 1255 1691 compro-

159 1693 318 1735 missum,
338 1692 742 1738 quoniaminadsumen
769 1703 789 1728 o
804 1691 993 1728 dissentire
1004 1702 1078 1727 non
1089 1694 1253 1737 possunt.

160 1742 180 1774 6
227 1738 477 1783 Principaliter
495 1742 616 1772 tamen
635 1747 860 1783 quaeramus,
885 1737 916 1772 si
935 1737 974 1772 iii
994 1736 1086 1772 duos
1098 1736 1255 1772 arbitros

160 1783 207 1819 sit
231 1783 537 1829 compromissum,
563 1793 610 1817 an
631 1793 758 1828 cogere
781 1793 842 1819 eos
862 1785 1010 1828 praetor
1022 1781 1153 1817 debeat
1173 1792 1254 1817 sen-

159 1829 309 1864 tentiam
333 1828 471 1870 dicere,
504 1827 589 1873 quia
620 1838 678 1863 res
709 1827 787 1863 fere
819 1828 896 1863 sine
929 1827 1028 1863 exitu
1051 1826 1176 1862 futura
1199 1830 1256 1862 est

158 1878 308 1919 propter
330 1873 530 1908 naturalem
553 1872 737 1908 hominum
762 1873 809 1908 ad
833 1872 1114 1908 dissentiendum
1137 1871 1252 1907 facili-

159 1923 282 1955 tatem.
314 1919 353 1954 in
371 1918 499 1963 impari
520 1918 613 1952 enim
634 1928 783 1954 numero
803 1918 937 1953 idcirco
960 1918 1255 1963 compromissum

159 1964 370 2006 admittitur,
395 1975 468 1999 non
489 1963 657 2008 quoniam
681 1964 885 1999 consentire
909 1973 1032 1999 omnes
1055 1962 1163 1998 facile
1188 1966 1253 2006 est,

160 2009 224 2045 sed
244 2009 329 2054 quia
350 2009 417 2044 etsi
444 2008 668 2051 dissentiant,
691 2008 870 2044 invenitur
891 2018 977 2053 pars
998 2008 1124 2051 maior,
1151 2008 1253 2044 cuius

161 2054 309 2090 arbitrio
346 2054 511 2089 stabitur.
547 2053 611 2088 sed
646 2053 819 2088 usitatum
856 2057 911 2089 est
947 2053 1054 2088 etiam
1088 2053 1127 2088 in
1162 2053 1253 2089 duos

161 2099 412 2145 compromitti,
437 2103 473 2134 et
496 2098 602 2133 debet
624 2103 770 2144 praetor
794 2108 922 2144 cogere
946 2099 1113 2141 arbitros,
1138 2098 1254 2134 sinon

161 2145 398 2187 consentiant,
429 2143 574 2179 tertiam
598 2147 733 2179 certam
757 2144 885 2189 eligere
908 2153 1112 2189 personam,
1147 2143 1250 2179 cuius

162 2192 181 2224 7
229 2189 437 2225 auctoritati
471 2191 652 2241 pareatur.
711 2188 836 2225 Celsus
872 2189 963 2224 libro
1000 2188 1160 2224 secundo
1198 2188 1252 2223 di-

158 2238 341 2280 gestorum
375 2234 519 2276 scribit,
556 2234 587 2270 si
620 2234 659 2269 in
691 2237 765 2270 tres
800 2233 910 2269 fuerit
944 2234 1252 2286 compromissum,

160 2279 328 2315 sufficere
340 2279 483 2325 quidem
495 2279 646 2315 duorum
667 2289 892 2322 consensum,
918 2278 982 2315 sed
1001 2279 1057 2314 si³
1104 2289 1252 2315 raesens

158 2325 268 2360 fuerit
291 2329 326 2360 et
348 2325 493 2360 tertius:
527 2325 687 2370 alioquin
711 2325 861 2360 absente
885 2335 927 2360 80
958 2324 1044 2360 11081
1092 2334 1139 2360 110
1165 2334 1251 2360 con-

161 2371 337 2413 sentiant,
375 2370 563 2405 arbitrium
594 2380 668 2405 non
699 2370 836 2413 valere,
869 2370 955 2415 quia
976 2369 1014 2405 in
1037 2369 1160 2415 plures
1182 2369 1254 2405 fuit

161 2416 455 2467 compromissum
478 2419 514 2450 et
536 2415 655 2460 potuit
676 2415 882 2461 praesentia
913 2415 989 2451 eius
1022 2415 1165 2451 trahere
1189 2425 1251 2450 eos

163 2460 200 2495 in
225 2471 301 2496 eius
325 2460 556 2496 sententiam:

209 2503 259 2543 18
284 2505 515 2541 Pomoivws
543 2505 635 2541 libro
666 2506 818 2552 septimo
842 2505 980 2541 decimo
1013 2504 1250 2551 epistularum

161 2554 195 2585 ee
218 2552 402 2586 variarum
427 2551 618 2586 lectionum
664 2551 771 2586 sicuti
801 2550 917 2585 tribus
948 2549 1126 2586 iudicibus
1159 2549 1252 2585 datis

162 2595 257 2641 quod
289 2595 360 2630 duo
393 2606 437 2631 ex
470 2606 648 2631 consensu
671 2596 820 2632 absente
851 2595 957 2631 tertio
989 2595 1250 2637 iudicaverunt,

162 2640 249 2675 nihil
270 2641 376 2683 valet,
402 2641 485 2685 quia
503 2641 541 2676 id
560 2641 712 2684 demum,
737 2640 834 2686 quod
853 2641 969 2676 maior
986 2650 1072 2686 pars
1095 2641 1253 2676 omnium

161 2685 343 2726 iudicavit,
368 2691 485 2721 ratum
497 2689 561 2728 est,
584 2697 666 2721 cum
679 2690 714 2722 et
727 2696 849 2722 omnes
861 2685 1041 2721 iudicasse
1051 2685 1173 2731 palam
1185 2690 1250 2721 est.

213 2728 263 2767 19
289 2729 347 2765 ΡΛ
355 2740 398 2766 171.
406 2740 450 2766 σε
465 2731 555 2766 libro
570 2732 674 2767 tertio
689 2731 826 2767 decimo
839 2731 890 2767 ad
900 2731 1055 2767 edictum
1103 2730 1252 2775 Qualem

163 2779 284 2810 autem
307 2776 519 2810 sententiam
551 2775 649 2811 dicat
679 2777 834 2819 arbiter,
866 2776 914 2812 ad
944 2779 1149 2821 praetorem
1180 2786 1253 2812 non

162 2821 340 2866 pertinere
349 2820 472 2855 Labeo
494 2821 555 2862 ait,
581 2821 770 2857 dummodo
792 2821 889 2857 dicat
910 2821 1007 2867 quod
1018 2821 1089 2867 ipsi
1099 2821 1252 2858 videtur.

163 2869 200 2900 et
229 2864 309 2900 ideo
346 2866 376 2900 si
407 2866 459 2900 sic
474 2865 561 2917 ‘fuit
591 2866 628 2901 in
660 2867 834 2902 arbitrum
866 2867 1180 2912 compromissum,
1213 2870 1255 2902 ut

162 2916 297 2947 certam
331 2914 542 2945 sententiam
567 2911 674 2954 dicat,
699 2912 835 2947 nullum
860 2923 939 2948 esse
963 2912 1161 2955 arbitrium,
1185 2922 1252 2947 nec

164 2955 362 3001 cogendum
395 2956 610 2991 sententiam
654 2957 771 2993 dicere
806 2958 967 2993 Iulianus
1002 2956 1127 2992 scribit
1160 2957 1251 2993 libro

166 3004 180 3035 i
232 3004 360 3046 quarto
374 3000 601 3045 digestorum.
627 3001 757 3038 Dicere
770 3007 890 3038 autem
904 3002 1118 3038 sententiam
1131 3002 1252 3038 existi-

163 3055 300 3081 mamus
325 3056 423 3086 eum,
458 3046 519 3090 qui
543 3055 586 3081 ea
608 3052 725 3082 mente
758 3048 843 3093 quid
866 3047 1095 3093 pronuntiat,
1127 3051 1168 3083 ut
1193 3057 1253 3083 se-

164 3090 322 3126 cundum
352 3090 388 3125 id
422 3090 605 3125 discedere
639 3102 699 3127 eos
732 3103 754 3127 a
785 3096 863 3128 tota
887 3093 1133 3128 controversia
1155 3092 1251 3128 velit.

163 3135 230 3189 sed
260 3135 291 3171 si
322 3135 367 3170 de
396 3135 557 3180 pluribus
590 3137 696 3172 rebus
733 3138 780 3172 sit
815 3138 1024 3173 arbiterium
1054 3141 1250 3184 receptum,

164 3191 232 3217 nisi
255 3190 378 3217 omnes
410 3181 670 3216 controversias
695 3181 844 3226 finierit,
876 3193 950 3219 non
981 3182 1123 3218 videtur
1155 3182 1254 3219 dicta

163 3228 184 3261 2
228 3225 423 3277 sententia,-
433 3225 496 3260 sed
509 3225 626 3261 adhuc
640 3227 706 3261 erit
719 3238 741 3262 a
752 3232 918 3273 praetore
933 3228 1124 3273 cogendus.
1149 3227 1253 3264 Unde

163 3270 350 3307 videndum
375 3274 454 3312 erit,
478 3280 527 3305 88
552 3275 690 3306 mutare
714 3274 925 3308 sententiam
944 3273 1070 3318 possit.
1105 3276 1142 3309 et
1164 3273 1253 3309 alias

164 3315 307 3362 quidem
326 3318 381 3352 est
401 3315 585 3360 agitatum,
610 3316 640 3351 si
653 3316 786 3352 arbiter
797 3318 902 3354 iussit
913 3318 1002 3361 dari,
1027 3328 1111 3354 mox
1129 3318 1253 3360 vetuit,

164 3365 283 3397 utrum
307 3371 350 3397 eo
374 3359 471 3406 quod
492 3360 597 3396 iussit
620 3371 666 3396 an
688 3371 729 3397 eo
750 3363 845 3407 quod
864 3364 977 3399 vetuit
999 3363 1088 3399 stari
1112 3362 1252 3399 debeat.

164 3410 201 3442 et
223 3406 378 3442 Sabinus
401 3404 544 3451 quidem
563 3406 702 3450 putavit
720 3417 836 3451 posse.
874 3408 1018 3444 Cassius
1039 3408 1253 3444 sententiam

164 3451 325 3497 magistri
349 3450 405 3486 sui
428 3450 519 3486 bene
543 3455 693 3486 excusat
717 3456 753 3486 et
776 3452 827 3487 ait
850 3452 1021 3489 Sabinum
1044 3464 1117 3489 non
1141 3453 1187 3489 (18
1210 3462 1253 3489 88

164 3497 318 3532 sensisse
337 3496 525 3538 sententia,
551 3506 643 3541 quae
662 3496 848 3532 arbitrium
861 3497 972 3540 finiat,
998 3498 1061 3534 sed
1082 3498 1127 3534 de
1173 3508 1251 3534 rae·

167 3541 356 3587 paratione
376 3550 526 3577 causae:
551 3544 593 3576 ut
610 3544 700 3586 puta
719 3541 749 3576 si
768 3542 872 3577 iussit
883 3543 1080 3587 litigatores
1093 3553 1113 3579 c
1151 3543 1252 3579 endis

164 3656 205 3696 (1)
230 3654 443 3688 districtione
456 3655 543 3695 dete„
557 3653 779 3687 distractione
791 3654 840 3687 P⁰
936 3656 981 3696 (2)
1006 3656 1186 3689 arbitrium
1199 3656 1233 3689 F'
1242 3657 1253 3677 ¹

166 3701 209 3742 (8)
234 3699 292 3732 sed
303 3700 346 3741 si]
360 3702 437 3733 sent
448 3698 482 3733 1⁷
560 3701 603 3742 (4)
627 3709 663 3732 se
676 3700 738 3733 im.
752 3698 786 3732 1³·
874 3700 918 3740 (5)
943 3702 1207 3734 sentententiam
1222 3701 1258 3734 F

166 3746 211 3783 (8)
236 3746 282 3785 et]
297 3748 334 3777 ut
351 3745 429 3778 HaL
509 3746 552 3786 (τ)
577 3746 625 3779 sic
637 3745 709 3779 edd.
723 3757 730 3776 :
745 3743 846 3787 pleno
859 3748 1047 3777 comaetum
1061 3746 1098 3786 F',
1113 3746 1249 3788 plenum

1985 137 2049 167 DE:
2077 136 2313 170 Bactrus:
2344 138 2421 178 Qm

1325 243 1470 287 adesse,
1502 254 1586 280 mox
1619 244 1738 281 idibus
1768 245 1910 282 iubeat:
1944 257 2028 282 nam
2052 250 2194 283 mutare
2219 257 2301 283 eum
2327 247 2421 284 diem

1323 298 1441 369 posse.
1475 293 1633 325 ceterum
1655 289 1687 326 si
1710 291 1960 327 condemnavit
1982 291 2038 327 vel
2062 291 2225 335 absolvit,
2251 292 2336 328 dum
2361 303 2420 329 ar-

1349 337 1418 369 iter
1441 343 1520 370 esse
1544 334 1698 378 desierit,
1722 337 1884 372 mutare⁴
1908 337 2123 372 sententiam
2146 348 2220 374 non
2242 348 2362 383 posse,

1370 377 1424 432 20
1453 378 1579 432 GAlv'gs
1594 380 1685 416 libro
1705 382 1833 427 quinto
1846 381 1896 417 ad
1906 382 2062 418 edictum
2068 383 2301 435 provinciale
2336 383 2421 429 quia

1324 425 1469 467 arbiter,
1494 428 1563 460 etsi
1573 426 1758 505 ¹:eridsiverit
1779 427 1818 462 iii
1839 427 2019 463 sententia
2042 427 2206 471 dicenda,
2242 428 2422 474 corrigere

1324 479 1404 504 88111
1427 480 1501 505 non
1550 480 1571 506 0
1590 480 1628 506 es
1647 497 1655 505 .

1371 512 1421 552 21
1457 480 1653 567 Ungiuws
1672 515 1764 552 libro
1786 517 1892 552 tertio
1911 517 2048 553 decimo
2068 518 2119 554 ad
2138 517 2294 554 edictum
2329 517 2422 562 Quid

1322 563 1444 612 tamen
1467 570 1498 596 si
1522 559 1567 596 de
1615 560 1752 597 iuribus
1788 562 2039 598 controversiis
2062 573 2142 599 sum
2168 567 2229 599 tus
2254 566 2311 599 est
2333 564 2422 598 nihil

1324 606 1392 641 sibi
1417 616 1596 641 commum
1622 616 1665 641 us
1689 610 1725 641 et
1748 606 1793 642 de
1815 617 1889 643 una
1911 608 2127 643 sententiam
2172 608 2180 616 ’
2210 609 2248 651 ·t‚
2274 608 2319 644 de
2342 608 2422 644 aliis

1324 650 1693 702 nondun-numquid
1705 651 1809 687 desiit
1821 662 1899 688 esse
1912 652 2072 688 arbiter?
2095 653 2280 689 videamus
2302 653 2422 706 igitur,

1324 706 1372 730 an
1394 696 1433 731 in
1456 706 1572 741 prima
1596 697 1839 732 controversia
1861 698 1978 742 possit
2000 702 2142 734 mutare
2169 701 2386 734 sententiam
2397 700 2422 742 ⁵,

1324 740 1369 776 de
1393 751 1466 786 qua
1487 740 1559 777 iam
1583 741 1732 777 dixerat.
1757 746 1794 777 et
1817 743 1969 777 multum
1991 742 2153 786 interest,
2178 743 2222 779 de
2255 744 2422 780 omnibus

1324 786 1428 821 simul
1450 790 1493 821 ut
1511 786 1609 822 dicat
1630 787 1843 822 sententiam
1857 788 2154 832 compromissum
2167 792 2232 831 est,
2257 798 2305 824 88
2326 799 2421 824 non:

1324 841 1407 866 nam
1432 831 1463 867 si
1487 830 1532 867 de
1564 831 1749 875 omnibus,
1808 833 1916 868 oterit
1947 836 2086 869 mutare
2120 833 2293 876 (nondum
2328 834 2422 870 enim

1324 876 1414 912 dixit
1437 876 1683 919 sententiam:
1709 887 1780 923 quo
1827 878 1858 912 si
1880 878 1940 913 et⁶
1963 878 2168 923 separatim,
2193 879 2298 924 quasi
2316 879 2422 925 plura

1324 925 1410 957 sunt
1433 922 1701 967 compromissa,
1727 926 1763 958 et
1785 922 1866 958 ideo
1891 927 2068 968 quantum
2086 924 2134 959 ad
2156 924 2255 959 illam
2275 928 2421 959 contro-

1331 970 1343 1001 1
1391 967 1544 1003 versiam
1567 968 1734 1020 pertinet,
1759 967 1896 1004 arbiter
1920 978 1999 1004 esse
2025 968 2189 1005 desierat.
2225 968 2264 1005 Si
2287 969 2423 1006 arbiter

1324 1013 1376 1047 ita
1409 1016 1679 1058 pronuntiasset
1708 1012 1799 1048 nihil
1832 1013 1944 1049 videri
1980 1013 2115 1049 Titium
2151 1014 2283 1050 debere
2317 1014 2419 1050 Seio:

1325 1058 1469 1110 tametsi
1492 1057 1613 1094 Seium
1644 1068 1718 1094 non
1741 1058 1915 1094 vetuisset
1944 1063 2087 1111 petere,
2119 1062 2241 1095 tamen
2273 1059 2305 1095 si
2337 1060 2423 1106 quid

1324 1106 1484 1148 petisset,
1517 1102 1631 1139 videri
1655 1106 1784 1138 contra
1807 1107 2022 1139 sententiam
2045 1104 2174 1140 arbitri
2203 1104 2353 1148 fecisse,
2388 1109 2424 1140 et

1325 1151 1344 1183 2
1393 1148 1432 1183 id
1465 1147 1592 1184 Ofilius
1625 1151 1662 1183 et
1693 1148 1885 1184 Trebatius
1918 1149 2196 1194 responderunt.
2245 1149 2424 1185 Solutioni

1325 1193 1419 1229 diem
1442 1203 1550 1239 posse
1573 1193 1750 1228 arbitrum
1774 1197 1934 1229 statuere
1957 1199 2064 1239 puto:
2092 1198 2128 1230 et
2150 1195 2204 1230 ita
2227 1199 2264 1230 et
2284 1195 2422 1230 Treba-

1325 1242 1344 1274 3
1393 1239 1464 1274 tius
1488 1238 1630 1274 videtur
1653 1239 1799 1274 sentire.
1847 1239 2068 1285 Pomponius
2093 1240 2145 1275 ait
2167 1240 2341 1275 inutiliter
2364 1250 2422 1275 ar-

1326 1284 1459 1319 bitrum
1470 1284 1647 1320 incertam
1659 1284 1874 1320 sententiam
1886 1283 2016 1328 dicere,
2037 1289 2080 1320 ut
2099 1289 2209 1330 puta:
2236 1288 2422 1331 ‘quantum

1326 1329 1370 1365 ‘ei
1394 1329 1502 1365 debes
1525 1329 1665 1365 redde':
1693 1329 1869 1365 ‘divisioni
1891 1333 2032 1366 vestrae
2056 1330 2145 1366 stari
2164 1330 2315 1375 placet’:
2344 1333 2421 1376 ‘pro

1326 1377 1381 1410 ‘ea
1414 1378 1537 1420 parte,
1570 1384 1679 1419 quam
1713 1374 1950 1411 creditoribus
1981 1375 2053 1411 tuis
2076 1375 2235 1419 solvisti,
2269 1375 2418 1421 accipe'.

1324 1422 1346 1455 4
1393 1420 1484 1455 Item
1508 1420 1539 1455 si
1562 1419 1697 1455 arbiter
1719 1429 1874 1465 poenam
1906 1429 1950 1455 ex
1974 1421 2230 1466 compromisso
2263 1421 2339 1467 peti
2361 1430 2421 1456 ve-

1325 1465 1453 1508 tuerit,
1485 1465 1522 1500 in
1552 1465 1645 1501 libro
1678 1465 1884 1510 trigensimo
1915 1466 2022 1501 tertio
2056 1465 2154 1511 apud
2183 1466 2422 1511 Pomponium

1325 1511 1500 1555 scriptum
1523 1510 1640 1546 habeo
1664 1520 1738 1546 non
1760 1510 1897 1546 valere:
1923 1514 1960 1546 et
1981 1511 2094 1547 habet
2115 1511 2304 1554 rationem,
2337 1511 2421 1557 quia

1326 1559 1345 1591 5
1394 1566 1468 1591 non
1504 1555 1548 1591 de
1584 1565 1705 1600 poena
1741 1556 2038 1601 compromissum
2074 1559 2140 1592 est.
2198 1556 2421 1602 Papinianus

1325 1601 1417 1636 libro
1429 1601 1535 1636 tertio
1558 1601 1808 1646 quaestionum
1829 1601 1890 1643 ait,
1917 1601 1958 1643 si,
1981 1612 2063 1637 cum
2084 1601 2159 1637 dies
2174 1602 2422 1647 compromissi

1325 1646 1509 1689 finiretur,
1541 1646 1684 1691 prolato
1709 1645 1766 1681 die
1788 1646 1987 1691 litigatores
2011 1646 2130 1682 denuo
2154 1646 2192 1682 in
2216 1657 2297 1682 eum
2321 1658 2420 1683 com-

1324 1692 1554 1737 promiserint
1584 1701 1652 1727 nec
1683 1691 1832 1727 secundi
1865 1692 2114 1737 compromissi
2144 1692 2333 1727 arbitrium
2365 1702 2420 1727 re-

1325 1737 1471 1782 ceperit,
1495 1747 1570 1772 non
1594 1746 1673 1772 esse
1693 1736 1892 1782 cogendum
1911 1737 2083 1782 recipere,
2107 1737 2139 1772 si
2161 1737 2239 1782 ipse
2261 1737 2299 1772 in
2319 1747 2422 1773 mora

1325 1793 1399 1817 non
1421 1781 1502 1825 fuit,
1535 1793 1605 1827 quo
1630 1781 1746 1817 minus
1770 1782 1935 1826 partibus
1960 1782 2035 1818 suis
2058 1781 2288 1826 fungeretur:
2324 1782 2422 1828 quod

1325 1827 1355 1863 si
1377 1838 1444 1872 per
1467 1837 1548 1863 eum
1570 1827 1708 1862 factum
1732 1832 1797 1869 est,
1822 1827 2077 1872 aequissimum
2097 1838 2177 1863 esse
2197 1828 2277 1873 cogi
2299 1837 2379 1863 eum
2399 1838 2423 1863 a

1323 1876 1668 1963 {ffffieiiessssffi
1682 1871 2421 1963 {esffssffssissssxesutss{202‘3131533‘³22&

1323 1967 1466 1998 veatur:
1493 1967 1651 1998 ceterum
1675 1962 1706 1998 si
1730 1963 1926 1998 cavebatur
1944 1966 1981 1997 et
2002 1963 2082 2008 ipse
2101 1963 2262 2008 protulit,
2287 1963 2420 1998 mansit

1324 2012 1344 2044 6
1393 2008 1538 2043 arbiter.
1586 2007 1738 2043 Plenum
1763 2008 2058 2068 compromissum
2081 2007 2295 2053 appellatur,
2322 2008 2420 2054 quod

1324 2053 1381 2088 ‘de
1415 2053 1524 2089 rebus
1557 2053 1853 2088 controversiisve
1898 2063 1977 2088 com
2005 2053 2137 2089 ositum
2161 2057 2234 2089 est:
2259 2063 2343 2088 nam
2369 2053 2416 2088 ad

1324 2108 1446 2134 omnes
1459 2098 1721 2134 controversias
1736 2098 1902 2143 pertinet.
1928 2107 1967 2133 se
2011 2097 2145 2134 siforte
2157 2098 2202 2134 de
2214 2108 2289 2133 una
2310 2109 2349 2134 re
2371 2098 2418 2134 sit

1323 2143 1532 2189 disputatio,
1556 2143 1641 2178 licet
1653 2143 1759 2188 pleno
1781 2143 2038 2188 compromisso
2062 2144 2201 2179 actum⁷
2215 2143 2273 2186 sit,
2298 2147 2420 2179 tamen

1324 2199 1368 2223 ex
1388 2189 1516 2224 ceteris
1537 2188 1656 2224 causis
1676 2188 1836 2223 actiones
1857 2198 2067 2233 superesse:
2091 2188 2130 2224 id
2150 2189 2244 2224 enim
2263 2189 2361 2225 venit
2383 2189 2419 2223 in

1323 2233 1628 2279 compromissum,
1653 2232 1699 2268 de
1722 2243 1792 2278 quo
1814 2237 1935 2268 actum
1954 2236 2009 2269 est
2027 2234 2086 2268 ut⁸
2105 2234 2252 2269 veniret.
2278 2233 2343 2269 sed
2366 2237 2421 2269 est

1323 2279 1447 2322 tutius,
1472 2278 1504 2314 si
1523 2278 1604 2324 quis
1625 2277 1670 2313 de
1683 2281 1781 2313 certa
1799 2288 1840 2314 re
1859 2278 2155 2324 compromissum
2173 2278 2339 2314 facturus
2361 2279 2419 2320 sit,

1324 2324 1346 2358 ‘1'
1391 2323 1436 2359 de
1455 2333 1499 2359 ea
1511 2323 1589 2359 sola
1599 2323 1815 2368 exprimere⁹
1829 2323 1867 2358 iii
1887 2323 2156 2368 compromisso.
2189 2323 2274 2359 Non
2286 2323 2420 2359 debent

1324 2372 1445 2404 autem
1468 2369 1718 2413 obtemperare
1740 2367 1948 2413 litigatores,
1972 2368 2004 2404 si
2027 2368 2163 2404 arbiter
2186 2368 2322 2414 aliquid
2345 2380 2420 2404 non

1324 2417 1342 2449 S
1390 2414 1581 2450 honestum
1623 2413 1778 2448 iusserit.
1839 2412 1878 2448 Si
1911 2414 2008 2449 intra
2042 2413 2136 2449 diem
2171 2414 2419 2459 compromissi

1322 2459 1442 2495 aditus
1466 2459 1602 2495 arbiter
1623 2462 1708 2504 post
1728 2458 1821 2493 diem
1842 2458 2089 2503 compromissi
2113 2458 2240 2494 adesse
2261 2459 2418 2500 iusserit,

1322 2508 1342 2540 9
1389 2514 1507 2550 110888
1530 2515 1603 2540 8011
1616 2505 1645 2525 ²⁰
1669 2504 1920 2539 committetur.
1957 2503 1995 2539 Si
2014 2504 2093 2549 quis
2114 2514 2158 2539 ex
2178 2503 2418 2549 litigatoribus

1323 2549 1403 2586 ideo
1428 2560 1500 2585 non
1524 2549 1699 2592 adfuerit,
1756 2548 1828 2584 uod
1858 2548 2064 2584 valetudine
2094 2549 2150 2584 vel
2173 2549 2226 2584 rei
2248 2549 2418 2595 publicae

1323 2605 1434 2630 causa
1458 2594 1623 2630 absentia
1645 2560 1837 2639 impe‘iijtus
1862 2594 1910 2629 sit
1933 2598 1997 2629 aut
2020 2594 2233 2639 magistratu
2256 2598 2322 2630 aut
2346 2594 2418 2630 alia

1322 2641 1418 2675 iusta
1442 2639 1487 2675 de
1511 2650 1642 2682 causa,
1674 2649 1828 2684 poenam
1853 2639 2027 2675 committi
2049 2639 2228 2675 Proculus
2252 2643 2289 2675 et
2311 2639 2416 2674 Atili·

1323 2685 1425 2721 cinus
1450 2685 1569 2721 aiunt:
1602 2684 1666 2720 sed
1698 2685 1730 2720 si
1759 2688 1909 2729 paratus
1934 2684 1981 2719 sit
2011 2684 2050 2719 in
2073 2684 2226 2719 eundem
2250 2694 2330 2720 com
2357 2695 2416 2720 ro·

1322 2731 1474 2774 mittere,
1499 2730 1677 2766 actionem
1697 2729 1864 2774 denegari
1883 2732 1948 2764 aut
1960 2728 2170 2774 exceptione
2187 2731 2307 2764 tutum
2342 2740 2415 2765 ore.

1322 2775 1386 2811 sed
1408 2776 1480 2812 hoc
1501 2776 1555 2811 ita
1579 2775 1720 2811 demum
1739 2785 1860 2811 verum
1883 2774 1961 2816 erit,
1985 2774 2017 2809 si
2040 2773 2174 2809 arbiter
2195 2774 2357 2820 recipere
2379 2775 2420 2810 in

1322 2832 1361 2857 se
1385 2821 1594 2857 arbiterium
1616 2820 1726 2856 fuerit
1748 2820 1918 2865 paratus:
1952 2829 2036 2854 nam
2067 2819 2217 2854 invitum
2240 2829 2314 2856 non
2338 2829 2418 2855 esse

1323 2866 1524 2912 cogendum
1557 2866 1718 2901 Iulianus
1762 2865 1854 2900 libro
1890 2867 2020 2909 quarto
2065 2863 2284 2909 digestorum
2318 2869 2417 2900 recte

1322 2911 1465 2948 scribit:
1505 2911 1518 2946 i
1545 2921 1584 2946 se
1616 2914 1736 2946 autem
1768 2909 1877 2945 nihilo
1911 2909 2027 2945 minus
2059 2919 2177 2955 poena
2207 2909 2414 2945 absolvitur.

1326 2960 1366 2992 10
1414 2956 1453 2992 Si
1476 2967 1518 2992 ar
1543 2957 1612 2991 iter
1634 2956 1739 2991 iussit
1762 2958 1852 3000 puta
1874 2955 1912 2989 in
1935 2954 2122 2999 provincia
2145 2954 2274 2990 adesse
2298 2955 2413 3000 litiga·

1322 3007 1440 3044 tores,
1471 3012 1554 3037 cum
1577 3001 1714 3036 Romae
1737 3003 1831 3035 esset
1853 3000 1891 3035 in
1915 3010 1997 3035 eum
2021 2999 2335 3044 compromissum,
2367 3010 2415 3035 aii

1323 3047 1356 3083 ei
1377 3047 1522 3092 impune
1545 3056 1619 3081 non
1641 3046 1865 3091 pareatur¹¹,
1890 3045 2083 3090 quaeritur.
2108 3049 2145 3080 et
2165 3048 2220 3080 cst
2232 3044 2261 3066 ¹²
2283 3044 2414 3087 verius,

1327 3091 1425 3138 quod
1448 3091 1609 3127 Iulianus
1633 3091 1685 3125 ait
1707 3090 1798 3125 libro
1824 3093 1971 3135 quarto,
2004 3100 2084 3125 eum
2107 3090 2227 3125 locum
2251 3100 2415 3135 compro-

1322 3137 1430 3173 misso
1464 3136 1601 3178 inesse,
1638 3135 1683 3171 de
1718 3145 1788 3180 quo
1825 3139 1947 3171 actum
1978 3135 2025 3170 sit
2056 3138 2097 3170 ut
2126 3134 2413 3180 promitteretur:

1322 3182 1468 3228 impune
1490 3181 1598 3227 igitur
1621 3180 1654 3216 ei
1684 3190 1757 3216 non
1779 3180 1984 3233 parebitur,
2019 3180 2050 3215 si
2081 3179 2151 3215 alio
2183 3179 2255 3215 loci
2286 3179 2414 3215 adesse

1322 3227 1478 3263 iusserit.
1539 3225 1602 3262 uid
1632 3235 1736 3271 erg0,
1768 3236 1799 3261 si
1829 3236 1903 3261 non
1934 3235 1981 3270 ap
2009 3228 2127 3266 areat,
2162 3223 2206 3259 de
2238 3235 2309 3270 quo
2331 3224 2413 3260 loco

1323 3276 1446 3308 actum
1468 3237 1541 3308 sitz
1573 3270 1697 3306 melius
1721 3270 1860 3306 dicetur
1883 3280 1965 3306 eum
2220 3269 2229 3277 ⁰

1324 3317 1619 3362 compromissum
1643 3318 1707 3352 est.
1734 3315 1820 3368 quid
1842 3318 1963 3350 tamen
1986 3314 2016 3350 si
2039 3314 2078 3349 in
2102 3324 2144 3350 eo
2168 3314 2260 3367 loco,
2286 3314 2348 3360 qui
2367 3315 2415 3350 sit

1324 3363 1421 3399 circa
1444 3362 1580 3405 urbem,
1603 3361 1730 3397 adesse
1751 3360 1921 3396 iusserit?
1944 3359 2102 3404 Pegasus
2123 3359 2279 3395 admittit
2295 3359 2414 3395 valere

1323 3408 1470 3443 iussum.
1496 3406 1593 3453 quod
1615 3410 1703 3452 puto
1725 3405 1779 3441 ita
1796 3415 1919 3441 verum
1943 3414 2032 3447 esse,
2058 3404 2088 3439 si
2107 3407 2144 3439 et
2162 3404 2238 3440 eius
2259 3404 2307 3439 sit
2325 3414 2413 3439 auc-

1323 3453 1481 3489 toritatis
1505 3452 1649 3494 arbiter,
1674 3454 1716 3487 ut
1737 3450 1775 3486 in
1799 3450 1999 3486 secessibus
2024 3449 2140 3485 soleat
2162 3459 2277 3495 agere,
2311 3453 2348 3485 81
2369 3448 2412 3485 11·

1327 3501 1365 3533 ii
1414 3498 1585 3543 tigatores
1608 3496 1715 3532 facile
1739 3506 1780 3531 eo
1804 3495 1874 3531 loci
1896 3495 2015 3531 venire
2037 3494 2188 3540 possint.
2235 3493 2307 3530 Sed
2324 3494 2356 3530 si
2375 3494 2412 3529 in

1325 3542 1479 3588 aliquem
1502 3542 1622 3578 locum
1644 3542 1871 3577 inhonestum
1903 3539 2030 3575 adesse
2061 3539 2224 3582 iusserit,
2255 3542 2345 3585 puta
2374 3538 2412 3574 iii

2002 3279 2108 3305 ocum
2133 3269 2319 3312 contineri,
2351 3269 2415 3305 ubi

1882 3655 1927 3695 (8)
1952 3656 1991 3687 111
2004 3666 2064 3687 om.
2077 3653 2112 3687 F
2228 3654 2274 3694 (9)
2299 3652 2411 3696 expri-

1323 3655 1600 3698 eompromissum
1614 3657 1726 3688 aetum
1738 3653 1768 3688 S

1915 3700 1972 3740 (11)
1998 3709 2066 3731 11011
2081 3708 2152 3741 par.
2167 3698 2205 3740 S,
2223 3707 2368 3736 compar.
2379 3697 2414 3731 F

1322 3701 1406 3734 mire
1417 3701 1454 3734 F
1532 3702 1594 3742 (io)
1618 3710 1686 3733 8011
1701 3712 1759 3733 om.
1773 3698 1825 3732 Γ*

1323 3747 1383 3787 (12)
1409 3748 1461 3779 est
1474 3747 1509 3779 et
1520 3746 1555 3779 F
