2528 3918
193 116 355 160 ΧΠῙ5

194 239 273 284 quis
298 240 442 273 centum
465 244 593 270 aureos
627 233 761 269 debens
792 233 966 273 ducentos
998 234 1212 274 constituat,
1243 232 1281 266 in

194 288 336 319 centum
359 280 603 316 tantummodo
629 282 788 322 tenetur,
821 279 906 324 quia
938 280 1003 314 ea¹
1035 278 1188 323 pecunia
1219 277 1279 312 de-

194 329 270 363 bita
293 330 365 362 est:
400 336 483 370 ergo
509 330 544 360 et
567 325 616 366 is,
642 325 701 370 qui
725 328 858 360 sortem
881 328 917 360 et
940 334 1068 359 usuras
1093 333 1185 368 quae
1209 333 1280 357 non

193 372 413 409 debebantur
437 364 641 412 constituit,
665 369 843 406 tenebitur
865 369 902 404 in
926 373 1057 404 sortem
1082 368 1278 403 dumtaxat.

242 415 292 454 12
317 416 373 452 ΡΑ
382 425 477 451 ULUS
505 415 596 451 libro
629 415 733 450 tertio
765 414 899 451 decimo
932 414 981 449 ad
1011 413 1164 449 edictum
1211 412 1281 464 Sed

193 466 228 498 et
250 463 280 497 si
305 461 426 496 decem
450 460 648 496 debeantur
678 464 714 496 et
745 459 866 495 decem
898 463 933 494 ct
956 458 1116 493 Stichum
1149 462 1280 493 consti-

192 510 290 549 tuat,
348 509 442 541 otest
473 505 542 541 dici
574 505 696 541 decem
720 503 965 540 tantummodo
991 503 1132 538 nomine
1155 503 1279 538 teneri.

241 549 290 590 13
338 560 422 585 ΒΕΔ(
441 550 532 587 libro
557 551 748 587 vicensimo
773 561 867 585 nouo
892 549 941 584 ad
959 548 1113 584 edictum
1160 547 1231 583 Sed
1251 548 1280 583 si

194 596 395 676 quisbvlgm‘
360 596 368 603 ‘
396 595 424 631 ti
455 595 588 631 debens
621 595 744 631 decem
776 594 961 630 constituit
995 603 1034 628 se
1068 593 1279 635 soluturum,

193 646 275 677 tene
302 641 384 676 itur.

241 685 292 724 14
323 685 518 722 mmm
546 685 637 721 libro
662 686 851 720 vicensimo
875 684 1026 730 septimo
1050 682 1100 718 ad
1124 682 1280 718 edictum

195 732 260 777 Qui
283 735 403 767 autem
427 731 612 767 constituit
635 740 674 765 se
698 731 912 771 soluturum,
938 732 1096 770 tenetur,
1122 728 1194 763 sive
1217 728 1280 763 ad-

195 782 209 812 1
259 776 343 812 iecit
373 781 507 812 certam
531 776 765 821 quantitatem
789 775 861 810 sive
884 785 967 809 non.
1014 773 1052 809 Si
1084 773 1162 818 quis
1195 784 1280 809 con-

192 822 346 858 stituerit
369 832 409 858 se
439 822 474 867 p‘
499 832 566 856 nus
599 821 781 855 daturum:
814 831 895 855 cum
927 819 1063 854 utilitas
1093 818 1281 864 pignorum

192 870 212 903 2
259 832 581 912 inrepseritffebet
593 866 698 901 etiam
710 866 778 900 hoc
792 864 1023 900 constitutum
1036 863 1185 899 admitti.
1212 863 1282 899 Sed

192 916 229 948 et
251 912 282 948 si
306 913 384 965 quis
409 916 542 947 certam
566 921 755 956 personam
778 909 1027 944 fideiussuram
1049 920 1115 954 pro
1137 919 1175 944 se
1196 919 1280 944 con-

192 958 356 999 stituent,
381 957 490 992 nihilo
515 956 629 991 minus
654 959 811 996 tenetur,
836 959 877 989 ut
900 954 1118 999 Pomponius
1144 954 1279 989 scribit.

192 1002 278 1048 quid
308 1006 427 1038 tamen
459 1002 488 1037 si
514 1012 556 1037 ea
579 1011 731 1046 persona
755 1000 843 1035 nolit
866 999 1085 1035 fideiubere‘?
1115 1003 1203 1044 puto
1227 1003 1280 1034 te-

192 1047 269 1083 neri
293 1058 373 1083 eum
398 1047 458 1092 qui
483 1046 685 1088 constituit,
719 1045 786 1080 nisi
818 1044 915 1080 aliud
948 1048 1069 1080 actum
1093 1049 1158 1080 est.
1196 1044 1281 1090 quid

192 1093 223 1129 si
246 1097 330 1128 ante
354 1092 533 1128 decessit?
564 1092 594 1127 si
619 1101 718 1126 mora
741 1090 1015 1132 interveniente,
1049 1100 1203 1135 aequum
1227 1094 1283 1125 est

191 1138 306 1174 teneri
329 1148 410 1173 eum
434 1137 494 1182 qui
519 1136 703 1172 constituit
725 1135 780 1170 vel
803 1135 840 1170 in
862 1135 899 1170 id
924 1135 1019 1180 quod
1049 1136 1198 1170 interest
1226 1136 1281 1170 vel

195 1187 236 1219 ut
259 1183 365 1218 aliam
388 1192 578 1228 personam
603 1192 675 1216 non
697 1181 814 1215 minus
837 1180 1002 1215 idoneam
1033 1180 1282 1216 fideiubentem

192 1232 368 1274 praestet:
406 1229 437 1263 si
467 1227 566 1263 nulla
597 1236 697 1261 mora
728 1225 1000 1268 interveniente,
1034 1225 1170 1271 magis2
1192 1229 1280 1270 puto

194 1277 213 1309 3
262 1284 334 1309 non
358 1273 481 1309 teneri.
531 1272 756 1307 Constituere
787 1274 907 1306 autem
941 1275 976 1306 et
1006 1274 1214 1316 praesentes
1247 1275 1283 1306 et

192 1319 358 1354 absentes
382 1328 589 1364 possumus,
622 1317 715 1352 sicut
737 1316 890 1361 pacisci,
915 1319 951 1352 et
973 1327 1038 1361 per
1060 1316 1224 1351 nuntium
1247 1320 1283 1351 et

192 1374 255 1411 per
279 1368 417 1399 nosmet
438 1364 546 1408 ipsos,
573 1365 609 1397 et
631 1362 914 1407 quibuscumque
936 1361 1066 1397 verbis.

241 1408 290 1446 15
318 1408 475 1444 Panas
504 1408 594 1443 libro
625 1407 816 1443 vicensimo
840 1417 936 1442 nono
961 1406 1011 1442 ad
1033 1406 1187 1443 edictum
1233 1406 1283 1441 Et

193 1454 276 1490 licet
298 1454 412 1489 libera
435 1463 588 1498 persona
612 1452 668 1494 sit,
693 1462 758 1497 per
782 1462 888 1497 quam
912 1452 978 1487 tibi
1002 1452 1183 1494 constitui,
1208 1462 1282 1487 non

193 1499 259 1535 erit
289 1499 595 1544 impedimentum,
628 1497 724 1542 quod
746 1508 811 1542 per
833 1498 981 1532 liberam
1004 1508 1195 1543 personam
1218 1497 1282 1532 ad-

193 1544 381 1589 quirimus,
446 1543 505 1578 uia
539 1543 772 1578 ministerium
805 1542 1052 1579 tantummodo
1088 1543 1158 1579 hoc
1194 1553 1282 1578 casu

192 1594 375 1635 praestare
398 1589 431 1624 vi
459 1593 546 1624 etur.

240 1632 290 1671 16
323 1634 517 1670 ΠιΡΙΑΝυε
545 1633 635 1669 libro
667 1633 856 1669 vicensimo
879 1634 1032 1680 septimo
1056 1633 1107 1669 ad
1128 1633 1282 1669 edictum

192 1679 229 1715 Si
253 1679 323 1715 duo
349 1679 451 1724 quasi
475 1679 544 1714 duo
568 1678 620 1714 rei
645 1678 952 1722 constituerimus,
984 1680 1040 1714 vel
1065 1690 1147 1714 cum
1170 1679 1281 1714 altero

197 1728 210 1759 1
260 1725 316 1770 agi
339 1724 471 1769 poterit
494 1724 532 1759 in
556 1723 718 1759 solidum.
767 1723 838 1759 Sed
861 1728 898 1759 et
921 1728 1018 1760 certo
1037 1725 1118 1760 loco
1140 1727 1176 1759 et
1193 1728 1281 1759 tem-

192 1780 277 1815 pore
301 1770 520 1805 constituere
543 1769 622 1821 quis
645 1772 776 1814 potest,
801 1779 868 1804 nec
888 1770 1005 1805 solum
1024 1780 1065 1805 eo
1086 1769 1157 1805 loci
1177 1779 1283 1815 posse

192 1825 272 1850 eum
291 1818 423 1860 petere,
448 1815 510 1850 ubi
529 1825 561 1850 ei
581 1814 815 1850 constitutum
835 1818 899 1858 est,
921 1814 985 1850 sed
1005 1815 1166 1860 exemplo
1187 1815 1282 1850 arbi-

193 1863 212 1895 2
260 1860 393 1895 trariae
425 1860 578 1896 actionis
610 1859 741 1904 ubique
772 1863 902 1904 potest.
949 1860 1013 1895 Ait
1043 1863 1207 1905 praetor:
1241 1860 1283 1895 ‘si

193 1909 376 1958 ‘appareat
400 1916 479 1940 eum
504 1905 564 1950 qni
589 1905 775 1940 constituit
797 1915 912 1950 neque
935 1905 1073 1941 solvere
1095 1915 1211 1951 neque
1229 1905 1282 1941 se-

195 1953 299 1986 ‘cisse
311 1961 425 1995 neque
445 1961 510 1996 per
530 1954 687 1985 actorem
707 1950 815 1992 stetit,
837 1961 907 1996 quo
927 1951 1044 1986 minus
1063 1950 1167 1986 fieret
1187 1950 1283 1996 quod

192 1999 212 2031 3
260 1996 505 2031 ‘constitutum
537 1996 615 2030 est.’
661 1995 757 2040 Ergo
791 1995 821 2030 si
853 2006 924 2031 non
956 1997 1056 2031 stetit
1086 2006 1152 2042 per
1182 1999 1282 2032 acto-

191 2051 284 2083 rem,
318 2045 415 2076 tenet
438 2041 551 2083 actio,
585 2040 723 2075 etiamsi
746 2050 811 2086 per
834 2051 952 2076 rerum
976 2045 1143 2077 naturam
1166 2041 1281 2077 stetit:

192 2089 213 2121 4
260 2086 322 2121 sed
341 2086 452 2131 magis
474 2085 663 2121 dicendum
674 2089 729 2120 est
741 2085 921 2121 subveniri
931 2097 994 2122 reo
1007 2086 1147 2122 debere.
1183 2087 1283 2122 Haec

193 2135 312 2167 autem
335 2132 444 2166 verba
466 2131 642 2176 praetoris
667 2134 795 2176 ‘neque
813 2130 942 2167 fecisse
960 2142 1060 2167 reum
1081 2131 1178 2177 quod
1197 2143 1282 2168 con-

194 2176 330 2212 ‘stituit'
355 2180 476 2212 utrum
498 2177 545 2211 ad
568 2180 708 2221 tempus
729 2176 914 2212 constituti
933 2178 1113 2222 pertinent
1132 2187 1180 2212 an
1199 2187 1282 2213 vero

192 2232 305 2267 usque
329 2221 376 2257 ad
398 2222 469 2257 litis
494 2222 789 2257 contestationem
813 2222 999 2265 trahimus,
1023 2222 1180 2258 dubitari
1202 2226 1283 2268 pot-

193 2271 265 2303 est:
292 2271 327 2303 et
350 2270 437 2312 puto
462 2267 508 2302 ad
532 2270 673 2312 tempus
699 2267 896 2302 constituti.

243 2309 291 2349 17
317 2312 477 2348 Pinus
497 2312 587 2348 libro
611 2313 801 2347 vicensimo
825 2323 922 2349 nono
946 2312 997 2348 ad
1018 2312 1172 2348 edictum
1213 2311 1283 2347 Sed

193 2361 228 2393 et
260 2358 291 2393 si
322 2357 391 2392 alia
424 2357 480 2392 die
513 2357 641 2393 offerat
673 2368 739 2392 nec
770 2361 872 2393 actor
895 2358 1058 2403 accipere
1081 2357 1194 2393 voluit
1216 2367 1283 2392 nec

193 2403 266 2438 ulla
290 2413 400 2438 causa
423 2403 519 2438 iusta
538 2402 607 2438 fuit
627 2413 701 2438 non
720 2403 928 2455 accipiendi,
953 2413 1106 2448 aequum
1127 2406 1182 2438 est
1201 2413 1282 2438 suc-

194 2448 289 2483 curri
312 2458 372 2483 reo
399 2453 462 2483 aut
485 2448 694 2493 exceptione
717 2451 781 2482 aut
802 2451 899 2483 1usta
917 2448 1219 2500 interpretatione,
1243 2452 1284 2482 ut

193 2492 329 2528 factum
361 2493 492 2528 actoris
522 2504 636 2538 usque
667 2493 714 2528 ad
737 2499 876 2538 tempus
899 2494 1021 2529 iudicii
1043 2493 1112 2538 ipsi
1136 2496 1282 2528 noceat:

193 2542 233 2573 ut
255 2538 314 2573 illa
338 2539 446 2573 verba
470 2543 595 2583 ‘neque
617 2538 798 2573 i'ecisset'³
821 2539 890 2574 hoc
915 2538 1132 2584 significent,
1157 2542 1198 2573 ut
1222 2548 1283 2573 ne-

194 2593 262 2628 que
285 2583 321 2618 in
347 2583 437 2618 diem
460 2584 497 2618 in
522 2594 626 2629 quem
650 2583 837 2619 constituit
858 2583 985 2619 fecerit
1009 2594 1123 2629 neque
1145 2587 1281 2629 postea.

242 2625 291 2665 18
324 2627 517 2664 ULPJANUS
545 2629 636 2664 libro
668 2629 858 2664 vicensimo
882 2630 1034 2675 septimo
1058 2628 1108 2664 ad
1129 2628 1284 2664 edictum

193 2673 281 2708 Item
305 2673 366 2707 illa
390 2674 497 2708 verba
520 2674 693 2718 praetoris
719 2677 845 2719 ‘neque
868 2685 932 2719 per
952 2679 1110 2710 actorem
1130 2674 1282 2709 stetisse’

194 2718 341 2754 eandem
365 2719 540 2763 recipiunt
564 2719 833 2755 dubitationem.
879 2723 915 2755 et
938 2719 1156 2764 Pomponius
1181 2719 1284 2754 dubi-

193 2766 259 2805 tat,
283 2763 313 2798 si
336 2763 429 2798 forte
453 2764 498 2798 ad
523 2764 613 2799 diem
638 2765 824 2800 constituti
846 2775 911 2810 per
934 2769 1093 2800 actorem
1116 2775 1188 2799 non
1212 2769 1283 2800 ste-

193 2808 287 2850 terit,
309 2814 393 2842 ante
415 2810 513 2843 stetit
524 2810 577 2845 vel
590 2814 727 2854 postea.
765 2814 801 2845 et
819 2814 908 2854 puto
932 2811 991 2849 et⁴
1014 2810 1106 2845 haec
1126 2809 1173 2844 ad
1193 2809 1284 2844 diem

196 2853 383 2888 constituti
406 2853 602 2889 referenda.
638 2854 788 2900 proinde
811 2855 843 2890 si
865 2854 1068 2891 valetudine
1091 2854 1283 2900 impeditus

194 2901 257 2934 aut
280 2898 313 2934 vi
337 2902 400 2933 aut
423 2903 634 2943 tempestate
658 2900 788 2945 petitor
812 2911 885 2936 non
907 2900 1022 2944 venit,
1055 2900 1125 2946 ipsi
1155 2910 1284 2936 nocere

197 2946 211 2977 1
262 2942 480 2987 Pomponius
513 2945 646 2979 scribit.
695 2945 798 2989 Quod
831 2945 1002 2981 adicitur:
1028 2948 1189 2990 ‘eamque
1220 2955 1283 2990 pe-

195 2988 349 3023 ‘cuniam
381 2999 461 3023 cum
497 2990 781 3025 constituebatur
815 2990 973 3026 debitam
1006 2990 1141 3034 fuisse',
1172 2990 1282 3026 inter-

194 3033 428 3078 pretationem
452 3033 644 3077 pleniorem
668 3035 784 3080 exigit.
824 3047 906 3071 nam
925 3035 1080 3081 primum
1098 3035 1186 3070 illud
1206 3035 1283 3071 effi-

195 3078 263 3120 cit,
296 3081 355 3120 ut,
387 3078 417 3113 si
451 3078 534 3123 quid
559 3083 645 3114 tunc
669 3080 827 3116 debitum
849 3080 919 3116 fuit
942 3091 1024 3116 cum
1048 3081 1283 3117 constituere-

194 3127 274 3175 tur,
305 3133 401 3158 nunc
425 3134 496 3158 uon
521 3124 585 3165 sit,
618 3124 726 3160 nihilo
751 3126 867 3160 minus
891 3130 1014 3162 teneat
1037 3126 1282 3168 constitutum,

195 3178 280 3214 quia
312 3171 507 3204 retrorsum
543 3179 581 3204 se
616 3169 708 3204 actio
745 3170 864 3206 refert.
938 3171 1060 3206 roinde
1094 3175 1166 3206 tem
1194 3171 1283 3206 orali

195 3213 337 3248 actione
379 3212 573 3258 obligatum
609 3215 856 3251 constituendo
923 3217 1016 3252 elsus
1052 3220 1089 3252 et
1123 3216 1140 3251 I
1191 3227 1282 3252 anus

195 3258 356 3294 scribunt
385 3257 497 3293 teneri
528 3258 675 3298 debere.
712 3260 794 3295 licet
825 3265 908 3306 post
939 3261 1173 3297 constitutum
1207 3261 1282 3297 dies

195 3302 401 3348 temporalis
432 3303 584 3339 actionis
616 3304 751 3339 exierit.
789 3316 899 3350 quare
923 3311 959 3341 et
982 3307 1013 3342 si
1035 3310 1120 3352 post
1141 3311 1213 3342 tem
1240 3317 1282 3342 us

194 3347 419 3393 obligationis
450 3357 490 3384 se
520 3348 743 3384 soluturum⁵
767 3351 1008 3394 constituerit,
1038 3351 1158 3387 adhuc
1188 3351 1201 3386 i
1227 3361 1281 3386 em

195 3393 354 3429 Iulianus
378 3396 499 3439 putat,
532 3394 698 3439 quoniam
723 3405 764 3429 co
790 3400 948 3440 tempore
972 3396 1177 3438 constituit,
1210 3406 1280 3441 quo

196 3442 273 3473 erat
295 3438 476 3484 obligatio,
499 3438 583 3474 licet
605 3438 643 3473 in
666 3438 702 3473 id
725 3443 864 3484 tempus
889 3452 959 3486 quo
984 3452 1057 3477 non
1079 3441 1278 3477 tenebatur.

195 3486 215 3518 2
262 3482 296 3518 Ε
319 3494 359 3519 re
389 3487 509 3519 autem
540 3488 595 3519 est
624 3483 682 3518 hic
713 3485 943 3530 subiungere,
979 3490 1099 3522 utrum
1130 3496 1281 3531 poenam

196 3528 378 3565 contineat
399 3528 490 3565 haec
512 3528 607 3564 actio
632 3538 678 3564 an
701 3530 753 3564 rei
776 3531 1078 3574 persecutionem:
1112 3535 1148 3566 et
1170 3531 1280 3576 magis

197 3644 236 3683 (ι)
262 3645 312 3683 eu]
327 3653 366 3675 ex
378 3643 413 3677 F
522 3646 564 3685 (2)
589 3643 663 3686 agis
676 3643 730 3676 1⁵³²
843 3646 886 3685 (3)
911 3645 1029 3677 fecisse
1042 3646 1069 3679 S
1181 3647 1224 3686 (4)
1249 3649 1283 3678 et

197 3687 258 3721 del.
271 3686 325 3720 Γ*
438 3689 482 3726 (ὁ)
508 3688 684 3722 soliturum
699 3690 732 3722 F
828 3690 872 3725 (o)
898 3692 1011 3721 teneat
1025 3696 1166 3732 utraque
1179 3691 1281 3730 actio,

196 3731 372 3766 deficiente
385 3733 543 3777 depereat
553 3747 616 3768 scr.
699 3739 741 3774 (7)
767 3733 877 3766 brevis
890 3734 993 3766 edicti
1006 3734 1059 3767 F²
1137 3737 1181 3775 (8)
1207 3746 1281 3767 eum

1282 105 1361 154 178

1350 235 1424 273 est,
1455 234 1497 266 ut
1520 232 1627 267 etiam
1649 232 1841 269 Marcellus
1864 237 1986 279 putat,
2017 238 2059 270 ut
2080 235 2134 271 rei
2155 236 2203 271 sit
2223 237 2437 282 persecutio.

1351 279 1370 312 3
1421 276 1531 312 Vetus
1554 276 1623 312 fuit
1646 277 1832 322 dubitatio,
1857 290 1905 314 an
1929 280 1989 324 qui
2011 281 2080 315 hac
2105 281 2245 317 actione
2269 282 2339 326 egit
2361 293 2437 318 sor·
2500 253 2528 310 ‘rr-

1349 321 1395 356 tis
1420 321 1669 366 obligationem
1693 328 1891 359 consumat.
1929 328 1964 359 et
1986 325 2099 361 tutius
2124 329 2178 361 est
2201 326 2318 362 dicere
2342 327 2438 362 solu·
2503 326 2508 332 “

1349 367 1446 402 tione
1470 367 1589 412 potius
1614 378 1658 403 ex
1678 367 1748 404 hac
1772 370 1914 405 actione
1946 369 2044 405 facta
2075 371 2319 407 liberationem
2354 382 2439 407 con-

1349 412 1502 456 tingere,
1536 423 1608 448 non
1638 412 1709 449 litis
1734 415 2013 457 contestatione,
2048 416 2216 461 quoniam
2239 416 2368 453 solutio
2393 417 2439 452 ad

1350 461 1467 492 utram
1492 467 1537 492 ue
1561 457 1811 503 obligationem
1835 459 1987 505 proficit.

1401 499 1451 539 19
1507 512 1634 538 Amas
1661 503 1751 539 libro
1782 505 1974 540 vicensimo
2006 516 2101 541 nono
2126 505 2177 541 ad
2197 506 2353 543 edictum
2398 507 2440 542 Id

1374 547 1444 599 uod
1470 547 1544 600 sub·
1570 548 1779 584 condicione
1810 549 1978 592 debetur,
2014 550 2087 585 sive
2118 562 2207 596 pure
2238 551 2311 587 sive
2343 556 2439 587 certo

1388 602 1407 627 e
1431 595 1689 636 constltuatur,
1721 594 1845 630 eadem
1878 595 2086 630 condicione
2118 596 2367 641 suspenditur,
2399 602 2440 632 ut

1351 638 1525 673 existente
1545 638 1752 675 condicione
1771 643 1946 682 teneatur,
1969 640 2154 677 deficiente
2174 646 2325 686 utraque
2345 642 2438 677 actio

1356 686 1367 717 1
1419 682 1587 728 depereat
1596 684 1622 718 ⁶.
1670 684 1740 720 Sed
1762 685 1793 720 is
1817 685 1877 737 qui
1900 696 1988 730 pure
2020 685 2126 720 debet
2156 686 2187 721 si
2218 687 2284 722 sub
2318 687 2439 722 condi-

1351 728 1452 763 cione
1483 729 1697 772 constituat,
1731 729 1847 775 inqult
1877 730 2094 775 Pomponius
2124 731 2162 766 in
2192 731 2288 767 hunc
2319 732 2440 767 utilem

1351 776 1371 808 2
1419 773 1597 809 actionem
1628 784 1716 810 esse.
1765 774 1803 809 Si
1825 779 1928 819 pater
1951 775 2005 810 vel
2029 775 2192 812 dominus
2217 777 2441 813 constituerit

1350 829 1389 854 se
1413 819 1612 854 soluturum
1637 819 1733 865 quod
1755 819 1825 855 fuit
1855 820 1893 855 in
1923 820 2084 865 peculio,
2116 832 2186 857 non
2219 822 2441 858 minueretur

1349 863 1529 909 peculium
1560 874 1620 908 eo,
1651 865 1747 910 quod
1771 875 1815 900 ex
1839 876 1882 900 ea
1906 875 2018 900 causa
2041 865 2234 902 obstrictus
2258 877 2336 903 esse
2361 877 2439 903 coe-

1349 909 1461 954 perit:
1494 913 1530 945 et
1559 910 1643 945 licet
1672 910 1846 945 interierit
1868 910 2067 955 peculium,
2098 921 2171 947 non
2203 915 2322 947 tamen
2353 912 2440 947 libe-

1349 958 1462 989 ratur.

1397 997 1449 1037 20
1475 998 1583 1035 IDEM
1596 999 1687 1035 libro
1709 1003 1840 1046 quarto
1853 999 1903 1035 ad
1914 999 2099 1035 Plautium
2133 1000 2209 1037 Nec
2230 1002 2323 1037 enim
2345 1002 2440 1047 quod

1351 1044 1480 1079 crescit
1502 1045 1681 1089 peculium
1704 1049 1768 1080 aut
1791 1045 1985 1088 decrescit,
2016 1046 2171 1091 pertinet
2194 1046 2240 1082 ad
2265 1048 2439 1083 constitu-

1350 1090 1479 1125 toriam
1503 1090 1691 1125 actionem.

1397 1132 1446 1172 21
1474 1134 1583 1170 IDEM
1608 1135 1699 1170 libro
1731 1136 1921 1171 vicensimo
1953 1147 2049 1171 nono
2080 1135 2131 1172 ad
2151 1136 2305 1173 edictum
2352 1137 2439 1173 Pro—

1351 1180 1478 1216 missor
1491 1179 1604 1215 Stichi
1622 1184 1705 1225 post
1724 1191 1860 1215 moram
1881 1181 1925 1216 ab
1949 1191 1990 1216 eo
2010 1180 2144 1216 factam
2163 1187 2303 1218 mortuo
2317 1181 2439 1218 Sticho

1351 1225 1381 1261 si
1418 1225 1642 1261 constituerit
1672 1235 1710 1260 se
1740 1226 1894 1270 pretium
1927 1227 2001 1261 eius
2034 1227 2254 1270 soluturum,
2287 1231 2439 1263 tenetur.

1355 1273 1369 1305 1
1419 1270 1458 1305 Si
1481 1271 1556 1306 sine
1580 1270 1637 1305 die
1661 1271 1877 1313 constituas,
1936 1275 2029 1306 otest
2052 1271 2193 1317 quidem
2217 1272 2288 1308 dici
2310 1277 2346 1308 te
2369 1283 2441 1308 non

1350 1317 1501 1368 teneri„
1516 1316 1616 1368 licet·
1630 1316 1740 1351 verba
1771 1282 1979 1368 edicti-Pate
2015 1321 2181 1361 pateant:
2218 1318 2375 1363 alioquin
2407 1322 2442 1353 et

1352 1361 1538 1397 confestim
1562 1371 1619 1406 agi
1641 1364 1759 1396 tecum
1782 1365 1932 1406 poterit,
1966 1362 1997 1397 si
2020 1362 2140 1397 statim
2163 1366 2204 1398 ut
2228 1363 2440 1399 constituisti

1350 1417 1424 1442 non
1447 1406 1582 1442 solvas:
1608 1406 1671 1442 sed
1690 1406 1867 1442 modicum
1886 1410 2026 1452 tempus
2046 1408 2275 1444 statuendum
2296 1412 2350 1444 est
2370 1419 2441 1444 non

1352 1454 1372 1487 2
1419 1452 1536 1487 minus
1560 1451 1683 1487 decem
1707 1452 1853 1495 dierum,
1878 1456 1919 1486 ut
1942 1453 2081 1488 exactio
2100 1453 2309 1489 celebretur.
2349 1453 2440 1488 Con-

1352 1497 1476 1533 stituto
1508 1497 1595 1532 satis
1628 1508 1701 1532 non
1731 1496 1838 1540 facit,
1874 1497 1935 1543 qui
1958 1498 2158 1533 soluturum
2183 1509 2222 1534 se
2246 1499 2441 1541 constituit,

1351 1543 1381 1578 si
1405 1543 1533 1578 offerat
1555 1542 1847 1578 satisfactionem.
1883 1543 1914 1578 si
1961 1543 2015 1578 uis
2040 1547 2159 1578 autem
2184 1545 2380 1579 constituat
2404 1555 2443 1579 se

1351 1587 1618 1632 satisdatumm‚
1642 1587 1886 1623 fideiussorem
1909 1598 1951 1623 ve
1986 1588 2136 1633 pig-nora
2156 1588 2226 1631 det,
2251 1600 2323 1625 non
2344 1593 2440 1624 tene-

1351 1636 1420 1674 tur,
1445 1633 1530 1678 quia
1553 1633 1639 1670 nihil
1662 1633 1814 1676 intersit,
1838 1633 2137 1678 quemadmodum
2161 1634 2372 1670 satisfaciat.

1397 1676 1452 1716 22
1475 1678 1584 1713 IDEM
1610 1678 1701 1714 libro
1724 1682 1830 1714 sexto
1855 1679 2038 1714 brevium⁷
2085 1678 2122 1714 Si
2153 1683 2237 1724 post
2268 1680 2441 1715 constitu-

1350 1727 1425 1759 tam
1455 1723 1518 1758 tibi
1549 1723 1737 1768 pecuniam
1768 1723 2001 1758 hereditatem
2034 1734 2077 1758 ex
2109 1728 2253 1760 senatus
2279 1725 2441 1761 consulto

1352 1769 1577 1805 Trebelliano
1621 1769 1837 1811 restitueris,
1882 1769 2049 1814 quoniam
2092 1770 2198 1805 sortis
2233 1771 2442 1816 petitionem

1351 1814 1566 1849 transtulisti
1596 1813 1642 1849 ad
1674 1814 1799 1857 alium,
1836 1813 2044 1859 deneganda
2079 1819 2134 1850 est
2167 1815 2234 1850 tibi
2268 1815 2443 1861 pecuniae

1353 1860 1570 1896 constitutae
1601 1859 1706 1895 actio.
1749 1858 1844 1894 idem
1869 1863 1923 1894 est
1944 1859 1982 1894 in
2005 1859 2212 1896 hereditatis
2235 1871 2443 1906 possessore

1352 1910 1435 1951 post
1467 1905 1618 1940 evictam
1649 1904 1892 1940 hereditatem.
1930 1904 1993 1940 sed
2023 1905 2133 1950 magis
2167 1909 2240 1949 est,
2271 1910 2313 1941 ut
2342 1905 2440 1940 fidei-

1353 1950 1594 1986 commissario
1627 1950 1682 1985 vel
1715 1949 1746 1984 ei
1778 1950 1838 1995 qui
1862 1950 1946 1985 vicit
1970 1949 2194 1986 decernenda
2217 1955 2311 1987 esset
2334 1951 2440 1986 actio.

1398 1993 1451 2033 23
1477 1994 1671 2030 IULIANUS
1691 1995 1782 2030 libro
1805 1995 1994 2031 undecimo
2018 1995 2239 2042 diqestorum
2283 1996 2441 2032 Promis-

1352 2052 1413 2076 sor
1442 2040 1595 2076 hominis
1626 2040 1769 2075 homine
1799 2044 1961 2083 mortuo,
1994 2051 2075 2075 cum
2132 2051 2170 2076 er
2203 2051 2283 2077 eum
2307 2041 2443 2077 staret⁸

1353 2097 1422 2132 quo
1447 2085 1563 2121 minus
1586 2085 1799 2128 traderetur,
1824 2086 1891 2120 etsi
1910 2085 2088 2121 hominem
2131 2091 2273 2121 aturum
2295 2097 2333 2122 se
2355 2097 2440 2122 con-

1352 2131 1518 2211 stituerit,
1544 2131 1587 2166 de
1612 2131 1808 2166 constituta
1831 2131 1985 2176 pecunia
2008 2131 2199 2174 tenebitur,
2224 2136 2265 2167 ut
2288 2132 2441 2177 pretium

1354 2177 1429 2211 eius
1455 2187 1494 2212 so
1510 2180 1580 2211 vat.

1399 2220 1453 2258 24
1477 2221 1718 2256 MARCELLUS
1745 2221 1836 2257 libro
1867 2221 2051 2268 sinqularz‘
2079 2232 2332 2268 responsorum
2380 2221 2440 2256 Ti-

1352 2267 1424 2303 tius
1456 2266 1535 2302 Seio
1569 2277 1588 2301 e
1614 2266 1757 2301 istulam
1789 2266 1903 2301 emisit
1932 2267 1970 2302 in
2002 2266 2092 2310 haec
2123 2267 2249 2302 verba:
2276 2266 2440 2302 ‘Reman-

1353 2315 1488 2348 ‘serunt
1511 2322 1582 2356 apu
1630 2321 1686 2346 me
1709 2311 1965 2356 quinquaginta
1989 2321 2032 2347 ex
2053 2312 2185 2347 credito
2208 2316 2271 2347 tuo
2293 2322 2335 2347 ex
2356 2322 2440 2347 con-

1353 2360 1485 2393 ‘tractu
1534 2357 1724 2402 upillorum
1748 2367 1918 2399 meomm,
1944 2367 2032 2401 quos
2051 2357 2115 2392 tibi
2135 2357 2284 2392 reddere
2304 2357 2439 2392 debebo

1353 2403 1480 2447 ‘idibus
1542 2402 1606 2437 aiis
1626 2402 1777 2447 probos:
1797 2401 1893 2447 quod
1912 2402 1942 2436 si
1963 2401 2010 2436 ad
2029 2401 2121 2437 diem
2141 2412 2251 2448 supra
2270 2402 2442 2447 scriptum

1353 2452 1438 2484 ‘non
1461 2447 1611 2489 dedero,
1644 2451 1731 2482 tunc
1755 2447 1840 2482 dare
1864 2447 1999 2482 debebo
2024 2457 2152 2483 usuras
2176 2447 2255 2483 tot?
2292 2458 2438 2492 quaero,

1353 2504 1401 2528 an
1423 2492 1559 2528 Lucius
1583 2492 1700 2528 Titius
1731 2492 1768 2526 in
1798 2492 1919 2527 locum
1942 2492 2160 2537 pupillorum
2183 2493 2252 2527 hac
2277 2492 2442 2528 cautione

1353 2549 1434 2574 reus
1459 2537 1682 2573 successerit.
1729 2537 1922 2572 Marcellus
1947 2537 2141 2582 respondit,
2166 2537 2196 2573 si
2219 2537 2440 2573 intercessis-

1354 2588 1409 2619 set
1432 2583 1634 2628 stipulatio,
1660 2583 1887 2618 successisse.
1923 2582 2007 2617 item
2032 2593 2184 2627 quaero,
2217 2593 2283 2625 an,
2316 2583 2346 2618 si
2369 2593 2441 2617 non

1354 2629 1607 2670 successisset,
1640 2627 1684 2663 de
1716 2628 1914 2663 constituta
1936 2631 2111 2663 teneatur.
2159 2627 2353 2663 Marcellus
2385 2638 2440 2662 re-

1354 2673 1499 2727 spondit
1521 2674 1558 2708 in
1582 2677 1714 2708 sortem
1737 2673 1868 2708 teneri:
1902 2677 1956 2708 est
1986 2673 2079 2708 enim
2102 2673 2290 2708 humanior
2313 2676 2349 2708 et
2371 2673 2440 2707 uti-

1353 2719 1421 2755 hor
1444 2719 1514 2754 ista
1537 2718 1795 2764 interpretatio.

1400 2762 1452 2802 25
1489 2762 1737 2799 mmmmm
1767 2763 1857 2799 libro
1892 2766 2017 2798 octavo
2053 2764 2302 2809 quaestionum
2348 2762 2440 2797 mud

1353 2813 1417 2845 aut
1438 2808 1526 2844 illud
1550 2808 1672 2844 debuit
1696 2812 1731 2844 et
1751 2808 1934 2843 constituit
1954 2808 2122 2843 alterum:
2148 2819 2196 2843 an
2215 2808 2268 2843 vel
2290 2807 2439 2843 alterum

1377 2854 1450 2890 uod
1484 2865 1557 2889 non
1589 2854 1774 2890 constituit
1804 2854 1941 2889 solvere
1972 2854 2105 2898 possit,
2165 2854 2342 2888 uaesitum
2374 2855 2438 2888 est.

1353 2866 1426 2935 dixi
1449 2910 1521 2935 non
1545 2909 1624 2934 esse
1647 2898 1880 2941 audiendum,
1914 2898 1944 2933 si
1974 2899 2057 2933 velit
2089 2899 2135 2934 ho
2163 2899 2194 2934 'e
2224 2898 2330 2933 fidem
2355 2908 2438 2933 con-

1356 2950 1370 2980 1
1421 2946 1568 2981 stitutae
1598 2944 1650 2980 rei
1679 2944 1853 2989 frangere.
1903 2943 1940 2978 Si
1972 2943 2201 2979 iureiurando
2234 2943 2352 2978 delato
2378 2942 2438 2977 de-

1351 2990 1429 3026 beri
1452 2990 1518 3025 tibi
1541 2989 1728 3031 iuraveris,
1753 2999 1834 3024 cum
1858 2989 1995 3023 habeas
2020 2999 2061 3024 eo
2086 2988 2228 3024 nomine
2251 2988 2439 3029 actionem,

1352 3039 1450 3071 recte
1482 3035 1526 3070 de
1557 3034 1752 3070 constituta
1775 3033 1885 3078 agis⁹.
1923 3033 1985 3068 sed
2018 3038 2054 3069 et
2085 3034 2115 3069 si
2148 3044 2219 3069 non
2251 3033 2345 3069 ultro
2379 3032 2439 3067 de-

1352 3080 1466 3115 tulero
1498 3079 1762 3120 iusiurandum,
1795 3079 1858 3114 sed
1889 3078 2066 3113 referendi
2097 3078 2311 3114 necessitate
2343 3088 2438 3113 com-

1351 3125 1475 3171 pulsus
1498 3124 1535 3160 id
1557 3124 1687 3167 fecero,
1712 3124 1796 3170 quia
1818 3134 1921 3158 nemo
1946 3124 2089 3159 dubitat
2107 3123 2301 3159 modestius
2320 3122 2440 3158 facere

1352 3171 1413 3215 qui
1424 3170 1568 3213 referat,
1593 3179 1700 3215 quam
1723 3173 1765 3204 ut
1786 3169 1863 3214 ipse
1886 3169 1980 3203 iuret
1992 3170 2030 3211 ¹⁰,
2055 3169 2154 3203 nulla
2175 3169 2356 3203 distinctio
2377 3167 2438 3203 ad-

1351 3216 1512 3258 hibetur,
1544 3215 1687 3250 tametsi
1710 3214 1756 3250 ob
1781 3218 1880 3249 tuam
1903 3213 2111 3248 facilitatem
2135 3224 2179 3248 ac
2203 3223 2318 3248 meam
2341 3222 2438 3248 vere-

1352 3260 1520 3297 cundiam
1543 3260 1738 3296 subsecuta
1760 3258 1807 3295 sit
1829 3258 2004 3294 referendi
2028 3259 2232 3294 necessitas.

1397 3303 1451 3343 26
1477 3305 1681 3341 SCAEVOLA
1712 3304 1803 3340 libro
1829 3304 1955 3351 primo
1986 3315 2027 3338 re
2071 3314 2240 3339 onsorum
2289 3301 2438 3347 Quidam

1351 3350 1398 3386 ad
1429 3350 1639 3387 creditorem
1661 3349 1800 3385 litteras
1825 3348 1998 3384 eiusmodi
2037 3348 2124 3384 ecit:
2151 3348 2315 3391 ‘Decem,
2348 3357 2439 3393 quae

1351 3396 1496 3431 ‘Lucius
1521 3395 1637 3431 Titius
1669 3405 1714 3430 ex
1743 3404 1829 3430 arca
1859 3398 1923 3430 tua
1954 3398 2079 3428 mutua
2102 3396 2309 3439 acceperat,
2341 3392 2439 3427 salva

1350 3442 1500 3476 ‘ratione
1523 3451 1712 3476 usurarum
1734 3439 1846 3475 habes
1869 3448 1978 3485 penes
2001 3449 2067 3482 me,
2093 3438 2256 3474 domine.’
2290 3447 2438 3482 respon-

1350 3485 1402 3520 dit
1425 3485 1622 3521 secundum
1645 3496 1688 3521 ea
1711 3495 1804 3530 quae
1820 3487 2106 3536 proponerentur
2125 3483 2266 3519 actione
2286 3482 2330 3517 de
2351 3491 2435 3517 con-

1349 3531 1476 3566 stituta
1498 3531 1653 3576 pecunia
1675 3541 1757 3566 eum
1780 3534 1905 3565 tenen.

1352 3647 1458 3678 staret
1469 3644 1532 3685 1³³,
1545 3647 1716 3678 constaret
1726 3645 1771 3677 F·

1353 3690 1505 3732 quamvis
1518 3690 1591 3732 ipae
1603 3690 1692 3723 iuret
1702 3702 1765 3724 scr.

1866 3646 1909 3684 (9)
1935 3645 1988 3686 agi
2009 3643 2058 3675 Γ)
2143 3645 2200 3683 (ιοὶ
2227 3642 2287 3684 qui
2299 3641 2435 3681 deferat,

1850 122 1912 154 nn
1940 123 2135 156 Pncunm
2163 124 2439 156 conani-nra
2488 99 2491 101 ’
2518 162 2523 173 4
