2528 3918
135 93 200 130 DE
229 98 416 132 mmcns
444 98 521 130 UBI
550 97 741 138 QUISQUE
768 96 919 128 AGERE

1022 486 1202 536 LIBER
1232 485 1502 547 QUINTUS.

653 624 709 664 1¹.

135 692 196 726 DE
229 690 437 724 IUDICIIS:
461 689 566 724 UBI²
590 690 791 727 QUISQUE
816 690 971 723 AGERE
998 690 1090 725 VEL
1123 690 1228 724 CON-

484 736 650 770 VENIRI
674 735 869 769 DEBEAT.

184 802 202 840 1
238 802 434 839 Uaramus
453 803 544 840 libro
566 802 725 839 secundo
748 801 799 838 ad
820 801 975 838 edictum
1017 801 1055 837 Si
1079 811 1120 838 se
1143 801 1227 837 sub-

134 849 245 885 iciant
268 848 379 894 aliqui
400 848 638 884 iurisdictioni
669 852 705 883 et
737 847 983 890 consentiant,
1014 847 1110 882 inter
1141 857 1227 882 con-

135 894 328 930 sentientes
353 893 509 930 cuiusvis
531 893 678 936 iudicis,
711 893 772 938 qui
803 893 977 928 tribunali
1007 895 1151 938 praeest
1173 892 1228 928 vel

134 939 242 975 aliam
263 938 546 975 iurisdictionem
568 939 689 981 habet,
716 941 770 973 est
791 937 1002 974 iurisdictio.

181 982 205 1021 2
230 983 339 1020 IDEM
356 983 449 1020 libro
472 985 577 1020 tertio
602 984 653 1020 ad
671 983 827 1019 edictum
863 982 1095 1019 Consensisse
1107 985 1228 1018 autem

133 1029 307 1072 videntur,
332 1030 394 1075 qui
411 1029 530 1065 sciant
550 1039 590 1065 se
607 1039 681 1065 non
700 1039 779 1064 esse
800 1028 982 1065 subiectos
992 1027 1229 1064 iurisdictioni

134 1076 210 1110 eius
242 1079 278 1110 et
298 1075 337 1110 in
361 1085 443 1110 eum
467 1075 703 1111 consentiant.
741 1077 900 1109 ceterum
930 1073 962 1109 si
991 1075 1122 1126 putent
1152 1073 1228 1108 eius

133 1120 412 1156 iurisdictionem
444 1131 540 1163 esse,
572 1130 646 1155 non
677 1119 745 1155 erit
776 1119 852 1155 eius
875 1118 1093 1154 iurisdictio:
1129 1128 1228 1154 error

135 1166 227 1201 enim
250 1165 478 1210 litigatorum,
503 1168 545 1200 ut
566 1165 727 1200 Iulianus
752 1174 894 1210 quoque
916 1164 1008 1200 libro
1032 1163 1147 1209 primo
1173 1163 1226 1199 di-

133 1214 314 1256 gestorum
337 1210 479 1254 scribit,
511 1221 585 1246 non
607 1210 717 1245 habet
741 1220 966 1245 consensum.
1003 1212 1067 1244 aut
1097 1209 1129 1244 si
1159 1220 1227 1255 pu-

133 1259 299 1292 taverunt
321 1256 430 1291 alium
453 1266 531 1291 esse
553 1259 755 1301 praetorem
777 1266 844 1308 pro
868 1255 959 1298 alio,
993 1265 1106 1299 aeque
1129 1264 1229 1290 error

134 1313 206 1337 non
231 1301 328 1337 dedit
350 1300 641 1337 iurisdictionem.
678 1304 742 1336 aut
764 1311 806 1343 si,
832 1311 914 1336 cum
937 1300 1126 1335 restitisset
1148 1299 1226 1345 qui-

133 1347 186 1382 vis
210 1357 255 1382 ex
276 1346 533 1392 litigatoribus,
556 1347 690 1382 viribus
713 1350 906 1391 praeturae
930 1345 1137 1390 compulsus
1161 1348 1226 1388 est,

135 1396 151 1427 1
201 1391 300 1427 nulla
322 1391 519 1427 iurisdictio
544 1395 609 1427 est.
658 1391 854 1427 Convenire
873 1394 993 1426 autem
1004 1394 1125 1426 utrum
1135 1390 1229 1426 inter

133 1437 292 1483 privatos
324 1436 460 1472 sufficit
490 1447 538 1472 an
559 1447 644 1472 vero
670 1437 778 1472 etiam
800 1436 914 1482 ipsius
932 1436 1115 1489 praetoris
1141 1446 1226 1471 con-

133 1492 260 1519 sensus
283 1482 506 1518 necessarius
531 1483 614 1518 est?
636 1482 695 1517 lex
718 1482 811 1518 Iulia
832 1481 1046 1518 iudiciorum
1070 1481 1121 1516 ait
1144 1484 1227 1527 ‘quo

134 1528 262 1563 ‘minus
284 1527 378 1563 inter
399 1528 558 1573 privatos
583 1528 801 1563 conveniat’:
835 1527 971 1563 sufficit
1002 1537 1085 1572 ergo
1108 1527 1226 1572 priva-

133 1578 252 1609 torum
273 1583 481 1609 consensus.
514 1572 666 1618 proinde
678 1573 709 1608 si
720 1573 850 1618 privati
863 1572 1101 1614 consentiant,
1122 1582 1226 1624 prae-

132 1623 191 1655 tor
222 1621 342 1653 autem
372 1618 512 1663 ignoret
543 1618 745 1654 consentire
777 1621 813 1654 et
844 1618 971 1664 putet³
995 1627 1097 1653 suam
1121 1618 1226 1653 1uris-

134 1664 343 1707 dictionem,
369 1674 415 1698 an
439 1664 451 1699 l
497 1663 505 1671 '
531 1663 757 1699 satisfactum
780 1663 845 1707 sit,
877 1662 1070 1699 videndum
1093 1666 1165 1698 est:
1192 1666 1228 1698 et

133 1712 153 1745 2
200 1713 289 1754 puto
320 1718 427 1754 posse
452 1674 602 1744 thelfendi
633 1709 708 1744 eius
740 1719 819 1745 esse
849 1708 1141 1744 iurisdictionem.
1189 1707 1228 1744 Si

134 1758 169 1790 et
191 1754 299 1790 iudex
322 1754 369 1790 ad
391 1757 531 1799 tempus
555 1754 662 1790 datus
687 1757 723 1790 et
753 1764 876 1790 omnes
908 1754 1106 1799 litigatores
1140 1763 1226 1789 con-

133 1800 307 1835 sentiant:
332 1799 401 1835 nisi
420 1799 622 1845 specialiter
642 1799 832 1846 principali
850 1799 1009 1835 iussione
1020 1799 1226 1844 prorogatio

132 1845 242 1880 fuerit
263 1844 433 1888 inhibita,
465 1848 619 1890 possunt
640 1848 822 1890 tempora,
855 1845 952 1880 intra
984 1854 1077 1890 quae
1107 1844 1227 1880 iussus

133 1892 153 1926 3
201 1893 256 1926 est
277 1890 375 1925 litem
399 1889 571 1933 dirimere,
595 1890 793 1935 prorogari.
835 1890 980 1935 Legatis
1002 1890 1040 1924 in
1064 1899 1106 1925 eo
1131 1890 1228 1935 quod

133 1939 217 1971 ante
240 1935 451 1980 legationem
476 1939 743 1977 contraxerunt,
767 1935 852 1971 item
875 1936 930 1970 his
978 1935 1017 1970 ui
1033 1935 1228 1971 testimonii

133 1991 246 2016 causa
276 1980 415 2017 evocati
445 1984 530 2015 sunt
559 1980 615 2016 vel
645 1981 675 2016 si
707 1981 794 2026 qui⁴
817 1980 962 2016 iudican
991 1980 998 1987 '
1034 1990 1146 2016 causa
1168 1991 1226 2016 ar-

134 2026 254 2061 cessiti
288 2029 373 2061 sunt
404 2025 459 2061 vel
489 2025 527 2060 in
559 2026 780 2070 provinciam
811 2025 999 2067 destinati,
1033 2026 1228 2061 revocandi

134 2071 277 2106 domum
308 2081 410 2106 suam
439 2070 496 2105 ius
529 2069 646 2105 datur.
682 2080 723 2106 eo
757 2080 899 2123 quoque
930 2070 1013 2115 qui⁵
1034 2070 1113 2115 ipse
1141 2081 1226 2116 pro-

134 2116 275 2152 vocavit
303 2126 376 2150 non
407 2115 601 2160 imponitur
623 2115 819 2151 necessitas
841 2119 937 2150 1ntra
959 2119 1121 2160 tempora
1143 2126 1226 2161 pro-

133 2161 329 2196 vocationis
354 2160 574 2196 exercendae
597 2160 734 2196 Romae
756 2161 813 2196 vel
836 2161 908 2196 alio
939 2161 1019 2196 loco
1050 2160 1113 2196 ubi
1142 2171 1226 2206 pro-

133 2206 273 2242 vocatio
298 2209 483 2241 exercetur
505 2205 584 2241 aliis
614 2205 843 2251 pulsantibus
875 2205 1111 2251 respondere:
1144 2217 1228 2242 nam

135 2251 259 2287 Celsus
291 2251 375 2286 huic
407 2251 514 2286 etiam
544 2250 671 2286 domus
701 2251 963 2287 revocationem
988 2251 1143 2287 dandam
1166 2252 1227 2295 ait,

134 2297 301 2342 quoniam
332 2296 378 2331 ob
410 2296 516 2331 aliam
549 2306 695 2332 causam
725 2297 879 2332 venerit:
913 2296 1003 2332 haec
1028 2296 1122 2332 Celsi
1146 2307 1226 2332 sen-

133 2342 245 2377 tentia
276 2345 311 2377 et
342 2341 564 2377 rationabilis
596 2345 660 2377 est.
698 2352 782 2376 nam
807 2345 842 2377 et
873 2341 975 2377 divus
997 2341 1085 2377 Pius
1107 2342 1225 2378 Plotio

134 2385 298 2422 Celsiano
323 2386 507 2432 rescripsit
529 2397 621 2429 eum,
646 2387 707 2432 qui
729 2387 864 2423 tutelae
886 2386 1091 2423 reddendae
1115 2398 1227 2424 causa

133 2431 286 2467 Romam
309 2435 388 2466 erat
411 2442 433 2466 a
464 2441 503 2467 se
533 2436 722 2475 evocatus,
756 2432 903 2468 alterius
933 2432 1069 2468 tutelae
1103 2443 1226 2475 causa,

134 2477 236 2513 cuius
261 2487 373 2512 causa
394 2487 467 2512 non
490 2480 570 2512 erat
592 2481 779 2520 evocatus,
812 2488 886 2513 non
909 2477 1041 2513 debere
1065 2478 1228 2531 compelli

132 2522 303 2558 iudicium
327 2522 519 2567 suscipere.
555 2522 650 2557 i'dem
674 2522 821 2558 Claudio
845 2523 1019 2558 Flaviano
1043 2524 1229 2569 rescripsit

133 2568 305 2603 minorem
335 2567 458 2611 viginti
492 2567 648 2612 quinque
678 2568 800 2611 annis,
833 2568 894 2613 qui
925 2567 1167 2604 desiderarat⁰
1189 2569 1227 2604 in

133 2612 310 2657 integrum
340 2612 480 2648 restitui
515 2612 687 2648 adversus
718 2612 950 2656 Asinianum,
986 2614 1047 2658 qui
1081 2614 1227 2650 alterius

133 2657 266 2703 negotii
291 2667 402 2693 causa
424 2661 588 2700 venerat,
620 2668 694 2693 non
725 2668 806 2694 esse
828 2658 967 2693 Romae
997 2658 1225 2695 audiendum.

134 2706 155 2738 4
203 2703 333 2738 Omnes
345 2706 465 2738 autem
476 2703 536 2738 isti
556 2702 700 2738 domum
719 2706 901 2746 revocant,
925 2703 957 2739 si
972 2714 1050 2747 ,non
1068 2704 1120 2739 ibi
1140 2715 1226 2740 con-

132 2752 331 2790 traxerunt,
355 2747 417 2783 ubi
442 2749 710 2783 conveniuntur.
746 2752 904 2783 ceterum
920 2748 951 2783 si
972 2752 1229 2785 contraxerunt

134 2793 194 2836 ibi,
219 2793 409 2828 revocandi
432 2792 487 2828 ius
511 2803 584 2828 non
615 2793 768 2828 habent:
801 2793 960 2838 exceptis
990 2793 1134 2839 legatis,
1168 2795 1229 2840 qui

134 2838 218 2874 licet
231 2838 281 2873 ibi
301 2841 568 2881 contraxerunt,
594 2838 782 2874 dummodo
803 2842 888 2874 ante
906 2838 1119 2883 legationem
1140 2851 1226 2875 con·

134 2886 338 2926 traxerunt,
373 2894 446 2919 non
482 2884 744 2929 compelluntur
779 2894 818 2919 se
851 2883 989 2919 Romae
1023 2883 1226 2928 defendere,

158 2928 304 2964 uamdiu
333 2928 521 2981 legationis
555 2939 665 2964 causa
697 2929 757 2965 hic
789 2929 1032 2965 demorantur.
1069 2930 1166 2975 quod
1190 2934 1227 2966 et

134 2939 292 3009 fulisanus
317 2973 440 3009 scribit
463 2977 499 3009 et
521 2973 622 3009 divus
634 2974 722 3009 Pius
741 2974 934 3020 rescripsit.
967 2974 1073 3019 plane
1094 2975 1124 3010 si
1144 2985 1226 3027 per-

134 3017 232 3054 fecta
264 3018 441 3064 legatione
475 3019 693 3062 subsistant,
731 3019 993 3055 conveniendos
1028 3030 1089 3055 eos
1125 3020 1227 3056 divus

136 3066 156 3098 5
201 3063 288 3099 Pius
319 3064 512 3116 rescripsit.
559 3064 650 3099 Item
680 3064 711 3100 si
743 3068 845 3100 extra
873 3065 1092 3110 provinciam
1125 3076 1228 3101 suam

137 3112 402 3151 contraxerunt,
425 3109 510 3144 hcet
532 3120 605 3144 non
628 3110 666 3144 in
688 3109 812 3152 Italia,
837 3110 1057 3155 quaestionis
1082 3114 1154 3154 est,
1179 3121 1227 3146 an

136 3152 272 3189 Romae
304 3153 483 3190 conveniri
521 3154 671 3199 possint.
717 3158 753 3190 et
783 3155 976 3191 Marcellus
1007 3156 1044 3190 in
1077 3166 1118 3191 eo
1150 3156 1226 3191 solo

136 3198 258 3242 privile
283 3198 315 3234 ὀ
340 3209 400 3234 eos
424 3199 477 3234 uti
501 3198 645 3235 domum
667 3200 877 3243 revocandi,
903 3200 999 3246 quod
1022 3201 1059 3235 in
1084 3201 1228 3236 civitate

137 3252 204 3277 sua
231 3254 273 3278 ve
318 3247 414 3280 certe
445 3243 542 3279 intra
571 3244 791 3297 provinciam
822 3249 1097 3281 contraxerunt:
1153 3246 1227 3282 uod

137 3291 193 3322 est
213 3298 346 3324 verum.
383 3288 446 3324 sed
469 3290 529 3324 et⁷
553 3300 584 3325 s1
607 3293 727 3335 agant,
753 3290 1014 3335 compelluntur
1038 3301 1076 3326 se
1100 3301 1121 3326 a
1147 3302 1225 3326 ver—

139 3342 212 3378 sus·
231 3343 352 3369 omnes
384 3333 590 3370 defendere:
622 3345 694 3370 non
724 3339 845 3370 tamen
875 3335 906 3371 si
935 3335 1101 3371 iniuriam
1124 3347 1227 3372 suam

140 3382 398 3422 persequantur
416 3379 472 3415 vel
490 3379 627 3415 furtum
646 3380 702 3415 vel
722 3380 890 3415 damnum
912 3380 1008 3426 quod
1020 3392 1116 3416 nunc
1127 3382 1228 3427 passi

139 3425 239 3456 sunt:
264 3422 439 3471 alioquin,
463 3428 504 3459 ut
527 3428 563 3460 et
585 3425 746 3460 Iulianus
770 3425 950 3470 eleganter
974 3426 1040 3468 ait,
1074 3430 1139 3461 aut
1160 3427 1225 3461 im-

139 3476 235 3511 pune
266 3469 487 3505 contumeliis
517 3474 553 3505 et
583 3470 721 3505 damnis
755 3470 967 3506 adficientur
999 3474 1063 3506 aut
1093 3471 1160 3506 erit
1190 3471 1227 3506 in

140 3514 318 3555 potestate
342 3513 512 3559 cuiusque
534 3515 709 3560 pulsando
734 3525 795 3551 eos
819 3515 982 3551 subicere
1004 3516 1102 3561 ipsos
1122 3516 1227 3551 iuris-

187 3624 227 3664 (1)
251 3624 730 3663 Ed.1...1avr‚...24.2e.aemes.
741 3635 788 3663 τε.
802 3636 858 3669 823
872 3628 958 3673 Pap.
967 3636 1089 3663 samso.
1098 3635 1224 3668 52...55;

144 3667 224 3701 Sab.
246 3675 288 3702 14.
310 3676 356 3703 2⁶.
377 3676 424 3703 27.
444 3677 488 3704 ει.
509 3678 625 3706 se...81.
645 3691 692 3698 —-
721 3673 807 3707 Bas.
829 3675 861 3717 7,
875 3682 903 3708 s.
922 3692 968 3699 -
999 3674 1051 3718 Cf.
1069 3673 1148 3708 Cod.
1165 3675 1223 3713 3‚1

143 3714 174 3752 2)
199 3711 259 3746 ubi
271 3714 345 3747 Fin
358 3715 473 3755 indice,
487 3718 521 3748 et
534 3716 592 3749 ubi
605 3716 665 3750 F'S
735 3719 778 3760 (3)
804 3719 967 3762 putatF¹
1033 3719 1076 3760 (4)
1102 3718 1232 3760 quidF

1300 627 1321 660 6
1368 623 1527 666 dictioni,
1541 623 1626 659 dum
1638 634 1677 659 se
1688 623 1882 659 vindicant.
1921 623 1992 659 Sed
2013 623 2043 659 si
2063 624 2258 668 dubitetur,
2280 629 2401 662 utrum

1297 669 1336 705 in
1359 679 1403 704 ea
1426 669 1506 714 quis
1531 679 1643 704 causa
1665 669 1730 712 sit,
1762 672 1803 704 ut
1826 669 1971 704 domum
1994 679 2164 705 revocare
2186 671 2302 715 possit
2334 682 2402 707 nec

1299 724 1363 757 ne,
1396 713 1476 759 ipse
1497 718 1644 759 praetor
1667 714 1773 750 debet
1796 724 1908 750 causa
1932 714 2074 759 cognita
2098 718 2267 751 statuere.
2305 717 2402 762 quod

1299 759 1330 795 si
1354 759 1556 795 constiterit
1578 760 1616 795 in
1641 769 1684 795 ea
1707 769 1788 795 eum
1812 770 1891 795 esse
1925 770 2056 802 causa,
2091 764 2132 795 ut
2164 760 2309 797 domum
2344 772 2400 798 re-

1298 808 1412 847 vocet,
1438 804 1583 840 debebit
1606 815 1732 840 cavere
1755 805 1793 840 in
1815 804 1948 841 iudicio
1973 805 2063 848 sisti,
2089 808 2273 842 statuente
2295 817 2400 852 prae-

1298 854 1377 885 tore
1398 850 1437 885 in
1460 859 1565 895 quem
1589 849 1682 885 diem
1704 850 1903 895 promittat.
1941 850 2005 886 sed
2036 854 2158 886 utrum
2191 851 2290 887 nuda
2314 862 2400 888 cau-

1297 895 1396 931 tione
1419 905 1468 930 an
1491 895 1686 939 satisdato‚
1720 895 1914 931 Marcellus
1947 895 2108 931 dubitat:
2142 896 2229 932 mihi
2260 897 2401 933 videtur

1298 941 1377 976 sola
1397 941 1644 986 promissione,
1666 940 1764 986 quod
1785 945 1820 977 et
1830 941 1930 976 Mela
1950 941 2093 977 scribit:
2119 941 2278 987 alioquin
2300 953 2396 978 com-

1297 986 1451 1031 pelletur
1461 986 1634 1021 iudicium
1653 986 1819 1032 accipere
1839 997 1948 1032 quam
1966 986 2125 1022 invenire
2146 997 2208 1022 eos
2231 987 2293 1033 qui
2313 988 2400 1024 satis

1299 1034 1318 1065 7
1366 1041 1432 1077 pro
1457 1041 1500 1066 eo
1524 1031 1620 1067 dent.
1669 1032 1712 1067 In
1736 1032 1900 1067 omnibus
1926 1036 2066 1075 autem,
2096 1032 2135 1067 in
2159 1032 2290 1077 quibus
2313 1044 2396 1078 pro-

1297 1076 1430 1112 telatur
1450 1076 1657 1120 admonitio,
1679 1077 1749 1112 hoc
1766 1077 1963 1123 procedere
1977 1077 2053 1112 sine
2065 1078 2255 1122 temporali
2269 1077 2398 1114 damno

1299 1124 1318 1157 8
1367 1122 1586 1164 creditorum
1617 1125 1772 1167 oportet.
1820 1122 1886 1158 His
1919 1122 2027 1158 datur
2058 1122 2194 1158 multae
2227 1123 2401 1159 dicendae

1297 1167 1375 1210 ius,
1400 1167 1530 1212 quibus
1552 1167 1696 1213 publice
1718 1167 1891 1203 iudicium
1923 1171 1995 1211 est,
2027 1171 2064 1204 et
2094 1178 2167 1204 non
2201 1168 2299 1205 aliis:
2332 1169 2401 1204 nisi

1298 1213 1367 1248 hoc
1391 1223 1408 1248 s
1436 1213 1596 1248 ecialiter
1620 1213 1671 1248 eis
1695 1213 1908 1258 permissum
1932 1217 1997 1248 est.

1345 1255 1369 1295 3
1430 1267 1517 1293 Dm!
1547 1258 1638 1294 libro
1676 1262 1808 1304 quarto
1843 1259 1895 1294 ad
1930 1258 2086 1294 edictum
2142 1258 2227 1295 Non
2262 1259 2402 1295 videtur

1298 1303 1529 1339 frustrandae
1548 1303 1700 1339 actionis
1725 1314 1837 1340 causa
1858 1303 2014 1347 latitare,
2040 1303 2102 1349 qui
2124 1314 2295 1349 praesens
2319 1315 2399 1341 sus-

1299 1349 1418 1394 cipere
1440 1349 1613 1385 iudicium
1636 1360 1709 1385 non
1733 1349 1968 1395 compellitur.

1345 1393 1371 1431 4
1399 1394 1525 1430 GAIUS
1557 1394 1649 1430 libro
1666 1395 1792 1442 primo
1816 1395 1867 1431 ad
1888 1394 2043 1431 edictum
2060 1395 2291 1442 provinciale
2336 1395 2400 1431 Lis

1299 1439 1398 1475 nulla
1427 1440 1532 1475 nobis
1568 1450 1647 1475 esse
1678 1443 1798 1485 potest
1828 1450 1911 1476 cum
1942 1449 1984 1475 eo
2017 1450 2123 1485 quem
2155 1440 2193 1475 in
2217 1444 2400 1486 potestate

1297 1485 1483 1527 habemus,
1508 1485 1578 1520 nisi
1602 1495 1646 1521 ex
1671 1485 1845 1521 castrensi
1866 1485 2020 1531 peculio.

1345 1529 1369 1568 5
1402 1530 1599 1566 ULPJANUS
1626 1530 1718 1566 libro
1743 1531 1870 1576 quinto
1895 1530 1945 1566 ad
1967 1530 2124 1566 edictum
2172 1529 2210 1564 Si
2243 1530 2322 1575 quis
2356 1540 2400 1566 ex

1298 1575 1415 1611 aliena
1426 1575 1672 1611 iurisdictione
1684 1575 1731 1611 ad
1742 1579 1945 1621 praetorem
1955 1578 2116 1618 vocetur,
2139 1574 2246 1610 debet
2265 1575 2397 1619 venire,

1297 1625 1339 1656 ut
1370 1624 1405 1656 et
1436 1621 1658 1666 Pomponius
1690 1625 1726 1656 et
1756 1621 1909 1656 Vindius
1942 1621 2186 1666 scripserunt:
2222 1621 2399 1666 praetoris

1298 1670 1354 1702 est
1389 1666 1483 1702 enim
1517 1666 1727 1709 aestimare,
1759 1677 1806 1702 an
1841 1677 1909 1702 sua
1944 1666 1992 1702 sit
2025 1665 2244 1708 iurisdictio,
2279 1666 2400 1701 vocati

1297 1715 1417 1747 autem
1440 1722 1514 1747 non
1538 1715 1766 1747 contemnere
1797 1711 2050 1756 auctoritatem
2080 1711 2278 1756 praetoris:
2314 1722 2400 1747 nam

1297 1760 1334 1792 et
1355 1757 1464 1802 legati
1487 1757 1667 1802 ceterique
1691 1757 1751 1802 qui
1773 1756 1967 1792 revocandi
1998 1756 2143 1792 domum
2176 1756 2233 1792 ius
2263 1756 2400 1792 habent

1297 1802 1334 1837 in
1358 1812 1402 1837 ea
1425 1805 1510 1838 sunt
1541 1812 1671 1845 causa,
1703 1806 1744 1838 ut
1766 1802 1804 1838 in
1826 1802 1883 1838 ius
1906 1802 2026 1838 vocati
2047 1802 2194 1837 veniant
2216 1802 2399 1847 privilegia

1298 1858 1365 1883 sua
1389 1848 1588 1893 allegaturi.

1344 1890 1396 1930 6⁸
1417 1893 1527 1929 IDEM
1546 1893 1637 1929 libro
1661 1896 1767 1928 sexto
1791 1892 1842 1928 ad
1863 1892 2019 1929 edictum
2056 1891 2194 1928 Caecus
2214 1891 2398 1927 iudicandi

1297 1937 1417 1974 officio
1440 1937 1613 1983 fungitur.

1345 1981 1368 2019 7
1393 1983 1504 2019 IDEM
1521 1983 1612 2019 libro
1635 1983 1786 2029 septimo
1811 1983 1861 2018 ad
1882 1983 2037 2020 edictum
2074 1983 2112 2018 Si
2135 1982 2226 2028 quis,
2251 1986 2397 2027 postea-

1297 2039 1404 2073 quam
1426 2028 1464 2063 in
1486 2028 1543 2064 ius
1566 2032 1716 2064 vocatus
1742 2031 1806 2070 est,
1831 2028 1931 2064 miles
1954 2029 2010 2064 vel
2030 2028 2204 2064 alterius⁹
2226 2027 2297 2063 fori
2318 2038 2397 2063 esse

1298 2073 1466 2118 coeperit,
1486 2073 1525 2108 in
1537 2083 1580 2108 ea
1592 2083 1703 2108 causa
1714 2073 1769 2108 ius
1781 2073 1975 2108 revocandi
1987 2074 2016 2095 ¹⁰
2033 2073 2151 2109 forum
2163 2083 2236 2108 non
2248 2073 2398 2108 habebit

1298 2119 1402 2164 quasi
1425 2121 1652 2164 praeventus.

1343 2161 1368 2201 8
1396 2163 1521 2200 Gaws
1540 2163 1632 2199 libro
1655 2163 1813 2199 secundo
1838 2163 1889 2198 ad
1910 2163 2065 2199 edictum
2081 2163 2313 2209 provinciale
2359 2163 2396 2198 Si

1321 2209 1377 2245 uis
1411 2209 1450 2244 in
1479 2208 1656 2254 legatione
1687 2208 1914 2244 constituerit
1969 2208 2043 2244 uod
2077 2210 2161 2243 ante
2183 2207 2396 2252 legationem

1298 2221 1478 2298 debuerit,
1512 2265 1585 2290 non
1617 2254 1696 2299 cogi
1727 2264 1807 2289 eum
1829 2254 1881 2289 ibi
1913 2254 1926 2290 i
1977 2254 2083 2289 'cium
2113 2253 2190 2298 pati
2223 2253 2287 2288 ubi
2311 2263 2395 2289 con-

1298 2300 1466 2336 stituerit.

1344 2343 1369 2382 9
1402 2344 1599 2381 ULPJANUS
1627 2344 1719 2380 libro
1750 2355 1846 2379 nono
1871 2343 1922 2378 ad
1944 2343 2099 2379 edictum
2145 2342 2290 2378 Insulae
2321 2343 2394 2377 Ita-

1298 2391 1366 2426 liae
1389 2400 1474 2435 pars
1497 2389 1624 2425 Italiae
1647 2393 1732 2425 sunt
1755 2392 1792 2425 et
1816 2389 1990 2434 cuiusque
2012 2388 2230 2433 provinciae.

1346 2434 1438 2473 10¹¹
1463 2435 1573 2471 IDEM
1598 2435 1689 2470 libro
1714 2434 1850 2471 decimo
1879 2434 1929 2470 ad
1955 2433 2110 2469 edictum
2161 2432 2351 2468 Destitisse
2367 2433 2395 2454 ¹²

1297 2481 1436 2517 videtur
1458 2492 1531 2516 non
1555 2480 1616 2525 qui
1640 2480 1796 2522 distulit,
1830 2479 1893 2515 sed
1927 2479 1987 2524 qui
2020 2479 2075 2513 liti
2106 2478 2324 2514 renuntiavit
2356 2478 2395 2513 in

1297 2530 1431 2562 totum:
1457 2526 1628 2562 desistere
1652 2524 1745 2560 enim
1769 2528 1824 2560 est
1848 2524 1892 2560 de
1915 2523 2057 2569 negotio
2082 2523 2273 2566 abstinere,
2298 2522 2395 2568 quod

1298 2571 1538 2607 calumniandi
1562 2570 1679 2606 animo
1704 2570 1919 2605 instituerat.
1956 2569 2065 2614 plane
2088 2568 2119 2603 si
2143 2569 2222 2613 quis
2248 2569 2394 2614 cognita

1297 2617 1348 2652 rei
1378 2617 1527 2652 veritate
1557 2626 1662 2651 suum
1693 2615 1873 2660 negotium
1905 2613 2101 2649 deseruerit
2124 2614 2248 2649 nolens
2272 2614 2310 2649 in
2332 2614 2395 2649 lite

1297 2662 1461 2706 improba
1483 2670 1724 2706 perseverare,
1750 2669 1857 2705 quam
1882 2659 2083 2694 calumniae
2100 2669 2220 2695 >eausa
2242 2669 2316 2695 non
2338 2659 2392 2694 in-

1298 2707 1476 2749 stituerat,
1499 2707 1530 2742 is
1555 2705 1733 2741 destitisse
1757 2715 1828 2740 non
1852 2704 2003 2740 videtur.

1347 2750 1395 2789 11
1424 2751 1534 2787 IDEM
1561 2751 1653 2786 libro
1685 2749 1900 2785 duodecimo
1933 2749 1984 2784 ad
2012 2748 2167 2785 edictum
2214 2748 2252 2784 Si
2285 2759 2307 2785 a
2337 2760 2393 2785 me

1297 2797 1405 2832 fuerit
1436 2796 1628 2840 adrogatus
1663 2795 1723 2840 qui
1754 2805 1893 2829 mecum
1926 2797 2003 2830 erat
2037 2795 2136 2830 litem
2169 2798 2392 2830 contestatus

1297 2842 1352 2877 vel
1376 2852 1458 2877 cum
1481 2852 1551 2886 quo
1577 2851 1659 2885 ego:
1686 2840 1775 2875 solvi
1797 2839 1967 2875 iudicium
1987 2840 2181 2875 Marcellus
2204 2839 2296 2875 libro
2320 2843 2391 2875 ter-

1297 2887 1346 2922 tio
1373 2886 1588 2931 digestorum
1613 2885 1755 2927 scribit,
1788 2885 1957 2930 quoniam
1987 2895 2054 2921 nec
2087 2885 2133 2920 ab
2164 2885 2267 2921 initio
2299 2885 2393 2920 inter

1297 2942 1363 2967 nos
1413 2931 1505 2967 otuit
1529 2931 1734 2966 consistere.
1756 2964 1758 2966 ,

1346 2975 1364 3014 1
1421 2975 1479 3012 PA
1486 2986 1530 3011 Ul.
1537 2985 1582 3012 vs
1602 2975 1693 3011 libro
1713 2976 1864 3021 septimo
1885 2975 2022 3011 decimo
2043 2975 2094 3011 ad
2111 2975 2266 3011 edictum
2302 2974 2391 3010 Cum

1296 3026 1443 3068 praetor
1465 3032 1576 3056 unum
1601 3031 1646 3055 ex
1667 3020 1830 3066 pluribus
1853 3020 2014 3057 iudicare
2043 3024 2160 3063 vetat,
2194 3020 2321 3056 ceteris
2353 3020 2391 3055 id

1302 3071 1314 3102 1
1366 3067 1585 3103 committere
1596 3066 1745 3102 videtur.
1780 3065 1940 3102 Iudicem
1960 3066 2047 3102 dare
2069 3070 2233 3111 possunt,
2260 3065 2390 3111 quibus

1297 3113 1365 3148 hoc
1398 3112 1474 3157 lege
1503 3111 1560 3147 vel
1583 3111 1838 3147 constitutione
1861 3111 1917 3147 vel
1940 3115 2086 3147 senatus
2112 3111 2276 3148 consulto
2302 3121 2388 3146 con-

1299 3157 1446 3193 ceditur.
1482 3157 1579 3202 lege,
1605 3156 1698 3192 sicut
1720 3157 1937 3202 proconsuli.
1974 3156 2005 3192 is
2037 3166 2180 3202 quoque
2205 3156 2263 3192 cui
2286 3165 2387 3190 man-

1298 3202 1383 3237 data
1407 3205 1462 3237 est
1483 3201 1681 3237 iurisdictio
1705 3201 1858 3237 iudicem
1883 3202 1968 3237 dare
1991 3205 2131 3254 potest:
2164 3205 2206 3236 ut
2230 3204 2315 3236 sunt
2337 3201 2388 3235 le-

1297 3248 1369 3293 gati
1380 3246 1646 3292 proconsulum.
1678 3246 1762 3283 item
1785 3247 1823 3282 hi
1847 3247 1975 3292 quibus
1999 3247 2037 3282 1d
2059 3256 2159 3282 more
2179 3255 2388 3282 concessum

1297 3296 1352 3328 est
1373 3295 1520 3337 propter
1543 3291 1613 3327 vim
1635 3291 1786 3344 imperii,
1810 3292 1904 3328 sicut
1952 3291 2131 3328 raefectus
2155 3291 2237 3326 urbi
2261 3290 2387 3325 ceteri-

1297 3340 1316 3372 2
1365 3347 1434 3383 que
1452 3336 1590 3373 Romae
1611 3347 1670 3372 ma
1707 3340 1852 3373 stratus.
1936 3349 1982 3372 on
2007 3340 2126 3372 autem
2150 3345 2272 3372 omnes
2294 3334 2386 3369 iudi-

1298 3392 1357 3417 ces
1385 3382 1462 3417 dari
1485 3385 1638 3426 possunt
1657 3393 1679 3417 a
1724 3383 1780 3418 his
1804 3383 1863 3428 qui
1884 3382 2012 3418 iudicis
2035 3381 2143 3417 dandi
2161 3381 2220 3422 ius,
2232 3379 2384 3414 habent:

1320 3427 1441 3462 uidam
1464 3427 1557 3462 enim
1578 3427 1655 3480 lege
1677 3427 1919 3473 impediuntur
1942 3439 1987 3463 ne
2018 3427 2154 3462 iudices
2186 3425 2275 3467 sint,
2307 3423 2385 3469 qui-

1296 3438 1379 3507 dam
1397 3475 1539 3515 natura,
1564 3472 1707 3518 quidam
1726 3473 1896 3508 moribus.
1932 3476 2072 3514 natura,
2096 3474 2138 3506 ut
2157 3469 2285 3505 surdus
2306 3478 2384 3520 ¹¹¹¹.¹·

1295 3520 1375 3553 tus:
1401 3520 1437 3552 et
1458 3521 1631 3562 perpetuo
1662 3517 1821 3554 furiosus
1854 3522 1890 3554 et
1920 3518 2102 3563 impubes,
2135 3515 2218 3560 quia
2252 3513 2384 3548 iudicio

1736 3632 1780 3673 (6)
1806 3630 1972 3663 desiderat
1983 3629 2043 3662 FS
2108 3629 2151 3669 (7)
2176 3628 2210 3660 et
2222 3626 2285 3660 del.
2299 3627 2381 3660 Hal.

1696 3676 1740 3717 (9)
1766 3676 1892 3708 aterius
1905 3675 1941 3707 F
2027 3674 2086 3715 (lo)
2111 3672 2186 3704 iure
2198 3671 2340 3705 vocandi
2352 3670 2386 3704 F

1699 3722 1758 3762 (12)
1782 3721 1812 3753 is
1826 3721 1885 3754 ins.
1899 3718 1951 3752 Ιῐ*2

1294 3630 1337 3670 (5)
1362 3639 1401 3662 eo
1413 3630 1503 3672 quod
1514 3630 1591 3673 quis
1602 3643 1656 3665 scr

1294 3674 1339 3715 (s)
1363 3691 1408 3703 =
1420 3675 1467 3708 D.
1481 3676 1513 3718 3,
1525 3683 1550 3716 1,
1564 3683 1617 3716 ιμ’»

1294 3720 1349 3759 (¹1)
1372 3735 1418 3749 ει
1428 3720 1475 3754 D.
1487 3722 1519 3761 4,
1533 3728 1559 3761 ⁴,
1573 3728 1605 3755 21

2068 3775 2109 3807 10
