2528 3918
173 105 386 148 xxvni

173 239 246 263 nou
276 228 353 262 iure
376 226 481 261 datus
494 228 503 246 ¹
535 231 633 261 tutor
663 226 718 261 vel
749 233 893 262 curator
923 236 946 261 a
976 229 1098 278 patre,
1129 224 1259 261 conflr-

173 277 292 308 matus
323 281 346 306 a
375 275 542 316 praetore
572 271 813 307 excusationis
845 270 1016 306 beneficio
1047 270 1102 306 uti
1123 270 1261 313 maluit,

173 316 397 362 repellendus
422 319 477 350 est
499 325 522 350 a
551 315 687 361 legato:
719 315 826 362 idque
857 322 892 351 et
916 315 1109 351 Scaevolae
1138 319 1261 351 nostro

199 361 328 396 lacuit:
365 360 471 395 ιιιιιιι2
502 364 655 405 praetor,
687 360 748 406 qui
784 372 864 396 eum
889 360 1076 395 confirmat
1097 363 1263 402 tutorem,

173 373 335 441 seiuncti
358 405 518 450 sequitur
531 405 712 441 iudicium.
744 405 837 441 idem
852 406 888 440 in
905 405 1028 440 matris
1051 407 1263 440 testamento

174 450 362 486 dicendum
386 455 450 485 est.
476 449 598 485 sirnilis
622 454 677 486 est
698 451 802 485 matri
833 450 945 495 quivis
970 454 1179 491 extraneus,
1204 449 1265 494 qui

173 494 347 541 pupillum
370 494 537 529 heredem
568 495 722 530 instituit
752 496 853 540 eique
886 499 921 529 et
943 494 980 530 in
1004 499 1121 530 tutore
1144 493 1263 529 dando

173 540 379 586 prospicere
409 539 537 581 voluit,
570 540 694 585 quales
725 545 809 575 sunt
839 539 973 574 alumni
1003 539 1126 574 nostri.
1166 542 1265 574 recte

174 595 258 637 ergo
282 584 419 629 placuit
442 594 533 626 eum,
558 584 618 630 qui
641 589 783 620 recusat
804 584 841 619 id
865 583 960 629 quod
983 588 1135 620 testator
1156 583 1264 619 relin-

174 634 253 675 quit
274 629 320 664 ab
345 639 387 664 eo
412 628 509 674 quod
538 630 628 675 petit
657 629 753 675 quod
783 629 875 664 idem
907 628 1028 664 dedit⁸
1058 628 1181 674 repelli
1204 627 1264 663 de-

173 675 270 710 bere.
295 684 369 710 non
392 683 531 719 semper
552 678 673 710 tamen
697 674 858 709 existimo
884 684 975 715 eum,
1031 674 1069 708 ui
1093 683 1184 709 onus
1207 676 1265 708 tu-

173 719 267 755 telae
287 718 477 760 recusavit,
501 718 742 765 repellendum
766 729 788 753 a
811 719 939 763 legato,
963 728 1002 754 se
1042 718 1093 753 ita
1114 717 1265 759 demum,

174 764 205 800 si
228 764 383 809 legatum
406 763 439 799 ei
460 762 540 799 ideo
565 763 784 809 adscriptum
808 767 997 808 appareat,
1034 763 1131 815 quod
1155 762 1267 798 eidem

173 808 322 844 tutelam
345 807 498 844 filiorum
520 808 683 851 iniunxit,
708 819 779 843 non
803 807 899 853 quod
929 808 1087 853 alioqum
1118 807 1267 843 daturus

174 857 269 889 esset
291 853 399 889 etiam
421 853 498 888 sine
521 854 633 888 tutela
643 854 668 888 ⁴.
708 853 745 888 id
778 863 950 898 apparere
973 853 1101 898 potuit,
1137 853 1168 888 si
1202 862 1266 897 po-

175 898 289 934 sueris
311 902 525 934 testamento
557 898 709 943 legatum
733 897 964 950 adscriptum,
990 898 1160 933 codicillis
1184 907 1267 932 vero

173 947 302 989 postea
335 942 441 978 factis
476 947 628 978 tutorem
664 942 803 978 datum:
848 954 885 978 ιιι
918 942 988 978 hoc
1023 943 1117 978 enim
1150 942 1267 987 legato

173 991 294 1034 potest
316 987 388 1023 dici
410 998 482 1023 non
505 987 583 1023 ideo
609 988 641 1022 ei
664 987 836 1030 relictum,
861 988 945 1033 quia
969 991 1005 1023 et
1020 991 1175 1023 tutorem
1191 996 1269 1022 esse

173 1033 325 1069 volucrit
346 1036 508 1068 testator.

220 1074 273 1115 33
298 1077 406 1113 Imm
434 1077 524 1113 libro
556 1076 721 1112 vicesimo
755 1077 860 1112 tertio
892 1077 1143 1122 quaestionum
1198 1075 1269 1111 Sed

174 1122 264 1158 haec
295 1122 442 1158 nimium
473 1121 684 1166 scrupulosa
715 1124 799 1156 sunt
830 1131 896 1157 nec
928 1120 1168 1164 admittenda,
1200 1121 1268 1156 nisi

176 1167 357 1203 evidenter
389 1171 493 1212 pater
527 1165 741 1211 expresserit
773 1166 862 1201 velle
896 1176 936 1201 se
970 1166 1056 1201 dare
1087 1166 1214 1208 etiam,
1238 1166 1267 1201 si

174 1212 324 1248 tutelam
347 1222 420 1247 non
444 1210 718 1246 administravit:
751 1221 890 1256 semper
912 1211 1005 1246 enim
1027 1211 1183 1256 legatum
1206 1214 1267 1246 aut

175 1257 354 1292 antecedit
377 1260 440 1291 aut
463 1256 622 1301 sequitur
644 1255 803 1290 tutelam.

222 1300 276 1339 34
300 1301 408 1336 IDEM
426 1301 517 1337 libro
540 1301 691 1346 septimo
715 1301 966 1346 quaestionum
1011 1300 1070 1335 Ex
1084 1300 1140 1336 his
1157 1310 1268 1346 appa-

175 1352 230 1382 ret
253 1357 326 1382 non
351 1356 428 1381 esse
451 1346 506 1380 his
530 1345 678 1380 similem
702 1355 794 1388 eum,
818 1355 924 1390 quem
946 1349 1092 1390 praetor
1114 1349 1268 1381 tutorem

176 1391 284 1435 dedit,
309 1401 390 1426 cum
413 1395 536 1436 posset
558 1390 611 1425 uti
632 1390 862 1426 inmunitate:
894 1390 953 1425 hic
969 1390 1063 1425 enim
1078 1390 1167 1426 nihil
1183 1401 1269 1426 con-

174 1443 232 1473 tra
253 1436 423 1472 iudicium
446 1436 533 1471 fecit
555 1435 750 1470 testatoris.
783 1445 866 1470 nam
897 1445 1000 1480 quem
1030 1435 1090 1471 ille
1112 1446 1185 1470 non
1209 1434 1269 1470 de-

176 1483 228 1518 dit
250 1486 423 1523 tutorem,
457 1491 536 1516 eum
566 1480 720 1515 voluisse
750 1480 898 1516 tutelam
929 1479 1178 1516 administrare
1206 1480 1270 1515 filii

176 1528 294 1563 dicere
317 1537 389 1562 non
412 1535 613 1571 possumus.

223 1570 276 1610 35
301 1570 407 1607 loru
435 1571 527 1606 libro
551 1571 716 1606 vicesimo
747 1570 851 1605 tertio
907 1569 1132 1605 uaestionum
1178 1568 1271 1614 Quid

176 1621 307 1659 autem,
324 1616 354 1651 si
372 1626 411 1651 se
430 1626 503 1651 non
523 1615 755 1656 excusaverit,
772 1615 836 1650 sed
855 1625 877 1650 a
939 1614 947 1621 '
977 1614 1103 1650 ’strare
1117 1614 1270 1650 noluerit

177 1666 377 1703 contentus,
402 1660 499 1706 quod
522 1660 631 1696 ceteri
654 1659 773 1695 idonei
796 1660 939 1695 essent?
961 1659 1020 1695 hic
1038 1659 1170 1704 poterit
1185 1669 1270 1695 con-

177 1707 298 1749 veniri,
323 1706 355 1742 si
377 1706 423 1741 ab
447 1705 515 1740 illis
539 1715 596 1740 res
627 1705 762 1740 servari
792 1715 865 1740 non
896 1704 1082 1750 potuisset.
1115 1703 1179 1739 sed
1201 1704 1271 1739 hoc

177 1763 251 1788 non
274 1750 516 1797 quaerendum
548 1753 621 1792 est,
653 1749 716 1785 sed
747 1749 974 1785 contumacia
1004 1749 1187 1795 punienda
1217 1753 1272 1784 est

177 1798 273 1839 eius,
309 1795 371 1848 qui
407 1794 665 1841 quodammodo
702 1805 741 1830 se
775 1795 969 1830 excusavit.
1014 1794 1125 1830 multo
1160 1794 1271 1839 magis

178 1843 259 1888 quis
290 1841 408 1877 dicere
439 1840 582 1876 debebit
611 1839 795 1883 indignum
825 1839 956 1875 iudicio
987 1839 1123 1885 patris,
1147 1839 1208 1884 qui
1230 1842 1272 1874 ut

178 1897 239 1923 sus
267 1890 368 1921 ectus
390 1889 549 1920 remotus
574 1889 628 1920 est
651 1894 674 1919 a
696 1885 819 1920 tutela.

253 1929 278 1969 6
310 1930 419 1966 Imm
447 1930 539 1966 libro
575 1941 670 1964 nono
705 1940 960 1976 responsorum
1028 1929 1272 1964 Amicissimos

178 1976 321 2023 quidem
344 1979 381 2011 et
402 1975 626 2010 fidelissimos
649 1980 816 2019 parentes
838 1974 959 2010 liberis
982 1978 1120 2010 tutores
1145 1974 1273 2026 eligere

179 2021 295 2058 solere
325 2024 362 2056 et
390 2020 471 2055 ideo
503 2019 549 2054 ad
580 2019 846 2064 suscipiendum
880 2030 972 2055 onus
1001 2019 1136 2055 tutelae
1167 2023 1273 2055 etiam

178 2067 316 2102 honore
339 2065 447 2110 legati
470 2075 531 2100 eos
550 2064 719 2116 persequi
729 2066 753 2100 ⁵.
786 2064 849 2100 sed
879 2075 962 2100 cum
995 2067 1220 2110 proponatur
1241 2064 1272 2099 is

180 2112 225 2147 de
248 2121 318 2156 quo
344 2110 526 2155 quaeritur
548 2120 586 2144 ιιι
607 2113 820 2145 testamento
851 2109 1007 2154 legatum
1036 2110 1208 2144 meruisse
1239 2112 1274 2143 et

179 2156 273 2192 idem
303 2155 438 2200 pupillo
470 2154 702 2196 substitutus,
734 2165 807 2190 non
845 2158 900 2190 est
935 2154 1122 2189 verisimile
1152 2154 1274 2189 hunc⁶

180 2201 323 2236 demum
346 2210 427 2235 eum
449 2202 657 2235 testatorem
680 2199 897 2234 substituere
913 2199 1079 2242 voluisse,
1103 2199 1134 2234 si
1158 2204 1194 2233 et
1215 2202 1273 2233 tu-

179 2246 288 2281 telam
312 2244 545 2289 suscepisset:
580 2247 617 2278 et
645 2243 725 2279 ideo
758 2254 838 2279 eum
869 2244 913 2279 de
968 2254 1015 2279 uo
1047 2244 1230 2289 quaeritur
1253 2253 1275 2278 a

180 2291 297 2343 legato
322 2289 474 2335 quidem,
498 2289 529 2324 si
553 2288 670 2324 adhuc
693 2288 825 2324 viveret
846 2255 1015 2334 pupilffus,
1032 2288 1275 2334 repellendum

179 2335 302 2376 fuisse,
326 2345 349 2370 a
372 2334 625 2370 substitutione
648 2337 767 2369 autem
781 2344 854 2369 non
878 2344 957 2369 esse
973 2333 1274 2375 summovendum,

187 2384 197 2415 1
244 2391 326 2415 cum
338 2389 381 2415 eo
395 2389 483 2414 casu
499 2379 606 2414 etiam
621 2382 789 2423 suscepta
800 2379 913 2414 tutela
928 2379 1115 2414 finiretur⁷.
1139 2378 1275 2414 Lucius

182 2425 297 2460 Titius
322 2434 366 2460 ex
388 2424 503 2459 tribus
527 2423 608 2459 filiis
631 2424 869 2459 incolumibus
892 2434 1002 2459 unum
1020 2423 1131 2459 habet
1154 2433 1274 2458 eman-

183 2471 340 2514 cipatum
364 2470 439 2505 eius
464 2469 609 2510 aetatis,
641 2473 683 2503 ut
715 2472 899 2504 curatores
930 2468 1093 2514 accipere
1124 2468 1274 2504 debeat:

182 2525 326 2560 quaero,
351 2514 382 2549 si
403 2514 498 2549 idem
511 2513 626 2548 Titius
645 2517 749 2558 pater
763 2517 906 2559 petente
922 2513 1045 2549 eodem
1063 2513 1136 2548 filio
1154 2523 1274 2549 eman-

183 2560 302 2604 cipato
327 2564 472 2594 curator
495 2569 518 2594 a
540 2562 707 2603 praetore
731 2558 845 2600 detur,
878 2569 925 2594 an
955 2559 1032 2594 iure
1054 2558 1198 2603 publico
1222 2558 1276 2594 uti

182 2604 297 2649 possit
327 2608 362 2639 et
392 2603 502 2639 nihilo
534 2604 650 2638 minus
681 2603 790 2638 trium
820 2603 974 2638 filiorum
1005 2604 1146 2638 nomine
1168 2613 1274 2638 vaca-

182 2650 315 2684 tionem
338 2649 531 2694 postulare.
572 2647 740 2693 respondi
769 2649 965 2694 praemium
997 2648 1138 2693 quidem
1195 2648 1275 2690 atri,

183 2693 279 2738 quod
302 2698 447 2739 propter
471 2703 656 2728 numerum
679 2693 872 2728 liberorum
897 2693 929 2729 ei
953 2693 1142 2738 competit,
1194 2703 1275 2728 ene-

182 2739 260 2783 gari
283 2749 355 2773 non
379 2743 553 2784 oportere.
585 2738 650 2773 sed
673 2749 754 2773 cum
777 2738 850 2774 filio
875 2749 941 2774 suo
960 2742 1106 2773 curator
1119 2742 1274 2783 petatur,

185 2787 311 2818 contra
344 2784 525 2818 naturales
560 2783 722 2818 stimulos
756 2782 863 2826 facit,
898 2783 929 2818 si
959 2783 1024 2818 tali
1048 2783 1276 2818 excusatione

184 2827 356 2864 utendum
380 2838 457 2863 esse
480 2828 717 2873 temptaverit.

231 2870 284 2911 37
321 2872 524 2908 Seuerou
562 2873 651 2908 libro
685 2872 843 2909 secundo
885 2883 1140 2920 responsorum
1209 2872 1276 2917 Qui

185 2922 397 2953 testamento
422 2921 520 2953 tutor
543 2917 649 2952 datus
672 2917 801 2958 fuerat,
825 2917 921 2952 adito
970 2921 1110 2953 raetore
1126 2917 1215 2953 dixit
1237 2928 1276 2953 se

185 2969 258 2998 tres
282 2962 410 2997 liberos
434 2963 577 3004 habere,
594 2962 724 2997 adiecit
739 2966 925 3007 praeterea
991 2962 1091 2998 beuti
1108 2966 1275 3007 patruum

185 3007 378 3054 legitimum
400 3011 554 3042 tutorem
577 3017 616 3042 se
638 3007 763 3043 vitiose
784 3010 940 3043 tutorem
963 3007 1097 3042 datum.
1132 3011 1278 3052 praetor

185 3053 238 3088 ita
261 3051 431 3088 decrevit:
462 3049 506 3086 ‘si
530 3052 722 3096 legitimum
744 3056 899 3087 tutorem
922 3052 1069 3087 habenti
1091 3055 1189 3088 tutor
1213 3052 1276 3087 da-

187 3093 257 3133 ‘tus
281 3107 339 3140 es,
370 3106 443 3131 non
475 3100 530 3131 est
560 3097 626 3131 tibi
655 3097 859 3132 necessaria
890 3097 1096 3133 excusatio'.
1131 3107 1275 3142 quaero,

188 3153 271 3178 cum
293 3151 397 3177 nemo
421 3145 572 3186 patruus
595 3142 771 3186 impuberi
803 3146 902 3177 tutor
925 3146 1020 3178 esset
1030 3143 1054 3185 ⁸,
1087 3152 1133 3177 an
1165 3141 1275 3177 nihilo

187 3188 305 3222 minus
335 3190 435 3222 tutor
464 3186 645 3221 remansit.
685 3186 853 3230 respondi
883 3188 1079 3222 secundum
1110 3197 1153 3222 ea
1186 3196 1278 3231 quae

188 3235 496 3312 proponerentur,
532 3231 690 3275 quamvis
724 3232 838 3268 iustas
872 3231 1112 3267 excusationis
1148 3241 1277 3267 causas

214 3277 356 3318 aberet,
387 3286 461 3312 non
490 3278 610 3311 tamen
642 3286 719 3311 esse
750 3280 959 3312 excusatum
1013 3281 1135 3322 ropter
1156 3276 1279 3311 vitium

192 3324 207 3356 1
256 3320 566 3373 pronuntiationis.
614 3320 701 3354 Item
726 3331 869 3365 quaero,
893 3322 924 3357 si
947 3332 969 3356 a
995 3321 1182 3367 quievisset
1198 3331 1278 3357 sen-

188 3370 333 3408 tentiae,
358 3376 404 3401 an
429 3366 475 3401 ob
498 3363 547 3407 id,
571 3364 665 3410 quod
683 3375 753 3399 non
768 3366 877 3409 gessit
891 3366 1051 3407 tutelam,
1070 3366 1166 3402 utilis
1185 3366 1279 3401 actio

188 3410 226 3446 in
250 3411 346 3446 hunc
370 3410 448 3446 dari
471 3410 611 3446 debeat.
643 3410 823 3454 respondi,
848 3411 878 3445 si
899 3421 1019 3446 errore
1034 3411 1153 3456 potius
1172 3410 1280 3456 (quod

1241 101 1328 149 360

1488 143 1489 147 ,
1933 117 1994 148 ΒΕ
2023 116 2417 150 Excusanomus

1498 171 1557 195 ‘N

1328 219 1911 317 &tarassiam
1930 226 2419 308 afflasse·

1330 318 1456 358 sasset,
1480 315 1602 351 utilem
1625 315 1801 351 actionem
1825 325 1897 351 non
1920 315 2085 351 dandam.

1377 356 1431 398 38
1456 359 1511 396 ΡΑ
1519 369 1614 395 aas
1633 359 1724 396 libro
1746 360 1903 396 secundo
1926 362 2184 397 sententiarum
2239 361 2421 409 Quinqua-

1330 404 1430 450 ginta
1461 404 1598 440 dierum
1628 405 1783 450 spatium
1813 405 2058 441 tantummodo
2089 405 2137 441 ad
2169 407 2422 446 contestandus

1333 450 1601 485 excusationum
1633 459 1760 485 causas
1791 450 1961 496 pertinet:
2000 451 2203 496 peragendo
2235 452 2330 488 enim
2359 463 2422 488 ne-

1330 494 1427 540 gotio
1452 504 1497 530 ex
1527 494 1584 529 die
1614 494 1863 530 nominationis
1895 494 2055 530 continui
2084 500 2253 541 quattuor
2283 508 2423 534 menses

1333 538 1519 575 constituti
1542 542 1636 574 sunt.

1379 581 1433 621 39
1459 583 1514 619 Ta
1520 592 1737 619 YPHONINUS
1755 583 1847 620 libro
1865 584 1969 619 tertio
1985 583 2121 620 decimo
2137 585 2422 632 disputationum

1333 628 1371 664 Si
1395 639 1477 664 cum
1499 628 1577 674 ipse
1599 628 1802 664 institueret
1810 628 1835 670 ⁹,
1852 631 1893 663 ut
1915 627 2093 673 proferret
2105 630 2133 651 ¹⁰
2147 631 2423 674 excusationem,

1333 683 1434 709 mora
1458 672 1749 709 contradictionis
1783 672 1972 718 impeditus
2012 677 2085 716 est,
2120 685 2191 719 quo
2222 676 2339 711 minus
2363 675 2423 711 de-

1335 722 1431 754 creto
1455 718 1675 760 liberaretur,
1699 718 1966 754 excusationem
1989 722 2086 754 recte
2108 719 2264 764 probari.

1381 761 1434 800 40
1459 762 1516 798 ΡΛ
1524 772 1619 798 Utus
1638 762 1729 798 libro
1751 762 1908 828 secundo
1931 764 2188 799 sententiarum
2233 764 2323 800 Post
2345 775 2423 800 sus-

1334 807 2097 897 ?Sssffi‘ssfflffiissisuiuiessffli
2117 813 2425 899 ὥῗὲιὲῗῗὲιὲἓὲ

1339 901 1354 932 1
1402 897 1622 949 Paupertas,
1645 907 1743 949 quae.
1761 896 1860 942 operi
1883 900 1920 931 et
1943 897 2041 932 oncri
2064 898 2198 933 tutelae
2220 899 2336 944 impar
2359 903 2425 942 est,

1337 942 1428 978 solet
1449 942 1607 978 tribuere
1629 945 1860 977 vacationem.

1383 985 1432 1024 41
1461 985 1804 1022 ΗειυιοοεπιΔΝυε
1832 986 1922 1022 libro
1953 986 2110 1023 secundo
2134 988 2226 1023 iuris
2295 989 2426 1024 itoma-

1335 1043 1417 1067 rum
1471 1031 1768 1067 Administrantes
1798 1041 1872 1066 rem
1903 1030 2102 1077 principum
2133 1042 2178 1068 ex
2207 999 2427 1078 infulgentia

1338 1087 1478 1118 eorum,
1510 1076 1595 1112 licet
1626 1076 1716 1112 citra
1747 1075 1940 1118 codicillos,
1972 1086 1995 1111 a
2028 1076 2139 1112 tutela
2161 1077 2316 1123 itemque
2340 1088 2428 1114 cura

1342 1125 1354 1156 1
1404 1125 1563 1167 tempore
1578 1121 1892 1157 administrationis
1917 1120 2035 1156 delata
2051 1126 2279 1158 excusantur.
2311 1122 2426 1158 Idem-

1337 1176 1408 1212 que
1430 1166 1632 1202 custoditur
1653 1166 1691 1201 in
1713 1166 1780 1207 his,
1805 1165 1866 1210 qui
1887 1165 2150 1210 praefecturam
2185 1177 2350 1204 annonae
2372 1168 2427 1204 vel

1338 1213 1358 1246 2
1403 1211 1547 1256 vigilum
1575 1214 1713 1264 gerunt.
1768 1210 1923 1252 Eorum,
1956 1211 2017 1256 qui
2046 1211 2098 1247 rei
2127 1211 2294 1257 publicae
2317 1222 2429 1248 causa

1337 1256 1480 1298 absunt,
1506 1259 1665 1299 comites,
1698 1255 1759 1301 qui
1791 1259 1875 1290 sunt
1905 1255 2000 1291 intra
2032 1259 2207 1291 statutum
2230 1267 2428 1300 numerum,

1338 1301 1383 1336 de
1405 1301 1530 1343 tutela,
1554 1310 1646 1346 quae
1669 1300 1876 1336 absentibus
1899 1300 1955 1335 vel
1977 1300 2192 1346 profecturis
2219 1301 2337 1337 delata
2361 1306 2424 1345 est,

1338 1350 1573 1381 excusantur:
1624 1355 1707 1380 nam
1748 1349 1952 1390 susceptam
1986 1349 2093 1381 antea
2126 1357 2200 1382 non
2235 1346 2428 1392 deponunt.

1339 1394 1358 1426 3
1405 1390 1474 1435 Qui
1498 1391 1668 1436 corporis,
1685 1390 1770 1426 item
1786 1390 1922 1435 collegii
1944 1390 2022 1426 iure
2038 1395 2265 1434 excusantur,
2281 1401 2305 1427 a
2320 1392 2428 1428 colle·

1337 1446 1463 1482 garum
1492 1436 1716 1488 filiorumque
1746 1445 1868 1471 eorum
1882 1436 1908 1456 ¹²
1938 1435 2051 1471 tutela
2088 1446 2162 1471 non
2200 1441 2430 1480 excusantur,

1339 1491 1426 1517 exce
1451 1480 1497 1516 tis
1521 1481 1588 1523 his,
1613 1480 1742 1528 quibus
1765 1480 1835 1515 hoc
1859 1490 1876 1515 s
1903 1480 2060 1516 ecialiter
2081 1481 2254 1516 tributum
2279 1486 2344 1517 est.

1383 1491 1450 1563 45
1462 1525 1520 1561 Pa
1528 1535 1622 1578 σιᾳε
1642 1525 1733 1562 libro
1755 1525 1878 1578 sinqu·
1931 1525 1996 1560 'de
2011 1526 2275 1571 coquitionibus
2319 1526 2432 1562 Plane

1338 1571 1435 1606 ultra
1458 1570 1730 1606 centesimum¹³
1752 1570 1941 1605 mxhanum
1964 1570 2009 1605 ab
2034 1570 2123 1606 urbe
2145 1570 2299 1607 filiorum
2322 1571 2429 1608 colle-

1338 1626 1463 1661 garum
1486 1626 1632 1651 suorum
1655 1615 1803 1651 tutelam
1826 1614 2007 1660 suscipere
2030 1626 2102 1651 non
2125 1619 2313 1660 coguntur.

1384 1658 1437 1698 43
1463 1660 1807 1695 Hsnuoosmarvvs
1815 1660 1906 1696 libro
1918 1660 2074 1696 secundo
2091 1661 2182 1696 iuris
2240 1661 2430 1697 itomarum

1338 1705 1508 1741 Libertus
1531 1705 1706 1741 senatoris
1729 1704 1881 1740 filiorum
1906 1704 1981 1740 eius
2004 1705 2153 1741 tutelam
2176 1716 2199 1741 a
2260 1705 2269 1713 ⁶
2298 1705 2307 1714 ’
2327 1709 2429 1742 trans

1340 1750 1386 1786 ab
1411 1750 1490 1786 aliis
1512 1749 1632 1786 tutelis
1656 1760 1728 1785 non
1752 1753 1955 1785 excusatur.

1386 1794 1440 1832 44
1466 1795 1745 1831 ΤΒΥΡΗοΜΝσε
1754 1795 1845 1830 libro
1857 1793 2014 1830 secundo
2027 1793 2310 1841 disputationum
2343 1795 2431 1831 Cum

1341 1850 1385 1875 ex
1408 1840 1569 1876 oratione
1592 1839 1663 1875 divi
1684 1839 1800 1875 Marci
1822 1839 1997 1884 ingenuus
2020 1839 2185 1875 libertino
2207 1843 2309 1876 tutor
2325 1840 2430 1876 datus

1341 1885 1505 1921 excusari
1544 1884 1691 1927 debeat,
1733 1884 1882 1920 eandem
1920 1884 2185 1920 excusationem
2232 1889 2433 1931 competere

1341 1930 1447 1966 etiam
1479 1930 1529 1972 ei,
1561 1930 1623 1975 qui
1653 1929 1708 1965 ius
1739 1929 1927 1964 anulorum
1965 1929 2207 1974 impetrasset,
2237 1930 2433 1976 imperator

1345 1979 1358 2010 1
1407 1979 1530 2010 noster
1554 1985 1634 2011 cum
1658 1974 1737 2010 divo
1752 1973 1880 2010 Severo
1896 1978 1998 2026 patre
2013 1984 2078 2010 suo
2094 1975 2287 2021 rescripsit.
2334 1975 2432 2020 Ergo

1340 2020 1371 2055 si
1400 2020 1537 2066 pupillo
1567 2020 1733 2055 libertino
1764 2019 1911 2054 habenti
1940 2019 1996 2054 ius
2028 2020 2216 2055 anulorum
2249 2019 2354 2056 datus
2385 2020 2431 2056 sit

1339 2065 1514 2109 ingenuus
1536 2068 1636 2100 tutor
1658 2065 1713 2100 vel
1737 2067 1893 2106 curator,
1917 2074 2138 2110 consequens
2162 2068 2228 2107 est,
2259 2068 2301 2100 ut
2323 2075 2430 2101 excu-

1342 2110 1434 2146 satio
1471 2110 1546 2145 eius
1585 2110 1631 2145 ob
1670 2109 1764 2145 hanc
1804 2109 2053 2145 condicionum
2083 2109 2322 2145 diversitatem
2359 2121 2432 2146 non

1343 2158 1363 2190 2
1422 2155 1551 2190 debeat
1585 2154 1710 2200 accipi.
1772 2154 1823 2189 At
1835 2154 1862 2175 ¹⁴
1897 2154 1928 2189 si
1963 2158 2151 2207 antequam
2185 2154 2343 2200 pupillus
2377 2155 2432 2191 vel

1342 2200 1457 2245 pubes
1480 2200 1596 2235 minor
1618 2209 1792 2234 annorum
1805 2201 1833 2221 ¹⁵
1855 2199 1975 2244 viginti
1998 2210 2154 2244 qumque
2171 2199 2229 2235 ius
2245 2199 2432 2236 anulorum

1343 2245 1533 2290 acciperet,
1557 2244 1692 2280 Lucius
1716 2244 1832 2279 Titius
1864 2244 1896 2279 ei
1926 2244 2032 2279 datus
2066 2250 2106 2279 ut
2128 2245 2301 2290 ingenuus
2324 2255 2431 2281 excu-

1344 2293 1444 2326 satus
1466 2289 1546 2332 fuit,
1569 2293 1652 2334 post
1674 2289 1901 2334 impetratum
1935 2289 2147 2325 beneficium
2179 2289 2296 2325 denuo
2320 2290 2432 2325 eidem

1343 2337 1444 2370 tutor
1469 2338 1656 2386 curatorve
1679 2333 1757 2369 dari
1779 2334 1911 2379 poterit
1934 2334 2092 2379 exemplo
2118 2344 2179 2376 eo,
2226 2345 2273 2370 uo
2296 2334 2432 2379 placuit

1344 2383 1380 2414 et
1401 2383 1611 2424 rescriptum
1635 2383 1690 2414 est
1713 2389 1804 2421 eum,
1853 2379 1890 2413 ui
1913 2383 2090 2424 tempore,
2147 2389 2193 2414 uo
2249 2379 2345 2414 intra
2367 2389 2431 2414 an-

1343 2435 1429 2461 num
1452 2428 1529 2459 erat
1552 2434 1596 2460 ex
1619 2434 1689 2469 quo
1713 2424 1765 2458 rei
1788 2435 1837 2469 pu
1863 2423 1953 2459 licae
1977 2434 2088 2459 causa
2118 2434 2140 2458 a
2166 2434 2244 2459 esse
2267 2423 2432 2468 desierat,

1343 2472 1534 2506 excusatus
1568 2468 1648 2512 fuit,
1682 2468 1875 2514 praeterito
1911 2478 1953 2504 eo
1987 2469 2104 2513 ipsum
2138 2479 2204 2504 suo
2239 2469 2320 2505 loco
2356 2468 2434 2504 dari

1344 2517 1363 2549 3
1410 2524 1526 2559 posse.
1580 2513 1631 2548 Et
1661 2514 1820 2559 quamvis
1850 2513 2055 2556 libertinus,
2086 2513 2148 2558 qui
2178 2513 2334 2549 senatori
2367 2524 2432 2593 pa-

1342 2563 1446 2595 trono
1471 2562 1652 2604 procurat,
1678 2558 1944 2594 excusationem
1975 2558 2021 2593 ab
2052 2558 2202 2594 aliorum
2232 2558 2345 2594 tutela
2393 2569 2432 2594 a-

1342 2604 1437 2646 beat,
1460 2604 1528 2639 iste
1550 2607 1681 2646 tamen,
1706 2603 1767 2649 qui
1787 2603 1844 2639 ius
1867 2603 2055 2639 anulorum
2077 2603 2298 2648 impetravit,
2329 2604 2391 2649 qui
2404 2604 2433 2626 ¹⁸

1340 2649 1378 2684 in
1401 2648 1568 2728 ordinenz·
1581 2649 1815 2694 ingenuorum
1845 2649 1993 2691 transit,
2025 2648 2090 2683 tali
2121 2648 2350 2684 excusatione
2380 2648 2433 2683 uti

1341 2705 1413 2729 non
1462 2704 1543 2729 osse

1387 2705 1571 2791 45ΡΙΙ>ΕΜ
1592 2738 1682 2774 libro
1699 2738 1803 2774 tertio
1819 2737 1956 2774 decimo
1973 2738 2256 2784 disputationum
2300 2734 2431 2774 ‘Titius

1338 2781 1433 2819 ‘fihis
1456 2783 1556 2825 meis,
1580 2782 1699 2828 quoad
1729 2783 1781 2818 rei
1811 2782 1977 2827 publicae
2009 2792 2121 2818 causa
2150 2792 2223 2818 non
2254 2782 2382 2818 abierit
2394 2784 2433 2825 ¹⁷,

1337 2828 1450 2864 ‘tutor
1481 2828 1581 2864 esto‘.
1624 2828 1737 2873 gessit
1765 2827 1915 2863 tutelam
1945 2837 1990 2863 ex
2019 2831 2231 2863 testamento
2264 2827 2429 2870 delatam,

1343 2873 1470 2909 deinde
1493 2873 1545 2908 rei
1567 2872 1733 2918 publicae
1757 2882 1867 2908 causa
1890 2872 2017 2908 abesse
2040 2872 2157 2918 coepit
2179 2875 2215 2907 et
2238 2872 2351 2908 desiit.
2385 2882 2432 2908 an

1345 2918 1446 2964 quasi
1469 2928 1561 2953 nova
1583 2918 1696 2961 tutela
1719 2928 1814 2952 nunc
1830 2917 1949 2953 delata
1972 2916 2135 2953 excusari
2150 2917 2279 2952 debeat
2294 2916 2434 2953 etiamst
2499 2897 2517 2937 ⁷²³

1345 2964 1391 2999 ob
1416 2962 1613 2998 absentiam
1634 2962 1687 2998 rei
1709 2962 1875 3007 publicae
1899 2972 2027 3004 causa,
2052 2972 2109 3004 an,
2135 2961 2219 3007 quia
2240 2961 2434 3007 praecessit

1344 3011 1595 3043 testamentum
1618 3007 1816 3042 absentiam
1847 3007 1892 3043 ob

1345 3097 1488 3133 cusari‘?
1522 3097 1549 3118 ¹⁹
1558 3096 1644 3142 quid
1666 3097 1696 3132 si
1719 3097 1850 3132 liberos
1873 3097 2008 3132 interea
2023 3096 2219 3142 susceperit
2241 3099 2305 3131 aut
2327 3096 2433 3131 aliam

1346 3142 1611 3178 excusationem
1634 3142 1800 3186 paravit?
1831 3142 1942 3186 magis
1966 3146 2030 3184 est,
2048 3145 2089 3177 ut
2110 3142 2200 3176 haec
2223 3151 2296 3176 una
2318 3141 2432 3176 tutela

1346 3187 1408 3223 sit:
1441 3186 1522 3222 ideo
1546 3196 1612 3222 nec
1637 3186 1901 3222 excusationem
1925 3186 1957 3222 ei
1980 3196 2058 3222 com
2086 3190 2180 3222 etere
2203 3196 2269 3221 uec
2293 3185 2350 3238 agi
2373 3190 2430 3221 tu-

1348 3236 1364 3267 1
1412 3231 1505 3267 telae
1528 3231 1574 3267 ob
1598 3231 1698 3276 prius
1721 3235 1792 3267 tem
1820 3242 1862 3266 us
1885 3241 2001 3276 posse.
2068 3230 2112 3266 ed
2135 3230 2166 3266 si
2188 3230 2239 3265 ita
2262 3234 2433 3276 scriptum

1345 3277 1383 3312 in
1405 3279 1617 3312 testamento
1640 3275 1727 3311 fuit:
1758 3274 1764 3284 ‘
1815 3276 1887 3311 tius
1910 3280 2007 3311 tutor
2030 3279 2124 3311 esto:
2158 3286 2237 3311 cum
2267 3275 2319 3310 rei
2342 3274 2431 3320 pub-

1345 3318 1449 3356 ‘licae
1465 3319 1583 3357 ’causa
1606 3320 1732 3363 aberit,
1756 3324 1855 3356 tutor
1877 3331 1922 3356 ne
1945 3324 2039 3356 esto:
2073 3331 2152 3355 cum
2166 3319 2319 3362 redierit,
2336 3323 2435 3355 tutor
2480 3331 2482 3333 ·

1343 3363 1459 3408 ‘esto',
1484 3365 1569 3411 quid
1592 3365 1636 3400 de
1657 3365 1884 3401 excusatione
1900 3369 1963 3400 aut
1985 3365 2031 3400 ob
2048 3364 2244 3400 absentiam
2267 3364 2318 3400 rei
2341 3364 2431 3409 pub-

1347 3410 1439 3446 licae
1463 3420 1574 3446 causa
1589 3414 1654 3445 aut
1672 3410 1778 3446 aliam
1791 3420 1883 3456 quae
1906 3414 1988 3455 post
2004 3409 2148 3445 obvenit
2167 3409 2237 3444 dici
2257 3411 2433 3454 oporteat,

191 3525 230 3562 (1)
255 3523 302 3554 sit
313 3522 365 3555 vel
377 3524 437 3556 ins.
451 3523 506 3555 F·
630 3524 673 3563 (2)
699 3525 732 3555 et
744 3524 802 3556 ins.
818 3522 869 3555 1²²
994 3526 1037 3565 (3)
1061 3523 1098 3556 id
1114 3523 1203 3565 quod
1216 3523 1272 3566 qui

190 3567 355 3608 relinquit
367 3567 407 3600 ab
421 3578 461 3600 eo
473 3567 584 3610 petiit,
597 3566 639 3599 ab
652 3577 691 3599 eo
707 3566 795 3610 quod
806 3566 894 3599 idem
907 3568 1000 3600 dedit
1011 3581 1073 3602 scr.
1168 3574 1209 3603 «4)
1223 3572 1275 3600 tu-

193 3612 338 3690 tel:¹12¹‹:·{v
410 3617 452 3654 (5)
476 3612 634 3654 prosequi
647 3612 721 3647 edd.
814 3616 857 3651 (θ)
871 3615 951 3644 tunc
965 3613 1048 3646 Hal.
1139 3614 1182 3654 (7)
1196 3613 1276 3645 flnc-

195 3666 228 3688 ΥΘ

194 3702 338 3735 Mucia
349 3708 424 3735 eunt
566 3703 610 3743 (9)
635 3701 808 3734 insisteret
819 3714 880 3735 scr.
1027 3704 1087 3742 (ιο)
1118 3702 1279 3744 perferret

472 3658 518 3700 (8)
543 3667 617 3690 oum
639 3667 736 3689 nemo
755 3660 895 3699 patruus
908 3657 1075 3699 impuberi
1087 3660 1180 3690 tutor
1191 3661 1279 3690 esset
1348 3666 1472 3689 annum
1485 3658 1545 3690 ins.
1559 3657 1719 3696 (similiter
1730 3656 1924 3700 Hoffmann)

1345 3522 1517 3566 Schultiny
1655 3526 1708 3563 (ιι)
1741 3522 1849 3555 factus
1869 3523 1928 3555 ins.

1346 3570 1403 3608 113)
1429 3568 1607 3599 centisium
1621 3568 1655 3600 F
1792 3568 1851 3608 (14)
1873 3568 1921 3607 at]
1936 3571 1969 3598 et
1979 3579 2040 3599 scr.

1348 3613 1406 3653 (ιο)
1432 3612 1511 3654 quia
1523 3612 1605 3645 Hal.
1706 3613 1764 3653 (1¹1)
1788 3612 1897 3644 aberit
1911 3611 2207 3696 Brencfflgmgnm.

2068 3525 2125 3563 1¹2)
2159 3531 2223 3563 que
2241 3531 2352 3554 eorum
2367 3520 2429 3554 dcl.

2186 3567 2243 3605 (w)
2269 3566 2367 3598 annis
2378 3563 2431 3598 Γ*

2256 3614 2316 3654 (ιε)
2340 3610 2430 3643 intr·

1950 3007 2103 3042 ublicam
2134 3017 2280 3042 causam
2312 3010 2348 3042 et
2378 3010 2434 3042 est

1345 3053 1390 3088 ab
1415 3063 1457 3088 eo
1480 3053 1553 3088 iam
1575 3051 1822 3087 administrata
1844 3055 1900 3087 tut
1935 3062 1968 3094 a,
1991 3063 2064 3087 non
2079 3055 2244 3098 oporteat
2267 3062 2347 3087 eum
2371 3061 2431 3087 ex-
