2528 3918
138 111 387 158 XXXX13

139 236 256 273 aliena
285 246 345 272 res
374 235 471 272 bona
501 233 572 271 fide
595 236 716 281 empta
738 231 804 279 sit,
837 234 1040 288 quaeritur,
1073 239 1114 269 ut
1142 245 1228 270 usu-

139 293 183 318 ca
208 282 243 317 io
279 284 424 326 currat,
470 284 590 315 utrum
623 279 814 326 emptionis
850 280 989 315 initium
1023 282 1065 314 ut
1099 279 1229 315 bonam

138 327 163 362 fi
190 336 245 362 em
274 326 409 362 habeat
441 325 633 370 exigimus,
664 335 712 361 an
743 325 957 371 traditionis.
1006 328 1044 360 et
1074 324 1230 369 optinuit

139 371 263 407 Sabini
286 369 451 407 etCassii
474 370 651 406 sententia
674 370 878 407 traditionis
901 369 1041 404 initium
1060 373 1227 414 spectan-

144 420 158 452 1
207 416 303 452 dum.
344 415 425 452 Hoc
448 416 527 451 iure
548 416 692 459 utimur,
716 419 759 451 ut
782 415 969 451 servitutes
993 424 1059 459 per
1081 424 1121 450 se
1143 425 1227 450 nus-

138 471 248 507 quam
269 461 305 497 lo
399 465 560 506 tempore
573 461 655 506 capi
677 460 827 506 possint,
853 470 934 494 cum
955 458 1126 495 aedificiis
1145 469 1225 504 pos-

140 509 161 541 2
208 507 290 542 sint.
355 505 501 542 caevola
519 506 610 541 libro
631 505 817 541 undecimo
835 504 1084 549 quaestionum
1103 504 1230 539 scribit

138 551 353 587 Marcellum
376 551 616 593 existimasse,
648 551 679 586 si
708 551 773 586 bos
797 549 895 594 apud
925 549 1041 584 furem
1065 549 1231 594 concepit

139 596 194 632 vel
225 595 323 641 apud
354 595 445 632 furis
476 595 643 631 heredem
671 595 860 641 pariatque
883 594 981 639 apud
1012 593 1103 630 furis
1127 595 1229 630 here-

140 641 238 684 dem,
277 642 428 693 usucapi
456 641 502 676 ab
531 640 662 677 herede
694 640 907 676 distractum
937 639 1127 675 iuvencum
1157 650 1230 675 non

139 696 266 732 posse:
299 686 367 730 sic,
391 686 526 732 inquit,
559 685 857 731 quemadmodum
880 694 947 720 nec
971 684 1124 720 ancillae
1146 694 1229 730 par-

139 736 210 767 tus.
259 731 432 767 Scaevola
470 735 591 766 autem
626 730 752 766 scribit
790 740 829 765 se
868 733 997 774 putare
1031 739 1230 782 usucapere

140 778 270 822 posse¹
294 780 331 812 et
352 780 512 822 partum:
537 786 604 812 nec
628 775 722 811 enim
745 785 823 810 esse
843 779 987 820 partum
1005 775 1058 810 rei
1076 774 1230 810 furtivae

139 832 224 902 fidei
246 822 689 912 efiptcsrteegimegzreigggssg
710 819 1091 910 puzrliligalniegostieffiud
1113 820 1230 855 bonae

190 910 238 948 11
266 910 426 947 PAULUS
446 912 470 947 lt
516 923 537 947 ο
561 922 657 946 nono
681 892 818 947 decimo
842 910 892 945 ad
914 910 1069 946 edictum
1105 909 1230 955 Neque

140 966 265 993 servus
288 967 312 992 ιι
357 966 403 992 ue
425 966 491 1002 per
513 966 654 992 servum
678 955 863 998 dominus,
895 955 956 1000 qui
987 955 1085 1000 apud
1108 955 1230 991 hostes

139 1005 196 1038 est
256 1001 328 1037 ossi
353 1006 400 1037 et.

189 1028 208 1084 1
263 1046 371 1082 Ion!
390 1046 481 1083 libro
504 1046 695 1082 vicensimo
706 1045 836 1099 primo
860 1045 911 1080 ad
932 1045 1086 1081 edictum
1122 1045 1160 1080 Si
1183 1045 1230 1080 ab

140 1102 183 1128 eo
202 1101 312 1134 emas,
333 1101 439 1137 quem
457 1095 603 1136 praetor
620 1094 733 1126 vetuit
752 1090 919 1133 alienare,
939 1090 1047 1135 idque
1063 1094 1104 1125 tu
1124 1090 1229 1133 scias,

140 1146 341 1182 usucapere
364 1147 436 1172 non
459 1139 562 1182 potes
573 1137 599 1172 ⁴.

189 1179 239 1219 13
263 1181 371 1217 Imm
400 1181 492 1217 libro
524 1182 651 1234 quiuto
675 1180 726 1216 ad
755 1179 939 1234 quutium
986 1179 1134 1232 Ifignori
1156 1190 1231 1233 rem

140 1225 1230 1316 i⁰⁶i¹zss1¹ssf¹⁸i¹2u¹ssif¹,Zipimfflrzoffioiamfiissffitfffli

140 1320 162 1352 2
209 1326 339 1362 capere
369 1326 477 1361 posse
498 1327 712 1362 responsum
735 1319 802 1352 est.
851 1315 890 1351 Si
912 1315 1128 1351 mandavero
1151 1315 1229 1357 tibi,

139 1365 182 1397 ut
202 1361 354 1397 fundum
378 1370 493 1404 emas,
529 1371 575 1397 ex
599 1371 642 1397 ea
673 1371 784 1397 causa
806 1360 979 1396 traditum
1002 1360 1070 1396 tibi
1093 1360 1231 1395 diutina

139 1407 367 1453 possessione
389 1406 499 1452 capis,
526 1406 686 1451 quamvis
708 1406 827 1459 possis
845 1406 957 1442 videri
981 1416 1055 1441 non
1076 1416 1143 1451 pro
1167 1409 1230 1441 tuo

138 1451 341 1498 possidere,
377 1461 459 1487 cum
482 1451 571 1487 nihil
593 1452 752 1496 intersit,
788 1451 884 1497 quod
914 1450 1076 1487 mandati
1097 1450 1230 1486 iudicio

139 1496 306 1533 tenearis.

188 1540 240 1579 14
274 1541 382 1578 Ion
413 1542 504 1578 libro
540 1542 644 1577 tertio
687 1541 826 1578 decimo
861 1541 912 1577 ad
947 1540 1134 1577 Plautium
1191 1540 1232 1576 Id

139 1591 211 1623 tem
235 1597 280 1623 us
312 1586 507 1623 venditoris
542 1586 692 1632 prodest
729 1587 897 1632 emptori,
934 1596 1004 1632 quo
1038 1589 1232 1631 antequam

139 1642 206 1668 ven
232 1635 309 1668 eret
342 1631 522 1678 possedit:
559 1642 643 1666 nam
677 1631 710 1668 si
742 1635 870 1677 postea
899 1635 1030 1667 nactus
1062 1634 1117 1666 est
1147 1641 1232 1676 pos-

139 1677 334 1714 sessionem
376 1676 558 1720 venditor,
604 1677 696 1712 haec
737 1676 922 1731 possessio
965 1675 1119 1722 emptori
1159 1686 1232 1711 non

143 1727 157 1758 1
206 1721 381 1768 proficiet.
432 1721 476 1757 In
509 1731 550 1758 re
583 1721 596 1757 l
640 1724 701 1758 ata
734 1732 774 1757 in
808 1721 1015 1758 accessione
1049 1721 1230 1767 temporis,

139 1778 212 1848 {¹¹⁰
235 1770 388 1847 temptor
409 1766 590 1813 possedit,
634 1767 814 1812 egatarius
844 1766 1105 1813 quodammodo
1129 1766 1233 1812 quasi

166 1822 246 1849 eres
269 1822 307 1848 es
326 1839 335 1848 .

189 1856 240 1896 15
264 1857 374 1893 Imm
392 1857 484 1894 libro
508 1858 635 1904 quinto
660 1857 797 1893 decimo
821 1856 871 1892 ad
893 1856 1080 1892 Plautium
1127 1856 1165 1893 Si
1187 1856 1231 1899 is,

139 1903 201 1949 qui
255 1913 295 1938 ro
327 1905 487 1948 emptore
515 1902 744 1955 possidebat,
785 1905 869 1937 ante
897 1902 1154 1947 usucapionem
1186 1902 1232 1937 ab

139 1913 304 1984 hostibus
333 1951 461 1993 captus
477 1951 560 2001 ‚sit,
596 1947 785 2000 videndum
815 1950 888 2000 est,
925 1957 972 1982 an
1002 1947 1126 2000 heredi
1155 1947 1232 1982 eius

139 1992 313 2039 procedat
335 2003 530 2038 usucapio:
563 2003 646 2028 nam
676 1996 951 2038 interrumpitur
973 2002 1164 2038 usucapio,
1197 1995 1234 2027 et

140 2039 171 2075 si
199 2038 270 2084 ipsi
299 2047 441 2074 reverso
472 2048 546 2074 non
573 2038 738 2083 prodest,
778 2037 1077 2083 quemadmodum
1108 2037 1232 2073 heredi

140 2083 218 2119 eius
265 2082 424 2119 roderit?
447 2083 512 2119 sed
533 2094 657 2119 verum
680 2086 736 2119 est
758 2093 839 2118 eum
862 2083 900 2118 in
924 2083 1075 2118 suavita
1099 2082 1233 2118 desisse

139 2095 344 2174 possisere,
372 2127 524 2181 ideoque
556 2139 623 2164 nec
653 2127 912 2174 postliminium
942 2128 973 2163 ei
996 2127 1159 2173 prodest,
1191 2131 1234 2163 iit

140 2173 303 2209 videatur
330 2183 540 2218 usucepisse
550 2174 575 2209 ⁵.
623 2173 718 2219 quod
749 2173 781 2209 si
810 2183 933 2209 servus
966 2173 1060 2215 eius,
1104 2173 1165 2218 qui
1195 2172 1233 2207 in

141 2218 298 2273 hostium
319 2221 500 2271 potestate
522 2222 594 2286 ξεῖ,
608 2219 759 2271 emerit,
790 2218 1021 2271 impendenti
1043 2228 1123 2254 esse
1145 2228 1232 2254 usu·

141 2263 675 2354 ffiffffiffoeifflilicassffiin
684 2263 1043 2351 2¹²3ffib1⁸¹<102232¹333
1064 2273 1232 2352 galisi?

141 2364 189 2390 an
227 2364 293 2399 per
331 2353 444 2399 legem
477 2353 677 2390 Corneliam
708 2354 755 2389 ad
785 2363 1014 2389 successores
1043 2353 1120 2390 eius
1149 2364 1230 2399 per-

141 2399 264 2435 tineat.
301 2399 495 2435 Marcellus
513 2409 620 2451 posse
639 2399 778 2444 plenius
798 2398 979 2434 fictionem
997 2398 1086 2444 legis
1104 2399 1231 2443 accipi.

142 2443 439 2490 quemadmodum
471 2454 566 2480 enim
595 2443 813 2490 postliminio
845 2454 1007 2480 reversus
1039 2444 1121 2489 plus
1144 2444 1232 2480 iuris

141 2490 275 2526 habere
298 2493 418 2535 potest
441 2490 478 2525 in
500 2489 575 2532 his,
601 2500 692 2535 quae
715 2489 808 2526 servi
831 2493 1000 2534 egerunt,
1032 2499 1140 2534 quam
1164 2489 1231 2531 his,

142 2544 234 2580 quae
267 2545 333 2580 per
367 2545 406 2571 se
439 2534 496 2570 vel
529 2545 596 2580 per
633 2545 773 2570 servum
806 2534 1033 2580 possidebat,
1069 2544 1150 2570 cum
1185 2534 1231 2569 ad

141 2579 264 2615 hostes
287 2579 462 2625 pervenit.
495 2590 579 2615 nam
600 2579 835 2616 hereditatem
857 2579 895 2615 in
918 2579 1132 2625 quibusdam
1153 2579 1232 2615 vice

141 2634 318 2669 personae
340 2624 441 2670 fungi
462 2635 545 2661 rece
570 2628 647 2660 tum
671 2628 736 2661 est.
777 2624 930 2670 ideoque
951 2625 990 2659 in
1013 2625 1230 2660 successori-

146 2673 161 2704 1
210 2669 278 2706 bus
301 2669 422 2705 locum
445 2681 518 2706 non
567 2670 676 2706 abere
698 2669 989 2715 usucapionem⁷.
1034 2669 1071 2704 Si
1095 2679 1230 2712 servus,

142 2724 248 2760 quem
270 2714 518 2759 possidebam,
550 2715 700 2760 fugerit,
737 2715 792 2751 si⁸
821 2725 890 2795 gro
920 2714 1033 2750 libero
1058 2724 1097 2750 se
1119 2718 1229 2759 gerat,

141 2759 319 2795 videbitur
342 2770 365 2795 a
389 2760 532 2796 domino
555 2759 748 2806 possideri:
780 2770 819 2795 se
874 2760 944 2795 hoc
974 2763 1062 2795 tunc
1091 2759 1230 2796 intelle-

141 2804 297 2850 gendum
319 2808 384 2848 est,
410 2816 503 2847 cum,
527 2806 558 2841 si
582 2805 827 2851 adprehensus
851 2804 976 2848 fuerit,
1000 2815 1073 2840 non
1096 2805 1144 2840 sit
1164 2815 1230 2851 pa-

141 2853 243 2885 ratus
273 2859 339 2895 pro
371 2860 438 2885 sua
468 2850 635 2886 libertate
658 2850 813 2896 litigare:
850 2860 934 2885 nam
957 2850 988 2885 si
1010 2854 1160 2895 paratus
1184 2850 1231 2886 sit

142 2894 296 2940 litigare,
329 2905 402 2930 non
433 2895 609 2931 videbitur
639 2905 662 2931 a
694 2895 837 2932 domino
869 2894 1062 2948 possideri,
1099 2895 1159 2931 cui
1191 2905 1230 2931 se

141 2942 163 2975 2
209 2939 453 2976 adversarium
475 2941 712 2986 praeparavit.
761 2940 799 2975 Si
829 2950 909 2985 quis
933 2941 1028 2976 bona
1051 2940 1121 2976 fide
1144 2951 1228 2985 pos-

144 2984 264 3021 sidens
296 2988 381 3020 ante
404 2985 659 3037 usucapionem
683 2985 815 3022 amissa
845 2985 1073 3030 possessione
1097 2996 1229 3030 cogno-

142 3029 234 3066 verit
260 3039 340 3066 csse
367 3039 443 3066 rem
474 3030 625 3066 ahenam
657 3034 693 3066 et
722 3031 852 3066 iterum
883 3030 1115 3066 nanciscatur
1144 3041 1229 3076 pos-

143 3147 184 3187 (ι)
209 3146 391 3188 emptorem
409 3144 469 3178 int.
618 3145 661 3185 (2)
688 3154 755 3177 esse
777 3145 812 3178 F
948 3146 991 3186 (3)
1015 3144 1180 3187 peperisse
1200 3145 1234 3178 F

142 3191 186 3232 (⁴)
210 3191 320 3233 potest
330 3189 366 3223 F
473 3188 517 3230 (5)
541 3198 584 3221 an
597 3189 712 3222 heredi
724 3189 795 3223 eius
805 3188 964 3232 procedat
976 3189 1147 3232 usucapio.
1171 3188 1228 3222 sed

142 3245 258 3269 verum
277 3237 327 3268 est
345 3244 420 3268 eum
439 3233 476 3267 in
494 3243 555 3267 sua
573 3233 643 3266 vita
663 3234 782 3267 desisse
801 3234 984 3278 possidere:
1009 3234 1150 3276 ideoque
1167 3244 1228 3268 neo

143 3279 385 3323 postliminium
398 3279 429 3312 ei
439 3278 584 3322 prodest,
596 3281 636 3311 ut
646 3278 799 3312 videatur
810 3280 1014 3322 usucepisse:
1033 3289 1110 3312 nam
1123 3279 1228 3312 inter-

144 3325 313 3368 rumpitur
324 3324 494 3367 usucapio.
524 3325 558 3357 et
567 3323 596 3356 si
607 3322 672 3366 ipsi
684 3334 813 3357 reverso
826 3335 894 3357 non
905 3323 1050 3367 prodest,
1071 3324 1227 3366 quemad-

144 3369 279 3403 modum
295 3369 411 3403 heredi
432 3368 503 3403 eius
520 3366 695 3412 proderit?
714 3381 775 3402 scr.
876 3371 920 3411 (6)
945 3369 992 3402 D.
1006 3370 1061 3411 49,
1075 3376 1118 3411 15,
1131 3376 1178 3411 22,
1192 3376 1226 3407 33

145 3415 188 3459 ej:
212 3414 441 3460 fflphom‘nus
460 3414 506 3447 D.
528 3415 583 3456 49,
603 3421 647 3454 15,
668 3420 712 3454 12,
733 3421 750 3447 2
888 3415 930 3453 (τ)
956 3414 1083 3448 Paulus
1101 3415 1229 3448 videtur

145 3460 315 3503 scripsisse
334 3460 437 3493 talia.-
460 3468 538 3491 nam
554 3458 583 3491 si
602 3457 756 3491 dominus
772 3469 923 3491 reversus
942 3459 1054 3501 fuerit,
1075 3458 1229 3502 intellegi

147 3505 358 3547 usucaptum:
382 3504 411 3537 si
423 3503 472 3536 ibi
484 3503 667 3546 decesserit,
689 3503 760 3547 [per
779 3502 885 3546 legem
898 3503 1089 3537 Corneliam
1101 3503 1143 3536 ad
1154 3513 1228 3536 suc-

145 3559 287 3582 cessores
306 3549 377 3582 eius
392 3548 571 3592 pertinere.
622 3548 690 3581 uod
701 3548 730 3581 si
741 3548 811 3592 ipse
821 3549 1014 3591 possederit,
1033 3548 1152 3592 potest]
1166 3548 1229 3581 du-

147 3593 248 3627 bitari
259 3604 301 3626 an
313 3604 373 3637 per
383 3594 491 3637 legem
503 3593 593 3627 Corn
627 3593 635 3600 “
703 3592 746 3626 ad
756 3603 957 3627 successores
970 3594 1041 3626 eius
1051 3593 1228 3636 pertineat.

146 3638 326 3672 Marcellus
341 3649 435 3681 posse
450 3637 584 3682 plenius
600 3637 864 3681 fictionem'legis
874 3638 991 3681 accipi.
1017 3638 1229 3680 quemadmo-

146 3682 224 3716 dum
236 3684 325 3716 enim
336 3683 543 3726 postliminio
554 3693 704 3717 reversus
711 3683 788 3726 plus
795 3683 880 3716 iuris
888 3683 1008 3715 habere
1016 3685 1124 3725 potest
1131 3683 1168 3715 in
1177 3683 1229 3715 his

146 3737 231 3770 quae
251 3729 338 3761 servi
357 3731 497 3771 egerunt
514 3738 614 3771 quam
631 3728 668 3761 in
685 3728 739 3761 his
749 3738 835 3770 quae
845 3738 906 3771 per
917 3738 951 3761 se
963 3726 1015 3760 vel
1027 3736 1087 3771 per
1097 3737 1228 3761 servum

1220 107 1304 158 658

1468 5 1473 26 l

1478 24 1538 101 Ἷ

1912 127 1975 158 DE
2003 122 2386 160 usmanomnus

1299 235 1511 278 sessionem,
1545 245 1619 271 non
1648 236 1767 290 capiet
1794 247 1880 280 usu,
1917 237 2002 283 quia
2031 238 2171 274 initium
2206 238 2387 276 secundae

1299 283 1319 315 3
1366 280 1604 325 possessionis
1635 282 1802 317 vitiosum
1833 286 1898 318 est.
1946 282 1982 318 Si
2014 293 2060 319 ex
2088 287 2301 320 testamento
2331 284 2389 320 vel

1298 335 1342 361 ex
1365 324 1541 377 stipulatu
1563 336 1622 362 res
1645 326 1766 362 debita
1789 328 1893 363 nobis
1917 327 2092 372 tradatur,
2117 328 2193 364 eius
2217 333 2288 365 tem
2336 329 2387 366 ris

1297 369 1596 406 existimationem
1638 375 1799 407 nostram
1841 372 2064 417 intuendam,
2108 384 2179 418 quo
2219 378 2276 409 tra
2305 375 2386 417 'tur,

1299 414 1384 468 quia
1415 425 1625 468 concessum
1656 420 1712 452 est
1745 417 1911 462 stipulari
1943 428 2018 452 rem
2050 418 2157 453 etiam
2187 429 2279 463 quae
2303 429 2385 464 pro-

1297 469 1456 495 missoris
1480 470 1554 495 non
1577 465 1634 496 sit.

1348 502 1398 541 16
1435 504 1480 540 IA
1491 514 1661 540 VOLENUS
1700 506 1791 542 libro
1826 511 1959 552 quarto
1993 518 2043 542 ex
2081 506 2228 543 Plautio
2288 508 2387 544 Servi

1298 549 1456 591 nomine,
1488 550 1549 595 qui
1579 550 1719 595 pignori
1742 550 1848 587 datus
1872 555 1941 594 est,
1973 552 2020 587 ad
2043 552 2282 588 exhibendum
2307 564 2388 588 cuni

1299 594 1493 637 creditore,
1523 605 1596 629 non
1620 605 1701 630 cum
1733 596 1893 631 debitore
1916 597 2091 642 agendum
2116 602 2188 640 est,
2220 599 2304 643 qnia
2327 598 2389 643 qui

1298 639 2389 730 {igssssffqffliffissfieffssssi'iss”essmsssst‘umui⁰i⁸z³02³²fft‘¹¹²3'

1299 729 1515 809 sidet,dagi‹÷¹;o
1542 733 1584 764 ut
1606 730 1700 766 adici
1722 731 1838 776 possit
1853 697 1898 767 ξι
1919 698 2099 778 possessio
2124 733 2200 768 eius
2225 699 2285 779 gui
2305 699 2385 778 lpig-

1300 785 1378 810 ΠΟῙἸ
1427 785 1446 810 e
1504 802 1510 810 .

1348 817 1398 856 17
1423 819 1665 855 Manes-nos
1689 820 1781 856 libro
1812 831 1851 856 se
1879 822 1964 856 timo
1993 820 2131 858 decimo
2167 823 2389 868 diqeseorum

1300 864 1338 899 Si
1361 875 1426 910 per
1449 875 1606 900 errorem
1629 865 1672 900 de
1695 865 1820 901 alienis
1866 866 1969 901 undis
2000 867 2102 911 quasi
2125 867 2170 902 de
2194 867 2388 903 communi-

1300 910 1368 945 bus
1398 910 1530 945 iudicio
1566 910 1745 945 communi
1774 910 1966 946 dividundo
1997 916 2147 956 accepto
2177 923 2222 948 ex
2246 912 2386 947 adiudi-

1301 954 1443 990 catione
1472 954 1658 1000 possidere
1690 956 1885 1001 coeperim,
1926 957 2032 1001 longo
2069 960 2229 1002 tempore
2260 967 2390 1002 capere

1326 1010 1457 1035 ossum.

1299 1011 1323 1045 p
1349 1042 1399 1082 18
1425 1044 1680 1080 Moossmws
1699 1044 1790 1081 libro
1815 1047 1940 1092 quinto
1963 1046 2173 1092 regularum
2221 1046 2391 1091 Quamvis

1299 1089 1471 1126 adversus
1504 1089 1631 1125 fiscum
1660 1100 1775 1126 usuca
1799 1090 1834 1126 io
1865 1101 1937 1126 non
1967 1091 2156 1136 procedat,
2196 1095 2316 1128 tamen
2344 1102 2391 1128 ex

1300 1135 1404 1171 bonis
1429 1135 1656 1187 vacantibus,
1692 1101 1851 1171 nonXum
1874 1141 1994 1171 tamen
2017 1137 2201 1179 nuntiatis,
2228 1137 2392 1182 ¹’emptor

1298 1180 1438 1225 praedii
1461 1191 1506 1216 ex
1527 1180 1640 1216 isdem
1669 1180 1772 1216 bonis
1798 1181 1991 1224 exstiterit,
2022 1186 2120 1217 recte
2142 1182 2282 1218 diutina
2305 1192 2389 1228 pos-

1299 1225 1458 1261 sessione
1484 1225 1618 1270 capiet:
1642 1225 1750 1270 idque
1774 1226 2006 1261 constitutum
2029 1230 2095 1262 est.

1349 1268 1400 1308 19
1424 1270 1651 1323 I4VQL13NUS
1671 1271 1762 1306 libro
1785 1272 1908 1318 primo
1932 1272 2167 1325 epistularum
2215 1271 2254 1308 Si
2276 1272 2389 1308 homi·

1299 1326 1380 1351 nem
1404 1320 1532 1359 emisti,
1555 1319 1606 1358 ut,
1632 1315 1662 1352 si
1681 1315 1801 1361 aliqua
1820 1316 1981 1352 condicio
2001 1317 2188 1360 extitisset,
2211 1317 2305 1352 inem
2330 1321 2389 1352 tus

1299 1360 1420 1404 fieret,
1465 1364 1501 1397 et
1534 1360 1567 1396 is
1601 1360 1668 1396 tibi
1702 1361 1859 1397 traditus
1894 1366 1950 1397 est
1988 1365 2025 1397 et
2066 1366 2194 1407 postea
2227 1372 2296 1398 con
2322 1362 2389 1398 'cio

1300 1407 1515 1451 emptionem
1547 1406 1710 1442 resolvit:
1755 1410 1912 1451 tempus,
1950 1418 2022 1452 quo
2062 1407 2160 1452 apud
2195 1411 2389 1461 emptorem

1299 1451 1380 1494 fuit,
1404 1451 1580 1487 accedere
1602 1451 1779 1487 venditori
1802 1451 1931 1487 debere
1955 1452 2128 1496 existimo,
2155 1462 2324 1498 quomam
2346 1462 2395 1488 eo

1299 1506 1428 1550 genere
1458 1499 1555 1532 retro
1587 1500 1670 1532 acta
1692 1496 1847 1532 venditio
1881 1501 1974 1533 esset
1996 1497 2224 1533 redhibitioni
2255 1497 2395 1538 similis,

1299 1552 1338 1576 in
1399 1551 1448 1576 ua
1485 1552 1558 1577 non
1594 1541 1720 1578 dubito
1755 1545 1897 1587 tempus
1936 1543 2012 1578 eius
2060 1542 2123 1587 qui
2168 1542 2394 1578 redhibuerit

1299 1597 1367 1622 ven
1405 1586 1474 1622 tori
1497 1596 1744 1630 accessurum,
1769 1587 1936 1632 quoniam
1948 1589 1976 1610 ¹⁰
1998 1597 2042 1624 ea
2064 1587 2220 1623 venditio
2244 1587 2394 1633 proprie

1301 1631 1373 1667 dici
1395 1642 1469 1667 non
1492 1635 1623 1676 potest.

1347 1674 1402 1714 20
1427 1676 1535 1712 lusu
1551 1677 1643 1712 libro
1661 1680 1792 1723 quarto
1805 1677 2041 1724 epistularum
2075 1677 2263 1713 Possessio
2278 1680 2388 1712 testa-

1300 1722 1389 1758 toris
1411 1721 1464 1757 ita
1486 1721 1610 1802 het-edi
1629 1721 1803 1768 procedit,
1827 1722 1858 1758 si
1878 1721 1994 1758 medio
2012 1726 2174 1768 tempore
2187 1723 2224 1744 ¹⁰·
2250 1732 2272 1758 a
2290 1722 2389 1758 nullo

1328 1777 1471 1803 ossessa
1494 1777 1532 1803 es
1552 1794 1560 1802 .

1301 1778 1325 1813 p
1348 1810 1398 1849 21
1426 1811 1534 1847 IDEM
1553 1812 1644 1848 libro
1667 1815 1773 1848 sexto
1798 1812 2035 1859 epistularum
2085 1812 2144 1854 Ei,
2168 1822 2191 1847 a
2213 1822 2284 1857 quc
2307 1811 2387 1848 fun-

1301 1857 1387 1893 dum
1406 1867 1474 1911 pro
1486 1856 1616 1893 herede
1627 1858 1654 1879 ¹¹
1672 1856 1806 1893 diutius
1825 1857 2039 1903 possidendo
2059 1861 2230 1902 capturus
2242 1858 2389 1899 eram¹²,

1301 1903 1417 1938 locavi
1440 1912 1540 1938 eum:
1566 1912 1613 1938 an
1637 1901 1743 1938 ullius
1767 1902 1936 1939 momenti
1959 1913 2037 1939 eam
2059 1902 2275 1939 locationem
2297 1902 2388 1938 exis-

1301 1948 1424 1990 times,
1459 1958 1612 1992 quaero:
1651 1947 1748 1993 quod
1779 1948 1810 1984 si
1839 1948 1971 1984 nullius
2003 1948 2173 1984 momenti
2195 1947 2388 1990 existimas,

1301 2003 1349 2028 an
1378 1993 1509 2028 durare
1542 1992 1654 2028 nihilo
1683 1993 1801 2028 minus
1831 1993 2088 2038 usucapionem
2099 1994 2126 2015 ¹³
2169 1992 2246 2029 eius
2285 1992 2389 2029 fundi

1301 2042 1417 2119 putes.
1465 2039 1550 2074 item
1581 2048 1733 2084 quaero,
1769 2038 1800 2073 si
1823 2037 1936 2074 eidem
1970 2037 2161 2074 vendidero
2195 2048 2278 2074 eum
2307 2037 2388 2073 fun·

1327 2094 1403 2126 um,
1438 2083 1523 2128 quid
1554 2083 1600 2119 de
1630 2083 1686 2119 his
1718 2083 1855 2126 causis,
1880 2083 1924 2119 de
1948 2083 2076 2128 quibus
2106 2093 2217 2128 supra
2265 2083 2389 2125 uaesii,

1301 2129 1494 2164 existimes.
1542 2127 1744 2174 respondit:
1778 2129 1810 2164 si
1831 2128 1879 2171 is,
1912 2129 1973 2174 qui
1995 2139 2061 2174 pro
2085 2128 2216 2164 herede
2256 2128 2392 2163 undum

1299 2173 1525 2254 possidebat,
1567 2173 1708 2209 domino
1745 2183 1825 2209 eum
1861 2173 2008 2217 locavit,
2052 2173 2184 2209 nullius
2221 2173 2389 2209 momenti

1315 2219 1432 2255 ocatio
1455 2222 1521 2261 est,
1546 2218 1630 2264 quia
1653 2218 1815 2255 dominus
1839 2229 1941 2255 suam
1963 2229 2039 2255 rem
2059 2218 2307 2255 conduxisset:
2332 2228 2387 2254 se·

1301 2264 1423 2318 quitur
1446 2274 1548 2310 ergo,
1579 2267 1621 2300 ut
1642 2274 1688 2300 ne
1718 2263 1980 2309 possessionem
2004 2264 2146 2310 quidem
2169 2264 2310 2300 locator
2332 2273 2391 2299 re·

1300 2310 1466 2352 tinuerit,
1500 2308 1651 2354 ideoque
1688 2309 1783 2354 longi
1822 2309 1993 2362 temporis
2037 2309 2199 2354 praescri
2223 2309 2277 2345 tio
2316 2319 2395 2344 non·

1301 2354 1452 2390 duravit.
1500 2354 1538 2389 in
1560 2354 1764 2390 venditione
1785 2353 1878 2389 idem
1901 2354 1988 2390 iuris
2013 2359 2085 2397 est,
2110 2365 2180 2400 quo
2230 2354 2268 2389 in
2291 2354 2394 2390 loca-—

1300 2400 1409 2441 tione,
1433 2402 1476 2434 ut
1497 2409 1552 2435 em
1579 2399 1630 2435 tio
1654 2409 1742 2435 suae
1764 2398 1817 2435 rei
1840 2399 2034 2435 consistere
2057 2410 2129 2435 non
2181 2399 2280 2435 ossit.

1347 2442 1401 2481 22
1425 2444 1533 2480 Imm
1578 2444 1650 2480 ‘bro
1673 2444 1823 2491 septimo
1847 2455 1867 2479 e
1895 2444 2083 2479 istularum
2165 2454 2242 2480 eres
2266 2446 2306 2480 et
2324 2444 2389 2479 he-

1300 2490 1434 2525 reditas
1462 2490 1606 2525 tametsi
1635 2488 1725 2525 duas
1756 2499 1848 2534 appe
1875 2488 2013 2525 ationes
2042 2489 2241 2535 recipiunt,
2281 2488 2386 2524 unius

1300 2544 1475 2580 personae
1497 2538 1617 2570 tamen
1640 2534 1718 2570 vice
1739 2534 1949 2579 funguntur.

1346 2578 1398 2618 23
1423 2579 1530 2615 IDEM
1550 2579 1641 2615 libro
1664 2590 1761 2615 nono
1785 2580 2022 2626 epistularum
2067 2579 2172 2623 Eum,
2197 2578 2258 2624 qui
2281 2578 2388 2614 aedes

1299 2628 1479 2661 mercatus
1502 2628 1568 2667 est,
1592 2634 1665 2660 non
1687 2628 1775 2669 puto
1800 2624 1899 2660 aliud
1921 2634 2028 2670 quam
2050 2624 2148 2670 ipsas
2172 2623 2279 2660 aedes
2303 2633 2386 2669 pos-

1300 2670 1434 2706 sidere:
1473 2679 1555 2705 nam
1592 2669 1623 2705 si
1653 2669 1709 2705 sin
1758 2669 1812 2705 las
1840 2679 1898 2705 res
1936 2669 2120 2715 possidere
2151 2669 2386 2713 intellegetur,

1298 2716 1395 2761 ipsas
1408 2716 1436 2737 ¹⁴
1465 2726 1539 2750 non
1598 2714 1715 2750 osside
1741 2714 1787 2750 it:
1823 2715 1998 2760 separatis
2037 2714 2131 2750 enim
2162 2724 2205 2750 co
2251 2713 2390 2755 oribus,

1298 2771 1344 2796 ex
1375 2761 1506 2806 quibus
1531 2769 1573 2796 ae
1599 2770 1637 2795 es
1669 2763 1837 2796 constant
1851 2762 1889 2802 ¹⁵,
1921 2759 2134 2795 universitas
2167 2769 2189 2794 a
2248 2769 2309 2794 um
2330 2757 2385 2793 in-

1298 2805 1418 2851 tellegi
1442 2816 1514 2841 non
1536 2804 1679 2850 poterit.
1727 2804 1866 2840 accedit
1878 2806 1906 2827 ¹⁶
1928 2815 1989 2847 eo,
2020 2803 2131 2849 quod,
2156 2804 2188 2839 si
2211 2803 2290 2849 quis
2313 2803 2389 2839 sin--

1298 2851 1401 2895 gulas
1424 2861 1482 2886 res
1506 2849 1689 2895 possidere
1712 2849 1858 2892 dixerit,
1883 2859 2030 2886 necesse
2052 2849 2119 2885 erit
2141 2848 2279 2884 dicat¹⁷
2301 2858 2388 2894 pos·

1299 2896 1460 2932 sessione
1489 2894 1691 2940 superficiei
1720 2895 1874 2939 tempori
1913 2894 1956 2930 de
1986 2894 2178 2930 mobilibus
2207 2897 2345 2930 statuto
2358 2894 2391 2915 ¹⁸

1298 2941 1416 2977 locum
1435 2950 1525 2983 esse,
1544 2940 1658 2976 solum
1677 2949 1715 2975 se
1736 2943 1923 2985 capturum
1943 2950 2022 2976 esse
2041 2939 2205 2984 ampliori
2219 2940 2263 2974 ¹⁹:
2290 2937 2390 2983 quod

1298 2986 1494 3022 absurdum
1525 2988 1562 3021 et
1590 2984 1733 3021 minime
1763 2985 1833 3020 iuri
1863 2985 1956 3021 civili
1987 2983 2199 3020 conveniens
2233 2987 2305 3026 est,
2346 2987 2390 3018 ut

1298 3042 1371 3067 una
1394 3042 1451 3067 res
1476 3029 1621 3067 diversis
1652 3030 1871 3075 temporibus
1896 3029 2076 3075 capiatur,
2112 3032 2155 3064 ut
2182 3032 2272 3074 puta
2304 3038 2387 3064 cum

1296 3142 1494 3187 possidebat,
1515 3142 1575 3186 [ita
1593 3152 1613 3174 a
1633 3142 1765 3186 captivo
1782 3143 1899 3185 coepta
1917 3141 2076 3185 usucapio
2096 3151 2172 3174 cum
2194 3141 2259 3185 ipsi
2278 3141 2385 3174 inter-

1297 3190 1472 3232 rumpatur
1483 3197 1543 3221 neo
1554 3187 1752 3221 restituatur
1767 3197 1809 3220 ne
1826 3186 2032 3230 postliminio
2050 3186 2195 3230 quidem,
2215 3186 2385 3220 hereditas

1298 3234 1370 3267 eius
1379 3235 1516 3277 propter
1527 3232 1694 3266 fictionem
1706 3232 1790 3275 legis
1802 3231 1976 3266 Corneliae
1988 3232 2102 3265 eodem
2114 3231 2188 3265 loco
2208 3241 2273 3265 esse
2290 3231 2376 3264 vide-

1297 3282 1354 3312 tur
1365 3288 1433 3321 quo
1443 3279 1523 3310 sunt
1533 3277 1733 3311 hereditates
1745 3287 1868 3318 omnes,
1888 3279 1928 3310 ut
1944 3279 2061 3320 coepta
2074 3276 2233 3319 usucapio
2244 3276 2290 3309 im
2314 3275 2382 3309 lea·

1297 3323 1384 3366 ωτι]
1408 3333 1485 3356 nam
1504 3322 1723 3356 hereditatem
1741 3322 1779 3355 in
1798 3321 1993 3364 quibusdam
2014 3322 2086 3355 vice
2104 3331 2264 3365 personae
2344 3320 2382 3363 gi

1297 3369 1466 3411 receptum
1485 3370 1543 3401 est.
1576 3367 1652 3411 [Sed
1670 3367 1781 3400 verior
1798 3369 1847 3400 est
1858 3366 1985 3399 Iuliani
1996 3366 2162 3399 sententia
2172 3366 2317 3409 exceptis
2328 3376 2375 3399 re-

1297 3413 1358 3447 bus
1379 3411 1605 3456 peculiaribus
1625 3412 1859 3456 possessionem
1879 3421 2006 3454 semper
2024 3411 2226 3454 interrumpi
2242 3410 2381 3454 captivi-

1297 3458 1377 3501 tate]
1397 3457 1537 3500 ideoque
1554 3458 1591 3490 in
1611 3456 1852 3491 successoribus
1869 3455 1980 3490 locum
1992 3467 2061 3489 non
2073 3455 2195 3489 habere
2206 3455 2381 3499 usucapio·

1298 3513 1373 3537 nem
1460 3504 1505 3545 (a)
1529 3502 1569 3545 si]
1583 3502 1645 3536 etsi
1656 3514 1718 3536 scr.
1806 3502 1853 3544 (9)
1877 3502 1937 3544 qui
1950 3503 2009 3535 ins.
2097 3503 2156 3542 (10)
2181 3510 2381 3543 quamquam

1302 3548 1453 3582 C'vai'aci'us
1545 3549 1616 3589 (¹0¹)
1640 3557 1693 3581 res
1705 3548 1764 3581 ine.
1858 3548 1912 3589 (11)
1937 3547 2066 3580 hereF
2143 3548 2202 3587 (12)
2227 3544 2388 3579 earumF

1298 3596 1356 3634 (13)
1380 3591 1627 3636 usucapionem]
1643 3592 1704 3634 1⁵⁷¹,
1723 3591 1895 3634 capionem
1909 3591 1960 3625 Γ*
2066 3592 2124 3632 (14)
2148 3590 2244 3623 aedes
2256 3592 2315 3624 ins.
2330 3590 2382 3623 Γ,

1297 3639 1356 3679 (is)
1380 3640 1532 3670 constent
1549 3637 1602 3670 F²
1713 3638 1773 3677 (ic)
1797 3636 1920 3669 accidit
1942 3636 1973 3669 F·
2090 3638 2148 3676 (ιτ)
2172 3635 2210 3668 in
2230 3636 2290 3669 ine.
2306 3635 2380 3669 edd.

1297 3683 1358 3726 (18)
1382 3682 1586 3725 temporibus
1598 3681 1638 3715 de
1650 3680 1828 3715 mobilibus
1840 3683 1966 3714 statuta
1976 3681 2011 3714 F
2018 3681 2028 3701 ¹
2103 3682 2164 3722 (ia)
2187 3679 2342 3723 ampliari
2354 3679 2388 3713 F
