2528 3918
83 137 132 169 m
160 128 360 167 PIGNORE
389 132 659 164 HABEANTUR

83 246 120 280 in
144 244 298 289 pretium
320 243 373 279 rei
394 243 527 278 fuerint
550 251 737 286 expensae.
770 240 866 285 quod
889 240 921 276 si
943 241 1024 276 res¹
1049 250 1123 275 non
1137 239 1176 275 in

34 310 55 335 ,ᾗ
82 294 200 325 totum
224 299 270 324 ex
291 287 443 324 nummis
466 286 652 322 cuiusdam
676 289 885 331 comparata
908 289 973 328 est,
998 285 1066 320 erit
1088 295 1174 320 con-

84 344 213 370 cursus
238 333 429 378 utriusque·
446 331 650 374 creditoris,
682 331 720 366 id
751 335 806 366 est
838 337 874 366 et
903 330 1114 375 antiquioris
1139 333 1176 365 et

86 383 97 413 1
153 379 230 414 eius
256 378 357 414 cuius
380 377 532 413 nummis
565 379 773 421 comparata
804 379 868 411 est.
917 375 955 410 Si
986 375 1051 410 tibi
1083 385 1175 428 quae

82 423 271 459 habiturus
305 433 383 458 sum
415 421 642 466 obligaverim
674 425 709 456 et
733 421 827 456 Titio
859 420 1061 465 specialiter
1091 422 1174 456 iun-

81 468 186 511 dum,
219 468 250 504 si
272 468 311 503 in
334 465 528 503 dominium
551 477 668 502 meum
697 466 917 512 pervenerit,
948 476 1032 501 mox
1063 465 1174 501 domi-

81 514 180 550 nium
214 513 289 548 eius
325 512 545 557 adquisiero,
588 515 693 557 putat
726 511 920 546 Marcellus
961 520 1174 546 concurrere

81 562 270 603 utrumque
294 557 505 594 creditorem
529 561 565 592 et
576 560 599 578 ¹·
621 557 660 592 in
682 557 846 602 pignore:
873 567 946 592 non
970 556 1064 591 enim
1082 555 1173 591 mul-

80 607 158 639 tum
191 602 298 645 facit,
342 602 438 648 quod
472 602 517 638 de
552 613 617 638 suo
653 612 815 637 nummos
850 601 990 637 debitor
1025 600 1172 643 dederit,

80 649 213 694 quippe
236 658 317 683 cum
340 658 398 683 res
422 658 467 683 ex
490 647 642 682 nummis
662 647 861 727 pigneratis
886 650 1006 691 empta
1029 657 1102 682 non
1126 646 1174 681 sit

80 693 421 776 ,affluat-325
438 691 1172 784 {2¹¹¹AE2’20‘1u32·sp12522¹}?32u¹3323¹²³532&ss

80 783 280 829 specialiter
302 793 360 818 res
383 749 531 828 publsga
555 783 746 828 acceperit,
772 781 963 818 dicendum
986 786 1042 817 est
1065 791 1170 827 prae-

80 828 168 864 ferri
191 839 270 864 eam
293 828 381 864 fisco
407 827 558 870 debere,
591 828 622 863 si
653 831 780 873 postea
803 827 891 863 fisco
918 827 1057 863 debitor
1081 827 1170 863 obli-

79 878 182 920 gatus
207 878 271 916 est,
296 873 381 919 quia
405 877 440 909 et
462 873 593 918 privati
615 872 881 918 praeferuntur.

125 916 150 957 9
175 919 403 954 AFRICANUS
424 918 515 954 libro
540 922 666 954 octavo
691 919 944 964 quaestionum
992 917 1061 961 Qui
1092 916 1171 952 bal-

80 974 186 1001 neum
211 975 255 999 ex
278 963 460 999 calendis²
482 963 652 1008 proximis
678 963 910 1005 conduxerat,
934 967 1062 1007 pactus
1082 966 1170 1005 erat,

80 1013 122 1046 ut
142 1009 249 1045 homo
269 1009 364 1044 Eros
387 1009 527 1054 pignori
550 1008 702 1044 locatori
722 1013 828 1051 esset,
852 1008 966 1044 donec
989 1007 1171 1043 mercedes

79 1055 318 1092 solverentur:
351 1054 444 1090 idem
468 1058 552 1089 ante
576 1053 745 1089 calendas
768 1054 878 1089 Iulias
902 1052 1055 1088 eundem
1076 1052 1170 1088 Ero·

78 1103 151 1136 tem
183 1099 243 1135 alii
275 1100 321 1135 ob
379 1099 541 1135 ecuniam
574 1099 745 1134 creditam
774 1099 915 1144 pignori
939 1098 1047 1133 dedit.
1084 1109 1170 1134 con-

79 1145 214 1187 sultus,
246 1155 294 1180 an
323 1155 345 1179 a
371 1155 494 1183 versus
517 1145 614 1180 hunc
639 1144 850 1180 creditorem
873 1147 1054 1189 petentem
1076 1142 1171 1179 Ero-

78 1194 150 1226 tem
173 1190 368 1225 locatorem
399 1194 543 1235 praetor
573 1190 666 1224 tueri
698 1189 862 1232 deberet,
894 1189 1080 1234 respondit
1109 1188 1170 1224 de-

78 1236 181 1272 bere:
202 1236 288 1271 licet
307 1235 399 1270 enim
420 1245 460 1271 eo
481 1235 765 1280 tempore'homo
785 1235 925 1280 pignori
945 1235 1051 1270 datus
1064 1238 1170 1276 esset,

79 1292 149 1327 quo
181 1280 340 1316 nondum
372 1281 564 1326 quicquam
593 1291 659 1326 pro
697 1280 935 1316 conductione
970 1279 1170 1322 deberetur,

80 1326 248 1372 quoniam
270 1329 392 1361 tamen
413 1326 485 1361 iam
507 1330 594 1361 tunc
617 1326 655 1361 in
679 1336 722 1361 ea
746 1335 857 1360 causa
875 1325 969 1360 Eros
991 1335 1070 1360 esse
1090 1335 1170 1360 coe-

79 1372 201 1418 pisset,
225 1375 266 1406 ut
288 1371 398 1406 invito
422 1371 583 1407 locatore
605 1371 661 1406 ius
684 1371 842 1416 pignoris
866 1370 904 1405 in
928 1380 969 1406 eo
990 1370 1080 1405 solvi
1099 1380 1172 1405 non

82 1422 96 1451 1
146 1420 288 1462 posset,
324 1416 498 1461 potiorem
534 1416 610 1452 eius
646 1426 792 1451 causam
821 1415 1037 1451 habendam.
1084 1416 1170 1450 Am-

103 1462 173 1497 lius
194 1462 300 1497 etiam
320 1462 387 1497 sub
406 1461 618 1497 condicione
634 1461 844 1497 creditorem
867 1460 1040 1496 tuendum
1064 1464 1171 1505 puta-

78 1473 335 1547 Batadversus
360 1517 460 1550 eum,
493 1507 552 1542 cui
581 1510 708 1552 postea
731 1507 922 1552 quicquam
945 1506 1067 1541 deberi
1091 1516 1170 1541 coe-

79 1553 181 1598 perit,
207 1552 238 1587 si
260 1552 365 1588 modo
390 1563 463 1588 non
487 1563 530 1587 ea
554 1552 716 1587 condicio
741 1552 797 1594 sit,
823 1562 914 1597 quae
936 1551 1046 1587 invito
1072 1551 1170 1586 debi-

79 1600 100 1633 2
146 1601 226 1633 tore
254 1597 394 1642 impleri
424 1608 496 1633 non
554 1597 653 1633 ossit.
701 1597 772 1632 Sed
803 1601 839 1632 et
870 1597 900 1632 si
929 1597 1033 1632 heres
1058 1597 1104 1632 ob
1129 1606 1172 1631 ea

78 1643 216 1688 legata,
241 1653 333 1688 quae
357 1643 424 1678 sub
450 1653 518 1678 con
546 1642 658 1678 ‘cione
682 1642 768 1678 data
792 1645 913 1684 erant,
947 1642 991 1677 de
1022 1642 1171 1687 pignore

78 1689 131 1724 rei
162 1698 249 1723 suae
281 1688 506 1723 convenisset
538 1692 573 1723 et
604 1691 732 1733 postea
765 1687 888 1723 eadem
918 1687 999 1732 ipsa
1022 1687 1172 1733 pignora

79 1734 126 1770 ob
149 1733 337 1779 pecuniam
363 1733 534 1768 creditam
558 1733 697 1778 pignori
721 1732 819 1768 dedit
842 1743 885 1768 ac
904 1736 988 1778 post
1007 1732 1170 1768 condicio

78 1779 275 1824 legatorum
287 1778 432 1821 exstitit,
452 1779 510 1814 hic
530 1788 672 1823 quoque
687 1778 860 1813 tuendum
882 1787 972 1820 eum,
996 1778 1054 1812 cui
1072 1778 1171 1823 prius

23 1844 26 1848 ·
79 1827 100 1860 3
147 1824 275 1869 pignus
300 1824 422 1859 datum
445 1828 558 1865 esset,
591 1823 814 1858 existimavit.
861 1823 957 1858 Titia
987 1823 1173 1868 praedium

78 1870 234 1905 alienum
257 1869 352 1904 Titio
376 1869 514 1913 pignori
538 1868 646 1911 dedit,
671 1875 755 1913 post
773 1868 933 1903 Maevio:
960 1868 1088 1903 deinde
1107 1867 1170 1903 do-

79 1915 177 1950 mina
208 1915 283 1950 eius
315 1914 473 1959 pignoris
496 1913 596 1949 facta
619 1914 746 1948 marito
771 1924 835 1949 suo
859 1914 897 1948 in
922 1913 1041 1949 dotem
1065 1913 1171 1948 aesti-

79 1964 215 1998 matum
239 1959 346 1995 dedit.
383 1959 414 1994 si
437 1959 532 1994 Titio
557 1959 676 1994 soluta
706 1959 753 1994 sit
809 1959 954 2001 ecunia,
988 1969 1061 1994 non
1090 1958 1172 1994 ideo

80 2005 191 2051 magis
203 2004 334 2040 Maevii
346 2005 474 2050 pignus
496 2004 743 2039 convalescere
762 2015 786 2049 p
802 2004 939 2039 acebat.
971 2008 1060 2039 tunc
1080 2003 1172 2039 enim

79 2051 196 2104 priore
220 2050 364 2085 dimisso
389 2050 569 2102 sequentis
595 2049 826 2084 confirmatur
848 2049 988 2094 pignus,
1014 2059 1095 2084 cum
1113 2059 1172 2084 res

36 2107 45 2143 „⁴
79 2107 118 2131 in
151 2096 255 2131 bonis
292 2095 462 2130 debitoris
496 2095 715 2129 inveniatur:
759 2095 798 2129 in
831 2095 1016 2140 proposito
1051 2099 1172 2129 autem

17 2144 46 2187 ,ἴ
81 2141 230 2176 maritus
263 2141 430 2185 emptoris
462 2141 542 2175 loco
567 2143 639 2175 est:
673 2143 782 2185 atque
810 2140 910 2182 ideo,
944 2139 1028 2185 quia
1057 2149 1173 2184 neque

80 2190 168 2222 tunc
193 2197 275 2221 cum
298 2185 439 2221 Maevio
472 2185 688 2230 obligaretur
719 2195 835 2230 neque
867 2196 948 2220 cuin
972 2184 1067 2220 Titio
1100 2185 1171 2220 sol-

18 2230 45 2276 ξ’
80 2235 222 2267 veretur
244 2231 281 2266 in
305 2231 408 2266 bonis
432 2230 588 2265 mulieris
618 2229 746 2273 fuerit,
778 2230 915 2265 nullum
944 2233 1085 2275 tempus
1116 2230 1171 2264 in-

81 2277 210 2319 veniri,
244 2287 313 2321 quo
336 2276 465 2321 pignus
488 2275 620 2310 Maevii
644 2276 895 2311 convalescere
919 2276 1045 2321 possit.
1081 2275 1172 2311 haec

20 2314 53 2370 ,³
79 2325 202 2357 tamen
231 2322 303 2364 ita,
337 2322 368 2357 si
398 2321 494 2356 bona
523 2320 595 2356 fide
616 2321 654 2355 in
677 2321 796 2356 dotem
819 2320 1045 2356 aestimatum
1067 2331 1171 2365 prae-

18 2364 57 2417 ἒξ·
79 2366 178 2402 dium
200 2367 349 2402 maritus
370 2366 520 2411 accepit,
543 2365 581 2401 id
601 2369 657 2401 est
675 2366 706 2402 si
723 2365 901 2411 ignoravit
918 2366 1059 2401 Maevio
1081 2366 1171 2401 obli-

18 2416 55 2452 ,zi-L
105 2416 203 2447 atum
227 2422 315 2448 esse.

18 2451 60 2496 ⁷2&
79 2423 104 2458 g
130 2456 181 2495 10
214 2456 409 2493 Utmffvs
429 2457 518 2492 libro
537 2458 661 2503 primo
681 2467 939 2503 responsorum
985 2455 1024 2491 Si
1042 2459 1077 2491 et
1094 2456 1172 2491 iure

18 2503 63 2542 ’,ι-ζ’
81 2502 278 2538 iudicatum
309 2505 345 2538 et
373 2502 501 2547 pignus
525 2502 563 2536 in
587 2512 697 2537 causa
718 2501 867 2536 iudicati
891 2512 936 2537 ex
959 2501 1172 2536 auctoritate

18 2532 63 2581 f.
81 2548 159 2584 eius
182 2548 243 2593 qui
265 2547 390 2582 iubere
412 2547 530 2592 potuit
553 2551 699 2592 captum
723 2550 795 2590 est,
820 2546 1010 2592 privilegiis
1034 2550 1170 2591 tempo-

16 2591 59 2640 {cr-²
81 2593 130 2628 ris
160 2592 239 2628 fore
272 2593 446 2637 potiorem
479 2592 646 2628 heredem
681 2592 775 2635 eius,
809 2592 847 2627 in
883 2592 983 2627 cuius
1017 2602 1172 2636 persona

17 2642 38 2675 ἲ
81 2638 209 2684 pignus
234 2638 466 2673 constitutum
492 2641 555 2672 est.

18 2482 35 2530 *φη

17 2698 57 2727 ’.ι
132 2681 179 2720 11
211 2683 334 2720 GAIUs
353 2683 444 2719 libro
468 2683 651 2729 singulari
667 2682 711 2717 de
727 2682 891 2727 formula
911 2680 1173 2728 hypothecaria

18 2730 20 2770 ῗ
40 2727 70 2761 .”’“
83 2727 207 2764 Potior
231 2732 285 2764 est
306 2728 345 2763 in
366 2728 524 2773 pignore,
549 2728 610 2772 qui
632 2728 732 2773 prius
758 2727 906 2762 credidit
927 2727 1118 2772 pecuniam
1138 2731 1174 2762 et

18 2773 224 2818 accepit
253 2773 509 2819 hypothecam,
544 2773 703 2817 quamvis
735 2784 817 2808 cum
840 2773 910 2808 alio
935 2776 1019 2807 ante
1043 2782 1171 2808 conve-

18 2815 62 2866 ’ἧς
85 2823 197 2862 nerat,
221 2822 280 2861 ut,
306 2819 337 2853 si
361 2819 405 2853 ab
431 2828 471 2854 eo
496 2819 683 2863 pecuniam
707 2818 904 2862 acceperit,
930 2817 976 2852 sit
998 2827 1056 2852 res
1083 2817 1172 2852 obli-

18 2861 54 2910 {1²}
84 2867 179 2908 gata,
199 2863 306 2899 licet³
325 2863 371 2898 ab
392 2864 462 2898 hoc
481 2866 607 2908 postea
626 2863 783 2908 accepit:
805 2866 947 2907 poterat
966 2862 1068 2904 enim,
1089 2861 1174 2896 licet

18 2913 63 2958 ξς
90 2911 105 2943 1
154 2912 237 2944 ante
261 2909 435 2950 convenit,
460 2919 533 2943 non
557 2908 720 2953 accipere
743 2908 789 2943 ab
811 2918 852 2943 eo
871 2908 1071 2953 pecuniam.
1108 2907 1171 2941 Vi-

32 2961 67 2997 ’,τ’
83 2952 245 2996 deamus,
269 2964 316 2989 aii
337 2953 431 2988 idem
455 2953 643 2988 dicendum
662 2953 718 2996 sit,
743 2953 774 2988 si
794 2953 859 2988 sub
881 2953 1090 2988 condicione
1109 2952 1171 2987 sti-

21 2992 63 3046 [ξῖ
86 2998 269 3043 pulatione
300 2998 401 3034 facta
435 2998 638 3044 hypotheca
671 2997 756 3033 data
791 2998 855 3040 sit,
890 3008 961 3043 qua
994 2997 1172 3042 pendente

22 3064 36 3089 3v
83 3042 176 3078 alius
207 3043 358 3079 credidit
387 3054 476 3089 pure
507 3047 543 3078 et
573 3044 712 3087 accepit
744 3043 890 3078 eandem
922 3043 1170 3088 hypothecam,

35 3104 53 3119 ι
84 3090 173 3124 tunc
204 3088 330 3129 deinde
360 3089 512 3134 prioris⁴
545 3088 784 3133 stipulationis
816 3088 965 3123 exsistat
998 3087 1171 3130 condicio,

23 3136 38 3175 ‘J-
86 3135 128 3170 ut
148 3134 266 3178 potior
289 3134 336 3168 sit
382 3134 419 3168 ui
441 3137 567 3178 postea
590 3133 807 3168 credidisset.
844 3133 907 3168 sed
929 3143 1062 3175 vereor,
1087 3143 1172 3167 num

25 3185 26 3188 ’
88 3176 146 3212 hic
169 3178 265 3213 aliud
289 3179 335 3213 sit
377 3178 560 3213 icendum:
587 3189 667 3213 cum
687 3178 779 3213 enim
800 3179 908 3213 semel
928 3177 1089 3213 condicio
1111 3187 1171 3212 ex-

37 3263 39 3267 ,
60 3227 69 3269 ’ζ
84 3222 188 3266 stitit,
211 3223 357 3268 perinde
380 3224 542 3265 habetur,
568 3233 611 3258 ac
635 3224 666 3258 si
688 3223 748 3258 illo
771 3226 943 3267 tempore,
967 3233 1037 3267 quo
1058 3222 1170 3267 stipu-

51 3267 53 3271 ‘
88 3264 172 3303 latio
192 3268 402 3313 interposita
421 3272 485 3310 est,
507 3268 584 3303 sine
603 3268 811 3303 condicione
828 3268 927 3303 facta
939 3272 1043 3303 esset.
1077 3267 1172 3312 quod

90 3313 110 3346 2
156 3316 192 3347 et
207 3314 337 3349 melius
362 3317 425 3348 est.
474 3313 512 3348 Si
535 3313 681 3348 colonus
706 3313 880 3355 convenit,
904 3316 946 3348 ut
967 3313 1115 3347 inducta
1134 3312 1172 3347 in

87 3355 239 3393 fundum
260 3358 361 3393 illata
382 3358 432 3393 ibi
463 3362 549 3393 nata
578 3358 717 3402 pignori
748 3361 883 3399 essent,
917 3361 951 3392 et
981 3361 1172 3402 antequam

90 3399 246 3445 inducat,
271 3403 331 3438 alii
349 3413 423 3438 rein
442 3403 467 3437 h
492 3403 666 3447 pothecae
684 3403 825 3438 nomine
844 3403 1060 3447 obligaverit,
1085 3406 1172 3437 tunc

91 3444 216 3496 deinde
239 3458 316 3482 eam
339 3448 374 3482 in
394 3448 459 3482 fun
485 3459 544 3482 um
560 3447 749 3490 induxerit,
773 3448 891 3492 potior
910 3447 987 3490 erit,
1011 3447 1072 3492 qui
1090 3457 1171 3499 spe-

90 3491 226 3526 cialiter
249 3503 336 3536 pure
360 3493 509 3537 accepit,
535 3493 618 3537 quia
641 3502 713 3527 non
737 3502 782 3527 ex
806 3492 1038 3528 conventione
1060 3492 1172 3537 priori

89 3534 277 3579 obligatur,
303 3537 364 3571 sed
389 3547 432 3571 ex
457 3548 497 3572 eo
523 3537 618 3581 quod
640 3537 788 3572 inducta
803 3547 860 3572 res
882 3541 944 3578 est,
970 3537 1065 3581 quod
1088 3547 1170 3581 pos-

92 3648 134 3688 (ι)
158 3659 193 3680 re
205 3649 239 3680 F
334 3650 383 3691 (ν)
409 3652 442 3680 et
455 3650 515 3682 dez.
531 3651 602 3682 edd.
686 3652 728 3690 (2)
754 3650 853 3681 iuliis
867 3650 926 3682 ins.
1006 3651 1048 3691 (a)
1074 3649 1167 3691 ficet]

92 3691 223 3724 scilicet
235 3694 264 3725 si
276 3706 337 3726 scr.
408 3695 450 3734 (4)
462 3694 570 3734 priori
582 3695 616 3726 F
680 3696 722 3735 (5)
735 3694 884 3735 possidet
896 3694 930 3726 F
934 3693 948 3714 ²
1004 3695 1047 3734 (6)
1062 3697 1095 3726 et
1107 3696 1167 3727 ins.

90 3735 139 3776 (¹1)
162 3737 250 3769 unde
263 3739 322 3771 del.
338 3738 489 3782 Krueqer
665 3742 708 3780 (8)
733 3741 892 3773 servetur]
906 3739 1094 3771 invertatur
1105 3752 1168 3772 scr.

1161 114 1245 162 265

2195 119 2339 161 XX4

1245 243 1264 275 3
1311 240 1424 276 terius
1446 239 1585 275 factum
1609 242 1674 275 est.
1723 239 1762 275 Si
1785 240 1828 276 de
1851 241 1974 277 futura
1996 251 2036 277 re
2060 241 2274 284 convenerit,
2298 246 2342 277 ut

1243 285 1469 331 hypothecae
1491 285 1549 328 sit,
1574 284 1681 320 sicuti
1701 288 1756 320 est
1775 285 1818 320 de
1837 290 1956 330 partu,
1980 286 2051 322 hoc
2075 286 2271 339 quaeritur,
2291 297 2340 322 an

1244 330 1376 366 ancilla
1407 330 1651 366 conventionis
1682 334 1843 375 tempore
1865 332 1903 366 in
1926 332 2029 368 bonis
2052 331 2123 367 fuit
2146 331 2337 368 debitoris:

1244 379 1280 411 et
1311 375 1349 410 in
1379 375 1577 418 fructibus,
1609 375 1641 410 si
1673 375 1840 411 convenit
1870 381 1911 411 ut
1941 377 2012 412 sint
2035 377 2194 422 pignori,
2225 387 2340 423 aeque

1244 421 1446 466 quaeritur,
1479 431 1527 455 an
1558 419 1693 456 fundus
1716 420 1772 455 vel
1794 420 1850 456 ius
1874 422 1996 456 utendi
2018 421 2161 458 fruendi
2184 433 2339 459 conven-

1244 470 1265 501 4
1312 466 1420 502 tionis
1454 469 1615 511 tempore
1648 465 1759 501 fuerit
1793 466 1973 502 debitoris.
2022 467 2060 502 Si
2094 471 2246 513 paratus
2282 471 2339 504 est

1242 511 1422 556 posterior
1445 511 1600 547 creditor
1622 510 1734 556 priori
1757 511 1926 547 creditori
1949 511 2085 547 solvere
2109 513 2205 558 quod
2223 513 2256 549 ei
2276 513 2338 549 de-

1244 558 1367 600 betur,
1403 556 1595 592 videndum
1626 560 1700 598 est,
1733 566 1780 591 an
1805 561 1986 602 competat
2018 557 2051 592 ei
2081 558 2340 604 hypothecaria

1243 602 1340 637 actio
1366 602 1512 637 nolente
1535 602 1656 647 priore
1680 601 1855 637 creditore
1877 602 2068 647 pecuniam
2091 603 2267 648 accipere.
2303 607 2340 639 et

1242 647 1391 682 dicimus
1414 647 1526 692 priori
1550 646 1718 682 creditori
1740 646 1902 682 inutilem
1926 657 2005 683 esse
2027 648 2222 690 actionem,
2257 659 2339 684 cum

1241 703 1306 737 per
1330 702 1411 727 eum
1433 691 1508 735 fiat,
1533 702 1578 727 ne
1602 692 1635 728 ei
1683 692 1812 727 ecunia
1835 693 2004 728 solvatur.

1291 735 1342 774 12
1367 737 1605 773 MAROJANUS
1625 737 1653 772 li
1675 748 1717 773 ro
1736 738 1920 784 sinqulari
1935 738 1986 773 ad
2000 737 2202 784 formulam
2222 737 2338 785 hypo-

1243 782 1439 819 thecariam
1498 781 1662 818 Creditor
1696 783 1760 828 qui
1791 783 1890 827 prior
1922 783 2163 828 hypothecam
2198 784 2339 830 accepit

1241 828 1315 864 sive
1349 827 1556 874 possideat⁵
1587 838 1666 863 eam
1697 831 1733 863 et
1764 828 1855 863 alius
1889 828 2046 864 vindicet
2079 828 2339 874 hypothecaria

1245 874 1407 916 actione,
1439 873 1602 918 exceptio
1633 873 1745 918 priori
1775 873 1873 909 utilis
1906 877 1960 909 est
1984 873 2027 908 ‘si
2050 884 2122 909 non
2145 874 2233 908 mihi
2256 878 2339 910 ante

1242 922 1250 938 ‘
1279 918 1394 964 ignori
1415 918 1684 964 hypothecaeve
1706 919 1851 954 nomine
1873 919 1920 954 sit
1951 929 2009 954 res
2041 919 2231 964 obligata':
2265 919 2339 955 sive

1241 975 1263 999 a
1279 964 1310 999 ‘0
1346 964 1552 1008 possidente
1583 964 1682 1009 prior
1714 964 1870 999 creditor
1899 964 2056 999 vindicet
2079 964 2340 1010 hypothecaria

1241 1010 1384 1045 actione
1408 1012 1443 1044 et
1465 1009 1525 1044 ille
1549 1009 1704 1054 excipiat
1728 1009 1771 1044 ‘si
1794 1020 1867 1045 non
1891 1009 2075 1052 convenit,
2108 1013 2150 1044 ut
2181 1009 2250 1045 sibi
2280 1020 2338 1045 res

1241 1055 1300 1090 ‘sit
1323 1054 1503 1099 obligata',
1527 1054 1586 1090 hic
1609 1055 1647 1089 in
1670 1054 1815 1090 modum
1838 1065 1948 1100 supra
1970 1055 2122 1090 relatum
2139 1055 2337 1100 replicabit.

1240 1100 1305 1136 sed
1336 1099 1367 1135 si
1398 1111 1480 1135 cuin
1510 1100 1580 1135 alio
1639 1110 1821 1135 ossessore
1853 1100 2007 1136 creditor
2039 1099 2219 1135 secundus
2244 1104 2338 1145 agat,

1239 1149 1338 1181 recte
1361 1149 1444 1191 aget
1467 1149 1504 1181 et
1526 1145 1610 1180 adiu
1638 1145 1724 1180 ‘cari
1747 1145 1779 1180 ei
1802 1146 1935 1190 poterit
1957 1145 2178 1191 hypotheca,
2210 1148 2252 1180 ut
2282 1149 2338 1180 ta-

1243 1194 1258 1226 1
1307 1201 1390 1226 men
1423 1191 1523 1236 prior
1559 1201 1641 1226 cum
1676 1201 1718 1226 eo
1755 1190 1892 1235 agendo
1926 1191 2069 1226 auierat
2102 1191 2135 1226 ei
2164 1201 2251 1226 rem.
2301 1190 2340 1226 Si

1240 1236 1408 1282 quoniam
1438 1247 1512 1271 non
1542 1236 1758 1272 restituebat
1787 1246 1863 1271 rem
1893 1236 2116 1281 pigneratam
2148 1246 2339 1280 possessor

1241 1281 1498 1317 condemnatus
1532 1292 1577 1317 ex
1608 1281 1781 1327 praefatis
1812 1281 1926 1316 modis
1958 1281 2030 1316 litis
2055 1281 2339 1317 aestimationem

1241 1327 1439 1369 exsolverit,
1465 1337 1513 1362 an
1536 1326 1684 1372 perinde
1707 1326 1865 1362 secundo
1891 1326 2059 1362 creditori
2083 1330 2268 1370 teneatur,
2293 1336 2338 1362 ac

1241 1372 1272 1408 si
1303 1372 1421 1408 soluta
1452 1372 1500 1407 sit
1528 1372 1683 1417 pecunia
1717 1372 1828 1417 priori
1861 1371 2047 1414 creditori,
2073 1372 2265 1424 quaeritur.
2303 1375 2362 1407 et⁴

1241 1420 1261 1452 2
1307 1421 1406 1453 recte
1428 1421 1517 1462 puto
1541 1418 1611 1453 hoc
1635 1417 1893 1453 admittendum
1911 1427 2000 1452 esse.
2049 1416 2088 1452 Si
2107 1417 2254 1462 primus,
2277 1417 2340 1462 qui

1241 1463 1317 1498 sine
1339 1463 1543 1515 hypotheca
1566 1462 1735 1505 credidit,
1759 1466 1842 1508 post
1865 1462 2082 1505 secundum,
2115 1462 2176 1508 qui
2199 1466 2338 1498 utrum-

1241 1519 1311 1554 que
1333 1508 1430 1550 fecit,
1457 1508 1557 1553 ⁶ipse
1579 1508 1818 1554 hypothecam
1842 1508 1994 1560 accepit,
2020 1508 2097 1543 sine
2121 1507 2228 1543 dubio
2253 1518 2338 1553 pos-

1240 1553 1350 1589 terior
1371 1554 1410 1588 in
1433 1553 1637 1599 hypotheca
1662 1557 1734 1589 est:
1766 1553 1886 1588 unde⁷
1910 1563 1941 1589 si
1971 1554 2009 1588 in
2042 1553 2134 1588 diem
2158 1553 2202 1588 de
2224 1553 2249 1587 h
2299 1563 2337 1588 o-

1240 1599 1348 1634 theca
1372 1599 1548 1641 convenit,
1574 1599 1722 1634 dubium
1745 1609 1819 1634 non
1839 1602 1903 1641 est,
1929 1599 2015 1643 quin
2035 1598 2156 1644 potior
2173 1598 2230 1640 sit,
2282 1601 2339 1633 cet

1241 1648 1326 1679 ante
1349 1644 1442 1679 diem
1467 1654 1548 1679 cum
1572 1644 1643 1679 alio
1669 1643 1845 1679 creditore
1868 1654 1959 1689 pure
1983 1643 2027 1679 de
2047 1643 2172 1679 eadem
2190 1654 2231 1678 re
2251 1653 2337 1678 con-

1241 1692 1261 1725 3
1307 1689 1414 1724 venit.
1463 1688 1502 1724 Si
1524 1689 1617 1724 idem
1639 1689 1707 1732 bis,
1731 1689 1768 1724 id
1792 1692 1847 1724 est
1869 1692 1953 1724 ante
1978 1688 2175 1724 secundum
2199 1692 2236 1723 et
2254 1691 2339 1734 post

1241 1745 1322 1770 eum
1347 1734 1545 1776 crediderit,
1569 1734 1607 1769 in
1630 1735 1749 1779 priore
1772 1734 1927 1779 pecunia
1950 1734 2069 1779 potior
2090 1737 2145 1769 est
2165 1733 2337 1776 secundo,

1241 1783 1263 1815 4
1307 1780 1346 1814 in
1368 1779 1567 1825 posteriore
1589 1780 1716 1815 tertius
1741 1784 1806 1815 est.
1855 1779 1894 1815 Si
1916 1783 2037 1814 tecum
2061 1779 2105 1814 de
2128 1778 2335 1824 hypotheca

1240 1825 1448 1870 paciscatur
1471 1824 1630 1867 debitor,
1655 1825 1783 1860 deinde
1805 1824 1899 1860 idem
1924 1835 2006 1860 cum
2030 1824 2099 1859 alio
2124 1828 2189 1859 tua
2211 1824 2338 1859 volun-

1240 1874 1336 1912 tate,
1362 1869 1542 1905 secundus
1565 1870 1685 1914 potior
1709 1870 1794 1905 erit:
1819 1870 1973 1915 pecunia
1997 1873 2116 1905 autem
2139 1870 2259 1905 soluta
2281 1879 2337 1905 se-

1243 1915 1360 1951 cundo
1394 1926 1442 1950 an
1470 1925 1596 1950 rursus
1627 1919 1794 1950 teneatur
1816 1915 1893 1958 tibi,
1917 1918 2015 1950 recte
2039 1914 2235 1959 quaeritur.
2270 1914 2339 1949 erit

1242 1964 1362 1996 autem
1385 1960 1474 1996 facti
1498 1960 1659 2005 quaestio
1685 1960 1873 2005 agitanda,
1906 1960 1991 2005 quid
2013 1960 2106 1995 inter
2130 1970 2191 1995 eos
2216 1963 2338 1995 actum

1242 2006 1304 2048 sit,
1336 2009 1474 2047 utrum,
1509 2009 1551 2040 ut
1582 2005 1789 2041 discedatur
1820 2006 1867 2040 ab
1899 2006 2104 2051 hypotheca
2137 2005 2175 2040 in
2208 2008 2337 2048 totum,

1241 2051 1340 2096 prior
1364 2051 1543 2087 concessit
1567 2050 1722 2086 creditor
1746 2051 1806 2086 alii
1829 2050 1978 2095 obligari
2001 2051 2259 2096 hypothecam,
2290 2060 2338 2086 an

1241 2100 1283 2131 ut
1302 2096 1390 2132 ordo
1412 2097 1596 2132 servetur⁸
1620 2100 1655 2131 et
1677 2096 1776 2141 prior
1795 2096 1949 2131 creditor
1969 2095 2127 2131 secundo
2147 2096 2227 2131 loco
2251 2106 2337 2131 con-

1242 2145 1261 2176 5
1309 2142 1492 2177 stituatur.
1539 2141 1761 2187 Papinianus
1784 2141 1876 2181 libro
1900 2140 2089 2176 undecimo
2114 2141 2301 2221 resipondit
2310 2141 2337 2183 ⁹,

1241 2187 1272 2222 si
1302 2187 1401 2232 prior
1432 2186 1588 2222 creditor
1615 2190 1743 2232 postea
1774 2186 1965 2221 novatione
1987 2185 2088 2221 facta
2112 2195 2155 2221 ea
2182 2196 2237 2221 em
2259 2187 2334 2231 pig-

1241 2243 1331 2267 nora
1355 2242 1436 2267 cum
1449 2233 1477 2253 ¹⁰
1501 2232 1580 2267 aliis
1605 2232 1766 2277 accepit,
1799 2231 1837 2266 in
1870 2242 1973 2266 suum
2004 2232 2125 2267 locum
2150 2242 2231 2266 eum
2255 2242 2336 2267 suc-

1242 2277 1386 2313 cedere:
1412 2277 1475 2312 sed
1499 2277 1529 2312 si
1552 2277 1732 2312 secundus
1757 2288 1830 2312 non
1854 2276 1983 2312 offerat
2004 2277 2206 2322 pecuniam,
2230 2286 2338 2322 posse

1240 2323 1395 2368 priorem
1424 2322 1595 2365 vendere,
1627 2326 1668 2357 ut
1698 2322 1849 2374 primam
1880 2325 2020 2357 tantum
2050 2322 2241 2367 pecuniam
2274 2332 2335 2357 ex-

1240 2378 1389 2413 pensam
1418 2367 1530 2410 ferat,
1563 2378 1637 2403 non
1669 2371 1775 2402 etiam
1807 2377 1914 2412 quam
1944 2370 2073 2412 postea
2097 2366 2267 2409 credidit,
2301 2374 2338 2401 et

1242 2413 1337 2458 quod
1368 2412 1588 2458 superfluum
1619 2423 1663 2447 ex
1695 2412 1872 2448 anteriore
1904 2412 2040 2448 credito
2072 2412 2230 2456 accepit,
2266 2411 2336 2447 hoc

1242 2461 1262 2493 6
1309 2458 1468 2494 secundo
1500 2458 1678 2493 restituat.
1727 2457 1918 2492 Sciendum
1951 2461 2006 2492 est
2037 2457 2194 2492 secundo
2221 2456 2335 2491 credi-

1240 2503 1312 2538 tori
1341 2514 1417 2538 rem
1446 2503 1560 2538 teneri
1591 2503 1698 2538 etiam
1729 2503 1839 2538 invito
1873 2502 2033 2537 debitore
2063 2506 2137 2536 tam
2167 2501 2206 2536 in
2230 2512 2335 2536 suuni

1242 2548 1399 2583 debitum
1431 2558 1539 2593 quam
1569 2548 1608 2583 iii
1639 2548 1744 2600 primi
1768 2547 1951 2583 creditoris
1977 2551 2013 2582 et
2034 2547 2073 2582 in
2096 2557 2225 2582 usuras
2249 2556 2334 2582 suas

1242 2597 1277 2628 et
1300 2604 1390 2638 quas
1413 2594 1528 2638 primo
1554 2593 1722 2628 creditori
1745 2593 1867 2628 solvit:
1902 2592 1964 2627 sed
1986 2596 2108 2627 tamen
2131 2601 2333 2634 usurarum,

1242 2649 1331 2684 quas
1356 2638 1524 2674 creditori
1547 2638 1660 2683 primo
1686 2638 1800 2680 solvit,
1826 2647 1953 2672 usuras
1977 2647 2050 2672 non
2076 2640 2333 2682 consequetur:

1239 2695 1313 2719 non
1336 2684 1429 2718 enim
1452 2683 1633 2728 negotium
1656 2683 1803 2718 alterius
1826 2682 1953 2727 gessit,
1985 2681 2049 2717 sed
2080 2682 2191 2726 magis
2216 2692 2332 2717 suum.

1241 2733 1277 2764 et
1306 2729 1359 2764 ita
1380 2729 1602 2774 Papinianus
1633 2728 1724 2763 libro
1755 2728 1861 2762 tertio
1893 2737 2146 2772 responsorum
2178 2727 2333 2772 scripsit,

1241 2777 1259 2808 7
1309 2778 1346 2809 et
1364 2784 1486 2810 verum
1507 2777 1571 2809 est.
1620 2773 1658 2808 Si
1677 2772 1883 2817 simpliciter
1907 2772 2131 2808 convenisset
2154 2772 2334 2808 secundus

1242 2819 1396 2854 creditor
1420 2819 1463 2853 de
1487 2819 1709 2864 hypotheca,
1744 2817 1789 2852 ab
1816 2817 1910 2852 omni
1933 2827 2141 2862 possessore
2164 2827 2244 2852 eam
2267 2828 2333 2852 au-

1239 2864 1332 2899 ferre
1355 2864 1486 2908 poterit
1507 2867 1652 2942 praeter
1673 2862 1828 2907 priorem
1853 2862 2063 2898 creditorem
2087 2866 2123 2898 et
2142 2863 2203 2908 qui
2223 2862 2269 2897 ab
2290 2873 2331 2898 eo

1241 2912 1260 2944 8
1308 2909 1403 2943 emit.
1450 2909 1484 2943 A
1539 2908 1601 2943 itio
1625 2911 1809 2942 mutuatus
1832 2910 1961 2952 pactus
1986 2911 2040 2943 est
2064 2918 2146 2943 cum
2177 2907 2259 2950 illo,
2292 2911 2334 2942 ut

1241 2954 1273 2989 ei
1295 2953 1480 2998 praedium
1502 2963 1606 2987 suum
1624 2952 1764 2997 pignori
1782 2952 2047 2998 hypothecaeve
2068 2956 2179 2988 esset:
2205 2952 2333 2988 deinde

1240 3002 1422 3034 mutuatus
1455 3001 1510 3033 est
1540 2998 1730 3042 pecuniam
1752 3007 1775 3032 a
1796 2997 1935 3033 Maevio
1961 3001 1997 3032 et
2019 3001 2148 3043 pactus
2173 3001 2229 3032 est
2252 3008 2333 3032 cum

1241 3055 1295 3087 eo,
1319 3047 1371 3086 ut,
1397 3043 1427 3078 si
1447 3043 1540 3078 Titio
1567 3042 1711 3077 desierit
1733 3042 1918 3088 praedium
1939 3043 2063 3085 teneri,
2090 3043 2122 3078 ei
2145 3045 2329 3078 teneatur:

1239 3089 1366 3125 tertius
1390 3088 1516 3123 deinde
1540 3087 1667 3132 aliquis
1692 3087 1754 3122 dat
1776 3091 1936 3122 mutuam
1959 3088 2149 3132 pecuniam
2172 3087 2256 3130 tibi,
2289 3091 2330 3122 ut

1240 3133 1335 3169 Titio
1361 3134 1513 3169 solveres
1528 3134 1575 3174 ¹²,
1601 3135 1637 3167 et
1659 3133 1853 3178 paciscitur
1874 3136 2013 3175 tecum,
2042 3136 2084 3167 ut
2105 3132 2199 3167 idem
2222 3142 2328 3177 prae-

1240 3179 1336 3214 dium
1368 3178 1400 3214 ei
1422 3178 1561 3222 pignori
1582 3177 1849 3223 hypothecaeve
1872 3177 1919 3212 sit
1942 3181 1978 3213 et
1999 3178 2119 3213 locum
2142 3178 2218 3212 eius
2243 3177 2329 3212 sub-

1240 3224 1354 3259 eat¹2:
1388 3234 1473 3258 num
1495 3223 1554 3257 hic
1577 3222 1714 3258 medius
1737 3223 1842 3258 tertio
1857 3223 1884 3244 ¹³
1906 3223 2026 3268 potior
2050 3226 2122 3264 est,
2156 3223 2217 3267 qui
2240 3231 2329 3273 pac-

1239 3272 1298 3304 tus
1330 3271 1402 3311 est,
1434 3271 1476 3303 ut
1499 3267 1593 3303 Titio
1624 3267 1744 3303 soluta
1765 3267 1918 3312 pecunia
1940 3268 2130 3312 impleatur
2154 3266 2328 3307 condicio,

1240 3317 1277 3348 et
1306 3314 1431 3348 tertius
1465 3312 1509 3347 de
1533 3323 1599 3347 sua
1621 3313 1843 3357 neglegentia
1867 3313 1966 3357 queri
1989 3312 2143 3347 debeat?
2178 3311 2241 3346 sed
2272 3314 2327 3344 ta-

1239 3369 1320 3394 men
1345 3362 1379 3393 et
1401 3358 1460 3392 hic
1482 3357 1607 3393 tertius
1633 3357 1788 3392 creditor
1808 3357 1964 3392 secundo
1984 3356 2238 3401 praeferendus
2260 3358 2325 3390 est.

1240 3406 1260 3438 9
1308 3403 1346 3437 Si
1375 3402 1502 3438 tertius
1535 3402 1689 3438 creditor
1718 3402 1869 3447 pignora
1892 3413 1959 3437 sua
1983 3401 2131 3436 distrahi
2154 3399 2328 3445 permittit

1240 3447 1287 3482 ad
1303 3448 1384 3489 hoc,
1405 3451 1447 3482 ut
1466 3447 1577 3492 priori
1596 3447 1749 3492 pecunia
1768 3447 1887 3482 soluta
1905 3447 1943 3481 in
1963 3446 2059 3481 aliud
2078 3445 2204 3490 pignus
2215 3444 2327 3489 priori

1239 3493 1427 3535 succedat,
1459 3502 1709 3527 successurum
1743 3502 1822 3527 eum
1845 3492 2064 3536 Papinianus
2096 3490 2186 3524 libro
2211 3489 2324 3523 unde-

1241 3537 1330 3572 cimo
1354 3547 1605 3582 responsorum
1629 3537 1781 3581 scripsit.
1819 3540 1855 3572 et
1879 3536 2020 3571 omnino
2045 3534 2222 3570 secundus
2247 3543 2326 3568 cre-

1651 3650 1710 3690 (10)
1736 3651 1824 3689 cum]
1838 3648 1953 3680 f....F
2039 3648 2092 3687 (11)
2118 3643 2328 3678 solveretF2

1589 3695 1647 3735 (13)
1673 3694 1774 3725 tertio
1788 3694 1848 3726 del.

1240 3652 1283 3689 (9)
1308 3666 1352 3678 =
1367 3650 1385 3682 l.
1401 3656 1478 3692 3pr.
1493 3651 1522 3683 Ῑι.
1537 3657 1558 3683 t.

1239 3695 1296 3736 (12)
1323 3692 1466 3726 subeant
1480 3695 1512 3726 F

2010 3792 2054 3825 34
