2528 3918
124 123 366 157 PE'n'rioNE

119 235 333 284 praedonem
388 235 425 270 ui
456 233 538 271 dolo
571 235 687 276 caret,
720 232 879 291 quamvis
909 232 947 268 in
981 233 1060 269 iure
1096 235 1201 269 erret.

122 286 138 319 7
188 281 238 317 ‘Si
261 284 345 317 ante
393 283 464 316 tem
488 282 744 321 contestatam,
768 278 892 324 inquit,
926 278 1109 314 ‘fecerit’¹:
1134 278 1204 314 hoc

119 328 198 364 ideo
215 326 404 368 adiectum,
429 324 596 405 (Quoniam
612 327 695 370 post
711 324 810 359 litem
828 327 1065 360 contestatam
1081 334 1203 360 omnes

118 372 293 419 incipiunt
307 371 422 407 malae
463 369 519 405 dei
534 379 760 415 possessores
776 379 865 411 esse,
916 370 977 405 uin
1000 370 1106 406 immo
1122 372 1205 414 post

120 416 395 455 controversiam
403 419 546 451 motam.
573 425 788 461 quamquam
797 414 890 450 enim
914 414 970 450 'tis
982 418 1203 451 contestatae

119 463 250 500 mentio
266 461 331 497 fiat
345 461 382 497 in
398 465 544 497 senatus
562 460 736 503 consulto,
761 463 881 496 tamen
898 460 950 495 et²
973 463 1056 506 post
1070 462 1204 496 motam

120 507 395 546 controversiam
419 516 540 542 omnes
555 515 779 551 possessores
795 515 901 551 pares
925 504 1018 541 fiunt
1042 509 1077 542 et
1100 505 1204 551 quasi

118 553 315 602 praedones
330 556 508 588 tenentur.
535 555 570 587 et
585 551 655 587 hoc
678 551 756 586 iure
779 550 886 587 hodie
910 551 1059 587 utimur:
1087 550 1205 597 coepit

118 600 211 636 enim
234 598 327 635 scire
357 608 432 633 rem
464 596 511 632 ad
534 607 573 633 se
597 607 670 632 non
692 596 929 642 pertinentem
959 597 1142 642 possidere
1166 606 1204 631 se

117 646 147 682 is
171 644 232 691 qui
254 643 510 690 interpellatur.
537 642 598 688 qui
613 653 695 678 vero
738 641 846 677 raedo
864 645 928 685 est,
956 646 991 678 et
1007 646 1091 678 ante
1106 642 1203 677 litem

118 692 355 727 contestatam
381 688 452 724 doli
467 688 610 724 nomine
624 691 706 723 tene
731 688 819 723 itur:
845 687 904 723 1110
921 691 975 724 081
990 688 1083 723 enim
1100 687 1202 723 dolus

118 739 137 772 8
184 734 407 782 praeteritus.
449 733 636 776 ‘Perinde’,
653 733 1091 778 inquit,‘condemnandos
1101 733 1203 778 quasi

117 780 381 828 ‘possiderent'z
406 779 549 814 merito:
576 788 659 814 nam
673 779 704 814 is
721 779 782 824 qui
799 778 879 814 dolo
896 778 982 815 fecit
998 790 1068 824 quo
1085 778 1203 814 minus

142 826 333 867 ossideret,
357 827 398 860 ut
421 834 607 870 possessor
631 824 898 860 condemnatur.
932 824 1105 870 accipies,
1131 824 1204 860 sive

116 839 197 908 Solo
214 870 356 907 desierit
378 869 560 916 possidere
585 870 657 906 sive
673 869 754 905 dolo
771 870 1033 915 possessionem
1049 869 1204 905 noluerit

117 917 311 954 admittere.
337 916 410 952 sive
433 918 551 951 autem
574 915 620 951 ab
645 915 714 950 0110
738 925 795 951 108
819 915 1046 960 possideatur
1070 915 1143 951 sive
1167 915 1203 949 in

116 967 230 999 totum
253 973 326 998 non
351 964 457 1004 extet,
481 960 600 996 locum
623 960 771 996 habebit
794 960 885 996 haec
902 961 1074 996 clausula.
1108 960 1203 995 unde

116 1009 147 1045 si
162 1008 208 1045 sit
224 1007 315 1044 alius
331 1017 529 1053 possessor,
554 1006 600 1042 ab
616 1009 770 1052 utroque
784 1006 964 1042 hereditas
980 1006 1053 1051 peti
1069 1006 1200 1052 possit:

117 1058 152 1091 et
175 1054 205 1090 si
227 1064 291 1099 per
314 1052 443 1089 multos
467 1052 701 1087 ambulaverit
723 1051 922 1098 possessio,
957 1062 1078 1087 omnes
1102 1055 1200 1087 tene-

116 1103 136 1136 9
183 1099 327 1135 buntur.
377 1097 448 1134 Sed
471 1100 591 1133 utrum
614 1097 645 1133 is
670 1097 768 1133 solus
793 1097 853 1142 qui
876 1097 1037 1143 possidet
1060 1097 1201 1133 fructus

116 1144 315 1191 praestabit
337 1154 384 1179 an
401 1143 507 1179 etiam
530 1143 560 1178 is
585 1143 646 1188 qui
670 1143 752 1179 dolo
776 1142 863 1179 fecit
886 1153 958 1188 quo
983 1143 1101 1178 miuus
1144 1153 1200 1178 os-

116 1190 272 1227 sideret?
310 1192 347 1225 et
378 1188 568 1225 dicendum
600 1189 667 1223 erit
697 1192 780 1234 post
812 1192 957 1225 senatus
1000 1199 1087 1224 cons
1126 1192 1203 1223 tum

118 1239 159 1272 10
207 1235 312 1271 ambo
335 1234 458 1270 teneri.
498 1234 598 1270 Haec
621 1234 730 1270 verba
754 1238 900 1270 senatus
918 1234 1072 1270 consulti
1097 1233 1203 1269 etiam

116 1281 285 1318 adversus
302 1291 381 1316 eum
405 1280 465 1325 qui
480 1290 552 1315 non
567 1279 726 1325 possidet
748 1279 993 1315 iusiurandum
1008 1279 1200 1315 inducunt:

115 1331 189 1363 tam
221 1325 313 1363 enim
344 1325 514 1361 adversus
546 1335 626 1360 eum
658 1324 718 1370 qui
750 1325 832 1361 dolo
865 1324 952 1360 fecit
984 1335 1053 1370 quo
1086 1324 1202 1360 minus

116 1371 298 1419 possideat
313 1381 419 1417 quam
436 1370 603 1406 adversus
620 1370 860 1416 possidentem
876 1371 913 1406 in
936 1371 1034 1406 litem
1049 1370 1200 1406 iuratur.

119 1421 156 1453 11
208 1417 394 1453 Consuluit
418 1420 563 1452 senatus
587 1416 705 1452 bonae
728 1415 811 1452 fidei
842 1416 1132 1462 possessoribus,
1158 1426 1203 1451 ne

117 1464 154 1499 in
185 1466 300 1500 totum
331 1462 460 1498 damno
493 1461 750 1504 adficiantur³,
783 1461 846 1498 sed
877 1462 915 1497 in
946 1462 983 1497 id
1015 1461 1204 1497 dumtaxat

116 1512 315 1551 teneantur,
339 1508 375 1543 in
401 1518 470 1553 quo
495 1507 746 1552 locupletiores
770 1507 859 1543 facti
877 1511 970 1543 sunt.
998 1517 1201 1552 quemcum-

142 1564 187 1590 ue
209 1554 220 1589 i
247 1554 316 1589 'tur
340 1556 518 1598 sumptum
542 1551 694 1588 fecerint
726 1563 770 1587 ex
800 1552 1020 1595 hereditate,
1054 1552 1085 1587 si
1141 1551 1203 1587 uid

117 1566 226 1645 dilapi
252 1603 401 1635 averunt
437 1597 686 1643 perdiderunt,
728 1597 811 1633 dum
845 1608 884 1634 re
926 1608 993 1633 sua
1028 1607 1067 1633 se
1103 1607 1124 1632 a
1151 1596 1204 1632 uti

116 1648 256 1691 putant,
282 1655 354 1680 non
377 1643 625 1690 praestabunt.
652 1653 719 1679 nec
743 1643 773 1679 si
798 1643 1019 1686 donaverint,
1043 1642 1126 1678 locu
1153 1642 1202 1678 le-

117 1691 225 1727 tiores
255 1689 344 1725 facti
369 1689 600 1732 videbuntur,
633 1688 794 1734 quamvis
826 1689 873 1724 ad
904 1698 1118 1724 remuneran
1145 1698 1204 1723 um

117 1736 185 1772 sibi
209 1736 363 1781 aliquem
387 1734 597 1770 naturaliter
621 1734 877 1779 obligaverunt.
911 1735 1020 1779 plane
1044 1733 1075 1769 si
1101 1730 1203 1767 ἄντί-

119 1780 220 1827 δωρα
231 1782 245 1802 ⁴
263 1784 491 1826 acceperunt,
516 1779 703 1816 dicendum
720 1783 774 1816 est
790 1784 938 1816 eatenus
953 1779 1205 1824 locupletiores

117 1827 252 1869 factos,
286 1830 461 1872 quatenus
488 1829 720 1870 acceperunt:
754 1826 849 1861 velut
879 1836 992 1871 genus
1025 1824 1205 1870 quoddam

121 1876 160 1908 12
207 1873 276 1908 1100
302 1876 395 1907 08801
417 1871 700 1917 permutationis.
749 1870 786 1906 Si
817 1871 895 1923 quis
919 1881 959 1906 re
983 1881 1050 1906 sua
1073 1870 1205 1906 lautius

117 1929 204 1954 usus
229 1918 276 1953 sit
301 1916 597 1962 contemplatione
622 1916 760 1952 delatae
776 1916 844 1952 sibi
859 1916 1079 1958 hereditatis,
1106 1915 1204 1951 Mar-

119 1964 230 1999 cellus
262 1963 353 1998 libro
386 1962 508 2008 quinto
542 1962 759 2007 digestorum
790 1965 895 2007 putat
927 1962 1014 1997 nihil
1047 1971 1126 1997 eum
1163 1971 1206 1996 ex

121 2012 161 2045 13
208 2008 406 2044 hereditate
422 2007 668 2050 deducturum,
685 2007 803 2043 sicam
819 2018 891 2043 non
907 2007 1024 2052 attigit
1035 2008 1058 2042 ⁵.
1094 2006 1206 2042 Simili

119 2054 223 2090 modo
249 2060 286 2089 et
309 2054 339 2089 si
362 2057 523 2089 mutuam
546 2053 736 2098 pecuniam
754 2053 904 2098 accepit,
930 2052 1033 2098 quasi
1054 2052 1151 2088 dives
1168 2062 1206 2087 se

122 2103 161 2135 14
217 2098 405 2144 deceperit.
463 2098 500 2134 Si
540 2103 660 2134 tamen
698 2098 837 2144 pignori
874 2109 932 2134 res
971 2097 1205 2133 hereditarias

119 2145 233 2188 dedit,
274 2144 480 2186 videndum,
522 2154 568 2179 an
598 2143 654 2179 vel
693 2144 745 2179 sic
778 2144 974 2189 attingatur
1006 2143 1204 2179 hereditas:

122 2195 161 2226 15
211 2190 306 2236 quod
331 2193 386 2226 est
410 2188 564 2232 difficile,
599 2200 680 2225 cum
702 2189 779 2235 ipse
804 2189 850 2225 sit
875 2189 1064 2234 obligatus.
1104 2188 1205 2224 Adeo

119 2240 237 2273 autem
261 2235 322 2282 qui
345 2235 557 2280 locupletior
579 2234 700 2271 factus
716 2245 789 2270 non
814 2238 869 2270 est
893 2245 965 2270 non
989 2238 1142 2276 tenetur,
1167 2238 1207 2269 ut

118 2283 149 2318 si
172 2282 251 2327 quis
275 2284 406 2326 putans
431 2291 469 2316 se
493 2291 537 2316 ex
560 2290 641 2316 asse
656 2280 839 2316 heredem⁶
863 2285 1002 2326 partem
1027 2279 1207 2315 dimidiam

119 2327 326 2363 hereditatis
359 2326 435 2362 sine
467 2325 548 2361 dolo
581 2326 673 2361 malo
708 2325 979 2371 consumpserit,
1012 2325 1206 2361 Marcellus

118 2373 207 2409 libro
240 2375 366 2425 quarto
393 2371 609 2416 digestorum
632 2374 783 2413 tractat,
816 2382 902 2406 num
934 2382 1006 2407 non
1029 2374 1205 2413 teneatur,

119 2418 221 2464 quasi
243 2418 280 2453 id
304 2417 400 2463 quod
424 2416 620 2462 erogaverit
644 2427 687 2452 ex
712 2427 752 2452 eo
777 2416 903 2459 fuerit,
936 2416 1032 2462 quod
1057 2416 1102 2451 ad
1127 2426 1207 2451 eum

120 2474 191 2499 non
214 2463 434 2509 pertinebat,
467 2462 531 2498 sed
555 2461 601 2497 ad
626 2461 836 2498 coheredes:
870 2472 952 2497 nam
977 2465 1013 2497 et
1037 2462 1067 2497 si
1090 2462 1121 2497 is
1147 2461 1207 2506 qui

120 2509 222 2545 heres
246 2512 319 2544 non
343 2511 421 2543 erat
444 2511 578 2550 totum,
612 2507 784 2552 quidquid
815 2507 913 2553 apud
937 2518 975 2543 se
997 2506 1086 2549 fuit,
1121 2517 1205 2542 con-

119 2554 338 2600 sumpsisset,
364 2553 440 2589 sine
464 2552 571 2588 dubio
596 2563 669 2588 non
692 2556 844 2596 tenetur,
871 2552 973 2598 quasi
996 2552 1207 2598 locupletior

119 2610 191 2636 non
214 2599 344 2635 factus.
370 2598 433 2635 sed
456 2598 494 2633 in
517 2598 703 2643 proposita
752 2598 938 2634 uaestione
961 2598 1075 2634 tribus
1099 2597 1205 2633 visio-

120 2645 224 2681 nibus
255 2644 396 2688 relatis,
428 2654 502 2679 una
533 2643 692 2688 prima⁷:
759 2643 862 2679 einde
895 2643 964 2678 alia
994 2653 1103 2689 posse
1136 2642 1206 2678 dici

120 2694 235 2727 totum
266 2690 362 2735 quod
394 2692 558 2734 superest
589 2688 778 2724 restituere
810 2699 890 2724 eum
923 2688 1070 2732 debere,
1103 2688 1207 2734 quasi

121 2746 221 2772 suam
245 2739 384 2781 partem
402 2733 677 2779 consumpserit:
703 2734 810 2769 tertia
833 2734 975 2779 utrique
999 2733 1095 2786 quod
1121 2744 1205 2769 con-

121 2785 301 2827 sumptum
333 2783 387 2816 est
419 2779 607 2816 decedere:
642 2779 692 2814 ait
723 2779 848 2824 utique
879 2779 1040 2814 nonnihil
1063 2779 1205 2814 restitu-

122 2826 269 2869 endum,
296 2826 339 2862 de
362 2825 422 2861 illo
448 2825 607 2867 dubitat,
632 2828 753 2860 utrum
776 2828 892 2861 totum
917 2835 964 2860 an
987 2828 1127 2869 partem
1150 2833 1206 2859 re-

120 2872 336 2908 stituendam
375 2870 489 2906 dicat:
530 2873 617 2915 puto
656 2873 777 2905 tamen
816 2869 998 2905 residuum
1031 2869 1085 2904 int
1173 2880 1208 2904 m

121 2929 192 2954 non
224 2927 302 2953 esse
331 2915 610 2957 restituendum,
641 2915 705 2951 sed
735 2919 874 2996 {artem
907 2915 981 2950 eius
1015 2914 1098 2950 dimi
1126 2915 1205 2950 'am.

125 2965 164 2999 16
212 2962 315 3008 Quod
338 2966 457 2997 autem
482 2961 559 3007 quis
584 2971 628 2996 ex
651 2961 736 2996 here
764 2960 848 2996 ‘tate
880 2960 1055 3005 erogavit,
1087 2964 1207 2995 utrum

122 3011 236 3044 totum
260 3006 411 3043 decedat
434 3017 480 3041 an
504 3016 586 3042 vero
611 3017 677 3051 pro
701 3009 782 3041 rata
797 3005 1018 3052 patrimoniif’
1042 3005 1144 3041 eius?
1167 3008 1208 3040 ut

122 3056 209 3098 puta
224 3063 355 3099 penum
374 3051 627 3087 hereditarium
645 3051 771 3087 ebibit:
800 3055 920 3087 utrum
936 3054 1051 3086 totum
1067 3050 1206 3086 heredi-

122 3098 189 3134 tati
204 3108 247 3134 ex
274 3108 398 3134 ensum
413 3097 552 3133 feratur
561 3107 609 3132 an
626 3096 759 3142 aliquid
768 3100 803 3132 et
810 3096 1024 3142 patrimonio
1042 3096 1144 3132 eius?
1168 3099 1208 3131 ut

123 3143 159 3179 in
181 3143 218 3179 id
268 3146 370 3179 actus
393 3142 604 3187 locupletior
627 3141 800 3185 videatur,
833 3142 929 3188 quod
960 3142 1100 3178 solebat
1131 3141 1208 3186 ipse

125 3198 269 3234 erogare
285 3192 368 3224 ante
384 3187 539 3224 delatam
555 3186 805 3222 hereditatem:
842 3190 883 3222 ut
914 3187 944 3223 si
968 3187 1052 3233 quid
1075 3187 1207 3222 lautius

125 3234 423 3279 contemplatione
444 3232 653 3268 hereditatis
685 3232 874 3277 impendit,
906 3232 943 3268 in
967 3233 1037 3268 hoc
1060 3242 1133 3268 non
1157 3232 1206 3267 vi—

125 3277 250 3315 deatur
272 3278 390 3314 factus
413 3277 635 3323 locupletior,
659 3277 698 3313 in
713 3277 857 3314 statutis
881 3287 963 3314 vero
988 3278 1063 3314 suis
1087 3288 1207 3321 sump-

125 3323 219 3359 tibus
249 3323 411 3360 videatur
440 3323 559 3358 factus
590 3322 821 3368 locupletior3
862 3323 984 3368 utique
1016 3322 1110 3358 enim
1142 3322 1209 3357 etsi

126 3375 197 3403 non·
220 3371 293 3404 tam
324 3368 421 3404 laute
446 3371 645 3413 erogasset,
679 3367 814 3413 aliquid
846 3372 965 3404 tamen
997 3368 1044 3404 ad
1075 3367 1208 3404 victum

127 3413 358 3449 cottidianum
382 3416 572 3458 erogasset.
598 3423 681 3448 nam
698 3416 733 3448 et
748 3413 848 3449 divus
864 3413 1013 3449 Marcus
1037 3413 1074 3448 in
1099 3422 1209 3448 causa

126 3457 337 3503 Pythodori,
370 3458 430 3504 qui
461 3462 607 3503 rogatus
640 3462 718 3493 erat
749 3458 844 3503 quod
875 3458 943 3495 sibi
974 3457 1210 3504 superfuisset

128 3512 170 3537 ex
200 3502 398 3538 hereditate
419 3503 587 3546 reddere,
620 3503 777 3539 decrevit
808 3514 870 3547 ea,
904 3514 997 3549 quae
1028 3502 1209 3539 alienata⁹

128 3550 230 3583 erant
266 3557 339 3583 non
368 3547 549 3584 minuendi
588 3547 851 3585 fideicommissi
888 3559 956 3584 nec
986 3548 1142 3594 pretium
1171 3547 1209 3583 111

129 3659 174 3699 (1)
200 3657 342 3690 fecerint
348 3670 411 3692 scr.
526 3660 569 3701 (2)
595 3662 629 3693 01
637 3660 698 3694 del.
708 3659 762 3693 F²
868 3662 912 3705 (3)
937 3660 1138 3695 adlicientur
1145 3660 1206 3693 FS

129 3703 176 3744 (4)
201 3703 238 3736 iol
245 3708 292 3736 est
299 3702 496 3736 donationes
504 3705 740 3738 remunerandi
750 3715 849 3739 causa
904 3708 946 3749 (5)
971 3705 1157 3748 attingitF
1165 3704 1206 3739 ¹8

131 3746 174 3790 (6)
198 3748 293 3790 parte
301 3746 442 3781 dimidia
449 3748 523 3783 sola
531 3748 598 3783 sibi
606 3750 726 3787 relicta
735 3752 796 3787 ins.
934 3754 980 3794 (7)
1005 3761 1072 3785 una
1081 3751 1203 3793 prima]

1212 106 1266 155 85

2273 109 2368 155 V3

1274 243 1337 269 cor
1364 243 1405 268 us
1436 232 1641 278 patrimonii
1671 232 1869 279 Pythodori
1892 232 2048 276 redisse,
2084 235 2120 268 et
2143 242 2187 269 ex
2219 233 2364 278 proprio

1273 278 1326 324 Py
1369 277 1470 314 odori
1493 277 1705 324 patrimonio
1731 282 1766 313 et
1790 288 1834 314 ex
1857 278 2058 315 hereditate
2082 277 2267 321 decedere,
2292 289 2365 314 non

1273 327 1413 359 tautum
1438 333 1481 359 ex
1504 323 1714 359 hereditate.
1741 328 1777 358 et
1800 334 1896 359 nunc
1921 324 2030 369 igitur
2053 324 2180 359 statuti
2203 327 2367 369 sumptus

1274 373 1394 404 utrum
1410 379 1454 405 ex
1468 370 1497 390 ¹⁰
1513 368 1712 404 hereditate
1728 367 1901 404 decedent
1921 369 2083 415 exemplo
2107 369 2274 415 rescripti
2298 369 2368 404 divi

1272 414 1390 450 Marci
1413 424 1460 449 an
1477 424 1521 450 ex
1537 414 1614 450 solo
1631 413 1856 459 patrimonio,
1881 414 2072 450 videndum
2089 414 2173 450 erit:
2200 419 2236 450 01
2250 414 2368 450 verius

1274 463 1338 503 est,
1363 463 1404 495 ut
1428 470 1472 495 ex
1489 470 1553 495 suo
1571 459 1787 504 patrimonio
1813 458 1990 495 decedant
2014 470 2057 495 ea
2081 470 2174 512 quae
2190 464 2226 495 et
2249 460 2367 496 sinon

1276 508 1314 540 17
1363 505 1467 540 heres
1476 505 1604 540 fuisset
1614 508 1805 549 erogasset.
1831 504 1920 539 Item
1939 505 1970 540 si
1985 515 2059 540 rem
2070 505 2236 541 distraxit
2251 506 2369 541 bonae

1273 550 1355 587 fidei
1364 560 1553 595 possessor
1564 560 1629 585 nec
1638 550 1752 595 pretio
1762 549 1881 585 factus
1891 550 1937 585 sit
1946 550 2169 595 locupletior,
2188 561 2235 586 an
2244 551 2364 596 singu-

1272 596 1325 632 las
1343 606 1412 639 res,
1432 596 1462 631 si
1478 595 1636 631 nondum
1655 605 1771 631 usuca
1798 599 1857 630 tae
1874 595 1956 638 sint,
1974 595 2156 631 vindicare
2172 597 2304 642 petitor
2321 597 2366 632 ab

1273 645 1432 687 emptore
1446 641 1586 687 possit?
1611 645 1647 677 et
1663 640 1692 676 si
1702 641 1760 676 vin
1790 641 1867 683 “001,
1886 651 1934 676 an
1944 641 2154 685 exceptione
2163 653 2235 677 non
2252 642 2366 687 repel-

1271 687 1367 723 latur
1377 687 1484 732 ‘quod
1492 686 1749 740 praeiudicium
1758 686 1948 722 hereditati
1956 696 2028 722 non
2036 685 2101 721 fiat
2109 686 2201 722 inter
2210 692 2367 723 actorem

1273 735 1321 769 ‘et
1345 743 1424 768 eum
1449 744 1508 778 qm
1532 743 1661 768 venum
1681 731 1801 774 dedit',
1827 732 1911 777 quia
1937 742 2010 768 non
2025 731 2164 767 videtur
2187 733 2306 768 venire
2329 733 2365 768 in

1272 778 1479 824 petitionem
1495 777 1705 813 hereditatis
1722 777 1875 822 pretium
1893 787 2027 820 earum,
2053 788 2269 830 quamquam
2284 778 2368 814 victi

1273 828 1449 869 emptores
1485 823 1662 859 reversuri
1695 826 1779 858 sunt
1815 822 1861 858 ad
1893 833 1975 858 eum
2011 834 2071 868 qui
2107 822 2298 859 distraxit?
2334 827 2369 859 01

1272 874 1360 950 gum
1385 879 1491 915 posse
1515 879 1572 904 res
1596 868 1781 911 vindicari,
1807 868 1875 903 nisi
1903 872 2081 914 emptores
2105 879 2306 913 regressum
2322 869 2368 904 ad

1298 925 1389 950 onae
1397 914 1480 950 fidei
1497 924 1741 960 possessorem
1758 913 1893 949 habent
1906 915 1946 949 ¹¹.
1974 913 2058 958 quid
2074 918 2194 949 tamen
2214 914 2243 950 si
2261 915 2291 950 is
2309 914 2368 959 qui

1271 959 1429 996 vendidit
1444 964 1592 1005 paratus
1618 960 1664 995 sit
1679 959 1730 994 ita
1748 959 1939 995 defendere
1955 959 2203 1002 hereditatem,
2229 963 2270 994 ut
2287 970 2367 1004 per-

1271 1006 1353 1041 inde
1377 1010 1486 1050 atque
1512 1005 1542 1041 si
1565 1004 1765 1050 possideret
1782 1005 2041 1040 conveniatur?
2063 1005 2189 1050 incipit
2207 1005 2368 1049 exceptio

1271 1052 1390 1087 locum
1414 1051 1546 1086 habere
1571 1061 1614 1086 ex
1638 1060 1793 1095 persona
1818 1054 2032 1096 emptorum.
2067 1055 2164 1086 certe
2189 1050 2218 1085 si
2243 1050 2369 1085 minori

1272 1097 1386 1142 pretio
1411 1107 1468 1132 res
1484 1096 1659 1132 venierint
1675 1100 1711 1131 et
1727 1096 1878 1141 pretium
1897 1096 2146 1141 quodcumque
2162 1096 2250 1131 illud
2268 1100 2370 1131 actor

1272 1143 1318 1178 sit
1343 1146 1567 1184 consecutus,
1593 1142 1704 1177 multo
1729 1141 1841 1186 magis
1866 1142 2000 1187 poterit
2024 1141 2095 1177 dici
2119 1142 2329 1186 exceptione
2342 1142 2369 1162 ¹2

1273 1199 1352 1223 00111
1385 1187 1607 1223 summoveri.
1650 1197 1733 1222 nam
1766 1191 1802 1222 et
1833 1187 1863 1222 si
1896 1187 1932 1222 id
1965 1187 2061 1232 quod
2092 1197 2115 1222 a
2147 1187 2369 1222 debitoribus

1273 1234 1389 1278 exegit
1420 1243 1607 1279 possessor
1646 1232 1791 1278 petitori
1822 1232 2031 1268 hereditatis
2067 1232 2190 1275 solvit,
2227 1232 2370 1268 liberari

1273 1279 1451 1315 debitores
1490 1278 1651 1314 Iulianus
1702 1278 1792 1313 libro
1834 1282 1963 1323 quarto
2015 1277 2233 1323 digestorum
2281 1278 2368 1314 scri-

1273 1325 1343 1367 bit,
1376 1325 1449 1360 sive
1480 1324 1596 1360 bonae
1619 1323 1703 1359 fidei
1725 1333 1914 1368 possessor
1945 1323 2019 1359 sive
2050 1323 2184 1368 praedo
2209 1323 2279 1358 fuit
2310 1324 2369 1368 qui

1273 1370 1430 1406 debitum
1462 1370 1507 1405 ab
1539 1369 1595 1405 his
1627 1372 1810 1421 exegerat,
1843 1373 1879 1405 et
1909 1369 1987 1414 ipso
2011 1369 2089 1404 iure
2121 1379 2181 1405 eos
2213 1369 2368 1405 liberari.

1275 1418 1315 1451 18
1363 1415 1494 1451 Ρο11110
1519 1414 1749 1457 hereditatis,
1784 1414 1851 1450 etsi
1874 1414 1911 1450 in
1935 1425 2010 1450 rem
2042 1414 2136 1450 actio
2162 1414 2227 1457 sit,
2260 1415 2369 1449 habet

1272 1465 1393 1497 tamen
1416 1460 1677 1506 praestationes
1703 1459 1877 1505 quasdam
1902 1460 2123 1505 personales,
2149 1464 2190 1496 ut
2205 1464 2293 1505 puta
2310 1470 2369 1496 eo·

1272 1518 1350 1542 rum
1376 1517 1467 1551 quae
1491 1517 1513 1542 a
1537 1505 1759 1542 debitoribus
1785 1509 1869 1542 sunt
1896 1509 2034 1548 exacta,
2058 1506 2143 1541 item
2187 1506 2369 1541 retiorum.

1276 1555 1316 1587 19
1363 1552 1443 1588 Ηο0
1461 1555 1608 1587 80110108
1627 1551 1832 1587 consultum
1856 1551 1905 1586 ad
1928 1551 2135 1596 petitionem
2186 1551 2370 1587 ereditatis

1272 1597 1409 1633 factum
1434 1597 1541 1632 etiam
1564 1597 1602 1632 in
1632 1596 1788 1631 familiae
1820 1596 2056 1632 erciscundae
2086 1596 2217 1632 iudicio
2250 1597 2369 1632 locum

1273 1643 1408 1678 habere
1424 1642 1554 1694 placet,
1580 1652 1626 1677 ne
1642 1651 1698 1677 res
1718 1641 1877 1677 absurda
1894 1641 1950 1684 sit,
1976 1645 2017 1676 ut
2033 1652 2126 1686 quae
2142 1642 2215 1687 peti
2232 1642 2369 1687 possint

1277 1691 1319 1724 20
1369 1687 1476 1723 div1di
1500 1698 1574 1723 non
1597 1686 1750 1732 possint.
1799 1687 1943 1732 Augent
1965 1686 2201 1723 hereditatem
2225 1697 2368 1732 gregum

1275 1738 1311 1770 et
1361 1744 1503 1769 ecorum
1527 1737 1662 1778 partus.

1349 1777 1373 1817 6
1399 1778 1559 1814 ΡΑυιυ8
1580 1778 1671 1814 libro
1705 1778 1895 1813 vicensimo
1929 1777 1979 1812 ad
2009 1777 2164 1814 edictum
2212 1776 2315 1821 Quod
2339 1777 2368 1812 si

1275 1836 1358 1861 oves
1383 1828 1490 1860 natae
1522 1827 1625 1866 sunt,
1659 1822 1787 1859 deinde
1819 1833 1863 1858 ex
1894 1822 1950 1858 his
1983 1822 2093 1866 aliae,
2126 1822 2195 1858 hae
2227 1833 2369 1868 quoque

1276 1870 1377 1917 quasi
1401 1873 1630 1915 augmentum
1654 1869 1794 1904 restitui
1819 1868 1961 1904 debent.

1321 1914 1373 1953 27
1407 1915 1602 1952 ULPIANUS
1623 1915 1714 1950 libro
1733 1914 1858 1960 quinto
1876 1913 2014 1949 decimo
2032 1914 2082 1949 ad
2097 1913 2250 1949 edictum
2293 1914 2367 1948 An-

1276 1962 1436 1997 cillarum
1462 1961 1567 1996 etiam
1591 1964 1717 2005 partus
1743 1965 1778 1994 et
1809 1963 1980 2004 partuum
2003 1963 2129 2004 partus
2155 1969 2369 2004 quamquam

1274 2007 1415 2043 fructus
1441 2017 1518 2042 esse
1544 2017 1616 2041 non
1641 2005 1909 2048 existimantur,
1942 2005 2025 2050 quia
2049 2015 2123 2040 non
2147 2008 2281 2040 temere
2305 2015 2367 2039 an-

1276 2053 1379 2089 cillae
1404 2052 1478 2088 eius
1502 2051 1553 2087 rei
1579 2061 1689 2086 causa
1714 2054 1969 2095 comparantur
1993 2053 2033 2086 ut
2056 2050 2210 2096 pariant,
2237 2053 2368 2095 augent

1275 2102 1395 2133 tamen
1418 2097 1667 2133 hereditatem:
1695 2096 1826 2142 quippe
1852 2106 1933 2131 cum
1958 2106 2000 2131 ea
2017 2096 2137 2131 omnia
2160 2095 2252 2131 fiunt
2267 2095 2369 2130 here-

1276 2144 1425 2186 ditaria,
1459 2142 1607 2178 dubium
1632 2153 1704 2177 non
1730 2146 1802 2184 est,
1836 2141 1921 2186 quin
1948 2151 1990 2176 ea
2013 2151 2220 2186 possessor,
2253 2140 2283 2176 si
2308 2144 2370 2176 aut

1276 2189 1458 2235 possideat
1491 2192 1553 2223 aut
1585 2192 1668 2233 post
1700 2187 1849 2232 petitam
1884 2186 2119 2222 hereditatem
2157 2186 2238 2222 dolo
2274 2185 2368 2221 malo

1279 2240 1294 2270 1
1345 2233 1432 2270 fecit
1448 2244 1517 2279 quo
1534 2233 1650 2268 minus
1669 2232 1881 2278 possideret,
1907 2231 2035 2267 debeat
2050 2232 2251 2268 restituere.
2301 2231 2370 2266 Sed

1277 2284 1312 2316 et
1335 2279 1540 2325 pensiones,
1565 2288 1658 2324 quae
1682 2288 1726 2313 ex
1749 2277 1990 2314 locationibus
2014 2277 2244 2323 praediorum
2261 2277 2368 2312 urba-

1275 2336 1403 2362 norum
1418 2327 1610 2371 perceptae
1627 2328 1721 2366 sunt,
1746 2323 1899 2365 venient,
1924 2322 2008 2358 licet
2025 2333 2047 2358 a
2070 2323 2260 2368 lupanario
2285 2332 2368 2367 per-

1277 2375 1402 2416 ceptae
1426 2370 1515 2406 sint:
1541 2380 1623 2405 nam
1648 2373 1684 2405 et
1699 2369 1737 2404 in
1753 2369 1946 2404 multorum
1962 2368 2197 2405 honestorum
2214 2368 2368 2404 virorum

1275 2416 1430 2463 praediis
1454 2415 1644 2460 lupanaria
1669 2418 1888 2450 exercentur.

1322 2459 1375 2500 28
1404 2461 1561 2498 Panos
1581 2460 1671 2496 libro
1705 2460 1896 2495 vicensimo
1921 2459 1971 2494 ad
2000 2459 2155 2495 edictum
2202 2457 2291 2494 Post
2314 2468 2368 2494 se-

1276 2511 1383 2544 natus
1409 2506 1611 2542 consultum
1637 2505 1729 2541 enim
1754 2515 1859 2541 omne
1884 2505 2022 2540 lucrum
2039 2503 2274 2539 auferendum
2292 2513 2370 2539 esse

1276 2557 1350 2635 Eam
1382 2553 1500 2589 bonae
1533 2551 1617 2587 fidei
1649 2550 1851 2596 possessori
1887 2560 1995 2596 quam
2033 2549 2208 2596 praedoni
2250 2548 2367 2585 dicen-

1302 2610 1361 2634 um
1386 2601 1451 2634 est.

1323 2642 1376 2682 29
1408 2643 1604 2680 ULPJANUS
1616 2641 1706 2677 libro
1717 2641 1845 2687 quinto
1864 2640 2000 2676 decimo
2019 2640 2068 2676 ad
2084 2639 2238 2676 edictum
2272 2639 2367 2675 Mer·

1277 2690 1379 2726 cedes
1411 2689 1517 2734 plane
1541 2698 1563 2723 a
1589 2686 1724 2723 colonis
1759 2689 1930 2731 acceptae
1952 2685 2033 2721 loco
2058 2689 2142 2721 sunt
2172 2684 2366 2721 fructuum.

1277 2745 1408 2780 operae
1433 2743 1574 2779 quoque
1598 2742 1781 2768 servorum
1804 2731 1842 2766 in
1867 2730 1991 2767 eadem
2016 2734 2120 2766 erunt
2145 2741 2272 2773 causa,
2299 2741 2369 2776 qua

1277 2783 1362 2816 sunt
1384 2778 1593 2825 pensiones:
1618 2777 1704 2812 item
1722 2779 1890 2812 vecturae
1906 2776 2049 2812 navium
2066 2780 2102 2812 et
2116 2776 2366 2812 iumentorum.

1323 2823 1375 2863 30
1401 2824 1562 2859 Panas
1592 2823 1683 2858 libro
1718 2822 1909 2858 vicensimo
1934 2821 1985 2857 ad
2006 2821 2160 2858 edictum
2208 2821 2368 2857 Iulianus

1277 2870 1402 2906 scribit
1425 2872 1583 2904 actorem
1608 2867 1735 2912 eligere
1760 2866 1902 2909 debere,
1929 2871 2047 2902 utrum
2071 2871 2204 2903 sortem
2228 2870 2368 2902 tantum

1277 2926 1324 2951 an
1349 2918 1384 2950 et
1406 2924 1536 2950 usuras
1559 2913 1643 2949 velit
1666 2923 1749 2948 cum
1771 2912 1930 2957 periculo
1955 2912 2138 2948 nominum
2163 2923 2184 2948 a
2234 2922 2366 2948 oscere.

1278 2965 1315 2997 at
1340 2960 1402 2995 uin
1427 2960 1622 2994 secundum
1638 2958 1709 2994 hoc
1725 2964 1797 2994 non
1822 2957 2090 2994 observabimus
2109 2968 2177 3003 quo
2221 2960 2367 2993 senatus

1277 2972 1399 3048 veiint,
1434 3004 1551 3040 bonae
1582 3003 1667 3039 fidei
1700 3013 1945 3049 possessorem
1977 3003 2091 3039 teneri
2139 3007 2291 3038 uatenus
2314 3002 2367 3038 lo-

1278 3050 1453 3096 cupletior
1483 3049 1548 3085 sit:
1592 3048 1677 3094 quid
1709 3048 1802 3083 enim
1834 3048 1864 3084 si
1922 3049 2085 3084 ecuniam
2118 3059 2136 3084 e
2151 3048 2224 3093 igat
2255 3051 2367 3089 actor,

1302 3107 1369 3132 uae
1387 3094 1521 3132 servari
1536 3105 1608 3130 non
1624 3094 1768 3139 potest?
1786 3093 1889 3129 dicen
1915 3105 1975 3129 um
1990 3094 2111 3139 itaque
2129 3097 2184 3129 est
2199 3094 2236 3128 in
2252 3093 2368 3128 bonae

1276 3141 1359 3177 fidei
1381 3149 1589 3187 possessore
1612 3139 1702 3175 haec
1727 3139 1973 3175 tantummodo
1999 3149 2079 3174 eum
2096 3142 2281 3184 praestare
2306 3138 2365 3172 de-

1277 3188 1372 3229 bere,
1396 3186 1433 3221 id
1457 3188 1511 3221 est
1533 3185 1589 3220 vel
1614 3188 1747 3220 sortem
1772 3189 1807 3220 et
1831 3195 1961 3220 usuras
1988 3185 2062 3220 eius
2087 3184 2118 3220 si
2142 3188 2178 3219 et
2202 3194 2261 3219 eas
2286 3193 2365 3228 per-

1278 3232 1383 3278 cepit,
1408 3231 1462 3267 vel
1485 3230 1633 3266 nomina
1649 3241 1729 3266 cum
1745 3240 1869 3266 eorum
1886 3230 2046 3266 cessione
2069 3230 2106 3265 in
2129 3229 2166 3264 id
2190 3228 2365 3270 facienda,

1278 3277 1374 3323 quod
1391 3287 1435 3312 ex
1450 3276 1506 3311 his
1516 3275 1634 3311 adhuc
1651 3275 1851 3318 deberetur,
1868 3275 2026 3321 periculo
2044 3275 2183 3311 scilicet
2190 3272 2363 3319 petitoris.

1324 3320 1373 3360 31
1410 3321 1605 3358 ULPJszth
1625 3321 1717 3356 libro
1741 3322 1870 3366 quinto
1893 3320 2030 3356 decimo
2055 3320 2105 3355 ad
2127 3320 2281 3355 edictum
2329 3317 2366 3352 Si

1278 3367 1364 3413 quid
1388 3376 1575 3412 possessor
1598 3365 1703 3402 solvit
1728 3365 1982 3408 creditoribus,
2014 3364 2216 3410 reputabit,
2242 3372 2364 3407 quam-

1278 3423 1385 3458 quam
1407 3411 1486 3457 ipso
1510 3411 1587 3447 iure
1610 3422 1683 3447 non
1706 3411 1910 3446 liberaverit
1933 3411 2120 3462 petitorem
2137 3407 2363 3459 hereditatis:

1278 3468 1361 3492 nam
1386 3456 1480 3502 quod
1505 3456 1583 3501 quis
1607 3467 1672 3493 suo
1698 3457 1840 3492 nomine
1864 3456 1979 3498 solvit,
2007 3466 2078 3491 non
2096 3453 2276 3494 debitoris,
2301 3451 2361 3503 de-

1278 3502 1428 3538 bitorem
1451 3512 1524 3537 non
1547 3502 1685 3537 liberat.
1720 3505 1756 3536 et
1778 3501 1858 3537 ideo
1883 3500 2043 3535 Iulianus
2067 3499 2157 3534 libro
2183 3500 2283 3533 sexto
2309 3496 2362 3549 d13

1277 3551 1458 3593 gestorum
1482 3546 1607 3583 scribit
1629 3547 1681 3583 110
1704 3546 1741 3582 id
1764 3547 2021 3591 imputaturum
2046 3552 2307 3588 possessorem,
2332 3551 2362 3577 81

1276 3669 1378 3702 supra
1386 3659 1514 3703 scripta
1521 3671 1585 3695 scr.
1726 3660 1773 3702 (8)
1798 3657 2002 3701 patrimonio
2011 3668 2075 3690 scr.
2216 3656 2261 3696 (9)
2287 3664 2365 3696 pro-

1275 3703 1355 3738 bata
1364 3705 1425 3739 ins.
1535 3707 1564 3746 (1
1572 3706 1603 3747 ο)
1628 3707 1724 3747 parte
1734 3714 1774 3737 011
1783 3705 1845 3737 ins.
1957 3701 2026 3741 (11)
2051 3700 2120 3733 nisi
2171 3699 2297 3733 habent
2305 3700 2361 3734 vix

1275 3757 1351 3784 sunt
1364 3750 1505 3795 Ulpiani
1645 3751 1715 3792 (12)
1741 3747 1971 3790 exceptionem
1979 3746 2013 3780 F
2330 3758 2332 3768 ⁴
