2528 3918
135 157 195 188 DE
225 157 388 188 ANNUIS
417 156 520 188 LEG.
551 157 609 187 ET
637 157 804 188 FIDEIC.

135 271 226 302 ‘cum
251 268 398 310 moriar,
426 267 510 303 licet
532 267 570 302 in
593 267 748 303 rationes
773 276 870 302 meas
894 267 1069 302 translata
1093 268 1164 302 sint
1187 271 1223 303 et

135 312 329 348 ‘cautiones
354 312 401 347 ad
425 316 582 348 actorem
606 323 722 347 meum
748 312 1014 347 transtulerim'.
1060 313 1119 348 hic
1149 313 1220 348 chi-

134 358 312 402 rographa
346 357 546 393 debitorum
584 362 619 393 et
652 357 855 402 pecuniam,
894 367 974 392 cum
1010 361 1104 393 esset
1137 368 1221 403 pro-

135 403 291 437 fecturus
320 403 358 437 in
388 403 529 445 urbem,
558 403 595 437 in
624 402 831 437 lateralibus
862 402 1021 437 condidit
1046 407 1081 437 et
1106 403 1220 438 chiro-

133 448 277 492 graphis
310 448 444 483 exactis
477 458 582 493 quam
619 448 772 492 pecunia
809 450 954 492 erogata
988 458 1150 483 reversus
1184 448 1222 482 in

133 493 283 537 patriam
316 497 398 538 post
421 493 601 528 biennium
625 493 696 527 alia
721 492 958 537 chirographa
981 493 1220 538 praediorum,

133 548 224 582 quae
273 542 373 573 ostea
399 541 667 583 comparaverat
679 540 702 581 ¹,
727 540 763 572 et
785 537 974 582 pecuniam
998 538 1035 573 in
1059 538 1221 574 lateralia

133 549 302 618 condidit.
351 583 550 628 quaesitum
574 587 646 626 est,
671 593 717 618 an
742 593 785 617 ea
807 586 946 617 tantum
971 583 1133 619 videatur
1156 593 1220 618 no-

133 629 227 663 mina
251 628 281 663 ei
305 628 454 673 legasse,
478 639 569 674 quae
592 632 718 673 postea
741 638 904 663 reversus
935 629 973 662 in
992 629 1104 664 isdem
1131 629 1219 664 late-

132 674 266 709 ralibus
291 673 459 708 condidit.
507 673 690 718 respondit
721 673 917 709 secundum
950 683 992 708 ea
1021 684 1112 719 quae
1136 684 1219 719 pro-

131 722 348 763 ponerentur
371 729 444 754 non
468 718 615 754 deberi2
647 729 738 764 quae
769 719 893 754 mortis
923 722 1083 764 tempore
1105 719 1143 754 in
1165 719 1220 754 his

131 763 336 799 lateralibus
370 767 489 799 essent
519 767 555 799 et
583 763 798 799 membranis
833 774 941 798 manu
972 765 1046 800 eius
1079 764 1220 809 scriptis

132 809 408 844 continerentur.
460 809 554 844 idem
617 809 761 851 uaesiit‚
799 819 865 851 an,
903 820 984 844 cum
1025 810 1220 855 emptiones

131 854 358 898 praediorum
389 854 427 889 in
457 854 569 889 isdem
614 854 808 890 ateralibus
829 855 1049 897 condiderat,
1074 854 1222 900 praedia

154 909 271 944 uoque
294 899 411 944 legato
436 899 575 935 cedant.
621 899 806 945 respondit
836 910 909 934 non
938 900 1078 944 quidem
1107 900 1220 935 mani-

147 948 221 980 este
245 954 435 989 apparere,
469 944 554 990 quid
578 944 622 980 de
644 945 799 990 praediis
824 945 1013 988 sensisset,
1044 955 1166 981 verum
1191 945 1220 980 si

130 999 173 1025 ea
202 994 319 1024 mente
349 990 543 1035 emptiones
573 990 623 1025 ibi
653 990 819 1033 haberet,
860 994 901 1025 ut
937 991 992 1025 his
1027 990 1220 1036 legatariae

130 1035 223 1069 datis
246 1035 446 1079 proprietas
470 1035 698 1080 praediorum
727 1039 988 1081 praestaretur,
1020 1046 1127 1081 posse
1159 1035 1220 1070 de-

134 1084 147 1115 1
197 1080 293 1115 fendi
325 1080 472 1125 praedia
502 1091 643 1126 quoque
673 1081 805 1116 deberi.
854 1080 963 1116 Pater
992 1080 1146 1116 familias
1170 1081 1222 1115 ita

130 1126 274 1170 legavit:
307 1125 440 1161 ‘lances
464 1136 612 1162 numero
638 1125 727 1161 duas
752 1127 863 1169 leves,
895 1136 984 1171 quas
1015 1126 1058 1162 de
1088 1126 1219 1170 sigilla-

130 1171 240 1206 ‘ribus
265 1171 344 1214 emi,
370 1171 446 1206 dari
468 1171 582 1207 volo’:
606 1171 637 1206 is
662 1171 706 1207 de
730 1171 944 1216 sigillaribus
964 1172 1058 1207 leves
1080 1171 1220 1216 quidem

130 1227 202 1251 non
227 1219 370 1259 emerat,
395 1216 517 1252 lances
543 1219 662 1252 autem
685 1221 822 1261 emptas
846 1217 1014 1259 habebat,
1049 1220 1084 1252 et
1107 1216 1218 1252 dieta-

130 1265 228 1297 verat
257 1265 509 1297 testamentum
543 1265 626 1297 ante
663 1261 822 1297 triduum
860 1273 966 1306 quam
1002 1265 1218 1298 moreretur:

130 1306 328 1351 quaesitum
353 1310 417 1349 est,
442 1317 490 1342 an
512 1307 581 1342 hae
604 1307 736 1350 lances,
761 1317 850 1353 quas
868 1311 1005 1353 emptas
1025 1307 1068 1342 de
1086 1307 1218 1352 sigilla-

130 1352 226 1387 ribus
257 1352 398 1394 habuit,
433 1351 550 1397 legato
582 1352 763 1395 cederent,
800 1363 881 1388 cum
910 1353 1027 1388 nullas
1057 1353 1146 1388 alias
1175 1352 1219 1388 de

130 1397 342 1442 sigillaribus
366 1398 491 1432 emerit
514 1407 580 1432 nec
604 1397 784 1442 legaverit.
821 1397 1006 1442 respondit
1024 1397 1219 1433 secundum

130 1453 172 1477 ea
195 1452 286 1487 quae
309 1446 595 1487 proponerentur
619 1442 740 1477 deberi
762 1453 840 1486 eas,
872 1453 961 1488 quas
987 1443 1031 1479 de
1055 1443 1218 1488 sigillari-

129 1491 148 1522 2
196 1488 264 1522 bus
281 1487 432 1522 emisset.
467 1487 622 1523 Alumno
646 1498 776 1533 praece
801 1488 854 1523 it³
877 1487 1037 1523 militiam
1061 1488 1117 1524 his
1141 1499 1217 1524 ver-

128 1532 201 1567 bis:
234 1532 453 1577 ‘Sempronio
478 1533 621 1568 alumno
646 1543 725 1569 meo
749 1533 773 1567 il
788 1534 837 1568 ud
861 1537 896 1569 et
918 1533 1025 1569 illud:
1059 1537 1111 1577 et,
1138 1544 1218 1569 cum

128 1581 204 1623 ‘per
227 1581 381 1613 aetatem
404 1578 535 1620 licebit,
560 1578 719 1613 militiam
743 1578 839 1613 illam
858 1589 938 1614 cum
954 1578 1103 1614 introitu
1121 1589 1216 1614 com-

128 1623 260 1668 ‘parari
282 1623 381 1658 volo:
406 1623 490 1659 huic
513 1634 654 1669 quoque
678 1624 796 1658 omnia
818 1624 979 1669 integra'.
1018 1625 1218 1669 quaesitum

128 1672 196 1709 est,
230 1669 260 1703 si
284 1668 515 1714 Sempronius
547 1679 624 1704 eam
657 1668 817 1704 militiam
847 1669 914 1704 sibi
945 1669 1216 1715 comparaverit,

1213 141 1300 189 457

2135 145 2328 188 XXXIII
2361 148 2377 186 1

1291 278 1339 301 an
1363 267 1515 312 pretium
1540 266 1633 308 eius,
1663 265 1750 300 sed⁴
1774 271 1809 301 et
1832 267 1886 309 id,
1921 268 2016 319 quod
2066 279 2106 303 ro
2130 268 2279 303 introitu
2304 278 2380 304 ero-

1290 313 1368 357 gari
1392 312 1499 355 solet,
1524 321 1568 347 ex
1592 320 1703 346 causa
1725 310 1988 348 fideicomm1ssi
2011 323 2033 348 a
2081 313 2272 349 heredibus
2297 324 2381 349 con-

1291 358 1392 402 sequi
1415 357 1539 402 possit.
1587 355 1773 400 respondit
1803 358 1998 392 secundum
2023 368 2066 393 ea
2089 369 2181 403 quae
2199 369 2381 412 propone·

1292 406 1310 436 3
1360 407 1485 437 rentur
1507 411 1624 447 posse.
1672 401 1770 435 Idem
1800 406 1950 437 testator
1979 403 2106 439 liberto
2136 404 2297 440 militiam
2325 405 2381 440 his

1290 448 1407 483 verbis
1439 447 1587 492 legavit:
1629 445 1721 482 ‘Seio
1759 447 1887 482 liberto
1926 458 2003 483 meo
2035 449 2195 484 militiam
2227 449 2272 485 do
2304 450 2380 495 lego

1290 493 1411 535 illam’,
1443 503 1550 537 quam
1578 491 1739 526 militiam
1768 496 1803 526 et
1832 496 1982 528 testator
2006 494 2147 529 habuit:
2182 495 2381 540 quaesitum

1290 541 1361 580 est,
1396 548 1442 572 an
1474 548 1583 573 onera
1615 537 1733 572 omnia
1762 540 1799 572 et
1821 537 1987 573 introitus
2012 539 2159 575 militiae
2182 541 2228 576 ab
2252 540 2382 576 herede

1290 583 1363 618 sint
1388 583 1517 617 danda.
1566 582 1751 627 respondit
1774 582 1903 618 danda.

1340 626 1417 665 103
1440 627 1469 663 S
1473 638 1546 662 OAE
1552 637 1643 662 νοω
1656 629 1669 649 ⁵
1681 627 1771 663 libro
1784 627 1967 674 sinqulari
1979 630 2227 674 quaestionum
2234 631 2382 677 publice

1291 676 1529 708 tractatarum
1585 672 1623 707 Si
1646 677 1748 718 pater
1772 673 1988 709 exheredato
2012 672 2086 710 filio
2111 675 2296 710 substituit
2319 677 2379 711 he-

1290 718 1410 753 redem
1433 722 1656 761 extraneum,
1690 718 1815 754 deinde
1846 718 1905 754 ille
1936 722 2127 755 extraneus
2150 721 2246 756 hunc
2270 721 2380 756 filium

1290 763 1456 798 heredem
1491 763 1645 798 instituit
1680 767 1716 798 et
1750 763 1853 799 heres
1883 763 2000 799 factus
2031 764 2128 799 intra
2154 766 2380 810 pubertatem

1290 808 1441 844 decedat
1450 810 1474 850 ⁶,
1512 813 1601 853 puto
1637 819 1660 843 a
1694 808 1888 844 substituto
1926 809 1958 844 ei
1987 809 2061 844 filio
2091 810 2232 846 omnino
2264 811 2380 856 legata

1289 853 1467 898 praestari
1477 854 1500 874 Β·
1524 864 1596 889 non
1613 853 1753 896 debere,
1779 854 1864 899 quia
1879 865 1952 889 non
1968 854 2115 897 directo,
2141 855 2205 891 sed
2219 866 2282 901 per
2299 867 2378 891 suc-

1295 903 1307 934 l
1358 899 1553 934 cessionem
1569 898 1614 933 ad
1629 898 1742 933 filium
1756 899 1936 935 hereditas
1950 900 2063 944 patris
2078 901 2249 945 pervenit.
2294 901 2379 937 Plus

1290 954 1353 989 ego
1383 944 1421 978 in
1450 943 1578 987 fratre,
1611 944 1687 989 qui,
1720 955 1801 979 cum
1829 945 1933 980 heres
1958 945 2153 981 exstitisset
2175 947 2287 991 patri,
2318 957 2378 982 ex—

1288 989 1498 1024 heredatum
1537 988 1684 1024 fratrem
1724 990 1889 1026 heredem
1925 990 2099 1033 instituit,
2135 992 2259 1043 accepi
2295 992 2378 1027 sub-

1289 1034 1451 1069 stitutum
1481 1035 1557 1070 eius
1587 1035 1741 1079 legatum
1769 1046 1843 1070 non
1874 1035 2001 1071 debere
2031 1046 2075 1071 ac
2106 1046 2150 1071 ne
2181 1036 2319 1080 quidem
2351 1038 2380 1072 si

1288 1080 1458 1115 intestato
1486 1079 1612 1115 fratri⁷
1642 1081 1872 1124 successerit,
1909 1081 1992 1125 quia
2020 1091 2093 1116 non
2123 1081 2379 1126 principaliter,

1289 1125 1351 1160 sed
1374 1136 1440 1170 per
1463 1125 1723 1161 successionem
1747 1126 1843 1161 bona
1866 1125 2014 1161 fratris⁸
2037 1127 2083 1161 ad
2108 1137 2189 1161 eum
2211 1137 2379 1172 pervene-

1289 1174 1308 1205 2
1356 1174 1451 1205 runt.
1489 1170 1526 1206 Si
1549 1170 1644 1206 filius
1670 1182 1713 1206 ex
1738 1171 1843 1207 uncia
1866 1172 1969 1207 heres
1994 1171 2181 1207 institutus
2206 1172 2252 1207 sit
2277 1176 2312 1208 et
2335 1173 2380 1207 ab

1289 1226 1330 1251 eo
1355 1216 1473 1260 legata
1504 1215 1590 1251 data
1619 1217 1707 1259 sint,
1741 1217 1876 1252 habeat
1905 1221 1941 1252 et
1969 1217 2220 1260 substitutum,
2255 1217 2381 1252 deinde

1289 1262 1476 1297 commisso
1492 1261 1610 1296 edicto
1630 1272 1695 1307 per
1709 1262 1818 1297 alium
1841 1261 1953 1297 fflium
1977 1262 2118 1307 accepit
2139 1263 2253 1308 partis
2279 1263 2379 1298 dimi—

1289 1307 1367 1341 diae
1397 1307 1573 1342 bonorum
1597 1308 1878 1352 possessionem:
1911 1307 2124 1343 substitutus
2155 1308 2230 1344 eius
2261 1313 2380 1343 utrum

1288 1362 1332 1387 ex
1362 1352 1470 1387 uncia
1499 1352 1618 1397 legata
1647 1353 1834 1397 praestat⁹
1865 1363 1912 1388 an
1944 1363 2031 1388 vero
2063 1363 2108 1389 ex
2137 1353 2309 1389 semisse?
2345 1357 2382 1389 et

1287 1396 1405 1432 verius
1431 1400 1485 1433 est
1509 1408 1553 1432 ex
1577 1398 1723 1433 semisse
1746 1398 1810 1433 sed
1834 1409 1878 1433 ex
1902 1399 2011 1434 uncia
2034 1399 2198 1434 omnibus
2229 1410 2272 1434 ex
2298 1399 2379 1434 reli-

1289 1446 1307 1477 3
1357 1443 1434 1487 quis
1449 1444 1477 1464 ¹⁰
1512 1443 1633 1478 liberis
1665 1447 1701 1478 et
1731 1443 1951 1488 parentibus.
2006 1444 2139 1479 Contra
2175 1454 2315 1490 quoque
2351 1444 2381 1479 si

1288 1498 1332 1524 ex
1362 1487 1538 1524 dodrante
1567 1488 1752 1524 institutus
1788 1488 1975 1524 commisso
2008 1489 2124 1525 edicto
2156 1490 2339 1525 semissem
2353 1491 2378 1510 ²¹

1287 1533 1467 1578 acceperit
1489 1534 1666 1569 bonorum
1690 1534 1970 1579 possessionem,
2004 1545 2048 1569 ex
2072 1535 2218 1570 semisse
2240 1538 2380 1570 tantum

1285 1579 1403 1624 legata
1427 1579 1642 1614 substitutus
1667 1579 1826 1615 debebit:
1853 1590 1922 1624 quo
1948 1579 2053 1615 modo
2079 1580 2172 1615 enim
2193 1584 2368 1625 augentur

1286 1624 1349 1660 ubi
1377 1624 1530 1668 amplius
1567 1628 1621 1659 est
1654 1624 1692 1659 in
1727 1625 1902 1660 bonorum
1939 1625 2183 1671 possessione,
2220 1627 2272 1661 sic
2304 1629 2340 1661 et
2352 1627 2381 1647 ¹²

1287 1670 1347 1705 ubi
1370 1669 1486 1704 minus
1510 1674 1574 1712 est,
1601 1669 1801 1706 deducitur.

816 2264 996 2315 LIBER
1026 2254 1385 2316 TRIGESIMUS
1416 2266 1682 2316 TERTIUS.

640 2392 706 2431 1¹⁸.

168 2458 228 2489 DE
253 2457 422 2489 ANNUIS
438 2456 465 2477 ¹⁴
489 2457 684 2490 LEGATIS
709 2459 768 2490 ET
792 2459 1177 2494 FIDEICOMMISSIS.

176 2521 194 2559 1
223 2522 452 2559 POMPONIUS
479 2523 570 2559 libro
602 2525 727 2570 quinto
760 2525 810 2560 ad
837 2525 1011 2562 Sabinum
1059 2527 1148 2563 Cum
1178 2528 1216 2563 in

127 2578 238 2602 annos
271 2568 428 2612 singulos
460 2569 544 2614 quid
574 2569 728 2614 legatum
760 2570 806 2604 sit
836 2581 952 2616 neque
984 2572 1213 2618 adscriptum,

127 2623 196 2657 quo
220 2613 299 2648 loco
325 2613 445 2648 detur:
482 2624 704 2659 quocumque
727 2615 806 2650 loco
831 2620 973 2660 petetur
997 2617 1074 2652 dari
1098 2619 1214 2661 debet,

127 2658 232 2693 sicuti
245 2660 271 2679 ¹⁵
295 2668 339 2693 ex
362 2659 534 2704 stipulatu
559 2662 622 2694 aut
645 2660 787 2695 nomine
810 2660 906 2696 facto
932 2665 1086 2706 petatur.

172 2701 197 2740 2
224 2703 329 2738 IDEM
348 2704 438 2739 libro
462 2707 567 2739 sexto
591 2704 641 2739 ad
663 2704 838 2740 Sabinum
892 2707 933 2741 In
957 2717 1070 2742 annos
1095 2709 1213 2753 singu-

126 2749 180 2783 los
211 2748 314 2783 heres
347 2749 536 2784 damnatus
569 2750 684 2784 sinere
718 2760 774 2785 me
804 2750 875 2785 frui
907 2751 1019 2787 fundo
1052 2753 1082 2788 si
1113 2754 1214 2789 initio

127 2793 228 2836 anni,
276 2804 345 2839 quo
387 2794 503 2830 colere
541 2794 723 2837 deberem,
767 2806 903 2831 moram
941 2797 1084 2841 fecerit,
1131 2799 1216 2835 licet

127 2842 253 2884 postea
282 2839 458 2883 patiatur,
492 2840 575 2884 quia
606 2840 748 2875 cultura
779 2841 844 2876 sim
876 2842 1062 2885 exclusus,
1095 2847 1215 2879 tamen

126 2884 236 2919 totius
260 2884 344 2918 anni
368 2885 511 2919 nomine
534 2885 619 2920 mihi
642 2886 838 2922 tenebitur:
865 2887 1160 2932 quemadmodum
1184 2889 1215 2924 si

128 2929 273 2964 diurnas
313 2939 439 2974 operas
472 2929 584 2965 Stichi
618 2930 703 2965 dare
735 2930 923 2967 damnatus
954 2944 1026 2968 non
1059 2943 1082 2968 a
1113 2944 1216 2969 mane

127 2973 189 3009 sed
214 2984 236 3008 a
259 2978 360 3009 sexta
384 2974 452 3010 diei
475 2976 565 3010 hora
587 2975 658 3018 det,
683 2977 792 3011 totius
814 2977 882 3012 diei
900 2978 1042 3013 nomine
1062 2982 1213 3014 tenetur.

173 3016 197 3056 3
240 3018 433 3054 ULPIANUS
466 3020 556 3055 libro
595 3022 759 3057 vicesimo
792 3026 923 3067 quarto
961 3023 1011 3058 ad
1040 3023 1214 3059 Sabinum

128 3064 165 3098 Si
195 3064 350 3108 legatum
382 3065 428 3099 sit
457 3065 621 3100 relictum
652 3076 772 3101 annua
796 3067 891 3102 bima
914 3068 1020 3103 trima
1043 3069 1118 3111 die,
1150 3070 1213 3104 tri-

127 3109 225 3153 ginta
248 3108 355 3152 forte,
388 3110 478 3145 dena
501 3121 565 3155 per
589 3111 746 3155 singulos
771 3112 944 3148 debentur
968 3124 1099 3156 annos,
1132 3115 1215 3150 licet

132 3157 146 3187 1
195 3165 266 3189 non
289 3154 396 3190 fuerit
419 3155 598 3191 adiectum
619 3157 752 3201 ‘aequis
769 3159 1023 3202 pensionibus’.
1059 3159 1215 3195 Proinde

129 3201 165 3249 et
201 3198 232 3234 si
267 3199 445 3235 adiectum
482 3200 591 3236 fuerit
628 3202 893 3246 ‘pensionibus’,
935 3203 1021 3239 licet
1059 3215 1131 3239 non
1169 3205 1216 3240 sit

128 3246 298 3294 insertum
334 3245 491 3290 ‘aequis’,
529 3246 613 3281 item
652 3247 683 3282 si
714 3248 885 3292 scriptum
915 3248 1024 3284 fuerit
1056 3250 1213 3295 ‘aequis',

128 3288 213 3322 hcet
242 3298 313 3323 non
344 3289 390 3324 sit
420 3290 599 3326 adiectum
633 3293 896 3336 ‘pensionibus',
931 3294 1117 3330 dicendum
1149 3296 1215 3331 erit

130 3335 150 3366 2
197 3342 328 3385 aequas
364 3334 451 3370 fieri.
507 3336 576 3371 Sed
611 3337 641 3371 si
676 3336 854 3372 adiectum
887 3340 1127 3384 ‘pensionibus
1158 3341 1212 3375 in-

131 3378 287 3422 ‘aequls’,
318 3380 521 3423 inaequales
553 3381 794 3417 debebuntur:
828 3393 919 3428 quae
950 3395 1032 3429 ergo
1058 3385 1212 3421 debean-

130 3426 207 3464 tur,
238 3421 428 3459 videamus.
477 3429 511 3460 et
540 3430 627 3471 puto
661 3437 722 3462 eas
753 3428 874 3463 deberi
907 3429 987 3470 (nisi
1010 3431 1214 3475 specialiter

130 3537 169 3577 (1)
195 3535 407 3578 praediorum
421 3547 503 3578 quae
514 3541 632 3580 postea
644 3545 893 3583 comparaverat
907 3543 969 3575 del.
1017 3544 1059 3584 (2)
1073 3544 1140 3576 nisi
1150 3545 1210 3577 ins.

133 3580 326 3614 Charondae
383 3582 424 3622 (3)
451 3583 515 3614 emi
528 3584 588 3616 ins.
602 3586 672 3618 edd.
733 3586 776 3627 (4)
801 3587 856 3619 sed
871 3588 933 3620 del.
992 3590 1033 3628 (5)
1058 3589 1146 3621 idem
1161 3588 1213 3621 F2

131 3626 174 3666 (6)
199 3627 228 3657 si
240 3628 335 3669 pater
348 3626 544 3660 exheredato
561 3628 631 3661 filio
650 3630 836 3673 substituit,
859 3631 1036 3674 [instituit]
1058 3634 1211 3666 heredem

131 3673 332 3711 extraneum,
345 3671 465 3703 deinde
477 3671 534 3703 ille
548 3677 722 3708 extraneus
734 3675 824 3708 hune
834 3676 940 3708 filium
950 3678 1102 3710 heredem
1112 3679 1211 3711 insti—

131 3715 197 3746 tuit
214 3719 247 3747 et
261 3715 355 3748 heres
373 3716 427 3757 [is]
444 3716 551 3748 factus
567 3717 657 3750 intra
670 3720 878 3761 pubertatem
891 3722 1029 3754 decedat
1040 3725 1212 3757 secundum

136 3760 297 3796 Cuiacium
310 3774 370 3797 scr.
422 3762 476 3802 (θ’)
502 3766 668 3804 praestare
688 3764 733 3797 F²
780 3767 822 3809 (7)
847 3766 948 3799 fratre
962 3768 995 3800 F
1037 3772 1079 3808 (8)
1106 3769 1211 3810 patris

1283 2396 1436 2428 testator
1460 2392 1668 2428 electionem
1691 2391 1813 2428 heredi
1844 2392 2025 2435 dedit¹⁵·),
2062 2403 2151 2437 quas
2175 2393 2228 2429 vir
2259 2394 2376 2430 bonus

1284 2438 1392 2473 fuerit
1431 2438 1644 2479 arbitratus,
1681 2441 1722 2472 ut
1762 2449 1827 2482 pro
1869 2437 2100 2474 facultatibus
2141 2438 2301 2474 defuncti
2341 2443 2377 2474 et

1285 2486 1304 2518 3
1353 2483 1575 2528 depositione
1589 2485 1616 2504 ¹⁰
1654 2482 1858 2528 patrimonii
1898 2483 2104 2518 debeantur.
2161 2483 2230 2519 Sed
2270 2488 2306 2519 et
2346 2485 2376 2520 si

1284 2528 1393 2563 fuerit
1425 2529 1601 2564 adiectum
1635 2528 1710 2563 ‘viri
1735 2528 1818 2563 boni
1843 2528 2042 2570 arbitratu',
2077 2528 2146 2564 hoc
2176 2539 2375 2573 sequemur,

1285 2578 1324 2607 ut
1348 2585 1413 2618 pro
1438 2574 1615 2619 positione
1638 2573 1842 2618 patrimonii
1870 2573 1947 2608 sine
1970 2573 2158 2609 vexatione
2181 2578 2217 2610 et
2239 2575 2374 2610 incom-

1285 2623 1306 2653 4
1352 2619 1458 2655 modo
1489 2619 1631 2654 heredis
1663 2618 1729 2653 fiat
1741 2620 1778 2653 ¹⁷.
1833 2617 1925 2662 Quid
1964 2619 1995 2654 si
2030 2618 2082 2654 ita
2119 2618 2373 2664 ‘pensionibus,

1285 2667 1386 2717 ‘quas
1410 2664 1589 2709 putaverit
1612 2663 1842 2708 legatarius’?
1890 2673 1936 2698 an
1965 2667 2081 2699 totum
2104 2667 2226 2709 petere
2248 2666 2374 2710 possit,

1283 2709 1477 2745 videamus.
1522 2713 1557 2745 et
1580 2713 1667 2754 puto
1692 2712 1806 2744 totum
1829 2719 1901 2744 non
1925 2709 2118 2754 petendum
2142 2710 2257 2753 simul,
2281 2710 2375 2746 sicut

1285 2755 1380 2799 ethin
1403 2755 1543 2790 heredis
1569 2755 1751 2790 electione.
1798 2753 1874 2788 fieri
1906 2754 1998 2789 enim
2028 2754 2217 2800 pensiones
2246 2756 2374 2792 debere

1283 2802 1437 2835 testator
1467 2800 1595 2842 voluit,
1629 2800 1845 2852 quantitates
1879 2799 2066 2835 dumtaxat
2095 2800 2306 2845 pensionum
2337 2803 2374 2837 in

1284 2848 1303 2878 5
1353 2845 1499 2880 arbitrio
1524 2844 1664 2880 heredis
1689 2849 1752 2879 aut
1775 2844 1807 2880 le
1832 2844 1937 2879 atarii
1961 2845 2122 2880 contulit.
2171 2846 2242 2882 Sed
2269 2846 2301 2882 si
2323 2847 2374 2881 ita

1283 2890 1330 2926 sit
1352 2890 1508 2934 legatum
1533 2890 1646 2925 ‘heres
1670 2900 1768 2925 meus
1821 2889 1882 2925 itio
1908 2889 2030 2926 decem
2054 2891 2161 2926 trima
2184 2891 2241 2927 die
2264 2891 2372 2934 dato',

1283 2938 1403 2970 utrum
1426 2935 1655 2980 pensionibus
1681 2945 1728 2969 an
1751 2945 1833 2970 vero
1857 2939 1940 2979 post
1961 2935 2153 2971 triennium
2173 2936 2373 2972 debeatur?

1284 2984 1319 3014 et
1356 2983 1445 3024 puto
1485 2980 1537 3015 sic
1574 2979 1837 3025 accipiendum,
1880 2981 1982 3025 quasi
2011 2985 2115 3027 pater
2144 2981 2297 3017 familias
2330 2982 2373 3017 de

1284 3029 1304 3060 6
1352 3035 1473 3059 annua
1510 3024 1605 3060 bima
1636 3024 1742 3060 trima
1773 3025 1829 3060 die
1861 3026 2014 3061 sensisse
2071 3030 2281 3072 roponatur.
2334 3027 2372 3062 Si

1284 3070 1342 3104 cui
1366 3073 1464 3104 certa
1488 3070 1668 3115 quantitas
1691 3070 1829 3115 legetur
1852 3075 1906 3114 et,
1937 3038 2070 3117 quoadp
2085 3075 2305 3117 praestetur,
2336 3072 2371 3106 in

1284 3115 1440 3159 singulos
1471 3125 1585 3150 annos
1615 3118 1750 3150 certum
1781 3116 1915 3162 aliquid
1945 3117 2043 3152 velut
2070 3127 2199 3152 usuras
2229 3117 2372 3151 iusserit

1283 3163 1435 3195 testator
1458 3161 1650 3204 praestari,
1675 3161 1831 3206 legatum
1854 3162 1965 3198 valet:
1997 3162 2060 3197 sed
2083 3162 2120 3196 in
2144 3162 2261 3197 usuris
2285 3162 2369 3196 hac-

1283 3209 1387 3240 tenus
1412 3205 1517 3240 debet
1539 3205 1667 3248 valere,
1693 3210 1869 3251 quatenus
1888 3207 2032 3243 modum
2049 3207 2270 3252 probabilem
2285 3218 2368 3241 usu-

1283 3261 1403 3285 rarum
1428 3261 1501 3285 non
1524 3251 1674 3286 excedit.

1329 3295 1354 3332 4
1386 3295 1443 3330 ΡΑ
1451 3305 1545 3330 ULUS
1572 3296 1663 3332 libro
1692 3298 1920 3344 sexayesimo
1952 3297 2109 3332 secundo
2139 3296 2190 3331 ad
2217 3295 2368 3330 edictum

1283 3340 1320 3376 Si
1358 3341 1395 3375 in
1432 3340 1588 3385 singulos
1627 3351 1742 3378 annos
1779 3342 1887 3377 alicui
1915 3342 2070 3386 legatum
2100 3341 2164 3383 sit,
2206 3340 2368 3381 Sabinus,

1282 3386 1384 3421 cuius
1416 3386 1593 3421 sententia
1624 3396 1709 3422 vera
1740 3391 1813 3430 est,
1849 3387 1954 3432 plura
1989 3387 2107 3430 legata
2139 3395 2216 3420 esse
2252 3385 2303 3419 ait
2335 3390 2370 3419 et

1281 3431 1385 3476 primi
1418 3431 1502 3465 anni
1530 3441 1678 3476 purum,
1709 3433 1933 3477 sequentium
1963 3431 2226 3466 condicionale:
2260 3430 2369 3465 videri

1285 3543 1436 3578 Cuiacius
1498 3546 1541 3587 (9)
1567 3548 1716 3588 praestet
1728 3546 1780 3578 F²
1842 3547 1899 3586 (10)
1926 3545 1982 3577 sed
1996 3555 2035 3576 ex
2048 3545 2148 3576 uncia
2161 3544 2315 3576 omnibus
2329 3555 2367 3576 ex

1281 3589 1421 3631 reliquis
1435 3590 1497 3622 del.
1561 3592 1617 3633 (11)
1641 3602 1680 3623 ex
1692 3591 1827 3623 semisse
1841 3603 1909 3623 cum
1922 3590 2001 3622 Hal.
2015 3602 2076 3622 scr.
2144 3592 2202 3630 (12)
2228 3589 2275 3621 sic
2290 3594 2327 3621 ut
2340 3591 2374 3622 F

1326 3635 1385 3675 (13)
1410 3633 1493 3668 Sab.
1514 3641 1590 3669 1...3.
1612 3643 1738 3675 22...24;
1768 3636 1833 3668 Ed.
1854 3642 1943 3674 4083
1970 3635 2053 3677 Pap.
2077 3641 2172 3667 amm.
2197 3642 2250 3673 253
2275 3635 2366 3677 App.

1282 3686 1390 3712 17...21.
1406 3698 1448 3702 -—
1468 3680 1553 3713 Bas.
1569 3682 1623 3722 44,
1637 3689 1653 3714 4
1791 3684 1847 3720 (14)
1874 3682 1907 3711 et
1919 3679 2098 3711 menstruis
2121 3681 2178 3712 ins.
2195 3680 2261 3712 ind.
2275 3679 2364 3712 Flor.

1281 3726 1337 3762 (15)
1363 3724 1453 3756 sicut
1472 3725 1502 3756 si
1526 3738 1589 3759 van
1611 3727 1650 3758 de
1677 3726 1785 3759 Waeer
1888 3726 1958 3764 (15⁸)
1984 3724 2129 3755 dedetF
2248 3727 2306 3765 (ιθ)
2332 3727 2364 3757 et

1280 3769 1446 3810 positione
1467 3770 1547 3804 Hal.
1645 3772 1701 3811 (ιτ)
1728 3770 1809 3801 flant
1820 3783 1881 3802 scr.

2050 3826 2094 3860 58
