2528 3918
204 119 350 163 XXVI
368 121 450 162 4.5

208 246 222 277 ι
271 241 386 276 larum
415 239 502 275 fecit
531 242 680 275 tutores.
690 242 708 249 ··
733 238 807 275 Sed
837 238 945 275 etiam
977 237 1044 274 hos
1076 236 1155 283 cogi
1186 236 1295 272 satis·

204 286 290 322 dare
314 290 451 321 certum
475 287 539 326 est,
575 284 613 319 in
647 287 789 319 tantum
823 287 865 319 ut
900 283 1008 319 etiam
1037 285 1230 329 patronum
1260 284 1298 317 et

204 330 348 377 patroni
369 329 483 365 filium
507 332 717 375 ceterosque
739 328 872 364 liberos
896 328 974 364 eius
998 337 1041 363 co
1067 326 1076 335 '
1091 328 1101 348 ¹
1125 336 1201 362 rem
1224 326 1296 362 sal·

204 386 284 411 vam
299 374 385 427 nfore
408 373 584 409 satisdare
607 373 786 419 plerisque
804 373 980 409 videatur.
1005 382 1044 425 se
1091 371 1162 407 hoc
1185 380 1298 406 causa

204 424 348 501 ἓξὲξ-,αἳ
354 424 537 500 sgrtiusffltgg
538 422 736 510 1111)αῇἝὲ
736 419 925 508 Θϋξὲἒὶῗιιιῗθ
935 416 1297 514 ωθῗξξεαῗιῖιοῗξιιιιῗ

203 510 235 545 si
267 518 422 555 persona
456 509 610 545 honesta
643 510 706 553 sit,
740 510 942 544 remittatur
973 516 1007 543 ei
1039 505 1224 542 satisdatio
1261 509 1298 541 et

204 555 366 596 maxime,
390 553 421 590 si
445 553 647 590 substantia
669 554 810 589 modica
834 553 899 588 sit:
942 551 974 587 si
1004 555 1124 587 autem
1154 550 1298 596 patroni

203 609 359 646 persona
381 598 534 644 vulgaris
556 598 612 635 vel
634 599 752 634 minus
775 600 928 634 honesta
950 596 1009 640 sit,
1031 596 1083 632 ibi
1106 595 1297 631 dicendum

204 649 260 680 est
283 643 551 680 satisdationem
572 644 691 680 locum
714 644 864 679 habere:
897 646 939 677 ut
962 646 1027 677 aut
1049 640 1177 676 modus
1200 644 1295 675 tute-

203 690 260 726 lae
290 692 355 725 aut
384 699 539 742 persona
570 693 634 724 aut
665 698 776 724 causa
818 688 983 723 admittat
1014 685 1296 722 satisdationem.

204 738 226 770 2
271 735 315 770 In
336 734 501 780 legitimis
525 739 561 769 et
583 735 620 769 in
643 734 710 776 his,
735 734 796 779 qui
819 744 842 768 a
862 732 1129 778 magistratibus
1152 730 1296 782 dantur,

228 780 405 815 uaesitum
429 783 501 821 est,
533 790 580 814 an
610 779 673 814 uni
708 778 853 813 decerni
882 777 997 812 tutela
1026 775 1152 822 possit.
1188 779 1224 811 et
1246 779 1298 826 ait

237 825 328 861 abeo
353 828 390 859 et
412 825 474 860 uni
497 829 594 860 recte
617 824 766 859 tutelam
789 823 951 859 decerni:
983 831 1091 868 posse
1115 820 1208 856 enim
1232 820 1296 855 ah-

205 870 321 916 quos²
343 869 398 905 vel
422 870 588 905 absentes
611 869 667 904 vel
690 868 847 904 furiosos
871 877 971 904 esse:
1004 876 1097 912 quae
1120 865 1298 901 sententia

204 915 368 950 utilitatis
400 915 516 960 gratia
548 914 768 949 admittenda
807 918 879 957 est,
911 918 953 948 ut
987 912 1049 947 uni
1083 910 1298 963 decernatur

205 963 226 996 3
273 960 543 996 administratio.
591 961 650 994 An
674 969 757 1004 ergo
791 963 827 994 et
856 967 1056 1004 provocare
1078 966 1118 991 se
1147 956 1298 991 invicem

204 1004 401 1041 secundum
432 1004 651 1050 superiorem
684 1004 880 1040 clausulam
910 1002 1076 1048 possint?
1117 1005 1154 1036 et
1170 1000 1297 1052 'magis

205 1055 272 1092 est,
296 1054 348 1093 ut,
374 1051 405 1086 si
428 1059 551 1085 omnes
575 1050 663 1085 satis
687 1060 761 1085 non
785 1048 946 1085 dederint
977 1047 1032 1083 vel
1056 1047 1088 1082 si
1117 1046 1220 1081 fimta
1244 1048 1299 1080 est

205 1095 393 1131 satisdatio
429 1098 708 1140 (nonnumquam
742 1095 834 1130 enim
868 1092 1054 1129 satisdatio
1079 1091 1125 1126 ab
1151 1091 1201 1126 eis
1225 1100 1299 1125 non

204 1141 348 1186 petitur,
373 1145 437 1175 aut
460 1140 548 1175 satis
571 1139 700 1175 desinit
723 1150 801 1175 esse
826 1142 992 1180 cautum,
1025 1140 1089 1172 aut
1110 1136 1298 1182 magistra-

204 1191 263 1221 tus
287 1185 521 1230 municipales
545 1185 591 1219 ab
615 1185 672 1220 his
697 1195 787 1229 quos
812 1183 974 1219 dederint
997 1185 1060 1217 aut
1082 1191 1156 1233 non
1167 1185 1296 1233 potue-

204 1235 289 1266 runt
313 1234 377 1265 aut
406 1230 599 1265 noluerunt
622 1229 710 1265 satis
743 1230 914 1274 exigere),
946 1237 1054 1274 posse
1086 1227 1156 1261 dicl
1191 1229 1299 1261 etiam

204 1277 243 1311 in
266 1275 333 1318 his,
358 1286 428 1320 quo
455 1285 542 1310 casu
567 1278 713 1309 cautum
736 1285 809 1310 non
833 1279 899 1316 est,
934 1271 1190 1308 admittendam
1213 1280 1298 1316 pro-

205 1324 227 1356 4
273 1320 506 1356 vocationem.
554 1320 613 1354 An
637 1330 720 1365 ergo
754 1324 790 1355 et
812 1319 848 1354 in
872 1318 1035 1364 patronis
1058 1317 1152 1352 idem
1175 1316 1223 1352 sit
1245 1315 1298 1351 di-

206 1365 376 1407 cendum,
408 1365 561 1400 maxime
593 1364 656 1400 ubi
686 1369 807 1401 cessat
838 1363 1049 1399 satisdatio?
1081 1366 1118 1398 et
1147 1365 1237 1407 puto
1261 1360 1299 1395 in

204 1411 368 1457 patronis
392 1420 465 1445 non
489 1414 656 1455 oportere
680 1410 820 1446 admitti
842 1408 1132 1455 provocationem
1162 1406 1231 1442 nisi
1255 1415 1300 1441 ex

204 1466 333 1501 magna
357 1465 486 1497 causa,
517 1465 564 1490 ne
594 1454 674 1501 quis
706 1465 806 1501 spem
829 1453 1066 1491 successionis
1097 1452 1297 1488 deminuat:

204 1511 288 1536 nam
311 1500 342 1536 si
374 1504 528 1546 patrono
561 1500 675 1535 tutela
706 1511 779 1536 non
809 1499 920 1535 fuerit
944 1499 1144 1540 commissa,
1168 1496 1300 1542 poterit

204 1556 268 1592 per
292 1550 564 1591 compatronum
577 1545 705 1582 damno
726 1545 844 1588 adfici,
869 1546 931 1591 qui
954 1544 1051 1579 solus
1074 1553 1150 1579 rem
1172 1541 1299 1594 pupilli

205 1595 224 1627 5
272 1591 364 1626 male
387 1590 622 1626 administrat.
659 1591 698 1627 Si
720 1591 896 1636 legitimus
920 1594 1018 1625 tutor
1042 1588 1160 1634 capite
1183 1598 1298 1622 minu·

203 1641 263 1672 tus
287 1636 345 1679 sit,
370 1635 562 1671 dicendum
595 1640 650 1671 est
680 1636 842 1672 desinere
873 1646 954 1671 eum
985 1644 1064 1671 esse
1086 1637 1240 1668 tutorem
1264 1634 1301 1667 et

203 1682 323 1718 locum
347 1691 426 1717 esse
448 1681 580 1717 iudicio
603 1682 738 1717 tutelae
760 1682 863 1716 finita
885 1680 1009 1716 tutela.

250 1724 276 1764 6
301 1725 359 1763 ΡΑ
367 1736 462 1762 ULUS
490 1726 583 1762 libro
608 1728 792 1774 triqesz‘mo
817 1730 942 1762 octavo
966 1725 1017 1761 ad
1038 1724 1193 1760 edictum
1239 1722 1298 1774 ln-

204 1775 336 1808 testato
360 1775 511 1818 parente
533 1776 674 1808 mortuo
699 1772 864 1818 adgnatis
889 1770 1049 1806 defertur
1082 1768 1206 1804 tutela.
1243 1779 1298 1803 m-

203 1821 357 1853 testatus
381 1821 501 1852 autem
524 1817 664 1853 videtur
687 1828 761 1854 non
791 1820 932 1852 tantum
965 1816 997 1851 is
1021 1815 1083 1861 qui
1105 1818 1298 1850 testamen-

204 1866 281 1898 tum
304 1872 377 1898 non
399 1862 508 1904 fecit,
540 1861 604 1898 sed
635 1867 671 1898 et
700 1863 732 1898 is
757 1863 819 1908 qui
841 1864 1054 1897 testamento
1078 1858 1200 1896 liberis
1224 1859 1299 1894 suis

203 1911 341 1943 tutores
373 1918 447 1943 non
479 1907 593 1943 dedit:
637 1912 810 1954 quantum
841 1908 935 1943 enim
966 1905 1014 1942 ad
1043 1905 1195 1941 tutelam
1217 1914 1298 1949 per-

204 1953 311 1994 tinet,
345 1953 538 1988 intestatus
571 1956 636 1989 est.
669 1953 763 1989 idem
794 1953 972 1995 dicemus,
1004 1951 1035 1987 si
1065 1954 1165 1986 tutor
1187 1953 1298 1984 testa-

205 2002 324 2034 mento
349 1998 455 2033 datus
479 1997 623 2033 adhnc³
656 1998 729 2034 filio
761 1998 948 2044 impubere
978 1999 1145 2032 manente
1176 1994 1299 2031 deces-

205 2043 310 2080 serit:
346 2053 431 2078 nam
453 2043 569 2078 tutela
592 2044 670 2079 eius
694 2043 742 2079 ad
765 2043 960 2088 adgnatum
982 2041 1183 2077 revertitur.

251 2085 276 2124 7
305 2088 428 2124 GAIUs
456 2088 547 2124 libro
571 2090 696 2135 primo
721 2089 1009 2124 institutionum⁴
1064 2086 1157 2122 Sunt
1180 2089 1300 2121 autem

204 2134 363 2179 adgnati,
387 2133 473 2179 qui-'²
496 2144 561 2178 per
590 2134 699 2169 virilis
734 2144 841 2169 sexus
865 2142 1038 2179 personas
1064 2131 1300 2176 cognatione⁶

203 2179 317 2215 iuncti
336 2183 422 2214 sunt
431 2180 456 2221 ⁵,
502 2179 582 2214 uasi
601 2189 624 2214 a
662 2182 739 2214 atre
751 2179 905 2224 cognati,
921 2178 1030 2213 veluti
1046 2176 1160 2212 frater
1177 2176 1299 2212 eodem

204 2228 308 2270 patre
331 2228 449 2266 natus,
488 2225 594 2260 ratris
618 2191 712 2260 iilius
725 2234 881 2270 neposve
894 2234 938 2259 ex
963 2233 1016 2265 eo,
1041 2222 1126 2257 item
1148 2225 1299 2267 patruus

206 2274 243 2306 et
293 2269 386 2304 atrui
408 2268 504 2304 filius
529 2279 684 2315 neposve
709 2279 752 2304 ex
776 2280 830 2305 eo.

251 2280 290 2353 Sp
302 2314 462 2350 Panos
482 2314 574 2350 libro
599 2315 783 2361 triqesimo
819 2317 946 2350 octavo
978 2313 1028 2348 ad
1058 2313 1213 2348 edictum
1261 2310 1300 2346 Si

204 2360 379 2406 reliquero
404 2358 516 2395 filium
538 2359 759 2405 impuberem
783 2363 818 2395 et
839 2358 990 2394 fratrem
1011 2362 1048 2394 et
1070 2361 1236 2404 nepotem
1255 2366 1300 2391 ex

205 2406 275 2441 alio
299 2405 384 2448 filio,
410 2408 555 2440 constat
577 2409 750 2450 utrosque
774 2414 853 2440 esse
875 2408 1036 2446 tutores,
1061 2403 1093 2439 si
1115 2401 1300 2448 perfectae

205 2450 334 2487 aetatis
358 2452 454 2492 sunt,
479 2450 563 2495 quia
588 2449 713 2486 eodem
735 2450 851 2495 gradu
875 2452 971 2485 sunt.

251 2493 277 2533 9
304 2495 428 2531 GAIUs
456 2494 547 2530 libro
582 2494 794 2532 duodecimo
827 2495 878 2530 ad
900 2494 1054 2530 edictum
1072 2491 1302 2540 provinciale

206 2541 244 2577 Si
266 2540 387 2586 plures
410 2543 496 2575 sunt
519 2539 676 2585 adgnati,
700 2540 884 2585 proximus
907 2539 1057 2575 tutelam
1081 2537 1302 2574 nanciscitur

206 2590 252 2628 et,
277 2586 308 2621 si
331 2585 455 2621 eodem
477 2585 591 2630 gradu
615 2586 736 2631 plures
759 2586 852 2628 sint,
885 2594 1008 2621 omnes
1039 2584 1188 2620 tutelam
1210 2592 1300 2618 nan-

208 2632 404 2667 ciscuntur.

255 2675 306 2714 10
330 2675 676 2711 Helisson-MANUS
703 2675 795 2712 libro
819 2674 977 2710 secundo
1010 2675 1102 2710 iuris
1125 2674 1298 2721 epitoma-

205 2732 287 2756 rum
333 2720 499 2766 Adgnato
530 2721 701 2766 propior⁷
732 2719 886 2763 femina,
919 2730 990 2765 quo
1021 2720 1138 2755 minus
1162 2718 1210 2754 sit
1232 2718 1297 2753 im-

206 2765 352 2811 puberis
376 2765 521 2810 adgnati
543 2769 654 2808 tutor,
679 2776 753 2801 non
776 2765 948 2807 obicitur,
972 2765 1052 2800 ideo
1079 2775 1124 2800 ue
1147 2767 1298 2810 patruus

207 2820 366 2847 sororem
390 2810 691 2856 consanguineam
702 2810 867 2846 habentis
890 2809 1013 2846 fratris
1036 2776 1100 2845 fiffu
1122 2808 1299 2854 legitimus

207 2855 276 2891 erit
306 2859 423 2898 tutor,
456 2866 521 2891 nec
553 2856 663 2891 amita
696 2859 827 2901 patruo
859 2865 988 2900 magno
1020 2855 1075 2891 vel
1106 2857 1299 2890 matertera

210 2904 225 2936 1
275 2899 398 2935 fratris
432 2900 514 2936 filiis
527 2901 540 2922 ⁸
571 2911 617 2936 ne
648 2901 721 2936 sint
749 2905 887 2937 tutores
919 2901 1051 2936 obstat.
1100 2898 1239 2935 Surdus
1263 2901 1299 2934 et

207 2949 327 2981 mutus
362 2955 428 2980 nec
462 2945 607 2991 legitimi
641 2950 779 2983 tutores
815 2956 894 2982 esse
955 2948 1100 2988 essunt,
1126 2955 1208 2981 cum
1231 2953 1298 2980 nec

207 2994 420 3026 testamento
445 3000 512 3026 nec
536 2991 605 3027 alio
630 2991 734 3027 modo
758 2991 894 3027 utiliter
942 2991 996 3026 ari
1045 2990 1169 3026 ossint‚

258 3034 305 3073 11
333 3034 491 3070 mes
512 3035 602 3071 libro
626 3040 733 3072 sexto
765 3036 902 3072 decimo
926 3036 976 3072 ad
1031 3036 1182 3071 lamium
1228 3033 1298 3070 Mi-

208 3091 276 3117 nus
300 3084 419 3117 autem
442 3080 590 3116 audiens
614 3085 744 3126 potest.

725 3173 795 3215 V⁹.

249 3239 311 3272 DE
335 3238 590 3272 TUTORIBUS
615 3239 675 3271 ΕΤ
699 3238 1014 3272 CURATOBIBUS
1039 3238 1173 3272 DATIS
1197 3239 1255 3271 AB

208 3285 286 3318 ms
311 3284 391 3321 QUI
417 3283 491 3316 IUS
515 3283 660 3316 DANDI
692 3284 900 3326 HABENT,
923 3284 985 3316 ET
1008 3283 1088 3320 QUI
1101 3283 1130 3304 ¹⁰
1162 3283 1224 3316 ET
1247 3283 1298 3316 IN

229 3329 395 3366 QUIBUS
420 3327 579 3362 CAUSIS
605 3328 908 3362 SPECIALITER
931 3330 1042 3362 DARI
1066 3327 1278 3362 POSSUNT.

258 3394 276 3433 1
319 3394 516 3431 ominus
546 3394 638 3430 libro
681 3395 864 3440 triqesimo
909 3405 1005 3431 nono
1041 3394 1091 3431 ad
1124 3393 1299 3431 Sabinum

208 3439 289 3476 Sive
324 3439 517 3486 proconsul
554 3439 627 3475 sive
661 3449 807 3485 praeses
843 3440 916 3475 sive
952 3440 1059 3475 etiam
1092 3439 1298 3486 praefectus

1279 112 1369 164 338

1122 174 1562 197 ——Q

1766 130 1828 162 nn
1856 130 2020 163 wron.
2048 131 2108 163 m·
2135 131 2293 166 cuna-r.
2319 133 2460 169 naris
2483 111 2516 170 ’ἑ

1364 237 1518 284 Aegypti
1552 232 1635 278 *sive
1676 239 1970 286 proconsulatum
2012 240 2174 286 optineat
2208 243 2452 288 provinciae¹¹

1364 283 1420 319 vel
1451 280 1622 335 temporis
1657 294 1769 320 causa
1802 284 1969 331 praeside
1999 284 2171 322 defuncto
2193 287 2249 323 vel
2279 288 2364 333 quia
2383 289 2454 335 ipsi

1365 337 1549 373 provincia
1571 329 1726 374 regenda
1749 330 1937 366 commissa
1960 334 2033 373 est,
2065 334 2220 367 tutorem
2243 331 2331 368 dare
2351 338 2453 379 pote·

1369 376 1384 408 1
1433 372 1491 408 rit.
1539 372 1697 426 laegatus
1720 385 1862 420 quoqne
1883 375 2110 420 proconsulis
2134 385 2178 411 ex
2201 377 2363 413 oratione
2385 379 2455 415 divi

1366 420 1386 453 2
1433 417 1550 453 Marci
1573 422 1728 454 tutorem
1752 419 1837 455 dare
1859 423 1988 465 potest,
2038 419 2143 464 Quod
2165 424 2286 457 autem
2308 423 2454 468 permit-

1364 462 1454 497 titur
1485 466 1640 499 tutorem
1670 463 1758 499 dare
1786 465 1991 510 provinciae
2021 465 2195 510 praesidi,
2230 466 2280 502 eis
2313 470 2454 505 tantum

1365 506 1592 587 permittitur,
1624 509 1685 554 qui
1716 514 1801 544 sunt
1831 509 1989 545 eiusdem
2020 510 2225 554 provinciae
2246 512 2303 546 vel
2325 512 2455 550 ibidem

1390 553 1581 588 omicihum
1603 553 1749 589 habent.

1411 595 1437 634 2
1461 597 1566 633 Imm
1594 598 1685 634 libro
1719 600 1902 653 myos-imo
1934 599 2060 644 quinto
2092 600 2143 635 ad
2165 600 2319 637 edictum
2367 601 2456 639 Cum

1366 642 1510 687 quidam
1532 646 1671 679 tutores
1696 643 1771 680 dan
1793 644 2046 691 appellassent,
2072 645 2216 690 quidam
2239 649 2360 682 autem
2382 657 2456 683 non

1365 687 1543 729 adessent,
1569 687 1670 724 divus
1693 688 1779 725 Pius
1803 688 1986 735 rescripsit
2015 689 2172 726 dandum
2203 692 2456 736 temporarium

1365 736 1530 775 tutorem,
1555 732 1617 778 qui
1638 733 1752 770 tutela
1773 734 1955 780 fungatur.

1413 775 1438 815 3
1472 777 1579 813 Imm
1610 777 1703 815 libro
1741 781 1924 826 triqesimo
1959 783 2064 815 sexto
2100 779 2151 814 ad
2184 780 2338 816 edictum
2395 781 2456 818 Ius

1367 822 1475 857 dandi
1510 826 1648 859 tutores
1662 824 1690 845 ¹²
1724 824 1849 860 datum
1885 829 1940 860 est
1982 824 2147 860 omnibus
2188 825 2456 870 magistratibus

1367 868 1647 949 ἓᾟῗέξρὲξξῖἐ
1666 878 1788 951 ‘33‘1351
1810 870 1895 950 ³¹³5,
1916 870 2079 950 {iffi
2092 869 2289 951 {duffii
2308 870 2387 951 <223³
2409 870 2454 907 ⁸¹¹

1413 956 1438 994 4
1463 957 1571 1010 Iners
1598 925 1690 995 Ιίὺέο
1721 925 1899 995 nonoaggd
1929 960 2042 1006 leqem
2072 958 2207 995 Iuliam
2234 926 2275 995 {t
2298 942 2456 1007 Pain'am

1366 1003 1518 1038 Praetor
1547 1013 1626 1048 ipse
1656 1015 1695 1040 se
1725 1009 1881 1040 tutorem
1912 1004 1999 1040 dare
2021 1015 2095 1040 non
2117 1008 2249 1050 potest,
2273 1005 2367 1041 sicut
2389 1015 2456 1043 nee

1365 1047 1552 1128 fied-anei&
1571 1048 1680 1127 ¹iudex
1702 1060 1769 1085 nec
1790 1050 2119 1095 compromissarius
2139 1060 2183 1085 ex
2202 1059 2269 1085 sua
2281 1051 2458 1087 sententia

1393 1104 1444 1128 en
1493 1103 1514 1128 o
1553 1103 1570 1128 s
1590 1121 1597 1128 .

1413 1137 1437 1175 5
1495 1147 1589 1173 Aws
1617 1139 1709 1175 libro
1742 1139 1952 1175 duodecimo
1976 1139 2027 1174 ad
2057 1139 2210 1175 edictum
2227 1140 2458 1186 provinciale

1366 1183 1459 1218 Illud
1483 1193 1622 1228 semper
1646 1185 1807 1220 constitit
1829 1184 2030 1231 praesidem
2053 1194 2161 1230 posse
2183 1188 2338 1220 tutorem
2370 1185 2458 1222 dare

1366 1233 1440 1264 tam
1481 1229 1666 1264 absentem
1701 1241 1807 1275 quam
1838 1234 2062 1276 praesentem
2094 1233 2131 1265 et
2168 1233 2243 1265 tam
2276 1231 2458 1275 praesenti

1368 1284 1475 1320 quam
1500 1274 1641 1309 absenti

1414 1317 1439 1357 6
1471 1318 1667 1371 ΠιΡζΔΝυε
1687 1319 1777 1356 libro
1802 1323 1928 1355 octavo
1952 1319 1997 1355 de
2030 1320 2195 1356 omnibus
2218 1320 2458 1356 tribunalibus

1366 1375 1435 1400 nec
1458 1374 1532 1400 non
1553 1365 1733 1409 1gnoranti
1756 1368 1793 1400 et
1814 1364 1936 1401 invito.

1414 1407 1438 1446 7
1462 1409 1570 1446 Imm
1590 1410 1681 1447 libro
1698 1411 1822 1456 primo
1846 1410 1891 1445 de
1914 1409 2079 1446 omnibus
2101 1409 2341 1447 mbunala‘bus
2374 1410 2457 1446 Non

1366 1459 1508 1491 tantum
1539 1454 1586 1490 ad
1617 1455 1737 1490 dotem
1767 1454 1921 1490 dandam
1943 1458 2123 1500 nupturae
2155 1459 2356 1492 curatorem
2380 1455 2458 1491 dari

1367 1500 2368 1591 333‘2‘522325235ffi312.‘3d3.13?21szae{uraniam
2391 1505 2456 1582 ἰῗὲ

1368 1602 1439 1637 que
1463 1590 1556 1626 dotis
1578 1591 1695 1636 gratia
1719 1594 1864 1626 curator
1888 1591 1966 1626 dari
1988 1572 2118 1636 potest.
2368 1557 2393 1592 q

1414 1633 1439 1675 8
1462 1635 1572 1672 IDEM
1590 1636 1681 1672 libro
1705 1639 1830 1672 octavo
1855 1636 1899 1671 de
1922 1636 2086 1672 omnibus
2109 1635 2348 1671 tribunalibus
2380 1634 2458 1671 Nec

1373 1685 1385 1717 1
1435 1681 1630 1716 mandante
1652 1681 1815 1726 praeside
1840 1681 1931 1716 alius
1954 1684 2110 1716 tutorem
2133 1680 2220 1716 dare
2242 1680 2385 1726 poterit.
2419 1679 2458 1716 Si

1367 1730 1513 1772 praetor
1535 1727 1591 1762 vel
1614 1736 1758 1771 praeses
1782 1726 1987 1771 provinciae
2010 1726 2046 1761 in
2069 1726 2194 1761 furore
2226 1729 2291 1760 aut
2313 1725 2457 1761 demen-
2506 1758 2509 1759 γ

1367 1772 1420 1807 tia
1453 1771 1670 1807 constitutus
1701 1771 1839 1807 dederit
1881 1775 2055 1814 tutorem,
2090 1781 2163 1807 non
2196 1773 2285 1816 puto
2319 1770 2456 1806 valere:

1369 1817 1528 1863 quamvis
1564 1817 1656 1852 enim
1687 1820 1832 1862 praetor
1861 1817 1918 1852 vel
1947 1826 2093 1862 praeses
2128 1816 2175 1851 sit
2206 1826 2273 1851 nec
2302 1815 2404 1852 furor
2427 1815 2459 1851 ei

1368 1862 1617 1907 magistratum
1641 1862 1799 1907 abroget,
1825 1865 1982 1897 attamen
2007 1861 2104 1897 datio
2135 1861 2268 1896 nullius
2293 1861 2361 1897 erit
2382 1870 2458 1897 mo-

1369 1909 1390 1943 2
1415 1910 1435 1943 3
1482 1907 1602 1942 menti.
1650 1906 1740 1942 Dari
1770 1910 1870 1942 tutor
1901 1907 1997 1943 omni
2028 1906 2084 1942 die
2114 1906 2257 1952 poterit.
2304 1905 2458 1942 Furioso

1370 1956 1406 1988 et
1427 1951 1587 1988 furiosae
1623 1955 1659 1987 et
1692 1956 1791 1988 muto
1828 1955 1864 1987 et
1898 1952 2006 1988 surdo
2040 1954 2139 1988 tutor
2171 1951 2227 1986 vel
2262 1954 2407 1987 curator
2436 1961 2457 1988 a

1368 2001 1535 2043 praetore
1558 1997 1613 2033 vel
1636 1997 1800 2043 praeside
1824 1997 1902 2032 dari
1925 1997 2068 2043 poterit.

1415 2040 1440 2080 9
1465 2042 1703 2078 MARchNos
1730 2043 1820 2079 libro
1843 2054 1939 2078 nono
1971 2042 2233 2078 institutionum
2279 2041 2459 2087 Impuberi

1369 2087 1416 2123 ad
1447 2088 1680 2123 hereditatem
1713 2087 1914 2123 adeundam
1944 2091 1987 2122 ut
2017 2090 2116 2123 tutor
2139 2086 2255 2129 detur,
2280 2097 2325 2122 ex
2348 2096 2459 2122 causa

1368 2133 1581 2179 permissum
1605 2137 1670 2169 est.

1418 2176 1469 2216 10
1494 2178 1603 2214 IDEM
1621 2178 1713 2214 libro
1762 2178 1863 2213 uinto
1887 2176 2098 2224 reqularum
2133 2176 2249 2213 Tutor
2272 2176 2303 2211 si
2324 2176 2458 2221 petitus

1368 2223 1480 2259 fuerit
1501 2223 1661 2266 habenti,
1686 2188 1761 2258 set?

1368 2273 1427 2304 tus
1461 2268 1527 2311 sit,
1560 2268 1657 2304 datio
1690 2268 1790 2303 nulla
1821 2271 1895 2303 est:
1931 2277 2014 2302 nam
2047 2270 2083 2302 et
2114 2276 2256 2312 quoquo
2291 2266 2398 2302 modo
2421 2266 2459 2302 in
2527 2268 2528 2272 ’

1368 2313 1539 2359 petitione
1573 2313 1704 2349 tutoris
1741 2312 1772 2348 si
1806 2316 1963 2348 erratum
1997 2311 2107 2347 fuerit
2138 2312 2177 2347 in
2209 2311 2298 2347 facti
2334 2321 2457 2354 causa,

1368 2359 1520 2394 maxime
1554 2361 1638 2404 post
1673 2357 1962 2393 constitutionem
2004 2357 2165 2392 divorum
2198 2356 2351 2392 fratrum
2385 2367 2458 2392 non

1370 2403 1466 2439 valet
1488 2404 1619 2439 tutoris
1643 2403 1752 2438 datio.

1417 2447 1464 2502 1]
1497 2448 1643 2485 Cusas
1670 2448 1761 2501 ljbro
1803 2447 1991 2483 undecimo
2023 2447 2243 2500 (iiqcstorum
2305 2446 2459 2500 Curatur

1367 2491 2457 2592 ¹³¹TP¹2¹¹⁰q15313ss33¹35bss¹5¹¹1232531212¹‘Wszffrssssommafflss‘

1367 2585 1432 2620 His
1464 2595 1526 2630 qm
1555 2595 1594 2619 ιιι
1629 2593 1673 2619 ea
1696 2593 1806 2619 causa
1835 2586 1938 2625 sunt,
1972 2586 2013 2618 ut
2044 2592 2231 2627 superesse
2252 2582 2360 2618 rebus
2383 2591 2456 2618 suis

1368 2641 1442 2665 non
1491 2628 1615 2672 ossint‚
1641 2628 1727 2664 dare
1751 2633 1954 2664 curatorem
1983 2627 2235 2673 proconsulem
2267 2627 2455 2673 oportebit.

1372 2679 1386 2710 1
1434 2641 1512 2710 ΝΞΟ
1536 2674 1717 2710 dubitabit
1739 2673 1852 2709 filium
1863 2682 2006 2719 quoque
2017 2673 2112 2719 patri
2124 2675 2327 2708 curatorem
2350 2671 2454 2708 dare:

1368 2719 1528 2766 quamvis
1556 2719 1650 2755 enim
1675 2722 1803 2755 contra
1827 2719 1874 2753 sit
1904 2717 2002 2771 apud
2025 2717 2166 2754 Celsum
2190 2721 2227 2752 et
2249 2717 2346 2763 apud
2368 2717 2457 2753 alios

1392 2765 1555 2818 lerosque
1589 2764 1760 2806 relatum,
1795 2764 1898 2816 quasi
1931 2763 2138 2816 indecorum
2161 2763 2228 2829 ¹³sit
2287 2766 2400 2815 atr-em
2434 2770 2457 2798 a

1367 2820 1439 2891 div‘}
1460 2808 1883 2899 {Raassssffrissseffffi
1898 2808 2020 2896 elffii,
2034 2808 2213 2889 Iffi'ffbrie
2223 2806 2347 2895 ἳινῖῗξ
2363 2811 2457 2904 11»ῗέ
2492 2847 2494 2849 ’

1368 2902 1388 2935 2
1436 2904 1638 2936 curatorem
1663 2898 1820 2934 dandum
1842 2899 1954 2945 magis
1987 2908 2094 2944 quam
2125 2901 2344 2933 extraneum.
2392 2897 2456 2932 Di·

1366 2956 1432 2981 vus
1455 2945 1542 2981 Pius
1565 2944 1689 2980 matris
1713 2944 1907 2990 querellam
1938 2943 1981 2979 de
2012 2943 2094 2979 filiis
2124 2942 2281 2989 prodigis
2302 2941 2455 2984 admisit,

1366 2993 1408 3026 ut
1443 2994 1643 3026 curatorem
1680 2989 1879 3035 accipiant,
1914 2988 1952 3024 in
1986 2988 2076 3024 haec
2110 2988 2236 3024 verba:
2277 2987 2371 3024 ‘Non
2401 2989 2456 3023 est

1368 3039 1511 3072 ‘novum
1545 3034 1718 3080 quosdam
1731 3061 1741 3077 ,
1777 3034 1844 3070 etsi
1879 3034 2007 3070 mentis
2042 3043 2129 3070 suae
2161 3032 2379 3069 videbuntur
2411 3040 2456 3068 ex

1368 3080 1600 3116 ‘sermonibus
1625 3083 1809 3124 compotes
1832 3089 1921 3122 esse,
1945 3082 2066 3115 tamen
2097 3078 2149 3114 sic
2180 3081 2339 3114 tractare
2360 3077 2456 3114 bona

1369 3125 1427 3161 ‘ad
1451 3135 1491 3161 se
1513 3125 1739 3171 pertinentia,
1764 3128 1816 3167 ut,
1840 3124 1909 3160 nisi
1931 3124 2164 3160 subveniatur
2194 3123 2247 3166 is,
2272 3122 2452 3158 deducan-

1368 3174 1439 3206 ‘tur
1460 3170 1498 3206 in
1521 3173 1724 3215 egestatem.
1750 3169 1931 3214 eligendus
1954 3169 2076 3214 itaque
2099 3168 2177 3210 erit,
2200 3167 2263 3213 qui
2282 3177 2344 3204 eos
2368 3177 2454 3203 con-

1368 3216 1457 3251 ‘silio
1482 3218 1599 3259 regat:
1632 3224 1716 3249 nam
1751 3224 1905 3260 aequum
1936 3218 1992 3250 est
2021 3213 2227 3259 prospicere
2258 3222 2325 3249 nos
2349 3212 2455 3248 etiam

1368 3260 1450 3303 ‘eis‚
1486 3260 1547 3306 qui
1571 3259 1667 3312 quod
1697 3259 1744 3294 ad
1775 3260 1870 3295 bona
1898 3259 2056 3305 ipsorum
2086 3258 2259 3304 pertinet,
2281 3256 2454 3294 furiosum

1369 3304 1518 3341 ‘faciunt
1541 3304 1696 3340 exitum'.

1416 3347 1467 3388 13
1492 3349 1741 3385 PAPJNJANUs
1767 3349 1859 3385 libro
1889 3347 2079 3384 undecimo
2110 3347 2360 3399 quaestiommf
2414 3338 2453 3382 si

1368 3394 1544 3440 impuberi
1574 3394 1721 3430 libertas
1753 3397 1790 3430 et
1819 3392 1999 3429 hereditas
2065 3402 2102 3428 er
2142 3391 2453 3428 fideicommissum

1369 3440 1455 3476 data
1489 3440 1536 3476 sit
1571 3442 1607 3474 et
1640 3439 1825 3475 institutus
1859 3437 1957 3474 adire
1991 3448 2038 3474 no
2055 3438 2098 3481 ἰ,
2134 3440 2281 3473 senatus
2315 3434 2453 3473 censuit

210 3559 248 3591 (ι)
274 3553 414 3596 cogitF
477 3555 520 3594 (2)
533 3551 681 3594 reliquos
692 3563 754 3585 scr.
826 3555 869 3594 (3)
891 3553 1073 3586 adhuncF
1137 3555 1180 3594 (4)
1197 3557 1292 3592 9156.
1366 3559 1421 3592 29;
1456 3569 1502 3576 -
1536 3552 1623 3587 Bas.
1646 3553 1701 3593 37,
1725 3559 1754 3585 ⁶.
1788 3569 1834 3576 -
1870 3550 1921 3595 Os.
1944 3551 2024 3585 Inst-
2053 3552 2084 3593 1,
2104 3558 2152 3585 20.
2177 3557 2233 3590 233
2268 3550 2346 3584 cod.
2365 3551 2398 3591 5,
2415 3539 2451 3583 θ’(

210 3602 251 3638 (5)
277 3599 337 3640 qui
350 3606 381 3632 et
391 3601 471 3631 sunt
483 3610 544 3631 om.
559 3596 665 3632 Gaius
757 3599 800 3637 (ο)
826 3598 1066 3639 cognitioneF
1150 3602 1194 3639 (τ)
1219 3608 1296 3642 pro-
1367 3599 1427 3638 (ιο)
1453 3595 1623 3639 atquibus
1637 3597 1696 3630 ins.
1715 3596 1868 3630 C'm‘acius
2005 3597 2061 3638 (ιι)
2086 3596 2156 3628 sive
2177 3593 2451 3638 proconsulatum

209 3643 303 3685 prior
314 3643 348 3676 F

208 3687 261 3721 vel
273 3688 387 3730 patrui
400 3687 492 3720 filiis.

255 3733 300 3775 (ο)
321 3732 402 3766 Sub.
416 3738 667 3773 1...a.s...1o.12;
692 3732 991 3771 Ed.⁴.11.15...23;
1018 3733 1297 3776 Pap.1s.u.2⁴...

443 3644 487 3684 (8)
512 3641 564 3675 vel
576 3644 754 3675 matertera
766 3641 881 3674 fratris
894 3642 987 3684 filiis]
1000 3644 1175 3686 requiritur
1186 3643 1298 3687 potine
1366 3641 1521 3685 optineat
1533 3641 1741 3685 provinciae]
1755 3641 1824 3673 sive
1845 3644 2047 3684 procurator
2065 3641 2124 3683 qui
2144 3639 2371 3684 praesidatum
2390 3646 2450 3680 op·

1367 3686 1477 3719 tineat
1496 3686 1691 3729 provinciae
1713 3698 1776 3720 scr.
2311 3684 2369 3725 (18)
2392 3682 2449 3715 In·

1367 3731 1452 3765 steio
1465 3743 1526 3765 ser.

1893 3688 1951 3727 (12)
1976 3688 2120 3718 tutorem
2132 3698 2195 3719 scr.

1772 2222 1920 2258 absente
1945 2232 1986 2258 eo
2012 2221 2114 2268 quasi
2137 2231 2209 2257 non
2224 2221 2373 2257 habenti
2396 2221 2458 2257 da-
2527 2252 2528 2267 ζ
