2528 3918
187 132 316 176 Vni

235 252 287 291 55
312 253 540 290 Pomomos
567 252 657 288 libro
689 253 878 288 vicensimo
901 256 1006 288 sexto
1030 252 1080 287 ad
1104 251 1271 295 Quintum

188 298 349 336 Mucium
396 298 433 333 Si
471 297 618 333 infantis
651 307 739 332 usus
769 297 1015 333 tantummodo
1046 297 1183 341 legatus
1215 296 1271 338 sit,

188 344 326 380 etiamsi
349 343 467 378 nullus
490 342 631 377 interim
655 342 718 384 sit,
751 353 832 378 cum
862 346 982 377 tamen
1004 341 1149 376 infantis
1174 344 1271 376 aeta-

188 393 259 424 tem
283 387 483 428 excesserit,
509 396 586 422 esse
608 387 743 432 incipit.

236 431 288 470 56
316 433 439 469 GAws
466 431 557 467 libro
580 432 731 478 septimo
755 431 913 468 deeimo¹
939 431 988 466 ad
1010 431 1164 482 edietum
1180 440 1271 483 pro·

188 478 340 514 vineiale
385 477 448 511 An
480 486 566 511 usus
588 475 729 512 fructus
753 477 894 512 nomine
917 476 1010 511 actio
1034 475 1272 519 municipibus

189 522 265 558 dari
282 522 421 563 debeat,
442 521 642 566 quaesitum
654 525 725 557 est:
746 522 943 567 periculum
965 521 1058 555 enim
1080 530 1156 555 esse
1176 519 1273 554 vide-

187 568 305 609 batur,
329 576 374 602 ne
396 577 441 611 pe
487 570 590 602 etuus
613 566 725 609 fieret,
750 566 835 611 quia
857 575 970 610 neque
994 567 1107 600 morte
1130 575 1196 599 nec
1218 564 1273 599 fa-

189 612 255 648 cile
290 611 416 656 capitis
475 611 688 646 eminutione
718 612 897 657 periturus
929 614 1000 652 est,
1037 619 1108 655 qua
1136 609 1275 644 ratione

188 657 388 702 proprietas
431 656 566 692 inutilis
601 660 695 692 esset
727 655 851 690 futura
886 664 1024 699 semper
1060 653 1275 689 abscedente

189 712 257 736 usu
289 701 421 737 fructu.
455 700 520 736 sed
550 704 669 736 tamen
699 701 836 746 placuit
868 699 1021 734 dandam
1052 708 1131 734 esse
1162 699 1273 734 actio-

189 757 279 781 nem.
316 745 410 781 unde
434 756 585 791 sequens
618 745 792 781 dubitatio
829 749 902 785 est,
937 754 1121 789 quousque
1151 743 1275 778 tuendi

188 794 309 827 essent
330 791 369 826 in
393 801 434 826 eo
458 801 527 826 usu
544 790 664 826 fructu
683 789 896 834 municipes:
922 793 958 824 et
976 788 1112 834 placuit
1132 792 1275 823 centum

188 846 300 871 annos
324 835 476 871 tuendos
500 845 579 871 esse
597 835 804 880 municipes,
830 833 914 879 quia
932 834 963 869 is
983 833 1063 869 finis
1085 833 1179 868 vitae
1196 833 1273 868 lon-

187 881 286 926 gaevi
309 880 461 916 hominis
485 884 549 915 est.

235 923 287 963 57
313 925 560 961 Paprivmmss
586 924 677 960 libro
712 924 861 970 septimo
897 933 1153 969 responsorum
1199 922 1274 957 Do-

187 970 303 1006 minus
325 970 523 1006 fructuario
554 969 755 1014 praedium,
788 968 883 1013 quod
908 968 940 1002 ei
962 977 1026 1012 per
1049 979 1154 1003 usum
1177 967 1274 1003 fruc-

190 1020 267 1050 tum
302 1015 493 1055 serviebat,
527 1014 673 1067 legavit,
705 1013 811 1065 idque
866 1012 1027 1065 raedium
1058 1013 1275 1065 aliquamdiu

188 1060 1274 1148 ἒὲἕέῗέἒῆῗεὲἕιῖἳὲΐέοἷὲἶξῗᾶἓῖἓηι,οώαέῗῗιέἰὲἲῗῖἐὲ-

188 1150 278 1186 sisse
308 1150 448 1185 fructus
478 1149 534 1184 ius
564 1149 739 1193 integrum
771 1158 815 1183 ex
848 1151 932 1193 post
964 1147 1061 1183 facto
1098 1157 1144 1192 ap
1171 1148 1273 1183 aruit.

192 1197 206 1229 1
255 1195 326 1230 Per
358 1193 667 1229 fideicommissum
698 1193 820 1228 fructu
852 1192 1080 1237 praediorum
1123 1203 1143 1228 o
1211 1193 1275 1227 ali-

188 1243 309 1275 menta
340 1239 476 1274 libertis
501 1239 626 1274 relicto
650 1239 805 1283 partium
829 1238 1104 1273 emolumentum
1128 1247 1172 1272 ex
1195 1248 1274 1283 per-

188 1295 279 1319 sona
302 1285 374 1319 vita
398 1283 643 1319 decedentium
676 1283 723 1318 ad
754 1282 935 1318 dominum
965 1282 1196 1327 proprietatis
1219 1292 1274 1317 re-

190 1329 312 1364 currit.

235 1371 287 1411 58
313 1372 516 1409 Seuerou
549 1373 641 1408 libro
666 1373 770 1407 tertio
793 1383 1049 1419 responsorum
1094 1371 1277 1407 Defuncta

186 1418 387 1455 fructuaria
417 1428 538 1453 mense
568 1417 757 1452 Decembri
786 1417 858 1452 iam
889 1418 1052 1453 omnibus
1086 1416 1275 1459 fructibus,

188 1464 249 1509 qui
271 1464 308 1498 in
331 1463 387 1497 his
411 1463 505 1508 agris
528 1466 744 1504 nascuntur,
775 1472 896 1498 mense
920 1462 1068 1498 Octobri
1090 1472 1155 1507 per
1179 1462 1275 1498 colo-

188 1519 254 1544 nos
275 1508 423 1543 sublatis
446 1507 643 1553 quaesitum
665 1511 729 1549 est,
753 1511 873 1542 utrum
892 1508 1016 1552 pensio
1037 1507 1159 1543 heredi
1178 1507 1275 1542 fruc-

187 1554 326 1588 tuariae
348 1553 437 1587 solvi
460 1552 613 1594 deberet,
639 1552 798 1597 quamvis
821 1552 1021 1587 fructuaria
1044 1556 1128 1587 ante
1150 1552 1274 1587 kalen-

187 1598 252 1633 das
265 1597 426 1639 Martias,
453 1598 581 1642 quibus
604 1597 793 1642 pensiones
817 1597 942 1632 inferri
965 1597 1127 1639 debeant,
1152 1596 1274 1632 deces-

187 1643 293 1685 serit,
326 1652 372 1677 an
406 1642 512 1677 dividi
543 1642 674 1677 debeat
694 1642 787 1677 inter
809 1642 974 1678 heredem
997 1642 1218 1678 fructuariae
1241 1646 1277 1676 et

187 1698 262 1724 rem
291 1687 491 1733 publicam,
529 1687 587 1722 cui
618 1687 817 1732 proprietas
849 1687 967 1732 legata
998 1691 1062 1722 est.
1108 1686 1276 1739 respondi

186 1745 262 1770 rem
285 1733 465 1779 publicam
488 1732 631 1778 quidem
662 1743 743 1767 cum
775 1732 902 1768 colono
933 1732 1069 1767 nullam
1099 1736 1276 1767 actionem

186 1779 340 1820 habere,
370 1777 591 1813 fructuariae
614 1787 698 1812 vero
721 1777 887 1812 heredem
910 1787 977 1812 sua
1000 1777 1057 1812 die
1080 1776 1276 1813 secundum

187 1835 231 1860 ea
254 1833 347 1868 quae
369 1826 656 1868 proponerentur
683 1822 857 1867 integram
887 1822 1095 1867 pensionem
1127 1832 1275 1868 percep-

190 1873 206 1904 1
254 1872 386 1903 turum.
435 1867 655 1912 ‘Sempronio
680 1866 725 1903 do
749 1867 826 1912 lego
851 1877 895 1903 ex
918 1867 1069 1902 redactu
1091 1866 1276 1902 fructuum

188 1914 331 1949 ‘holeris
356 1916 393 1948 et
421 1913 605 1958 porrinae,
639 1922 732 1958 quae
762 1912 877 1948 habeo
910 1912 948 1947 in
979 1922 1063 1957 agro
1088 1911 1274 1947 Farrario-

188 1962 279 1994 ‘rum
289 1958 315 2000 ²,
334 1961 473 2003 partem
492 1958 652 1992 sextam’.
689 1958 884 2002 quaeritur,
910 1967 958 1992 an
975 1957 1031 1992 his
1051 1957 1168 1992 verbis
1188 1967 1276 1992 usus

189 2003 328 2039 fructus
360 2003 497 2047 legatus
528 2002 702 2037 videatur.
738 2002 908 2047 respondi
938 2012 1011 2038 non
1041 2012 1146 2037 usum
1177 2001 1275 2037 fruc·

189 2053 275 2090 tum,
300 2047 364 2083 sed
388 2058 432 2082 ex
456 2057 496 2082 eo
516 2047 611 2092 quod
630 2047 817 2082 redactum
837 2051 932 2083 esset
949 2050 1089 2093 partem
1110 2047 1274 2092 legatam.

188 2096 209 2128 2
256 2093 345 2128 Item
369 2093 568 2138 quaesitum
591 2095 655 2135 est,
681 2092 712 2127 si
734 2103 821 2128 usus
843 2092 984 2127 fructus
1007 2103 1080 2127 non
1101 2095 1205 2135 esset,
1229 2102 1277 2127 an

190 2138 379 2184 quotannis
398 2141 538 2183 partem
557 2140 695 2173 sextam
707 2137 890 2173 redactam
902 2137 1081 2183 legaverit.
1106 2137 1277 2189 respondi

190 2183 380 2228 quotannis
403 2182 514 2217 videri
536 2183 717 2225 relictum,
742 2183 810 2218 nisi
833 2182 1051 2218 contrarium
1074 2182 1277 2227 specialiter

190 2228 234 2264 ab
258 2227 387 2263 herede
410 2227 639 2272 adprobetur.

235 2270 289 2310 59
313 2271 370 2307 ΡΑ
378 2282 473 2308 ηας
501 2272 592 2308 libro
626 2273 731 2308 tertio
753 2273 1014 2307 sententiarum
1060 2271 1219 2307 Arbores
1241 2271 1275 2306 vi

189 2317 423 2362 tempestatis,
448 2328 520 2353 non
544 2317 650 2363 culpa
671 2317 862 2352 fructuarii
886 2327 1027 2352 eversas
1051 2317 1097 2351 ab
1122 2327 1163 2352 eo
1190 2316 1274 2352 sub-

192 2363 206 2397 1
257 2362 356 2397 stitui
379 2373 451 2398 non
474 2363 603 2408 placet.
651 2361 831 2407 Quidquid
852 2362 890 2396 in
908 2361 1021 2397 fundo
1041 2362 1202 2396 nascitur
1221 2361 1276 2396 vel

188 2407 359 2460 quidquid
393 2407 476 2442 inde
510 2407 723 2460 percipitur,
760 2406 807 2442 ad
844 2406 1079 2442 fructuarium
1109 2406 1274 2458 pertinet,

189 2452 997 2549 ξῗεῖῗοὲῗιῖέιῗὲᾳέξθέἑέἙιέἒῗέωὲῖἓῖἓοέἓαῗ
1017 2461 1212 2532 εῗὲἷῗῗὲῗϊ
1229 2462 1276 2532 ἑὲ

189 2542 389 2587 exemplum
412 2542 643 2585 venditionis,
674 2542 743 2577 nisi
765 2541 899 2577 fuerint
921 2541 1124 2587 specialiter
1147 2551 1274 2586 excep-

191 2590 267 2628 tae,
311 2591 430 2632 potest
471 2587 761 2622 usufructuarius
805 2586 1058 2622 conductorem
1092 2587 1273 2639 repellere.

191 2634 212 2665 2
260 2630 395 2667 Caesae
416 2632 624 2667 harundinis
648 2632 703 2667 vel
725 2631 798 2677 pali
822 2631 1086 2684 compendium,
1119 2642 1150 2667 sl
1172 2631 1210 2667 in
1233 2641 1274 2667 eo

191 2676 455 2754 quaquetfundi
477 2677 627 2722 vectigal
650 2687 729 2712 esse
753 2680 946 2719 consuevit,
970 2676 1017 2712 ad
1038 2676 1276 2711 fructuarium

219 2730 238 2755 e
273 2731 355 2755 me.

191 2731 216 2765 p
238 2762 291 2802 60
315 2765 423 2800 IDEM
442 2766 532 2802 libro
556 2768 681 2812 quinto
705 2768 962 2802 sententiarum
1009 2766 1276 2812 Cuiuscumque

190 2808 604 2861 fundi-usufructuarius
628 2811 828 2856 prohibitus
859 2815 922 2847 aut
953 2811 1112 2847 deiectus
1146 2811 1190 2847 de
1219 2822 1274 2848 re-

193 2857 377 2889 stitutione
411 2856 566 2890 omnium
600 2867 718 2891 rerum
751 2857 856 2891 simul
890 2861 1147 2902 occupatarum
1181 2857 1273 2902 agit:

193 2898 259 2934 sed
282 2903 318 2933 et
341 2899 371 2934 si
394 2900 507 2935 medio
532 2905 691 2946 tempore
714 2901 808 2936 alio³
831 2912 917 2937 casu
939 2901 1158 2938 interciderit
1187 2912 1276 2937 usus

191 2942 343 2986 fructus,
368 2954 480 2988 aeque
503 2945 546 2980 de

198 2991 212 3023 l
261 2989 311 3024 tio
335 2988 503 3023 tribuitur
594 2946 743 2991 erceptis
766 2950 873 2982 antea
894 2946 1072 2982 fructibus
1095 2947 1190 2983 utilis
1214 2957 1274 2982 ac-

586 2991 598 3024 i
621 2990 763 3033 fundus,
789 2991 889 3027 cuius
913 3002 999 3027 usus
1023 2991 1162 3027 fructus
1185 2992 1275 3037 peti-

193 3037 270 3075 tur,
302 3043 375 3068 non
407 3043 430 3068 a
460 3033 601 3070 domino
633 3036 875 3080 possideatur,
907 3037 1001 3072 actio
1032 3036 1204 3072 redditur.
1241 3040 1278 3071 et

193 3077 274 3113 ideo
305 3077 336 3112 si
359 3077 412 3130 ‘de
442 3078 543 3129 fundi
566 3080 781 3124 proprietate
803 3081 896 3116 inter
918 3081 1008 3117 duos
1032 3082 1193 3127 quaestio
1218 3082 1275 3123 sit,

192 3121 413 3174 fructuarius
444 3123 552 3158 nihilo
588 3124 702 3159 minus
736 3125 773 3159 in
807 3126 1033 3170 possessione
1063 3136 1141 3162 esse
1172 3126 1278 3162 debet

192 3176 236 3203 sa
306 3177 351 3219 ue
374 3177 406 3202 ei
429 3177 451 3202 a
500 3178 679 3203 ossessore
702 3170 895 3205 cavendum
919 3174 992 3213 est,
1016 3171 1112 3216 quod
1135 3182 1207 3206 non
1231 3171 1278 3206 sit

193 3212 298 3257 probi
324 3216 438 3264 iturus
477 3213 531 3247 rui
564 3223 660 3255 eum,
694 3214 750 3248 cui
773 3225 858 3250 usus
880 3215 1020 3251 fructus
1042 3216 1187 3252 relictus
1211 3220 1276 3258 est,

193 3256 364 3302 quamdiu
382 3256 425 3292 de
442 3257 519 3292 iure
538 3268 603 3292 suo
622 3259 759 3302 probet.
792 3260 854 3294 sed
874 3261 904 3295 si
925 3261 992 3305 ipsi
1004 3260 1271 3296 usufructuario

196 3414 238 3455 (1)
263 3412 392 3446 decimo
404 3414 466 3447 del.
480 3414 553 3447 dett.
645 3415 689 3455 (2)
713 3415 1004 3450 Farraticanorum
1015 3431 1078 3452 scr.
1088 3431 1101 3450 .-
1112 3419 1155 3462 cs}
1164 3430 1276 3462 pagus

196 3458 433 3492 Farraticanus
446 3460 523 3503 αρν-ἰ
536 3458 755 3492 Cremonensis
769 3461 914 3499 (Henzen
928 3464 1023 3495 inser.
1038 3476 1067 3496 n.
1082 3468 1166 3497 6132)

195 3505 239 3545 (3)
263 3502 378 3545 aliquo
390 3503 465 3537 dett.
678 3504 720 3547 (4)
744 3506 791 3537 sic
803 3505 832 3538 S
843 3518 910 3538 cum
927 3506 1064 3541 Graecis
1073 3519 1086 3540 .·
1097 3508 1237 3540 offertur
1246 3507 1282 3540 F

197 3549 240 3589 (5)
264 3548 388 3590 caveri]
401 3550 537 3581 cavetur
548 3549 580 3581 ei
591 3560 653 3582 scr.
732 3549 777 3590 (θ)
801 3550 848 3582 sic
861 3557 1034 3593 transpone
1044 3564 1055 3584 .-
1076 3562 1146 3584 esse
1166 3551 1274 3585 debet.

195 3591 253 3625 sed
266 3592 297 3625 si
308 3592 393 3636 ipsi.
405 3616 413 3625 .
423 3617 430 3625 .
440 3592 493 3626 vel
505 3593 536 3626 si
547 3593 631 3626 satis
643 3603 710 3626 non
723 3592 829 3633 detur,
843 3594 915 3636 ipse
928 3595 992 3627 frui
1006 3597 1216 3637 permittitur
1224 3607 1276 3628 sa-

195 3636 307 3679 tisque
319 3638 350 3670 ei
366 3648 387 3670 a
398 3647 589 3681 possessore
602 3639 653 3678 (id
661 3644 708 3671 est
719 3639 761 3671 ab
774 3650 820 3679 eo,
842 3651 863 3671 a
882 3651 943 3681 quo
963 3641 1109 3674 vindicat
1127 3643 1276 3676 usufruc-

197 3684 324 3715 marius
342 3684 393 3716 ius
412 3683 524 3716 utendi
524 3683 676 3726 fruendi)
690 3682 871 3715 cavendum
885 3687 945 3723 est,
959 3684 1048 3725 quod
1062 3695 1128 3717 non
1142 3686 1188 3718 sit
1199 3695 1276 3727 pro-

196 3725 367 3759 hibiturus
379 3727 446 3759 frui
460 3738 544 3768 eum,
558 3727 614 3760 oui
630 3737 709 3759 usus
729 3727 857 3759 fructus
877 3727 1015 3760 relictus
1037 3733 1097 3769 est,
1118 3730 1277 3771 quamdiu

1270 126 1348 175 1⁰2

1470 249 1479 258 .
1726 251 1734 258 .
1819 251 1828 259 .
2153 252 2161 260 .
2245 252 2253 260 .
2387 255 2423 276 ,-

1340 251 2424 350 333223330332-2233'3333Rfuigffgiuffiseffiffifflussmw:

1342 343 1510 405 cepturus
1531 344 1595 382 est,
1614 341 1671 376 vel
1688 340 1719 376 si
1738 341 1826 376 satis
1841 351 1914 377 non
1954 346 2045 383 etur,
2064 341 2142 386 ipse
2161 341 2232 376 frui
2252 343 2424 388 permitti-

1340 389 1399 419 tur
1425 411 1433 418 .

1387 426 1437 466 61
1476 428 1682 465 ΝΕΒΔπσε
1712 429 1802 466 libro
1839 431 1996 466 seeundo
2030 441 2284 478 responsorum
2333 431 2425 467 Usu-

1339 473 1558 509 fructuarius
1581 485 1711 510 novum
1732 475 1845 510 rivum
1868 475 2062 520 parietibus
2087 486 2160 511 non
2182 478 2302 520 potest
2322 475 2425 521 inpo-

1341 528 1437 554 nere.
1473 518 1673 554 aedificium
1694 519 1901 555 inchoatum
1925 519 2160 556 fructuarium
2181 530 2426 556 consummare

1341 573 1414 599 non
1433 573 1540 608 posse
1559 564 1689 609 placet,
1714 564 1853 600 etiamsi
1873 574 1915 599 eo
1940 565 2019 600 loco
2044 566 2149 601 aliter
2171 565 2225 600 uti
2248 575 2319 600 non
2342 576 2425 610 pos—

1342 609 1398 650 sit,
1423 608 1486 643 sed
1509 618 1576 644 nec
1601 609 1676 644 eius
1724 609 1840 645 uidem
1863 619 1968 644 usum
1990 609 2148 645 fructum
2172 619 2267 645 esse:
2299 610 2367 645 nisi
2389 610 2427 646 in

1343 653 1591 689 constituendo
1622 654 1678 689 vel
1721 654 1857 699 egando
1889 665 1958 689 usu
1988 654 2110 690 fructu
2132 655 2201 690 hoc
2226 654 2427 700 specialiter

1343 698 1521 733 adiectum
1545 699 1601 740 sit,
1625 703 1667 734 ut
1688 702 1878 744 utrumque
1903 699 1934 733 ei
1958 699 2074 734 liceat.

1388 740 1442 780 62
1468 742 1745 779 Tmmomnvs
1753 744 1844 779 libro
1857 754 1895 778 se
1923 745 2006 779 timo
2019 744 2302 790 disputationum
2334 744 2426 779 Usu-

1342 787 1579 823 fructuarium
1600 788 1722 824 venari
1744 789 1782 823 in
1805 789 1888 824 salti
1914 799 1956 823 us
1980 789 2035 823 vel
2058 789 2261 824 montibus⁷
2284 799 2427 833 posses-

1343 833 1453 868 sionis
1476 833 1589 878 probe
1621 833 1767 869 dicitur:
1801 844 1867 868 nec
1899 844 2025 878 aprum
2056 838 2120 868 aut
2151 844 2293 869 cervum
2323 844 2428 879 quem

1344 877 1478 923 ceperit
1500 878 1683 923 proprium
1708 878 1841 914 domini
1865 879 1982 923 capit,
2016 879 2079 914 sed
2104 882 2167 913 aut
2189 878 2329 914 fructus
2352 879 2428 914 iure

1346 926 1361 957 1
1411 926 1475 957 aut
1497 923 1678 968 gentium⁸
1701 933 1786 959 suos
1806 923 1905 958 facit.
1943 923 1981 958 Si
1992 923 2132 959 vivariis
2152 923 2312 958 inclusae
2330 923 2429 960 ferae

1343 968 1380 1002 in
1404 977 1447 1002 ea
1468 969 1695 1012 possessione
1719 968 2024 1010 custodiebantur,
2049 968 2191 1013 quando
2215 978 2302 1004 usus
2326 967 2424 1003 fruc-

1343 1016 1401 1048 tus
1425 1013 1561 1058 coepit,
1586 1024 1670 1048 num
1694 1023 1860 1048 exercere
1885 1023 1946 1048 eas
1969 1013 2187 1049 fructuarius
2210 1013 2343 1058 possit,
2368 1024 2428 1048 oc-

1345 1057 1464 1093 cidere
1494 1068 1566 1092 non
1596 1058 1737 1103 possit?
1779 1058 1867 1093 alias
1899 1058 1931 1093 si
1965 1068 2055 1103 quas
2089 1058 2217 1094 initio⁹
2245 1058 2430 1093 incluserit

1347 1102 1465 1147 operis
1490 1102 1564 1138 suis
1587 1102 1643 1138 vel
1673 1107 1756 1148 post
1787 1103 1928 1138 sibimet
1957 1103 2059 1155 ipsae
2087 1103 2278 1138 inciderint
2308 1102 2429 1148 delap-

1344 1157 1448 1183 saeve
1465 1147 1608 1190 fuerint,
1627 1148 1696 1183 hae
1714 1148 1904 1183 fructuarii
1922 1148 2009 1183 iuris
2029 1148 2125 1183 sint?
2150 1148 2431 1184 commodissime

1344 1196 1484 1235 tamen,
1518 1202 1564 1228 ne
1594 1203 1660 1238 per
1682 1192 1820 1237 singula
1843 1193 2012 1228 animalia
2034 1193 2431 1229 facultatis'fructuarii

1367 1241 1490 1282 ropter
1513 1237 1760 1273 discretionem
1784 1237 1963 1273 difficilem
1986 1238 2042 1273 ius
2066 1238 2242 1274 incertum
2265 1239 2329 1281 sit,
2355 1238 2430 1274 suf-

1343 1248 1419 1317 ficit
1448 1282 1599 1318 eundem
1632 1293 1819 1318 numerum
1853 1293 1918 1328 per
1953 1283 2091 1335 singula
2125 1293 2267 1335 quoque
2300 1293 2431 1328 genera

1343 1327 1500 1362 ferarum
1531 1327 1632 1363 finito
1663 1338 1733 1364 usu
1766 1328 1889 1363 fructu
1926 1328 2068 1363 domiuo
2103 1329 2331 1374 proprietatis
2367 1328 2430 1363 ad-

1344 1372 1496 1417 signare,
1521 1373 1582 1418 qui
1604 1372 1675 1408 fuit
1700 1373 1817 1418 coepti
1839 1383 1927 1408 usus
1951 1372 2092 1408 fructus
2115 1377 2286 1418 tempore.

1389 1415 1442 1455 63
1467 1417 1525 1453 ΡΑ
1532 1427 1628 1453 Ubus
1643 1418 1734 1454 libro
1752 1418 1937 1464 sinqulari
1953 1418 1998 1453 de
2016 1419 2096 1453 iure
2113 1418 2296 1465 sinqulari
2328 1417 2431 1463 Quod

1343 1466 1506 1498 nostrum
1529 1473 1602 1498 non
1627 1466 1692 1505 est,
1715 1462 1972 1498 transferemus
1997 1463 2044 1498 ad
2062 1463 2168 1498 alios:
2193 1463 2300 1498 veluti
2319 1464 2350 1498 is
2370 1463 2432 1508 qui

1343 1507 1496 1542 fundum
1518 1508 1638 1550 habet,
1664 1518 1878 1553 quamquam
1893 1518 1997 1543 usum
2018 1507 2176 1543 fructum
2193 1518 2267 1543 non
2285 1509 2430 1550 habeat,

1343 1556 1464 1588 tamen
1486 1563 1592 1588 usum
1614 1552 1772 1588 fructum
1797 1552 1922 1588 cedere
1943 1556 2074 1598 potest.

1390 1595 1444 1634 64
1464 1596 1659 1633 ΠιΡΙΑινσε
1675 1597 1765 1633 libro
1786 1598 2110 1644 quinquaqensimo
2122 1598 2247 1644 primo
2267 1597 2318 1632 ad
2336 1597 2430 1633 edie-

1345 1646 1418 1677 tum
1458 1642 1547 1677 Cum
1569 1642 1791 1678 fructuarius
1814 1647 1963 1687 paratus
1987 1646 2042 1678 est
2064 1652 2167 1677 usum
2189 1642 2346 1678 fructum
2370 1642 2431 1678 de·

1344 1687 1553 1732 relinquere,
1579 1698 1651 1723 non
1675 1691 1729 1723 est
1748 1698 1790 1723 co
1816 1687 1927 1723 endus
1948 1687 2092 1723 domuin
2110 1687 2270 1730 reficere,
2294 1688 2331 1722 in
2376 1687 2430 1722 ui-

1344 1733 1411 1768 bus
1444 1732 1588 1767 casibus
1620 1736 1655 1768 et
1667 1734 1695 1754 ¹⁰
1725 1743 1768 1767 us
1810 1732 1992 1768 ructuario
2023 1733 2093 1767 hoc
2125 1742 2215 1768 onus
2246 1733 2365 1767 incuni
2391 1732 2429 1767 it.

1344 1777 1408 1813 sed
1428 1783 1464 1812 et
1480 1782 1564 1822 post
1583 1781 1770 1822 acceptum
1790 1781 1916 1813 contra
1935 1787 2015 1812 eum
2027 1778 2055 1799 ¹¹
2071 1777 2241 1812 iudicium
2287 1782 2388 1813 arato
2403 1778 2433 1798 ¹2

1343 1822 1543 1858 fructuario
1568 1822 1812 1867 derelinquere
1835 1832 1940 1857 usum
1969 1822 2126 1857 fructum
2157 1821 2260 1857 dicen
2286 1833 2346 1857 um
2378 1826 2432 1858 est

1345 1867 1481 1903 absolvi
1506 1878 1586 1903 eum
1599 1868 1626 1889 ¹³
1650 1867 1778 1902 debere
1802 1877 1824 1903 a
1846 1867 1975 1903 iudice.

1390 1910 1443 1950 65
1469 1911 1703 1948 Poupomvs
1723 1912 1814 1948 libro
1864 1913 1965 1948 uinto
1988 1923 2039 1948 ex
2061 1911 2208 1947 Plautio
2255 1911 2326 1948 Sed
2350 1922 2430 1948 cum

1343 1957 1563 1993 fructuarius
1598 1957 1729 1992 debeat
1759 1967 1829 2002 quo
1886 1967 1951 1993 suo
1988 1967 2203 2002 suorumque
2236 1956 2335 1992 facto
2369 1957 2429 1992 de-

1343 2003 1452 2038 terius
1476 2002 1613 2037 factum
1637 2003 1684 2038 sit
1705 2001 1870 2044 reficere,
1894 2013 1967 2038 non
1992 2006 2046 2038 est
2068 2002 2324 2045 absolvendus,
2348 2002 2433 2037 licet

1344 2058 1448 2083 usum
1471 2048 1628 2083 fructum
1652 2047 1895 2092 derelinquere
1925 2052 2074 2093 paratus
2106 2048 2169 2083 sit:
2202 2047 2308 2082 debet
2339 2047 2432 2082 enim

1344 2103 1458 2136 omne,
1484 2092 1579 2137 quod
1604 2092 1751 2137 diligens
1794 2096 1872 2127 ater
1889 2091 2043 2128 familias
2062 2093 2100 2127 in
2120 2102 2187 2128 sua
2207 2092 2311 2128 domo
2331 2091 2431 2134 facit,

1347 2141 1362 2172 1
1413 2142 1448 2173 et
1477 2138 1555 2182 ipse
1584 2137 1714 2173 facere.
1798 2148 1845 2173 on
1875 2147 1934 2172 ma
1959 2137 1986 2173 ‘s
2017 2137 2120 2173 heres
2151 2136 2296 2172 reficere
2327 2137 2433 2172 debet

1344 2183 1440 2227 quod
1461 2186 1640 2218 vetustate
1662 2183 1734 2217 iam
1758 2182 1913 2217 deterius
1953 2186 2074 2218 actum
2096 2182 2298 2228 reliquisset
2320 2186 2430 2217 testa»-

1343 2232 1401 2263 tor
1437 2238 1544 2273 quam
1568 2228 1599 2263 si
1621 2227 1875 2272 proprietatem
1898 2227 2005 2262 alicui
2028 2230 2181 2262 testator
2203 2227 2366 2272 legasset.

1390 2254 1443 2310 66
1464 2272 1521 2307 ΡΑ
1529 2281 1621 2308 ULUs
1641 2272 1731 2309 libro
1743 2271 2047 2317 quadraqensimo
2055 2273 2206 2318 septimo
2220 2272 2268 2306 ad
2278 2271 2431 2307 edietum

1344 2317 1433 2353 Cum
1463 2316 1731 2352 usufructuario
1767 2327 1840 2351 non
1871 2316 1986 2351 solum
2016 2317 2103 2362 legis
2138 2317 2302 2362 Aquiliae
2336 2316 2431 2352 actio

1344 2366 1545 2407 competere
1567 2365 1697 2407 potest,
1723 2361 1787 2396 sed
1811 2365 1846 2396 et
1869 2361 1961 2397 servi
1977 2362 2136 2407 corrupti
2152 2366 2189 2397 et
2207 2361 2428 2403 iniuriarum,

1344 2408 1375 2443 si
1399 2417 1540 2442 servum
1562 2406 1762 2452 torquendo
1788 2406 1999 2442 deteriorem
2021 2406 2157 2442 fecerit.

1390 2450 1443 2490 67
1475 2451 1669 2488 [emmas
1696 2451 1787 2487 libro
1811 2452 1936 2497 primo
1967 2462 2018 2487 ex
2048 2450 2197 2487 Minicio
2244 2450 2310 2486 Cui
2344 2461 2431 2486 usus

1342 2497 1482 2577 frutiltus
1505 2497 1642 2541 legatus
1667 2500 1732 2538 est,
1757 2496 1863 2531 etiam
1881 2495 1990 2532 invito
2010 2496 2141 2532 herede
2161 2506 2240 2532 eum
2261 2500 2431 2532 extraneo

1343 2553 1410 2579 ven
1438 2552 1496 2578 ere
1545 2545 1648 2577 otest.

1392 2584 1445 2625 68
1477 2553 1673 2623 Uelinum
1700 2586 1792 2622 libro
1822 2588 1972 2633 septimo
2006 2586 2142 2622 decimo
2177 2585 2227 2621 ad
2256 2584 2430 2621 Sabinum

1343 2633 1457 2668 Vetus
1479 2632 1559 2713 fuit1
1598 2631 1748 2674 uaestio,
1773 2642 1820 2666 an
1843 2634 1970 2677 partus
1994 2631 2041 2666 ad
2063 2630 2298 2666 fructuarium
2322 2631 2430 2676 perti-

1343 2681 1461 2713 neret:
1495 2687 1534 2713 se

1343 2733 1385 2758 eo
1409 2723 1528 2758 locum
1551 2732 1624 2758 non
1647 2722 1798 2757 habere:
1823 2731 1937 2766 neque
1961 2721 2053 2756 enim
2075 2721 2112 2755 in
2134 2720 2256 2755 fructu
2278 2720 2430 2755 hominis

1343 2768 1448 2804 homo
1473 2777 1552 2802 esse
1574 2771 1704 2819 potest.
1745 2767 1814 2801 hac
1837 2766 1976 2801 ratione
1998 2775 2064 2800 nec
2087 2775 2190 2801 usum
2214 2764 2371 2800 fructum
2393 2765 2431 2800 in

1344 2823 1385 2848 eo
1416 2812 1637 2848 fructuarius
1667 2812 1824 2847 habebit.
1861 2810 1945 2856 quid
1974 2814 2094 2846 tamen
2125 2810 2155 2845 si
2185 2809 2294 2845 fuerit
2323 2810 2430 2845 etiam

1370 2861 1468 2893 artus
1492 2867 1578 2893 usus
1602 2857 1741 2892 fructus
1763 2856 1927 2898 relictus,
1960 2865 2007 2890 an
2036 2855 2170 2890 habeat
2199 2855 2235 2889 in
2260 2864 2301 2890 eo
2325 2865 2430 2890 usum

1359 2903 1525 2938 ructum?
1549 2906 1585 2937 et
1608 2912 1688 2937 cum
1737 2901 1826 2936 ossit
1847 2904 1970 2946 partus
1994 2900 2115 2945 legari,
2139 2900 2271 2945 poterit
2289 2903 2325 2934 et
2341 2909 2429 2934 usus

1347 2951 1361 2982 i
1411 2947 1552 2983 fructus
1584 2947 1671 2982 eius.
1752 2951 1832 2981 etus
1863 2949 1982 2980 tamen
2014 2955 2184 2997 pecorum
2207 2943 2362 2980 Sabinus
2394 2949 2430 2979 et

1344 2995 1364 3028 2
1412 2991 1558 3027 Cassius
1567 2990 1704 3036 opinati
1712 2989 2097 3026 suntadfructuarium
2131 2990 2291 3024 ertinere.
2316 2989 2428 3024 Plane

1343 3037 1374 3072 si
1395 3037 1509 3082 gregis
1532 3036 1588 3071 vel
1611 3036 1761 3071 armenti
1784 3035 1831 3070 sit
1848 3045 1935 3070 usus
1954 3034 2094 3070 fructus
2128 3039 2261 3080 egatus,
2286 3033 2430 3069 debebit

1344 3092 1389 3117 ex
1411 3081 1457 3116 ad
1507 3081 1575 3116 atis
1597 3091 1738 3126 gregem
1762 3079 1946 3126 supplere,
1978 3079 2016 3114 id
2047 3083 2102 3115 est
2124 3080 2163 3115 in
2185 3079 2304 3115 locum
2328 3078 2427 3124 capi-

1343 3130 1420 3162 tum
1468 3126 1694 3161 efunctorum

1391 3169 1444 3208 69
1468 3170 1698 3206 POMPONIUS
1724 3169 1815 3205 libro
1847 3170 1973 3215 quinto
2004 3169 2055 3204 ad
2077 3168 2250 3205 Sabinum
2295 3167 2350 3204 vel
2373 3169 2428 3203 in-

1344 3216 1483 3251 utilium
1506 3215 1577 3251 alia
1600 3214 1827 3256 summittere,
1851 3219 1893 3249 ut
1915 3217 1999 3259 post
2021 3213 2216 3249 substituta
2234 3212 2325 3248 fiant
2343 3223 2426 3258 pro-

1344 3261 1423 3307 pria
1444 3260 1635 3296 fructuarii
1648 3261 1694 3302 ¹⁶,
1726 3269 1771 3294 ne
1800 3259 1902 3294 lucro
1926 3268 1969 3293 ea
1992 3268 2049 3293 res
2073 3258 2178 3293 cedat
2201 3257 2354 3294 domino.
2392 3262 2428 3292 et

2051 142 2113 173 or:
2141 142 2224 174 usu
2252 143 2425 178 ratic'ru
2457 0 2528 204 ἲ

1342 3418 1383 3450 de
1391 3417 1464 3450 iure
1472 3427 1532 3450 suo
1540 3416 1662 3460 probet
1706 3417 1750 3458 (7)
1762 3426 1859 3459 posse
1868 3418 1928 3450 ins.
1937 3417 2107 3450 secundum
2120 3415 2265 3451 Graecos
2310 3415 2356 3457 (θ)
2368 3418 2427 3448 aut

1343 3462 1473 3495 fructus
1485 3462 1558 3494 iure
1571 3466 1631 3495 aut
1640 3461 1792 3505 gentium
1804 3462 1974 3505 requirunt
1985 3460 2021 3494 B
2030 3461 2150 3499 (τοῦτο
2157 3460 2285 3503 μέντῷ
2295 3456 2427 3502 δικαίῳ

1342 3507 1407 3540 τοῦ
1426 3501 1724 3552 οὗσουφροὺκτου,
1743 3507 1851 3539 τοῦτο
1865 3502 1936 3547 δὸς
1957 3506 2088 3538 fructus
2107 3509 2168 3538 aut
2187 3506 2261 3538 iure
2274 3509 2333 3537 aut
2343 3514 2427 3546 gen*

1344 3551 1429 3584 tium
1441 3551 1480 3591 F,
1492 3551 1622 3584 fructus
1631 3554 1691 3584 aut
1701 3551 1774 3584 iure
1789 3550 1940 3593 gentium
1952 3549 1990 3590 S,
2011 3550 2140 3582 fructus
2160 3553 2220 3582 aut
2238 3551 2311 3582 iure
2331 3548 2427 3581 civili

1345 3600 1403 3628 aut
1411 3596 1563 3639 gentium
1573 3597 1647 3632 dett.
1849 3598 1894 3638 (9)
1918 3594 2034 3636 initio]
2052 3602 2108 3629 aut
2119 3595 2181 3628 dcl.
2195 3602 2253 3628 aut
2261 3606 2323 3627 scr.
2337 3591 2427 3626 inibi

1345 3642 1404 3679 (ιο)
1429 3641 1476 3681 et]
1490 3640 1620 3674 scilicet
1634 3653 1696 3674 scr.
1820 3641 1875 3681 (11)
1900 3650 1972 3672 eain
1987 3639 2040 3672 F¹
2160 3642 2218 3681 (12)
2242 3641 2360 3682 parata
2374 3636 2427 3681 Ε*

1346 3687 1403 3726 (18)
1428 3695 1501 3717 eam
1513 3686 1548 3719 Ρ
1639 3687 1696 3726 (ιι)
1719 3685 1773 3717 ius
1787 3685 1848 3718 ins.
1951 3685 2010 3726 (ιδ)
2032 3689 2182 3728 praestat
2192 3683 2261 3716 alia
2276 3682 2428 3716 summit?

1347 3734 1415 3762 tei-e
1427 3733 1466 3762 ut
1478 3741 1539 3772 pro
1551 3729 1744 3763 substitutis
1756 3729 1839 3762 flant
1851 3729 1965 3771 priora
1977 3729 2156 3762 fructuarii

1613 2677 1685 2712 ruti
1716 2677 1894 2712 sententia
1917 2675 2110 2722 optinuit¹⁴
2132 2675 2371 2710 fructuarium
2393 2675 2430 2710 in
2483 2683 2485 2685 ’
2512 2679 2516 2681 ’
