2528 3918
137 132 257 164 TEST.
288 130 521 170 QUEMADM.
551 129 680 160 APER.
710 129 871 161 INSPIC.

139 245 302 279 sanctum
327 240 489 276 Cassium
519 243 722 285 praetorem
753 249 866 275 causa
897 239 1040 291 cognita
1067 238 1227 274 actiones

138 286 372 324 hereditarias
396 285 500 321 utiles
525 285 692 320 daturum
714 288 811 320 recte
833 284 1031 330 pollicitum
1057 284 1107 326 ei,
1136 293 1228 329 quae

139 332 185 368 ad
217 331 452 367 hereditatem
485 329 600 375 patris
635 333 841 366 accesserat
876 329 1203 374 denegaturumque
1217 329 1229 349 ¹

139 377 171 413 ei
194 387 287 423 quae
311 386 350 412 se
374 375 607 412 abstinuerat.

629 512 727 553 111².

179 579 484 613 TESTAMENTA
510 578 869 615 QUEMADMODUM
893 576 1188 610 APERIANTUR

288 623 612 657 INSPICIANTUR
635 623 696 656 ET
720 622 1080 656 DESCRIBANTUR.

189 689 207 728 1
237 690 386 726 ³GA1US
415 690 507 726 libro
537 691 686 737 septimo
719 689 856 726 decimo
888 689 938 725 ad
967 689 1122 725 edictum
1139 699 1231 735 pro-

139 736 293 772 vinciale
355 735 526 771 Omnibus
539 762 547 778 ‚
583 736 806 816 equicumque
845 734 1050 770 desiderant
1087 733 1230 770 tabulas

139 780 343 818 testamenti
364 780 540 826 inspicere
559 792 580 815 v
633 781 740 816 etiam
760 780 972 823 describere,
996 778 1233 825 inspiciendi⁴

140 825 364 862 describendi
389 836 435 861 ue
483 829 673 861 otestatem
695 825 877 861 facturum
901 835 940 861 se
958 829 1108 870 praetor
1126 824 1231 870 polli-

142 875 261 908 cetur:
297 881 366 916 quo
422 837 481 906 ve?
509 881 574 906 suo
606 871 662 907 vel
693 871 810 906 alieno
842 870 986 906 nomine
1017 868 1233 906 desideranti

146 921 159 952 1
208 916 366 952 tribuere
391 926 471 951 eum
494 915 723 951 manifestum
747 919 810 952 est.
847 915 956 950 Ratio
982 919 1102 951 autem
1124 914 1232 950 huius

142 962 249 998 edicti
271 961 462 996 manifesta
486 965 556 997 est:
590 971 705 1006 neque
730 961 823 997 enim
847 961 922 997 sine
943 961 1062 996 iudice
1084 959 1232 1004 transigi

141 1017 258 1053 neque
288 1006 384 1052 apud
414 1006 566 1042 iudicem
598 1006 736 1052 exquiri
765 1006 898 1042 veritas
930 1005 974 1041 de
1004 1006 1061 1042 his
1087 1008 1231 1041 contro-

141 1052 284 1094 versiis,
315 1062 407 1097 quae
435 1062 479 1087 ex
501 1055 713 1088 testamento
737 1051 1071 1097 proficiscerentur,
1104 1050 1233 1086 aliter⁵

141 1100 262 1144 potest
293 1107 399 1142 quam
431 1097 601 1142 inspectis
630 1098 851 1142 cognitisque
873 1097 990 1132 verbis
1014 1095 1230 1132 testamenti.

143 1147 162 1178 2
211 1142 250 1178 Si
273 1142 351 1188 quis
374 1147 479 1188 neget
502 1142 653 1195 sigillum
677 1153 781 1178 suum
805 1152 1018 1187 agnoscere,
1051 1152 1125 1177 non
1151 1140 1232 1176 ideo

143 1187 285 1268 quidgm
309 1188 425 1223 minus
449 1191 658 1233 apermntur
682 1188 847 1231 tabulae,
880 1187 944 1223 sed
971 1187 1060 1223 alias
1085 1196 1232 1231 suspec-

143 1239 203 1269 tae
252 1236 327 1268 unt.

189 1275 215 1315 2
246 1277 442 1315 Urfflws
461 1278 553 1314 libro
578 1279 878 1324 quinquaqesimo
898 1277 949 1313 ad
967 1277 1121 1314 edictum
1161 1275 1232 1311 Ta-

142 1324 309 1360 bularum
330 1323 535 1358 testamenti
557 1323 832 1359 instrumentum
862 1334 936 1359 non
960 1327 1015 1358 est
1037 1322 1143 1358 unius
1166 1322 1232 1357 ho-

142 1368 257 1411 minis,
280 1369 351 1404 hoc
375 1371 429 1403 est
450 1368 602 1412 heredis,
628 1368 692 1404 sed
714 1368 972 1410 universorum,
998 1367 1127 1413 quibus
1148 1366 1234 1412 quid

141 1415 214 1450 illic
246 1413 466 1458 adscriptum
496 1417 551 1448 est
561 1427 576 1454 z,
605 1414 691 1459 quin
721 1413 843 1459 potius
873 1414 1059 1459 publicum
1094 1416 1147 1448 est
1177 1412 1232 1447 in-

145 1462 160 1494 1
211 1462 457 1494 strumentum.
514 1458 782 1495 Testamentum
817 1463 937 1495 autem
994 1458 1114 1503 roprie
1145 1457 1235 1493 illud

144 1504 294 1546 dicitur,
318 1503 416 1549 quod
438 1504 517 1539 iure
539 1504 740 1549 perfectum
764 1507 835 1540 est:
865 1504 929 1540 sed
953 1515 975 1539 a
1000 1504 1100 1540 usive
1122 1506 1233 1539 testa-

142 1553 264 1585 menta
295 1558 338 1584 ea
367 1559 509 1594 quoque
541 1550 784 1595 appellamus,
818 1559 911 1594 quae
940 1549 1034 1585 falsa
1064 1552 1150 1584 sunt
1178 1548 1235 1584 vel

143 1595 280 1630 iniusta
302 1593 358 1629 vel
381 1593 482 1629 irrita
504 1594 561 1629 vel
583 1598 710 1640 rupta:
739 1595 896 1640 itemque
919 1594 1119 1640 inperfecta
1142 1593 1234 1629 sole-

144 1642 164 1675 2
211 1650 291 1675 mus
314 1642 529 1675 testamenta
553 1639 681 1675 dicere.
726 1639 785 1675 Ad
809 1649 957 1675 causam
981 1642 1101 1675 autem
1122 1641 1235 1674 testa-

143 1685 253 1720 menti
287 1684 469 1730 pertinere
506 1684 645 1720 videtur
682 1685 720 1720 id
758 1684 1007 1730 quodcumque
1046 1684 1150 1730 quasi
1190 1683 1237 1719 ad

142 1733 396 1766 testamentum
419 1729 558 1765 factum
581 1730 646 1773 sit,
673 1731 711 1765 in
735 1740 961 1776 quacumque
983 1730 1136 1766 materia
1157 1728 1236 1765 fue-

143 1776 192 1811 rit
215 1775 406 1820 scriptum,
439 1775 536 1820 quod
567 1775 750 1811 contineat
772 1785 977 1821 supremam
998 1775 1238 1811 voluntatem:

144 1824 181 1857 et
214 1824 288 1855 tam
322 1820 538 1865 principales
575 1831 683 1866 quam
719 1820 899 1856 secundae
937 1820 1083 1856 tabulae
1121 1819 1237 1856 edicto

145 1869 165 1901 3
214 1865 454 1901 continentur.
503 1865 540 1900 Si
563 1867 669 1910 plura
693 1866 765 1901 sint
786 1869 1012 1908 testamenta,
1043 1875 1135 1911 quae
1159 1865 1238 1910 quis

146 1911 307 1947 exhiberi
330 1910 525 1953 desideret,
557 1911 804 1947 universorum
836 1911 869 1947 ei
894 1910 1049 1947 facultas
1074 1910 1240 1946 facienda

145 1961 166 1992 4
213 1959 278 1991 est.
326 1955 364 1991 Si
389 1956 590 1999 dubitetur,
622 1960 743 1992 utrum
774 1956 868 1992 vivat
899 1966 947 1991 an
978 1956 1173 1992 decesserit
1195 1956 1238 1998 is,

146 2001 250 2038 cuius
282 2001 360 2046 quis
393 2001 489 2046 quod
520 2001 566 2036 ad
598 2012 745 2037 causam
775 2002 981 2038 testamenti
1007 2001 1162 2047 pertinet
1184 2001 1239 2036 in-

146 2047 237 2092 spici
268 2046 494 2091 describique
525 2047 703 2091 postulat,
737 2046 927 2083 dicendum
959 2051 1014 2083 est
1036 2050 1240 2093 praetorem

147 2102 259 2128 causa
279 2092 423 2136 cognita
442 2095 601 2128 statuere
619 2091 682 2127 id⁰
706 2092 848 2135 debere,
872 2096 924 2135 ut,
948 2092 980 2128 si
996 2092 1139 2138 liquerit
1159 2101 1240 2127 eum

146 2141 193 2172 4a
238 2137 373 2179 vivere,
404 2146 478 2172 non
509 2137 703 2182 permittat.
755 2138 889 2183 Inspici
919 2137 1062 2173 tabulas
1094 2140 1167 2180 est,
1198 2140 1241 2172 ut

145 2181 888 2272 ³5¹³⁸affin3⁰ffilx'tissffiissussseninsss'ssssssssssr?
919 2183 1105 2273 ἳζςὲξὲοὲἓ
1132 2182 1240 2263 ἓὲἑῗ

149 2276 170 2308 6
215 2273 333 2308 larum
349 2272 455 2307 etiam
471 2272 661 2308 lectionem
678 2283 800 2308 earum
816 2273 963 2309 indicat.
999 2273 1105 2308 Diem
1121 2276 1241 2308 autem

150 2322 185 2353 et
210 2317 393 2354 consulem
423 2318 629 2353 tabularum
659 2329 733 2354 non
781 2319 893 2355 atitur
914 2323 1062 2365 praetor
1086 2318 1242 2354 describi

148 2363 205 2398 vel
226 2362 356 2414 inspici
378 2362 524 2405 idcirc0‚
549 2373 595 2398 ne
620 2363 705 2408 quid
723 2363 762 2399 fa
776 2364 808 2400 si
826 2363 909 2399 fiat:
935 2374 1090 2409 namque
1110 2363 1242 2399 etiam⁸

149 2409 204 2444 ins
233 2411 325 2443 ectio
350 2408 537 2443 materiam
559 2408 652 2444 falso
676 2409 889 2445 fabricando
913 2410 1091 2445 instruere
1110 2412 1240 2462 potest.

151 2457 168 2488 7
205 2419 351 2505 ,Istrum-
371 2456 491 2505 autem
514 2454 552 2506 in
576 2454 773 2489 continenti
795 2458 1012 2500 potestatem
1029 2453 1242 2499 inspiciendi

150 2499 206 2534 vel
238 2498 486 2534 descnbendi⁹
515 2498 616 2534 lubet
646 2510 695 2534 an
725 2499 945 2535 desideranti
975 2503 1116 2545 tempus
1141 2499 1243 2535 dabit

151 2544 198 2579 ad
217 2543 496 2579 exhibitionem?
528 2546 564 2578 et
583 2545 695 2588 magis
716 2548 782 2587 est,
806 2548 847 2580 ut
867 2545 946 2580 dari
965 2545 1094 2580 debeat
1113 2555 1241 2580 secun-

154 2592 173 2624 8
222 2588 307 2624 dum
328 2589 490 2624 locorum
514 2590 699 2634 angustias
724 2599 788 2625 seu
810 2590 1044 2635 prolixitates.
1092 2589 1132 2625 Si
1162 2590 1243 2635 quis

152 2645 225 2670 non
256 2644 392 2679 negans
424 2644 445 2668 a
472 2634 520 2670 ud
552 2644 591 2670 se
621 2635 764 2671 tabulas
797 2645 876 2671 esse
906 2646 980 2671 non
1002 2635 1164 2680 patiatur
1186 2636 1241 2670 in·

153 2679 243 2725 spici
267 2682 302 2714 et
327 2679 441 2714 deseri
466 2679 497 2721 i,
530 2679 732 2715 omnimodo
762 2680 810 2716 ad
832 2681 903 2716 hoc
927 2680 1177 2726 compelletur:
1213 2680 1244 2716 si

152 2729 274 2759 tamen
306 2728 411 2769 neget
440 2734 550 2770 penes
582 2734 621 2760 se
651 2725 795 2761 tabulas
830 2735 926 2768 esse,
966 2724 1158 2761 dicendum
1190 2729 1245 2761 est

154 2769 453 2850 {tilbinffirdictum
476 2779 551 2805 rem
574 2770 666 2805 mitti
679 2771 707 2791 ¹⁰
738 2770 836 2816 quod
867 2773 923 2807 est
954 2769 998 2806 de
1024 2770 1158 2806 tabulis
1182 2780 1242 2806 ex-

219 2825 263 2850 en
302 2825 331 2850 s.

201 2857 225 2898 3
254 2859 378 2895 GAJUs
398 2859 489 2896 libro
512 2871 551 2895 se
579 2862 663 2896 timo
688 2861 824 2897 decimo
848 2861 898 2896 ad
920 2859 1075 2897 edictum
1091 2861 1245 2907 provin·

155 2905 246 2941 ciale
291 2904 367 2950 Ipsi
397 2909 518 2941 tamen
574 2906 670 2941 eredi
700 2906 892 2942 vindicatio
920 2905 1128 2942 tabularum
1151 2905 1246 2942 sicut

157 2953 356 2985 ceterarum
378 2950 675 2986 hereditariarum
704 2961 824 2987 rerum
857 2951 1045 2996 competit,
1078 2955 1114 2988 et
1138 2951 1185 2987 ob
1207 2950 1245 2987 id

157 2994 204 3030 ad
227 2994 465 3031 exhibendum
512 3007 629 3041 uoque
652 3007 757 3042 agere
778 2999 910 3042 potest.

202 3038 229 3076 4
260 3039 456 3076 Urpmws
472 3040 499 3075 li
521 3052 562 3076 ro
584 3042 883 3087 quinquaqesimo
902 3041 953 3078 ad
966 3040 1121 3077 edictum
1156 3040 1246 3076 Cum

158 3084 204 3119 ab
227 3084 329 3120 initio
354 3085 566 3130 aperiendae
597 3086 669 3121 sint
690 3086 855 3130 tabulae,
887 3086 1065 3133 praetoris
1096 3085 1134 3121 id
1164 3085 1245 3122 offi-

159 3128 254 3164 cium
287 3132 360 3173 est,
401 3133 443 3166 ut
475 3135 581 3176 cogat
610 3132 809 3176 signatores
841 3132 1031 3168 convenire
1064 3135 1100 3167 et
1130 3131 1247 3176 sigilla

159 3182 227 3208 sua
250 3183 505 3219 recognoscere

207 3215 231 3254 5
256 3217 415 3255 Panos
442 3220 533 3256 libro
564 3225 689 3256 octavo
722 3221 772 3257 ad
792 3221 980 3258 Plautium
1033 3221 1089 3258 vel
1115 3231 1247 3274 negare

160 3271 199 3315 se
222 3262 398 3316 signasse:
421 3264 565 3310 publice
589 3266 682 3301 enim
706 3266 849 3312 expedit
872 3277 1040 3312 suprema
1062 3267 1247 3303 hommum

159 3306 293 3343 iudicia
315 3311 448 3344 exitum
469 3310 614 3346 habere.

181 3396 189 3404 ο
206 3349 232 3389 6
265 3351 457 3403 Uhpuzws
476 3354 566 3391 libro
591 3356 891 3403 quinquaqesimo
915 3357 966 3393 ad
987 3357 1142 3394 edictum
1177 3357 1248 3393 Sed

160 3407 192 3448 si
214 3406 331 3448 maior
349 3407 433 3450 pars
456 3399 675 3444 signatorum
697 3400 807 3437 fuerit
826 3402 982 3445 inventa,
1006 3403 1142 3448 poterit
1160 3402 1247 3447 ipsis

160 3443 475 3479 intervenientibus
497 3445 669 3490 resignari
691 3449 944 3482 testamentum
968 3450 1004 3483 et
1026 3448 1183 3484 recitari.

164 3555 205 3597 (1)
229 3557 404 3587 accederat
415 3556 711 3601 delegaturumque
723 3560 759 3593 F

210 3600 256 3641 (2)
279 3600 452 3634 Sab.1...4.
466 3607 494 3634 c.
508 3609 545 3641 83
565 3603 670 3637 Eds.
687 3612 713 3638 τ.
728 3612 825 3640 9...12.
843 3624 889 3630 -
913 3606 995 3640 Bas.
1012 3607 1066 3647 35,
1085 3613 1114 3641 e.
1127 3624 1173 3631 —
1197 3607 1248 3649 Cf.

168 3644 245 3678 Cod.
260 3646 291 3684 6,
306 3651 342 3678 82
410 3646 453 3687 (3)
473 3658 559 3689 pars
573 3651 589 3686 §
603 3654 617 3681 1
629 3648 730 3682 =D.
743 3651 774 3691 2,
787 3657 829 3690 15,
845 3657 862 3684 6
930 3652 974 3692 (4)
998 3651 1210 3695 despiciendi
1223 3652 1258 3685 F
1319 3651 1444 3684 factum
1458 3651 1494 3684 F

165 3690 209 3730 (ε)
235 3689 319 3722 aiter
333 3690 368 3723 F
436 3690 479 3731 (e)
504 3690 541 3723 id
554 3692 615 3725 aaz.

686 3697 730 3736 (¹1)
755 3694 919 3738 quidquid
930 3708 992 3729 scr.

165 3743 205 3765 ea
216 3746 277 3767 scr.

1064 3697 1108 3739 (8)
1133 3696 1248 3737 etiam]

392 3736 436 3775 (9)
461 3735 534 3768 fieri
547 3737 605 3770 ins.
621 3738 695 3771 dett.
709 3740 841 3781 quidam

1222 111 1307 160 407

2060 113 2269 156 XXVIIII
2298 116 2337 156 3.
2358 118 2384 157 4

1343 234 1366 273 7
1401 236 1524 273 GAws
1552 235 1644 273 libro
1675 237 1827 282 septimo
1841 238 1867 258 ¹¹
1900 237 1951 272 ad
1980 237 2135 274 edictum
2160 236 2388 283 provinciale

1297 282 1368 318 Sed
1389 282 1420 318 si
1440 281 1520 327 quis
1540 291 1586 317 ex
1604 280 1846 326 signatoribus
1868 282 1993 325 aberit,
2018 282 2112 318 mitti
2131 281 2264 317 debent
2282 281 2388 318 tabu-

1296 328 1353 363 lae
1375 326 1581 363 testamenti
1603 326 1666 362 ubi
1688 325 1766 371 ipse
1786 326 1842 369 sit,
1868 327 1921 362 uti
1943 327 2158 372 adgnoscat:
2183 337 2268 363 nam
2286 337 2388 362 revo-

1298 373 1374 408 cari
1405 383 1486 408 eum
1517 371 1760 416 adgnoscendi
1792 382 1903 407 causa
1930 383 2119 409 onerosum
2143 376 2209 408 est.
2257 372 2390 417 quippe

1298 428 1407 463 saepe
1439 427 1521 453 cum
1552 426 1680 469 magna
1713 426 1756 451 ca
1782 416 1880 452 tione
1907 427 1929 451 a
1954 419 2061 453 rebus
2086 417 2219 453 nostris
2241 427 2387 453 revoca-

1298 474 1379 499 mur
1403 466 1439 498 et
1462 462 1550 498 sit¹²
1572 462 1734 506 imquum
1777 471 1963 497 amnosum
1984 464 2112 508 cuique
2133 473 2212 498 esse
2232 462 2391 498 officium

1299 519 1415 544 suum.
1463 518 1531 543 nec
1564 506 1612 542 ad
1642 516 1718 542 rem
1745 507 1918 552 pertinet,
1951 518 2045 543 unus
2069 509 2163 544 absit
2187 518 2233 543 an
2257 518 2391 543 omnes·

1300 557 1337 589 et
1365 554 1395 588 si
1426 552 1522 588 forte
1551 552 1715 588 omnibus
1740 552 1950 588 absentibus
1975 563 2085 588 causa
2109 554 2228 598 aliqua
2253 554 2393 606 aperire

1299 598 1443 634 tabulas
1475 601 1647 642 urgueat,
1679 596 1787 633 debet
1816 598 2010 643 proconsul
2038 608 2183 641 curare,
2218 602 2258 633 ut
2280 602 2390 634 inter-

1299 643 1522 679 venientibus
1547 642 1704 688 optimae
1723 642 1900 694 opinionis
1922 643 2005 678 viris
2026 653 2048 678 a
2075 644 2234 678 eriantur
2254 647 2291 679 et
2309 647 2393 696 post

1301 689 1520 733 descriptum
1552 693 1588 722 et
1618 691 1839 733 recognitum
1867 687 2004 723 factum
2028 698 2050 723 a
2098 688 2230 731 isdem,
2286 689 2393 724 uibus

1299 733 1617 769 intervenientibus
1635 736 1781 778 apertae
1797 738 1892 775 sunt,
1907 733 2150 778 obsignentur,
2163 738 2250 769 tunc
2291 734 2394 769 einde

1301 779 1566 869 eogifiiittantur,
1591 778 1655 813 ubi
1677 778 1747 823 ipsi
1771 778 1970 823 signatores
1994 779 2074 819 sint,
2102 779 2148 814 ad
2171 778 2395 824 inspicienda

1301 836 1331 860 ει
1396 834 1418 858 a
1441 833 1518 859 sua.

1348 866 1372 907 8
1404 868 1600 905 Urfflzvvs
1620 867 1712 904 libro
1737 869 2038 915 quinquaqesimo
2063 869 2114 904 ad
2132 869 2285 904 edictum
2322 869 2392 904 Pu-

1299 915 1444 960 pillares
1468 913 1624 956 tabulas,
1654 913 1793 948 etiamsi
1816 924 1889 949 non
1912 914 2022 949 fuerit
2046 914 2327 959 superscriptum
2351 924 2395 950 ne

1300 960 1535 1006 aperirentur,
1557 961 1726 1001 attamen,
1749 959 1780 994 si
1801 969 1962 994 seorsum
1983 970 2043 995 eas
2064 960 2224 1004 signatas
2245 962 2396 995 testator

1300 1005 1495 1050 reliquerit,
1519 1007 1667 1050 praetor
1691 1014 1750 1039 eas
1775 1004 1907 1049 aperiri
1931 1004 2001 1040 nisi
2026 1015 2137 1040 causa
2162 1005 2304 1049 cognita
2323 1015 2393 1041 non

1326 1051 1467 1086 atietur.

1299 1062 1323 1097 p
1347 1094 1372 1133 9
1397 1095 1558 1131 Panas
1578 1095 1671 1131 libro
1696 1094 1977 1146 quadraqesz'mo
2002 1096 2128 1141 quinto
2161 1095 2210 1130 ad
2240 1095 2394 1130 edictum

1302 1141 1340 1177 Si
1363 1141 1490 1176 mulier
1513 1140 1648 1175 ventris
1674 1139 1816 1175 nomine
1839 1151 1878 1175 in
1900 1141 2128 1185 possessione
2152 1141 2210 1183 sit,
2235 1151 2257 1176 a
2284 1140 2395 1175 erien-

1302 1187 1369 1222 dae
1392 1189 1477 1222 sunt
1501 1186 1681 1221 secundae
1704 1186 1871 1228 tabulae,
1903 1189 1944 1220 ut
1973 1185 2127 1229 sciatur,
2162 1186 2221 1221 cui
2277 1195 2397 1221 eman-

1303 1232 1388 1267 data
1412 1232 1458 1267 sit
1482 1231 1632 1266 curatio.

1351 1276 1402 1315 10
1435 1276 1631 1313 ULPJANUS
1651 1275 1742 1311 libro
1768 1276 1873 1311 tertio
1897 1275 2034 1311 decimo
2059 1276 2109 1311 ad
2129 1277 2242 1322 leqem
2263 1275 2398 1311 Iuliam

1302 1327 1338 1359 et
1363 1322 1520 1368 Papiam
1577 1321 1615 1356 Si
1646 1320 1683 1355 in
1716 1321 1858 1356 duobus
1891 1321 2116 1366 exemplariis
2148 1322 2219 1357 scri
2246 1325 2322 1356 tum
2354 1321 2400 1356 sit

1302 1370 1567 1409 testamentum,
1586 1367 1757 1401 alterutro
1801 1365 1957 1402 atefacto
1977 1370 2125 1412 apertae
2141 1368 2203 1403 tab
2244 1377 2287 1402 ae
2303 1370 2399 1401 sunt.

1308 1418 1321 1449 1
1372 1413 1410 1449 Si
1441 1413 1499 1448 sui
1529 1415 1661 1447 natura
1691 1412 1753 1447 tab
1795 1422 1837 1447 ae
1894 1411 2073 1448 atefactae
2097 1416 2201 1455 sunt,
2236 1415 2401 1458 apertum

1302 1458 1415 1495 videri
1446 1461 1701 1493 testamentum
1724 1467 1798 1492 non
1822 1457 1870 1492 du
1897 1457 2024 1492 itatur:
2061 1468 2134 1493 non
2166 1458 2259 1493 enim
2291 1467 2400 1502 quae-

1304 1507 1324 1540 2
1372 1513 1510 1546 remus,
1544 1513 1566 1538 a
1598 1513 1668 1548 quo
1700 1503 1919 1547 aperiantur.
1968 1502 2006 1537 Si
2029 1503 2174 1539 tabulae
2206 1513 2279 1538 non
2304 1513 2400 1538 com-

1329 1552 1458 1585 areant
1479 1548 1537 1584 vel
1560 1552 1709 1583 exustae
1731 1547 1812 1590 sint,
1838 1547 1999 1583 futurum
2022 1552 2086 1591 est,
2111 1552 2152 1583 ut
2173 1548 2360 1584 subvenire
2374 1547 2402 1569 ¹³

1319 1593 1487 1639 egatariis
1511 1593 1651 1628 debeat.
1697 1593 1791 1628 idem
1815 1598 1881 1636 est,
1907 1594 1938 1628 si
1962 1593 2177 1639 subpressae
2200 1594 2256 1629 vel
2279 1593 2401 1629 occul-

1304 1643 1364 1675 tae
1387 1639 1470 1674 sint.

1354 1683 1403 1722 11
1443 1683 1567 1720 GAJUS
1603 1683 1695 1718 libro
1735 1683 1922 1718 undecimo
1962 1683 2012 1718 ad
2050 1683 2163 1730 Zeqem
2197 1683 2333 1718 Iuliam
2368 1686 2403 1718 et

1305 1729 1463 1777 Papiam
1510 1728 1612 1764 Sicut
1636 1728 1791 1764 codicilli
1810 1739 1894 1773 pars
1913 1728 2166 1773 intelleguntur
2185 1729 2396 1771 testamenti.

1305 1775 1358 1811 ita
1381 1773 1562 1811 secundae
1585 1773 1733 1809 tabulae
1755 1773 2008 1819 principalium
2030 1774 2236 1809 tabularum
2263 1777 2403 1819 partem

1307 1820 1470 1867 optinere
1493 1819 1670 1854 videntur.

1356 1863 1407 1903 12
1439 1864 1636 1901 Uzpzfflvs
1656 1864 1748 1900 libro
1773 1864 1878 1898 tertio
1903 1863 2039 1899 decimo
2065 1863 2115 1898 ad
2134 1863 2248 1910 leqem
2268 1863 2403 1899 Iuliam

1308 1914 1344 1947 et
1362 1910 1520 1977 Pago'am
1568 1909 1606 1945 Si
1630 1909 1709 1955 quis
1733 1908 1859 1945 fecerit
1876 1912 2130 1953 testamentum
2150 1913 2185 1944 et
2205 1909 2404 1954 exemplum

1309 1956 1386 1992 eius
1400 1958 1410 1977 ¹
1429 1983 1438 1998 ,
1472 1954 1634 2000 exemplo
1660 1954 1803 2000 quidem
1827 1958 1951 1999 aperto
1976 1954 2136 1990 nondum
2161 1958 2326 1999 apertum
2350 1957 2405 1990 est

1307 2004 1580 2038 testamentum:
1616 1999 1713 2046 quod
1737 2000 1768 2036 si
1793 2000 2040 2035 authenticum
2063 1999 2286 2045 patefactum
2300 2001 2327 2022 ¹⁵
2351 2002 2406 2036 est

1308 2050 1437 2090 totum,
1467 2048 1644 2091 apertum.

1795 2185 1876 2223 IIII
1887 2183 1926 2223 ¹⁶.

1356 2251 1398 2284 SI
1437 2250 1543 2287 QUIS
1586 2248 1751 2281 OMISSA
1792 2249 1935 2282 CAUSA
1970 2249 2267 2282 TESTAMENTI
2304 2251 2359 2281 AB

1394 2294 1650 2328 INTESTATO
1675 2294 1767 2326 VEL
1794 2294 1899 2327 ALIO
1925 2295 2051 2327 MODO
2076 2295 2325 2328 POSSIDEAT

1684 2340 2033 2373 HEREDITATEM.

1360 2406 1380 2445 1
1410 2406 1607 2444 Urpzams
1618 2407 1710 2444 libro
1727 2407 2028 2453 quinquaqesimo
2045 2406 2096 2442 ad
2109 2406 2264 2442 edictum
2295 2406 2404 2442 Prae—

1310 2457 1368 2489 tor
1386 2452 1589 2488 voluntates
1610 2452 1860 2489 defunctorum
1879 2455 2001 2488 tuetur
2021 2455 2056 2487 et
2076 2462 2199 2487 eorum
2219 2451 2406 2487 calliditati

1311 2498 1485 2540 occurrit,
1519 2498 1581 2543 qui
1612 2498 1745 2534 omissa
1778 2508 1888 2533 causa
1919 2497 2124 2532 testamenti
2155 2497 2202 2532 ab
2233 2497 2404 2533 intestato

1311 2543 1549 2579 hereditatem
1572 2547 1757 2589 partemve
1781 2543 1856 2579 eius
1880 2542 2066 2588 possident
2088 2541 2135 2578 ad
2157 2543 2246 2584 hoc,
2278 2546 2320 2577 ut
2344 2552 2405 2578 eos

1312 2588 1604 2632 circumveniant,

1652 2589 1758 2624 uibus
1780 2588 1864 2633 quid
1885 2598 1930 2623 ex
1948 2587 2080 2623 iudicio
2102 2587 2263 2623 defuncti
2284 2587 2407 2623 deberi

1311 2634 1440 2680 potuit,
1466 2633 1498 2669 si
1520 2644 1594 2670 non
1617 2644 1639 2670 a

1687 2634 1858 2669 intestato
1884 2632 2126 2678 possideretur
2148 2632 2340 2676 hereditas,
2370 2636 2407 2668 et

1314 2683 1330 2715 1
1379 2679 1418 2715 in
1438 2689 1499 2715 eos
1520 2680 1698 2715 actionem
1716 2678 1918 2724 pollicetur.
1954 2678 2005 2713 Et
2022 2678 2124 2723 parvi
2142 2677 2264 2720 refert,
2284 2682 2406 2713 utrum

1312 2725 1392 2770 quis
1442 2734 1480 2760 er
1503 2728 1615 2760 semet
1636 2724 1756 2769 ipsum
1779 2734 1827 2759 an
1849 2733 1914 2769 per
1937 2723 2046 2758 alium
2069 2723 2258 2768 adquirere
2289 2724 2408 2776 potuit

1311 2771 1397 2805 here
1426 2770 1565 2805 tatem:
1608 2780 1691 2804 nam
1727 2768 2059 2814 quomodocumque
2088 2768 2228 2813 potuit,
2270 2778 2302 2804 Sl
2332 2780 2407 2804 non

1313 2814 1481 2860 adquisiit
1503 2815 1757 2857 hereditatem,
1791 2814 1829 2849 in
1853 2823 1896 2849 ea
1920 2824 2032 2849 causa
2056 2818 2121 2857 est,
2146 2818 2187 2849 ut
2209 2813 2347 2849 incidat
2369 2814 2407 2849 in

1314 2863 1334 2895 2
1382 2859 1539 2895 edictum
1565 2860 1760 2912 praetoris:
1792 2859 2076 2904 praetermittere
2107 2863 2228 2895 autem
2259 2869 2404 2894 causam

1312 2905 1519 2940 testamenti
1541 2905 1692 2948 videtur,
1717 2904 1790 2950 qui,
1823 2914 1905 2940 cum
1927 2907 2050 2950 posset
2072 2905 2206 2947 iubere,
2233 2905 2348 2940 noluit
2370 2904 2407 2939 id

1315 2953 1335 2986 3
1382 2949 1513 2986 facere.
1562 2949 1655 2995 Quid
1684 2960 1766 3002 ergo
1799 2949 1830 2985 si
1861 2960 1984 2986 servus
2018 2950 2094 2986 eius
2120 2961 2202 2985 cum
2223 2950 2407 2985 iuberetur

1313 2994 1412 3031 adire
1435 2994 1679 3038 hereditatem,
1704 2994 1801 3031 dicto
1825 2995 1975 3031 audiens
1999 3005 2072 3031 non
2096 2995 2187 3031 fuit?
2222 2995 2285 3031 sed
2310 3005 2405 3030 com-

1313 3039 1498 3086 pellendus
1522 3044 1577 3075 est
1601 3050 1724 3076 servus
1746 3041 1817 3076 hoc
1839 3039 1960 3076 facere
1982 3040 2134 3086 ideoque
2165 3040 2329 3076 dominus
2359 3039 2405 3074 ab

1315 3089 1337 3120 4
1381 3086 1551 3121 intestato
1582 3085 1726 3121 veniens
1757 3085 1883 3122 incidit
1912 3086 1951 3121 in
1978 3085 2150 3121 edictum.
2200 3086 2262 3120 Sin
2286 3088 2406 3119 autem

1315 3141 1381 3166 nec
1414 3131 1628 3166 certioratus
1660 3134 1715 3166 est
1745 3130 1909 3167 dominus
1941 3142 1964 3166 a
1995 3141 2096 3167 servo
2121 3134 2157 3166 et
2179 3134 2305 3175 postea
2329 3129 2406 3174 ipse

1316 3176 1361 3211 ab
1385 3176 1556 3211 intestato
1580 3175 1742 3221 possedit
1763 3176 2009 3219 hereditatem,
2035 3187 2107 3211 non
2127 3175 2231 3211 debet
2250 3174 2406 3209 incidere

1315 3224 1334 3256 5
1382 3221 1420 3255 in
1452 3220 1627 3264 edictum,
1658 3221 1728 3257 nisi
1759 3221 1791 3257 si
1821 3221 1923 3267 fingit
1953 3221 2202 3267 ignorantiam.
2252 3219 2290 3255 Si
2320 3229 2404 3264 pro-

1313 3269 1471 3312 ponatur
1493 3265 1587 3301 idem
1612 3269 1648 3301 et
1669 3266 1856 3303 institutus
1881 3270 1917 3303 et
1940 3267 2155 3302 substitutus
2185 3268 2220 3300 et
2243 3267 2400 3309 praeter-

1314 3311 1451 3347 miserit
1465 3311 1735 3355 institutionem,
1755 3322 1803 3348 an
1818 3312 1955 3348 incidat
1967 3312 2005 3347 in
2022 3311 2187 3352 edictum,
2209 3309 2403 3354 quaeritur.

1316 3360 1352 3392 et
1374 3366 1446 3392 non
1495 3359 1558 3392 uto
1581 3356 1759 3400 incidere,
1792 3357 1895 3403 quasi
1921 3360 2072 3393 testator
2094 3356 2188 3390 hanc
2213 3355 2247 3390 ei
2270 3353 2407 3390 dederit

1317 3404 1337 3436 6
1384 3400 1443 3437 fac
1482 3405 1604 3445 tatem,
1628 3402 1690 3448 qui
1714 3412 1795 3438 eum
1815 3402 2010 3438 substituit.
2045 3399 2333 3435 Praetermittere
2352 3402 2407 3434 est

1317 3457 1463 3482 causam
1486 3447 1711 3490 testamenti,
1743 3447 1774 3483 si
1797 3448 1875 3492 quis
1898 3445 2138 3491 repudiaverit
2160 3444 2404 3480 hereditatem.

1317 3561 1490 3595 Ruckerus
1598 3562 1652 3602 (11)
1678 3561 1807 3594 decimo
1821 3562 1881 3594 ine.
1894 3561 2014 3593 Blume

2123 3560 2180 3600 (12)
2206 3558 2265 3599 sit]
2279 3560 2330 3590 est
2342 3570 2404 3591 scr.

1319 3606 1378 3647 (13)
1402 3604 1574 3639 subveniri
1587 3619 1650 3640 scr.

1733 3607 1795 3649 (14)
1818 3607 1891 3638 eius
1905 3604 2091 3647 exemplum
2105 3603 2156 3636 ΓΞ
2235 3604 2295 3645 (15)
2321 3603 2405 3635 fate·

1363 3696 1425 3738 (16)
1451 3696 1624 3730 Sab.1...4.
1646 3704 1672 3730 e.
1696 3702 1937 3733 e...1o.12...23;
1961 3694 2026 3726 Ed.
2041 3702 2068 3728 ⁵.
2084 3701 2110 3727 τ.
2123 3700 2163 3727 11.
2177 3699 2223 3727 24.
2238 3699 2292 3733 2⁶3
2319 3692 2403 3735 Pap.

954 3742 1013 3781 (10)
1038 3752 1109 3774 rem
1119 3742 1249 3774 remitti
1319 3748 1439 3775 26...3o.
1453 3760 1496 3766 —
1510 3742 1596 3775 Bas.
1611 3743 1665 3783 35,
1678 3748 1721 3775 15.
1735 3759 1780 3766 —
1801 3740 1851 3783 (1Ῑῖ
1869 3740 1946 3774 cod.
1961 3741 1991 3782 6,
2005 3745 2041 3773 39
