2528 3918
205 92 351 137 msr.
374 93 453 148 111,
484 95 622 136 8—10

206 218 415 266 adsignandi
443 217 599 270 facultas
630 215 679 258 ei,
703 214 772 267 ‚qui
803 213 1076 268 duos·pluresve
1098 214 1227 249 liberos
1250 213 1288 248 in

207 267 396 355 {3232
407 262 816 344 ffifflssfflnfiffm’
780 258 1287 348 q¹22⁸n¹0¹2230t03st⁶235ffi

207 356 332 398 batur,
356 354 387 390 si
411 363 491 388 eum
514 351 572 386 cui
595 350 832 395 adsignaverit
879 355 980 386 ostea
1003 348 1286 401 emancipaverit,

206 412 291 436 num
322 401 511 435 evanescat
541 395 764 440 adsignatio?
806 360 878 430 sed)
898 395 1033 440 placuit
1066 403 1286 435 evanescere,

207 449 227 481 3
275 444 371 490 quod
394 448 429 477 et
451 441 590 476 Iuliano
614 444 651 475 et
673 440 751 475 aliis
774 440 950 492 plerisque
973 439 1086 474 visum
1109 442 1175 474 est.
1210 438 1286 474 Nec

207 491 361 530 interest,
385 490 596 522 testamento
617 485 695 531 quis
715 484 876 530 adsignet
895 495 941 519 an
961 484 1037 519 sine
1055 486 1285 518 testamento:

207 535 269 570 sed
293 534 398 568 etiam
420 531 700 578 quibuscumque
723 530 838 566 verbis
861 530 929 565 hoc
953 528 1113 574 patronis
1169 528 1285 563 ermit-

206 580 292 614 titur
314 578 433 613 facere
457 586 501 612 ex
522 576 602 622 ipso
626 580 769 611 senatus
794 574 975 615 consulto,
1025 573 1097 609 uod
1162 573 1285 608 audia-

206 625 260 659 nis
294 622 512 669 temporibus
546 620 683 657 factum
718 624 773 656 est
802 619 912 655 Suillo
944 584 1039 655 Ruilo
1074 622 1111 654 et
1145 618 1286 654 Ostorio

206 668 361 715 Scapula
384 666 590 704 consulibus
600 666 627 703 ².

683 758 795 798 VIIII
804 756 819 777 ³

384 827 446 860 DE
469 825 689 859 BONORUM
713 821 1098 856 POSSESSIONIBUS.

249 894 311 929 lus
333 893 507 929 bonorum
531 890 764 937 possessionis
788 888 1030 941 intro-ductum
1061 890 1115 923 est
1138 897 1160 922 a
1180 897 1286 939 prae-

205 942 284 974 tore
306 938 516 974 emendandi
538 937 664 972 veteris
687 935 774 971 iuris
796 938 922 979 grana.
958 943 1024 969 nec
1045 933 1159 969 solum
1177 943 1215 967 1n
1232 943 1287 967 111-

206 987 414 1020 testatorum
436 982 691 1018 hereditatibus
722 983 824 1015 vetus
853 979 909 1014 ius
938 988 981 1014 eo
1010 978 1114 1014 modo
1143 981 1289 1023 praetor

206 1028 414 1071 emendavit,
438 1028 532 1064 sicut
555 1037 663 1072 supra
682 1025 814 1060 dictum
832 1028 896 1066 est,
922 1023 983 1059 sed
1002 1023 1039 1059 in
1057 1034 1178 1059 eorum
1198 1032 1287 1067 quo-

205 1083 285 1120 que,
309 1073 371 1119 qui
393 1076 604 1108 testamento
623 1071 720 1106 facto
741 1069 966 1105 decesserint.
998 1078 1082 1104 nam
1102 1068 1132 1104 si
1151 1067 1286 1103 alienus

205 1123 392 1172 postumus
411 1119 514 1154 heres
532 1117 641 1152 fuerit
659 1115 854 1157 institutus,
879 1113 1036 1160 quamvis
1054 1113 1287 1149 hereditatem

205 1174 282 1200 iure
306 1163 398 1199 civili
421 1163 518 1198 adire
537 1173 608 1197 non
627 1164 779 1206 poterat,
805 1171 885 1196 cum
903 1158 1079 1195 institutio
1100 1169 1172 1194 non
1191 1158 1286 1193 vale-

206 1210 279 1252 bat,
302 1209 491 1244 honorario
516 1212 634 1242 tamen
657 1207 733 1241 iure
759 1206 933 1241 bonorum
950 1214 1136 1250 possessor
1155 1203 1286 1238 efficie-

206 1255 331 1296 batur,
354 1253 515 1289 videlicet
539 1263 617 1288 cum
642 1262 665 1286 a
686 1254 852 1296 praetore
876 1249 1128 1285 adiuvabatur:
1159 1248 1221 1301 sed
1252 1252 1288 1301 et

205 1300 263 1335 hic
287 1300 333 1334 a⁴
357 1303 479 1334 nostra
503 1297 778 1333 constitutione-⁷*
800 1295 906 1331 hodie
927 1298 1024 1331 recte
1054 1295 1156 1330 heres
1185 1297 1286 1328 msti-

207 1341 223 1374 1
271 1338 398 1379 tuitur,
423 1338 525 1382 quasi
545 1342 582 1372 et
600 1338 678 1372 iure
698 1338 791 1372 civili
811 1349 882 1372 non
903 1339 1116 1383 incognitus.
1163 1338 1282 1373 ⁵·*A1i-

204 1383 358 1428 'quando
387 1386 507 1418 tamen
538 1393 651 1427 neque
682 1383 891 1418 emendandi
917 1393 1030 1428 neque
1053 1384 1151 1429 impu
1175 1383 1284 1419 nandi

205 1428 344 1464 ’veteris
366 1427 465 1470 iuris,
490 1427 553 1463 sed
573 1427 684 1472 magis
705 1427 938 1464 confirmandi
957 1428 1073 1473 gratia
1092 1439 1139 1474 po
1169 1429 1285 1465 'cetur

204 1474 389 1509 'bonorum
412 1473 685 1518 possessionem.
727 1483 809 1508 nam
832 1472 901 1510 illis
926 1484 996 1519 quo
1023 1484 1079 1519 ue,
1103 1473 1165 1519 qui
1186 1478 1286 1510 recte

206 1519 313 1554 'facto
328 1520 541 1554 testamento
556 1518 705 1554 heredes
721 1517 876 1554 instituti
894 1521 989 1561 sunt,
1033 1522 1073 1554 at
1090 1519 1286 1555 secundum

205 1564 359 1599 'tabulas
371 1564 550 1599 bonorum
563 1563 843 1608 possessionem:
863 1564 947 1600 item
959 1564 1005 1600 ab
1013 1563 1186 1601 intestato
1199 1575 1285 1600 suos

205 1609 363 1644 'heredes
381 1612 418 1644 et
435 1608 609 1653 adgnatos
630 1608 676 1644 ad
693 1609 869 1645 bonorum
887 1609 1148 1655 possessionem
1164 1612 1284 1646 vocat:

206 1654 277 1690 'sed
302 1657 340 1689 et
362 1658 499 1689 remota
523 1665 663 1698 quoque
692 1654 865 1690 bonorum
892 1655 1119 1700 possessione
1149 1655 1196 1691 ad
1224 1665 1286 1691 eos

206 1703 226 1734 2
274 1699 462 1735 'hereditas
486 1698 642 1744 pertinet
661 1699 740 1734 iure
760 1699 866 1735 civili.
903 1701 1023 1745 ⁶Quos
1042 1704 1159 1736 autem
1181 1711 1286 1746 prae-

208 1746 276 1780 ‘tor
298 1744 396 1780 solus
416 1746 521 1780 vocat
540 1744 586 1780 ad
606 1744 852 1787 hereditatem,
876 1745 1025 1782 heredes
1045 1745 1187 1790 quidem
1206 1746 1286 1791 ipso

208 1790 295 1826 'iure
317 1800 392 1826 non
413 1789 506 1824 fiunt
526 1793 622 1833 (nam
642 1794 787 1835 praetor
806 1790 971 1827 heredem
990 1791 1111 1826 facere
1130 1802 1202 1827 non
1222 1802 1286 1836 po·

208 1836 308 1871 'testz
332 1845 397 1880 per
419 1835 532 1880 legem
556 1834 649 1870 enim
672 1838 812 1871 tantum
835 1836 890 1872 vel
915 1836 1064 1872 similem
1087 1836 1177 1872 iuris
1201 1847 1287 1872 con-

208 1879 442 1916 'stitutionem
465 1879 615 1916 heredes
639 1879 741 1924 fiunt,
765 1881 875 1917 veluti
891 1892 957 1927 per
976 1885 1123 1918 senatus
1145 1881 1287 1917 consul-

209 1926 295 1961 ’tum
315 1928 352 1961 et
369 1924 642 1961 constitutiones
662 1926 912 1971 principales):
938 1927 1001 1963 sed
1019 1938 1098 1962 cum
1116 1927 1166 1962 eis
1183 1937 1287 1972 prae-

209 1972 278 2006 'tor
300 1970 364 2006 dat
385 1971 561 2006 bonorum
587 1971 867 2016 possessionem,
896 1972 977 2008 loco
1007 1971 1178 2008 heredum
1201 1982 1289 2008 con-

210 2015 419 2051 'stituuntur
442 2019 478 2050 et
499 2020 673 2051 vocantur
696 2016 871 2052 bonorum
893 2028 1133 2062 possessores.
1170 2017 1288 2053 adhuc

210 2061 340 2097 'autem
361 2063 398 2097 et
415 2061 506 2096 alios
526 2061 728 2106 complures
789 2062 880 2098 adus
897 2066 1043 2107 praetor
1062 2062 1150 2098 fecit
1167 2062 1205 2098 in
1223 2063 1288 2098 bo-

211 2106 348 2142 'norum
366 2105 655 2151 possessionibus
671 2072 810 2151 danffirs,
832 2107 916 2143 dum
931 2107 967 2143 id
987 2108 1126 2161 agebat,
1147 2118 1192 2143 ne
1233 2108 1289 2144 uis

211 2151 298 2187 ’sine
317 2161 525 2187 successore
545 2151 751 2187 moriatur⁴z
777 2163 859 2188 nam
878 2153 1140 2194 angustissimis
1159 2152 1221 2188 fini
1247 2162 1290 2189 us

207 2198 439 2233 constitutum
468 2207 532 2242 per
554 2197 664 2241 legem
689 2197 873 2232 duodecim
897 2197 1101 2233 tabularum
1123 2197 1179 2232 ius
1204 2207 1286 2242 per-

206 2243 448 2288 cipiendarum
471 2242 707 2278 hereditatum
737 2246 883 2288 praetor
915 2252 959 2277 ex
989 2243 1084 2278 bono
1116 2245 1152 2277 et
1173 2252 1287 2287 aequo

206 2291 225 2323 3
273 2287 442 2323 dilatavit.
490 2287 581 2323 Sunt
611 2291 730 2323 autem
760 2288 934 2323 bonorum
965 2286 1208 2332 possessiones
1244 2297 1287 2322 ex

206 2336 416 2369 testamento
442 2333 582 2378 quidem
605 2333 684 2368 hae.
720 2333 845 2378 prima,
857 2343 962 2413 ¹fiuae
980 2332 1180 2377 praeteritis
1199 2331 1286 2367 libe-

205 2378 253 2413 ris
277 2378 383 2413 datur
406 2382 622 2422 vocaturque
645 2382 770 2413 contra
793 2382 830 2412 ta
895 2388 946 2413 as.
983 2377 1157 2419 secunda,
1181 2387 1288 2422 quam

206 2424 367 2459 omnibus
402 2423 480 2459 iure
514 2423 655 2468 scriptis
689 2423 880 2459 heredibus
914 2426 1059 2468 praetor
1101 2422 1289 2468 pollicetur

205 2468 355 2513 ideoque
378 2472 526 2503 vocatur
549 2467 742 2503 secundum
766 2468 918 2503 tabulas.
956 2471 991 2503 et
1015 2478 1095 2503 cum
1114 2467 1158 2503 de
1177 2470 1287 2503 testa-

205 2514 332 2549 mentis
344 2513 442 2558 prius
461 2514 603 2548 locutus
623 2517 686 2555 est,
708 2513 754 2548 ad
773 2513 961 2549 intestatos
982 2513 1172 2548 transitum
1189 2513 1286 2548 fecit.

206 2562 242 2593 et
264 2559 375 2603 primo
399 2558 478 2594 loco
511 2558 584 2594 suis
616 2558 805 2594 heredibus
836 2562 872 2593 et
901 2558 973 2600 his,
1006 2558 1067 2603 qui
1097 2568 1140 2593 ex
1171 2557 1287 2594 edicto

206 2604 378 2648 praetoris
402 2604 474 2639 suis
499 2608 816 2646 connumerantur,
848 2603 910 2638 dat
939 2603 1113 2638 bonorum
1146 2613 1287 2648 posses-

206 2648 340 2683 sionem
371 2659 462 2694 quae
493 2653 641 2684 vocatur
664 2648 758 2684 unde
781 2648 902 2684 liberi:
938 2647 1094 2684 secundo
1125 2648 1288 2692 legitimis

205 2693 411 2729 heredibus:
433 2694 535 2729 tertio
556 2693 677 2729 decem
686 2693 858 2738 personis,
878 2704 968 2738 quas
981 2697 1150 2729 extraneo
1163 2703 1287 2728 manu-

206 2738 345 2774 missori
369 2739 592 2783 praeferebat
614 2741 712 2782 (sunt
729 2742 846 2774 autem
866 2738 989 2774 decem
1010 2748 1183 2783 personae
1202 2738 1286 2773 hae:

206 2787 307 2835 pater
337 2787 461 2825 mater,
480 2794 567 2819 avus
602 2784 681 2819 avia
711 2788 785 2818 tam
819 2784 958 2829 paterni
988 2793 1095 2828 quam
1126 2783 1286 2825 materni,

206 2832 289 2863 1tem
320 2828 411 2864 filius
446 2828 531 2872 filia,
549 2839 659 2875 nepos
691 2829 807 2873 neptis
838 2832 912 2863 tam
943 2838 987 2864 ex
1017 2827 1089 2864 filio
1114 2838 1220 2873 quam
1244 2839 1288 2863 ex

207 2872 298 2915 filia,
341 2873 452 2909 frater
485 2884 587 2909 soror
621 2874 694 2909 sive
729 2873 983 2919 consanguinei
1017 2873 1091 2909 sive
1124 2873 1285 2915 uterini):

206 2922 333 2963 quarto
358 2919 516 2963 cognatis
539 2919 726 2964 proximis:
758 2919 880 2964 quinto
911 2922 988 2953 tum
1012 2919 1143 2963 quam⁷
1166 2928 1210 2953 ex
1232 2917 1286 2953 fa-

206 2963 318 2998 milia:
343 2968 442 2999 sexto
466 2968 616 3009 patrono
640 2967 676 2999 et
698 2968 872 3009 patronae
894 2963 1085 3009 liberisque
1107 2973 1229 2999 eorum
1253 2966 1289 2998 et

207 3009 430 3054 parentibus:
466 3010 615 3054 septimo
645 3009 719 3044 viro
751 3012 787 3044 et
816 3009 938 3044 uxori:
970 3012 1096 3044 octavo
1127 3008 1287 3053 cognatis

206 3056 227 3088 4
274 3053 548 3090 manumissoris.
597 3053 666 3090 Sed
697 3064 758 3089 eas
806 3053 923 3089 uidem
946 3053 1127 3099 praetoria
1149 3053 1289 3089 induxit

206 3098 412 3134 iurisdictio.
447 3099 549 3134 nobis
572 3103 689 3135 tamen
713 3065 805 3134 nihiil
821 3099 1039 3134 incuriosum
1062 3098 1286 3143 praetermis-

207 3153 285 3179 sum
303 3147 370 3186 est,
387 3143 449 3179 sed
469 3145 599 3180 nostris
620 3144 931 3180 constitutionibus
943 3144 1061 3179 omnia
1073 3143 1286 3188 corrigentes

208 3192 333 3224 contra
355 3188 496 3224 tabulas
520 3189 659 3234 quidem
682 3192 718 3225 et
737 3188 932 3225 secundum
952 3189 1093 3224 tabulas
1113 3188 1286 3224 bonorum

206 3233 449 3279 possessiones
460 3233 663 3269 admisimus
676 3237 802 3279 utpote
821 3234 1040 3269 necessarias
1062 3233 1286 3275 constitutas,

206 3289 274 3314 nec
308 3288 380 3314 non
415 3278 460 3313 ab
494 3277 662 3315 intestato
693 3278 787 3315 unde
820 3278 921 3314 liberi
951 3282 988 3314 et
1017 3278 1112 3314 unde
1145 3278 1288 3324 legitimi

207 3326 227 3358 5
274 3323 448 3359 bonorum
471 3324 722 3368 possessiones.
770 3323 868 3368 Quae
898 3326 1016 3359 autem
1046 3323 1083 3359 in
1138 3324 1287 3359 raetoris

208 3368 324 3404 edicto
348 3367 471 3414 quinto
495 3368 574 3403 loco
599 3369 716 3413 posita
737 3369 874 3411 fuerat,
903 3368 940 3404 id
972 3372 1026 3404 est
1048 3379 1096 3404 un
1123 3378 1143 3404 e
1166 3368 1288 3404 decem

208 3423 393 3459 personae,
416 3423 494 3449 eam
516 3413 575 3458 pio
625 3414 781 3459 roposito
802 3417 838 3450 et
857 3413 1106 3458 compendioso
1126 3423 1289 3450 sermone

208 3468 464 3504 supervacuam
496 3461 596 3494 osten
622 3459 730 3495 imus:
763 3469 844 3495 cum
875 3458 967 3495 enim
989 3458 1153 3504 praefata
1174 3459 1287 3495 bono·

209 3575 249 3615 (ί)
274 3574 306 3606 ei
318 3586 376 3607 om.
394 3573 427 3607 T
511 3576 554 3614 (2)
580 3585 663 3605 anno
674 3586 707 3615 p.
725 3575 798 3606 Chr.
813 3581 848 3607 ⁴6

254 3620 298 3660 (a)
315 3618 365 3662 Cf.
379 3618 454 3653 Gai.
465 3619 496 3659 3,
506 3625 603 3652 25..38
623 3618 702 3660 Diq.
713 3619 765 3657 37,
778 3625 847 3652 1..13
871 3618 950 3652 Coei.
958 3619 991 3659 6,
1001 3625 1080 3652 ⁹..20
1139 3620 1181 3659 (⁴)
1193 3630 1256 3651 scr.
1266 3628 1284 3650 e

210 3666 251 3701 (s)
281 3664 360 3699 cod.
380 3666 414 3705 6,
433 3671 480 3702 ⁴s.
499 3672 511 3699 ι
615 3664 672 3701 (⁵⁸)
700 3663 774 3696 Gai.
798 3666 828 3699 3.
848 3662 927 3697 3³¹²?
946 3670 982 3696 ³⁴
1084 3662 1130 3703 (ο)
1157 3661 1235 3695 σοι’.
1252 3664 1283 3702 3,

210 3716 254 3743 ³2.
270 3717 303 3743 ³3
380 3712 422 3752 (7)
449 3713 515 3741 tum
531 3709 643 3750 quam]
659 3708 698 3747 Θ,
712 3712 791 3740 tunc
805 3719 869 3749 qua
887 3709 928 3749 Β,
942 3718 1008 3750 qua
1026 3708 1058 3741 T
1131 3711 1175 3750 (8)
1205 3709 1281 3742 Cod-

1290 84 1349 135 34

1734 101 1794 133 nn·
1821 95 2040 135 senonim
2067 102 2428 136 Possassromsus

1353 222 1434 248 rum
1455 212 1634 266 possessio
1658 212 1779 250 decem
1802 225 1974 261 personas
1996 215 2241 262 praeponebat
2262 218 2430 254 extraneo

1354 267 1619 310 manumisson,
1652 262 1776 296 nostra
1798 261 2005 296 constitutio
2016 262 2041 303 ⁸,
2073 271 2180 306 quam
2210 261 2256 296 de
2277 262 2431 298 emanci-

1353 306 1498 382 patione
1520 303 1710 339 hberorum
1731 304 1898 348 fecimus,
1929 306 2092 342 omnibus
2151 306 2331 342 arentibus
2362 307 2430 342 eis-

1378 357 1504 393 emque
1534 349 1848 386 manumissoribus
1880 355 2066 387 contracta
2087 350 2113 386 fi
2137 351 2218 387 ucia
2239 352 2430 387 manumis-

1354 393 1487 428 sionem
1509 391 1629 429 facere
1652 393 1767 437 dedit,
1797 400 1839 430 ut
1866 395 1946 440 ipsa
1967 396 2195 432 manumissio
2219 405 2340 432 eorum
2361 397 2431 432 hoc

1352 437 1390 472 in
1414 447 1452 473 se
1475 437 1606 473 habeat
1627 438 1843 485 privilegium
1866 444 1903 475 et
1925 450 2144 492 supervacua
2166 441 2233 476 fiat
2249 440 2432 486 praedicta

1353 482 1528 518 bonorum
1562 483 1751 528 possessio.
1799 484 1941 520 sublata
1973 485 2079 529 igitur
2111 485 2275 531 praefata
2309 486 2432 532 quinta

1353 527 1527 563 bonorum
1558 529 1781 573 possessione
1812 530 1849 564 in
1919 529 2024 564 adum
2054 530 2129 566 eius
2159 534 2295 566 sextam
2326 535 2432 567 antea

1353 572 1528 608 bonorum
1548 574 1808 618 possessionem
1828 584 1867 609 re
1893 574 2031 610 uximus
2051 579 2087 610 et
2103 575 2261 620 quintam
2271 575 2431 618 fecimus,

1354 620 1375 653 6
1390 621 1436 660 (5)
1483 628 1589 663 quam
1600 623 1744 663 praetor
1755 619 1923 664 proximis
1936 619 2301 665 cognatispollicetur.
2327 620 2431 656 Cum-

1354 673 1423 707 que
1456 667 1563 698 antea
1597 663 1746 709 septimo
1781 664 1860 700 loco
1894 663 2012 700 fuerat
2045 665 2221 701 bonorum
2251 666 2430 718 possessio

1353 711 1429 742 tum
1452 708 1584 753 quam⁹
1607 718 1651 744 ex
1672 708 1808 744 familia
1830 713 1867 744 et
1888 713 2014 746 octavo
2037 709 2133 745 unde
2161 709 2264 746 liberi
2291 711 2433 755 patroni

1353 756 1597 798 patronaeque
1620 757 1657 788 et
1678 758 1844 799 parentes
1869 764 2008 798 eorum,
2038 759 2226 800 utramque
2253 765 2318 800 per
2347 765 2431 791 con-

1354 798 1572 834 stitutionem
1595 802 1755 834 nostram
1766 799 1804 841 ¹⁰,
1829 809 1935 844 quam
1959 799 2002 835 de
2022 799 2100 836 iure
2117 804 2328 846 patronatus
2346 799 2432 835 feci-

1354 852 1443 886 mus,
1466 843 1607 888 penitus
1626 843 1871 880 vacuavimus:
1897 855 1977 880 cum
1997 845 2089 880 enim
2108 844 2154 880 ad
2172 844 2433 881 similitudinem

1354 888 1591 924 successionis
1610 888 1842 934 ingenuorum
1860 889 2105 926 libertinorum
2115 890 2358 926 successiones
2369 900 2433 935 po·

1355 933 1501 976 suimus,
1526 944 1614 979 quas
1638 944 1751 979 usque
1774 934 1821 969 ad
1845 934 2005 980 quintum
2023 935 2266 971 tantummodo
2327 935 2433 970 adum

1356 978 1612 1022 coartavimus,
1644 982 1685 1014 ut
1708 979 1754 1014 sit
1776 979 1896 1025 aliqua
1917 980 2012 1016 inter
2032 980 2204 1025 ingenuos
2228 983 2264 1016 et
2300 980 2431 1015 ‘bertos

1356 1023 1571 1067 differentia,
1596 1023 1780 1060 sufficiunt
1793 1026 1817 1046 ¹¹
1842 1025 1893 1060 eis
1915 1029 1989 1060 tam
2013 1029 2137 1061 contra
2158 1024 2299 1061 tabulas
2321 1025 2433 1060 bono-

1354 1080 1434 1104 rum
1464 1069 1641 1121 possessio
1673 1080 1778 1114 quam
1809 1069 1904 1105 unde
1933 1070 2077 1115 legitimi
2100 1074 2136 1106 et
2158 1070 2254 1106 unde
2278 1069 2432 1115 cognati,

1355 1124 1399 1149 ex
1422 1114 1551 1159 quibus
1573 1114 1713 1167 possint
1735 1125 1802 1150 sua
1823 1115 1903 1150 iura
1932 1115 2128 1158 vindicare,
2159 1115 2255 1151 omni
2284 1125 2433 1160 scrupu-

1354 1159 1498 1195 lositate
1520 1163 1556 1194 et
1578 1159 1813 1195 inextricabili
1836 1170 1955 1196 errore
1978 1160 2129 1195 duarum
2151 1159 2300 1196 istarum
2322 1160 2433 1196 bono-

1355 1207 1373 1239 ‘1
1401 1207 1447 1247 (6)
1493 1215 1573 1240 rum
1606 1204 1870 1250 possessionum
1898 1205 2064 1241 resoluta.
2111 1205 2228 1240 Aliam
2256 1215 2339 1240 vero
2369 1205 2434 1240 bo-

1354 1260 1481 1285 norum
1506 1250 1779 1295 possessionem,
1803 1260 1895 1295 quae
1917 1250 2012 1286 unde
2034 1250 2087 1286 vir
2110 1253 2146 1286 et
2167 1260 2259 1286 uxor
2277 1249 2433 1295 appella-

1354 1298 1413 1330 tur
1437 1298 1473 1330 et
1496 1305 1590 1331 nono
1614 1295 1694 1331 loco
1718 1295 1809 1331 inter
1832 1299 1967 1331 veteres
1990 1296 2163 1331 bonorum
2193 1295 2435 1341 possessiones

1380 1339 1472 1375 osita
1493 1339 1630 1383 fuerat,
1665 1344 1701 1376 et
1723 1341 1760 1375 in
1783 1351 1848 1376 suo
1873 1341 1991 1386 vigore
2014 1341 2228 1376 servavimus
2252 1343 2288 1376 et
2310 1339 2435 1375 altiore

1354 1351 1445 1428 foco,
1469 1385 1507 1420 id
1530 1390 1586 1421 est
1609 1389 1729 1428 sexto,
1754 1395 1832 1420 eam
1854 1386 2056 1431 posuimus,
2080 1385 2217 1421 decima
2239 1385 2348 1421 veteri
2370 1385 2434 1420 bo-

1354 1441 1480 1466 norum
1503 1430 1728 1476 possessione
1750 1441 1842 1476 quae
1865 1435 1942 1466 erat
1963 1431 2058 1467 unde
2080 1430 2221 1476 cognati
2243 1429 2434 1465 manumis-

1355 1475 1446 1511 soris
1480 1479 1627 1521 propter
1663 1486 1790 1511 causas
1826 1479 2008 1512 enarratas
2043 1476 2167 1512 merito
2203 1475 2361 1512 sublata:
2395 1477 2436 1510 ut

1355 1531 1418 1556 sex
1450 1520 1696 1557 tantummodo
1738 1521 1914 1557 bonorum
1953 1521 2195 1567 possessiones
2237 1519 2436 1557 ordinariae

1355 1568 1375 1601 8
1400 1569 1447 1609 (7)
1493 1569 1726 1611 permaneant
1748 1577 1812 1602 suo
1836 1567 1955 1612 vigore
1977 1566 2161 1612 pollentes.
2197 1565 2354 1611 Septima
2374 1575 2435 1600 eas

1355 1614 1490 1654 secuta,
1515 1622 1621 1657 quam
1640 1611 1775 1657 optima
1792 1612 1930 1648 ratione
1974 1615 2132 1647 raetores
2151 1611 2433 1647 introduxerunt.

1355 1656 1542 1692 novissime
1565 1657 1658 1692 enim
1680 1657 1897 1702 promittitur
1920 1667 1940 1692 e
1964 1657 2035 1693 icto
2058 1656 2114 1692 his
2134 1656 2242 1692 etiam
2262 1656 2435 1692 bonorum

1355 1702 1552 1747 possessio,
1586 1702 1715 1747 quibus
1739 1705 1780 1738 ut
1802 1702 1905 1738 detur
1926 1702 2003 1747 lege
2026 1702 2081 1738 vel
2103 1705 2248 1738 senatus
2273 1700 2434 1737 consulto

1355 1747 1410 1782 vel
1433 1747 1686 1783 constitutione
1710 1747 1999 1793 comprehensum
2022 1750 2087 1790 est,
2111 1757 2218 1792 quam
2238 1756 2352 1792 neque
2370 1745 2434 1781 bo-

1355 1803 1481 1827 norum
1513 1792 1798 1838 possessionibus
1829 1803 1921 1838 quae
1944 1793 1990 1828 ab
2014 1793 2183 1828 intestato
2207 1791 2353 1827 veniunt
2374 1800 2434 1826 ne·

1355 1847 1424 1882 que
1447 1837 1496 1872 eis
1521 1847 1614 1882 quae
1636 1848 1680 1873 ex
1702 1841 1914 1873 testamento
1939 1841 2023 1873 sunt
2044 1841 2190 1882 praetor
2211 1836 2331 1872 stabili
2360 1835 2436 1871 iure

1356 1882 1639 1925 connumeravit,
1664 1882 1728 1918 sed
1751 1883 1853 1928 quasi
1876 1883 2037 1918 ultimum
2061 1885 2097 1918 et
2120 1881 2433 1917 extraordinarium

1355 1927 1535 1970 auxilium,
1584 1931 1668 1963 rout
1689 1937 1746 1963 res
1770 1927 1885 1972 exigit,
1910 1926 2189 1964 accommodavit
2212 1926 2347 1963 scilicet
2368 1926 2435 1969 his,

1356 1972 1416 2018 qui
1435 1982 1479 2007 ex
1498 1972 1532 2007 le
1555 1939 1634 2008 Jbus
1654 1976 1799 2009 senatus
1820 1973 1989 2009 consultis
2008 1972 2319 2008 constitutionibus
2338 1971 2434 2025 prin-

1356 2018 1474 2063 cipum
1506 2029 1549 2053 ex
1580 2029 1672 2054 novo
1704 2018 1781 2053 iure
1813 2018 1868 2054 vel
1899 2029 1944 2054 ex
1965 2021 2175 2053 testamento
2199 2017 2253 2053 vel
2277 2017 2322 2053 ab
2345 2019 2434 2052 mte-

1356 2066 1376 2098 9
1402 2065 1449 2105 (8)
1497 2066 1591 2098 stato
1616 2062 1770 2098 veniunt.
1819 2063 1906 2098 Cum
1930 2063 2037 2108 igitur
2058 2063 2178 2108 plures
2197 2062 2333 2108 species
2354 2071 2434 2097 suc-

1356 2108 1555 2143 cessionum
1579 2112 1723 2153 praetor
1745 2108 2000 2144 introduxisset
2023 2118 2154 2153 easque
2183 2118 2248 2153 per
2277 2106 2435 2143 ordinem

1355 2153 1588 2198 disposuisset
1599 2157 1634 2188 et
1646 2153 1682 2188 in
1702 2164 1914 2199 unaquaque
1933 2153 2052 2198 specie
2072 2152 2307 2189 successionis
2327 2161 2436 2197 saepe

1354 2199 1473 2243 plures
1505 2201 1626 2234 extent
1657 2198 1789 2243 dispari
1818 2198 1931 2243 gradu
1967 2208 2158 2244 personae:
2195 2208 2240 2233 ne
2277 2197 2435 2232 actiones

1355 2243 1569 2279 creditorum
1582 2242 1800 2285 differantur,
1821 2243 1884 2279 sed
1903 2243 2076 2278 haberent
2094 2253 2184 2288 quos
2197 2243 2435 2284 convenirent,

1355 2291 1390 2324 et
1421 2299 1466 2324 ne
1494 2287 1600 2324 facile
1630 2288 1667 2323 in
1697 2289 1954 2333 possessionem
1978 2289 2152 2324 bonorum
2175 2287 2333 2323 defuncti
2354 2287 2434 2322 mit-

1354 2337 1477 2368 tantur
1500 2337 1536 2368 et
1567 2343 1608 2368 eo
1641 2333 1744 2369 modo
1777 2333 1845 2368 sibi
1876 2333 2117 2376 consulerent,
2152 2332 2231 2369 ideo
2288 2331 2436 2368 etendae

1356 2381 1401 2420 (9)
1448 2378 1623 2414 bonorum
1634 2377 1849 2423 possessioni
1862 2382 1998 2414 certum
2009 2382 2148 2424 tempus
2159 2388 2245 2423 prae
2296 2377 2369 2413 ivit.
2393 2376 2434 2412 li·

1354 2423 1448 2459 beris
1483 2424 1603 2476 itaque
1638 2426 1674 2459 et
1706 2423 1913 2469 parentibus
1954 2427 2027 2459 tam
2066 2423 2288 2459 naturalibus
2330 2431 2435 2467 quam

1355 2468 1530 2513 adoptivis
1548 2479 1585 2503 1n
1600 2469 1755 2513 petenda
1772 2469 1944 2504 bonorum
1964 2468 2188 2514 possessione
2207 2467 2292 2504 anni
2305 2467 2333 2489 ²²
2352 2477 2434 2512 spa-

1359 2516 1398 2548 10
1424 2517 1470 2557 (5)
1517 2514 1624 2556 tium,
1649 2513 1775 2549 ceteris
1790 2514 1816 2535 ¹³
1840 2517 1981 2549 centum
2005 2513 2140 2549 dierum
2170 2512 2277 2549 dedit.
2324 2511 2375 2547 Et
2404 2512 2435 2547 si

1355 2559 1449 2599 intra
1471 2558 1540 2594 hoc
1562 2562 1634 2594 tem
1660 2569 1702 2594 us
1726 2559 1853 2603 aliquis
1876 2559 2049 2594 bonorum
2072 2557 2332 2604 possessionem
2361 2567 2434 2592 non

1355 2603 1514 2648 petierit,
1550 2603 1624 2639 eius
1652 2614 1706 2639 em
1736 2603 1867 2650 gradus
1898 2604 2059 2649 personis
2091 2602 2285 2639 adcrescit:
2321 2601 2375 2638 vel
2404 2601 2435 2637 si

1355 2659 1457 2684 nemo
1482 2648 1547 2689 sit,
1572 2648 1742 2695 deinceps
1771 2649 1896 2684 ceteris
1919 2648 2070 2694 proinde
2092 2649 2267 2685 bonorum
2288 2656 2432 2700 posses-

1355 2693 1489 2729 sionem
1513 2703 1557 2728 ex
1580 2693 1800 2729 successorio
1824 2693 1939 2729 edicto
1963 2694 2169 2739 pollicetur,
2201 2703 2245 2728 ac
2268 2703 2299 2728 s1
2320 2692 2351 2728 is
2374 2691 2435 2737 qui

1355 2738 1593 2783 praecedebat
1616 2748 1660 2773 ex
1683 2748 1724 2774 eo
1749 2749 1894 2774 numero
1917 2749 1989 2774 non
2014 2742 2117 2774 esset.
2160 2738 2191 2774 si
2214 2737 2292 2783 quis
2315 2737 2435 2782 itaque

1355 2783 1510 2819 delatam
1533 2783 1601 2819 sibi
1624 2784 1797 2820 bonorum
1813 2784 2071 2829 possessionem
2091 2782 2337 2828 repudiaverit,
2362 2791 2434 2817 non

1355 2839 1539 2874 quousque
1568 2832 1707 2874 tempus
1742 2829 1915 2865 bonorum
1951 2827 2169 2873 possessioni
2208 2826 2434 2873 praefinitum

1355 2874 1547 2910 excesserit
1576 2877 1820 2919 exspectatur,
1852 2873 1914 2909 sed
1944 2873 2063 2909 statim
2096 2872 2204 2909 ceteri
2235 2883 2279 2908 ex
2309 2871 2434 2908 eodem

1359 2922 1395 2954 11
1424 2921 1470 2960 (6)
1519 2918 1636 2954 edicto
1674 2919 1918 2954 admittuntur.
1966 2919 2007 2954 In
2036 2917 2190 2964 petenda
2219 2920 2339 2954 autem
2368 2916 2432 2953 bo-

1355 2974 1481 3000 norum
1533 2963 1732 3000 ossessione
1762 2963 1837 2999 dies
1868 2963 1971 2999 utiles
2002 2963 2129 3008 singuli
2152 2962 2431 2999 considerantur.

1358 3011 1398 3044 12
1423 3012 1470 3051 (7)
1543 3008 1588 3044 ed
1610 3008 1701 3044 bene
1723 3008 1918 3045 anteriores
1942 3008 2119 3054 principes
2143 3010 2180 3044 et
2200 3007 2284 3044 huic
2300 3016 2432 3043 causae

1354 3053 1600 3099 providerunt,
1629 3063 1675 3089 ne
1702 3054 1781 3099 quis
1813 3063 1878 3099 pro
1909 3053 2062 3099 petenda
2091 3053 2264 3090 bonorum
2291 3061 2431 3098 posses-

1355 3099 1454 3134 sione
1477 3101 1588 3141 curet,
1612 3098 1686 3142 sed,
1711 3109 1934 3144 quocumque
1956 3099 2061 3135 modo
2077 3098 2108 3134 si
2121 3097 2337 3134 admittentis
2354 3106 2432 3132 eam

1354 3143 1523 3180 indicium
1545 3143 1640 3179 intra
1663 3147 1799 3179 statuta
1822 3147 1940 3179 tamen
1954 3147 2115 3190 tempora
2130 3141 2334 3185 ostenderit,
2357 3141 2431 3189 ple·

1355 3199 1439 3225 num
1451 3189 1584 3226 habeat
1594 3199 1715 3225 earum
1738 3188 1960 3225 beneficium.

1861 3280 1936 3321 X¹⁴

1432 3347 1494 3380 DE
1519 3346 1843 3384 ADQUISITIONE
1867 3346 1957 3380 PER
1979 3345 2346 3380 ADROGATIONEM.

1405 3413 1519 3449 ¹⁵'Est
1548 3416 1585 3449 et
1613 3413 1760 3450 alterius
1790 3412 1927 3458 generis
1957 3422 2023 3493 ger
2050 3411 2312 3448 universitatem
2349 3422 2430 3447 suc-

1354 3458 1496 3502 cessio,
1528 3468 1619 3504 quae
1649 3468 1763 3504 neque
1785 3458 1862 3503 lege
1884 3457 1956 3494 duo
1981 3456 2070 3493 ecim
2090 3456 2293 3493 tabularum
2316 3466 2432 3502 neque

1353 3574 1384 3613 8,
1398 3580 1434 3607 58
1448 3578 1522 3612 (59),
1537 3580 1554 3606 o
1738 3574 1782 3613 (9)
1807 3575 1878 3604 tum
1896 3572 2008 3614 quam]
2030 3572 2071 3610 Θ,
2092 3574 2162 3602 tum
2174 3580 2241 3613 qua
2253 3571 2299 3612 B,
2320 3579 2385 3612 qua
2402 3568 2432 3603 Τ

1353 3619 1414 3659 (ιο)
1441 3618 1520 3650 Cod.
1534 3618 1566 3658 6,
1579 3625 1606 3658 4,
1621 3624 1638 3651 ι
1752 3618 1807 3658 (ιι)
1830 3617 1879 3650 eie
1889 3615 1936 3655 B,
1948 3615 2074 3648 sufficit
2090 3616 2122 3648 T
2239 3615 2299 3658 (12)
2323 3616 2370 3649 sic
2382 3614 2429 3656 Β,

1353 3673 1500 3695 annuum
1515 3663 1548 3695 T
1632 3664 1690 3702 (13)
1715 3664 1826 3694 autem
1838 3662 1897 3694 im.
1915 3660 1948 3694 T

1396 3708 1454 3747 (ιι)
1483 3707 1534 3751 Cf.
1551 3707 1628 3741 Gai.
1641 3708 1672 3747 3,
1687 3714 1785 3741 82³4
1876 3707 1936 3746 (15)
1963 3704 2038 3739 Gai.
2053 3706 2085 3747 3,
2099 3712 2145 3740 ⁸².
2159 3711 2195 3740 ss
