2528 3918
185 129 340 163 CONST.
372 130 532 162 ΟΜΝΕΜ

184 241 332 287 antiqua
362 239 571 277 confusione
594 239 711 285 legum
735 250 778 275 co
827 248 930 276 omen
952 239 1152 276 habebant:
1186 251 1268 276 eum

183 291 303 322 autem
331 286 427 332 leges
455 286 526 321 iam
557 285 654 320 clare
683 288 721 320 et
803 285 907 322 ucide
941 289 1106 331 prostent
1142 284 1268 322 animis

184 342 306 368 eorum
333 331 440 367 facile
469 329 684 374 tradendae,
713 330 827 366 visum
855 332 911 367 est
940 331 1108 366 necesse¹
1143 340 1204 366 eos
1234 334 1271 366 et

184 380 204 412 3
252 377 460 422 cognomine
495 379 634 411 mutato
672 374 820 422 fulgere.
871 375 914 411 ln
954 375 1112 411 secundo
1150 379 1270 411 autem

183 432 297 465 anno,
327 431 392 467 per
419 431 525 466 quem
549 430 594 456 ex
618 420 735 457 edicto
758 421 808 457 eis
831 430 961 457 nomen
985 424 1091 456 antea
1113 420 1270 466 positum

183 472 220 502 et
251 477 275 502 a
303 467 407 502 nobis
434 465 626 511 probatur,
661 466 716 502 vel
748 465 793 502 de
821 465 960 502 iudiciis
992 465 1103 501 libros
1134 469 1270 511 septem

183 512 238 547 vel
261 511 306 547 de
328 512 436 546 rebus
461 514 543 546 octo
567 511 730 557 accipere
757 521 819 547 eos
842 511 1042 552 sancimus,
1074 510 1270 546 secundum

183 556 279 601 quod
301 556 470 602 temporis
496 555 702 593 vicissitudo
726 556 932 598 indulserit,
964 566 1069 601 quam
1098 555 1271 591 intactam

183 601 365 637 observari
383 600 637 647 praecipimus,
672 602 735 638 sed
758 601 900 637 eosdem
926 600 1036 636 libros
1061 600 1105 636 de
1128 600 1271 636 iudiciis

182 648 236 681 vel
261 647 304 682 de
327 646 436 682 rebus
458 650 555 683 totos
578 651 615 683 et
637 657 703 693 per
726 657 826 682 suain
851 646 1143 691 consequentiam
1175 646 1270 681 acci-

182 692 304 736 piant,
342 691 442 727 nullo
472 691 615 738 penitus
647 703 691 728 ex
723 692 778 728 his
811 690 1001 727 derelicto:
1040 691 1124 735 quia
1153 691 1272 726 omnia

184 747 276 772 nova
299 736 566 783 pulchritudine
589 741 674 773 sunt
693 736 875 778 decorata,
899 735 997 771 nullo
1016 735 1146 779 inutili,
1171 736 1270 772 nullo

183 782 331 818 desueto
361 782 400 817 in
428 782 485 818 his
560 782 657 818 nitus
688 781 909 818 inveniendo.
957 781 1123 817 alterutri
1151 786 1270 817 autem

182 827 376 863 eorundem
399 828 589 870 volumini,
620 827 657 863 id
690 832 744 863 est
774 827 818 863 de
841 826 980 862 iudiciis
1004 827 1059 862 vel
1083 826 1127 862 de
1150 827 1269 871 rebus,

183 872 328 918 adiungi
351 872 389 908 in
407 873 557 909 secundi
577 873 661 909 anni
679 872 897 908 audientiam
914 872 1078 908 volumus
1098 875 1272 918 quattuor

182 918 293 954 libros
315 917 371 953 sin
496 928 529 962 s,
562 929 651 963 quos
684 928 728 953 ex
757 917 853 953 omni
883 917 1142 962 compositione
1165 922 1269 963 quat-

181 963 379 999 tuordecim
403 963 574 999 librorum
599 963 858 1008 excerpsimus:
889 972 933 998 ex
957 962 1168 998 collectione
1192 963 1270 1008 qui-

182 1009 263 1044 dem
293 1008 462 1054 tripertiti
491 1008 696 1051 voluminis,
729 1007 825 1052 quod
854 1018 920 1053 pro
951 1007 1096 1043 dotibus
1124 1018 1270 1053 compo-

181 1053 336 1096 suimus,
372 1064 445 1089 uno
475 1053 566 1089 libro
598 1058 786 1098 excerpto:
826 1062 870 1088 ex
901 1052 1042 1088 duobus
1074 1057 1194 1089 autem
1226 1053 1270 1088 de

180 1099 302 1135 tutelis
325 1102 362 1134 et
385 1098 631 1134 curationibus
654 1109 745 1133 uno:
779 1101 815 1133 et
845 1107 890 1133 ex
920 1098 1060 1143 gemino
1092 1098 1270 1134 volumine

181 1144 226 1180 de
249 1144 472 1180 testamentis
504 1154 594 1179 uno:
627 1146 663 1179 et
694 1154 739 1178 ex
770 1146 906 1188 septem
938 1143 1039 1179 libris
1071 1142 1115 1179 de
1144 1144 1269 1188 legatis

181 1193 219 1225 et
247 1189 527 1225 fideicommissis
559 1192 595 1224 et
625 1199 716 1233 quae
741 1188 837 1224 circa
860 1199 905 1224 ea
928 1193 1013 1224 sunt
1037 1188 1142 1224 simili
1165 1188 1269 1224 modo

181 1245 253 1270 uno
284 1238 424 1270 tantum
457 1235 559 1270 libro.
607 1234 673 1270 hos
704 1234 811 1278 igitur
843 1237 1014 1279 quattuor
1045 1234 1176 1276 libros,
1209 1234 1270 1279 qui

181 1280 218 1315 in
248 1279 448 1326 primordiis
481 1278 701 1324 singularum
731 1283 1010 1315 memoratarum
1041 1279 1268 1324 compositio-

181 1336 267 1360 num
290 1325 399 1371 positi
423 1330 525 1367 sunt,
550 1324 795 1360 tantummodo
821 1334 844 1359 a
866 1324 967 1360 vobis
992 1325 1043 1359 eis
1067 1324 1163 1359 tradi
1186 1335 1268 1360 san-

183 1370 315 1414 cimus,
348 1370 475 1406 ceteris
504 1370 626 1405 decem
651 1381 671 1405 o
700 1374 829 1405 ortnno
853 1369 1031 1415 tempori²
1055 1380 1269 1406 conservan-

180 1415 254 1452 dis:
292 1415 375 1461 quia
416 1425 531 1460 neque
570 1415 669 1460 possi
694 1415 741 1451 ile
773 1417 830 1451 est
859 1425 975 1460 neque
1006 1415 1091 1450 anni
1122 1414 1271 1451 secundi

181 1465 321 1506 tempus
354 1460 489 1496 sufficit
519 1459 566 1496 ad
589 1460 738 1496 istorum
761 1460 1048 1506 quattuordecim
1072 1460 1270 1496 librorum³

180 1510 202 1542 4
248 1506 417 1551 magistra
430 1516 517 1541 voce
535 1506 587 1542 eis
602 1505 860 1542 tradendorum
873 1506 1130 1542 recitationem.
1157 1505 1271 1541 Tertii

180 1552 327 1597 insuper
355 1551 441 1586 anni
471 1550 636 1586 doctrina
665 1551 774 1587 talem
807 1550 967 1586 ordinem
997 1551 1186 1593 sortiatur,
1219 1556 1270 1594 ut,

181 1597 255 1633 sive
277 1597 389 1632 libros
413 1596 458 1632 de
481 1596 624 1632 iudiciis
653 1596 727 1632 sive
757 1596 802 1632 de
824 1597 932 1632 rebus
957 1596 1153 1632 secundum
1175 1596 1271 1632 vices

180 1643 298 1687 legere
322 1642 371 1678 eis
396 1652 475 1678 sors
499 1641 631 1685 tulerit,
662 1646 854 1677 concurrat
877 1642 929 1677 eis
952 1642 1132 1687 tripertita
1154 1642 1271 1686 legum

180 1687 411 1732 singularium
427 1687 633 1732 dispositio:
659 1691 695 1723 et
712 1687 750 1722 in
768 1687 892 1732 primis
910 1687 1002 1722 liber
1016 1687 1207 1732 singularis
1225 1687 1272 1722 ad

181 1732 473 1779 hypothecariam
494 1732 694 1775 formulam,
719 1743 824 1778 quem
843 1736 1022 1778 oportuno
1042 1732 1123 1768 loco
1143 1733 1181 1767 in
1201 1743 1271 1777 quo

180 1778 225 1814 de
254 1777 466 1831 hypothecis
496 1777 675 1823 loquimur
697 1778 901 1823 posuimus,
933 1782 993 1820 ut,
1027 1788 1107 1813 cuin
1130 1778 1272 1813 aemula

180 1823 228 1859 sit
257 1823 499 1869 pigneraticiis
529 1823 750 1866 actionibus,
782 1833 875 1868 quae
902 1823 941 1858 in
971 1823 1072 1859 libris
1096 1822 1142 1858 de
1164 1824 1271 1859 rebus

179 1868 319 1915 positae
342 1873 444 1911 sunt,
468 1879 541 1904 non
564 1868 758 1904 abhorreat
782 1879 907 1904 eorum
929 1868 1166 1911 vicinitatem,
1191 1879 1272 1904 cum

182 1914 280 1950 circa
311 1913 454 1950 easdem
484 1924 543 1949 res
569 1914 743 1949 ambabus
767 1923 883 1960 paene
905 1913 999 1949 idem
1023 1913 1181 1949 studium
1205 1918 1271 1949 est.

181 1963 218 1995 et
248 1963 332 2005 post
363 1958 515 1995 eundem
546 1958 676 1994 librum
707 1959 923 2004 singularem
947 1959 1037 1994 alius
1061 1959 1152 1994 liber
1175 1958 1271 1994 simi-

181 2005 263 2041 liter
285 2004 338 2040 eis
361 2004 562 2049 aperiatur,
595 2014 700 2050 quem
724 2004 772 2039 ad
795 2004 951 2040 edictum
975 2004 1144 2040 aedilium
1167 2008 1204 2040 et
1227 2004 1271 2040 de

179 2049 414 2086 redhibitoria
444 2050 586 2085 actione
615 2053 652 2085 et
683 2049 727 2085 de
758 2049 992 2086 evictionibus
1019 2060 1086 2085 nec
1110 2060 1183 2085 non
1206 2049 1271 2085 du-

181 2095 263 2141 plae
286 2094 515 2148 stipulatione
539 2095 822 2140 composuimus:
849 2106 930 2131 cum
953 2095 1064 2137 enim,
1090 2105 1181 2140 quae
1205 2106 1270 2140 pro

183 2140 422 2186 emptiombus
452 2144 488 2175 et
518 2140 781 2176 venditionibus
804 2140 942 2185 legibus
967 2144 1075 2176 cauta
1099 2143 1202 2183 sunt,
1234 2141 1272 2176 in

182 2186 283 2222 libris
307 2185 352 2221 de
375 2186 483 2221 rebus
508 2186 749 2231 praefulgent,
784 2185 853 2221 hae
881 2189 1002 2221 autem
1034 2196 1157 2221 omnes
1182 2196 1272 2230 quas

185 2231 335 2267 diximus
366 2230 591 2267 definitiones
628 2231 667 2266 in
704 2231 831 2266 ultima
857 2235 965 2283 parte
998 2230 1127 2276 prioris
1165 2231 1273 2266 edicti

187 2277 327 2313 fuerant
355 2276 512 2321 positae,
544 2276 746 2312 necessario
771 2286 832 2312 eas
855 2287 892 2311 in
916 2277 1130 2312 anteriorem
1154 2276 1273 2312 locum

185 2322 447 2364 transtulimus,
477 2331 523 2357 ne
545 2331 569 2357 a
591 2321 872 2364 venditionibus,
903 2332 1057 2367 quarum
1080 2321 1183 2367 quasi
1207 2321 1271 2356 mi-

182 2366 318 2403 nistrae
341 2371 443 2409 sunt,
467 2366 648 2403 vicinitate
671 2366 821 2402 ulterius
845 2366 1063 2411 devagentur
1072 2367 1098 2403 ⁴.
1146 2370 1182 2402 et
1204 2367 1271 2403 hos

184 2416 256 2448 tres
280 2412 391 2448 libros
416 2422 498 2448 cum
520 2411 718 2451 acutissimi
736 2411 927 2458 Papiniani
950 2412 1104 2448 lectione
1126 2411 1272 2447 traden-

183 2458 249 2494 dos
272 2458 473 2504 posuimus,
505 2468 658 2503 quorum
680 2457 862 2493 volumina
884 2458 922 2493 in
945 2458 1052 2492 tertio
1077 2467 1171 2492 anno
1195 2460 1271 2493 stu-

182 2503 273 2539 diosi
301 2504 523 2546 recitabant,
557 2513 631 2538 non
661 2513 706 2538 ex
734 2503 831 2538 omni
860 2513 984 2539 eorum
1008 2513 1176 2547 corpore,
1209 2502 1273 2538 sed

183 2548 335 2594 sparsim
357 2558 474 2594 pauca
497 2558 542 2584 ex
564 2548 686 2584 multis
710 2551 747 2584 et
765 2548 803 2583 in
821 2548 890 2583 hac
904 2551 1013 2602 parte
1034 2548 1270 2594 accipientes:

182 2593 282 2630 vobis
306 2598 426 2629 autem
449 2593 527 2639 ipse
546 2593 806 2639 pulcherrimus
824 2593 1045 2638 Papinianus
1065 2604 1136 2629 non
1157 2593 1272 2629 solum

184 2650 230 2674 ex
252 2639 452 2684 responsis,
485 2649 576 2684 quae
605 2639 642 2674 in
674 2638 796 2674 decem
825 2644 862 2674 et
890 2650 1016 2674 novem
1040 2639 1150 2674 libros
1175 2649 1271 2674 com-

184 2684 303 2729 posita
321 2684 475 2726 fuerant,
500 2684 564 2719 sed
587 2683 693 2719 etiam
716 2694 762 2719 ex
784 2683 886 2720 libris
909 2688 1045 2730 septem
1069 2687 1105 2718 et
1127 2684 1274 2729 triginta

183 2729 432 2775 quaestionum
472 2732 509 2764 et
538 2729 678 2773 gemino
708 2729 885 2764 volumine
922 2729 1169 2764 definitionum
1206 2740 1272 2765 nec

183 2785 256 2810 non
287 2774 332 2810 de
361 2774 531 2810 adulteris
563 2778 599 2809 et
628 2784 743 2820 paene
773 2774 867 2810 omni
891 2774 967 2810 eius
992 2774 1213 2819 expositione
1235 2774 1273 2809 in

185 2819 281 2855 omni
311 2823 516 2855 nostrorum
546 2819 763 2864 digestorum
795 2819 1021 2855 ordinatione
1044 2819 1272 2864 praefulgens

185 2864 339 2946 Bropriis
363 2865 527 2910 partibus
551 2864 783 2910 praeclarus‘
813 2865 869 2901 sui
898 2864 1143 2900 recitationem
1167 2875 1271 2910 prae-

209 2910 294 2946 ebit.
331 2919 376 2944 ne
400 2913 519 2944 autem
541 2910 638 2945 tertii
661 2910 746 2945 anni
770 2909 963 2952 auditores,
987 2920 1078 2955 quos
1102 2909 1271 2955 Papinia-

184 2955 297 2991 nIstas
328 2959 476 2998 vocant,
514 2964 642 2990 nomen
677 2959 713 2990 et
743 2955 972 2991 festivitatem
1004 2955 1079 2990 eius
1111 2955 1273 2991 amittere

184 2999 381 3042 videantur,
406 3000 484 3052 ipse
506 3000 636 3035 iterum
659 3000 695 3035 in
719 3001 863 3036 tertium
884 3011 1017 3036 annum
1064 3010 1103 3035 er
1119 3000 1271 3036 bellissi-

185 3055 281 3081 mam
313 3045 612 3080 machinationem
642 3044 867 3081 introductus
899 3050 972 3082 est:
1013 3045 1037 3080 li
1063 3056 1143 3080 rum
1180 3046 1272 3081 enim

184 3089 463 3137 hypothecariae
487 3100 530 3126 ex
553 3090 755 3135 primordiis
779 3091 924 3136 plenum
948 3090 1107 3126 eiusdem
1129 3091 1273 3126 maximi

184 3134 373 3182 Papiniani
395 3134 546 3170 fecimus
569 3135 739 3177 lectione,
770 3140 812 3170 ut
840 3140 876 3171 et
905 3146 1035 3171 nomen
1066 3146 1110 3171 ex
1141 3146 1182 3172 eo
1207 3136 1271 3171 ha-

184 3181 296 3218 beant
312 3183 350 3216 et
369 3179 637 3226 Papinianistae
656 3185 828 3216 vocentur
851 3184 887 3216 et
907 3181 984 3216 eius
1004 3180 1272 3218 reminiscentes

184 3230 222 3263 et
243 3225 484 3262 laetificentur
506 3229 543 3261 et
564 3224 695 3261 festum
719 3225 829 3269 diem,
857 3236 982 3271 quem,
1015 3237 1097 3262 cum
1120 3226 1272 3272 primum

185 3272 280 3318 leges
304 3270 381 3308 eius
404 3270 648 3316 accipiebant,
673 3270 855 3307 celebrare
879 3271 1062 3314 solebant,
1087 3275 1271 3325 peragant,

185 3321 223 3353 et
242 3317 389 3353 maneat
409 3315 477 3352 viri
499 3315 739 3352 sublimissimi
767 3315 995 3360 praefectorii
1017 3316 1207 3364 Papiniani
1236 3320 1274 3352 et

184 3372 251 3408 pei·
279 3361 351 3398 hoc
379 3360 419 3397 in
440 3364 625 3397 aeternum
646 3360 817 3396 memoria
839 3361 980 3407 hocque
1002 3361 1153 3398 termine
1176 3361 1272 3397 tertii

187 3411 207 3443 5
253 3406 339 3443 anni
366 3405 531 3443 doctrina
553 3405 799 3442 concludatur.
848 3405 919 3441 Sed
943 3407 1025 3451 quia
1048 3407 1193 3443 solitum
1215 3410 1273 3442 est

188 3522 227 3563 (ι)
248 3527 326 3565 post
339 3518 487 3554 dilucide
501 3517 644 3561 (dilicite
660 3517 723 3560 1⁹¹,
742 3516 867 3551 dilucio
886 3517 953 3551 F':
978 3530 1081 3561 supra
1095 3520 1165 3552 eius
1176 3530 1272 3552 voca»

189 3567 259 3600 bula·
277 3567 417 3600 litteram
437 3567 452 3597 t
474 3566 506 3598 si
527 3576 600 3597 num
625 3563 657 3606 Ἰ.
682 3565 793 3606 posuit
809 3563 872 3605 F')
895 3565 1059 3606 supplevi:
1151 3564 1272 3596 animis

189 3621 305 3645 eorum
317 3635 325 3644 .
334 3635 342 3644 .
350 3635 359 3643 .
371 3577 551 3644 tradendis»
563 3632 589 3642 ..
597 3633 606 3642 .
618 3610 634 3641 t
646 3618 774 3641 necesse
787 3610 820 3642 in
833 3610 979 3652 maryine
992 3609 1055 3641 iam
1068 3615 1188 3642 resecto
1201 3608 1235 3641 F
1238 3607 1269 3640 ²:

187 3656 310 3690 animis
322 3666 437 3689 eoi-um
451 3653 630 3688 tradendae
646 3655 742 3687 erant
756 3663 885 3687 necesse
901 3655 973 3686 erat
996 3653 1074 3687 libri
1096 3654 1271 3687 deteriores

187 3703 232 3742 (2)
259 3702 406 3742 tempore
426 3700 461 3734 F
581 3700 624 3740 (3)
647 3708 668 3731 a
687 3699 747 3732 ins.
766 3698 818 3731 ΙΝ

188 3752 275 3786 dicta
301 3748 429 3784 suerum
444 3745 484 3779 de
501 3744 584 3779 libro
599 3741 704 3777 XXI!
716 3744 799 3778 vidit
812 3743 964 3785 Krueoer
1055 3745 1098 3784 (5)
1122 3741 1270 3786 praeola-

942 3699 984 3740 (⁴)
1010 3699 1167 3732 excidisse
1186 3710 1271 3742 quae
1339 3699 1398 3739 (15)
1424 3700 1467 3741 qs:
1487 3706 1585 3731 const.
1603 3698 1711 3730 Tanta
1725 3704 1756 3731 et
1770 3694 1936 3730 Δέδωκον
1954 3701 1970 3736 §
1988 3703 2025 3731 22

1256 118 1357 162 XVI

1338 241 1422 277 anni
1458 242 1577 288 quarti
1611 243 1790 281 studiosos
1822 244 1962 282 Graeco
1996 248 2033 282 et
2064 249 2236 283 consueto
2267 247 2420 294 quodam

1337 286 1512 339 vocabulo
1535 286 1639 324 λύταε
1662 290 1846 335 appellari,
1876 291 2033 327 habeant
2056 291 2208 337 quidem,
2233 291 2264 328 si
2285 294 2419 330 malue-

1337 335 1427 385 rint,
1455 333 1529 385 hoc
1559 343 1772 386 cognomen:
1810 346 1877 381 pro
1906 337 2087 390 responsis
2117 341 2238 374 autem
2290 338 2421 374 ruden-

1338 379 1466 429 tisSimi
1488 377 1611 421 Pauli,
1643 390 1734 424 quae
1760 386 1868 416 antea
1891 390 1935 416 ex
1957 382 2058 418 libris
2080 381 2203 427 viginti
2225 386 2273 418 tri
2298 393 2340 419 us
2364 383 2423 418 vix

1339 432 1377 456 in
1400 422 1523 475 decem
1546 427 1583 459 et
1605 428 1688 460 octo
1711 426 1922 468 recitabant,
1945 436 2011 472 pei·
2033 427 2104 462 iam
2121 427 2320 472 expositam
2337 438 2422 464 con·

1339 466 1515 504 fusionem
1539 478 1600 504 eos
1623 469 1798 514 legentes,
1831 470 1953 506 decem
1976 472 2086 508 libros
2116 473 2331 517 singulares,
2362 473 2424 518 qui

1338 522 1383 547 ex
1407 513 1693 558 quattuordecim
1716 526 1807 560 quos
1830 520 1939 551 antea
1961 518 2267 553 enumeravimus⁶
2297 528 2423 570 super-

1339 562 1443 600 sunt,
1476 558 1647 610 studeant
1668 559 1848 596 lectitare:
1881 560 1994 597 multo
2017 562 2161 598 maioris
2185 566 2220 597 et
2242 562 2424 608 amphoris

1339 602 1573 647 prudentiae⁷
1615 615 1659 640 ex
1690 605 1742 641 eis
1771 606 2005 641 thensaurum
2035 607 2281 650 consecuturi,
2318 618 2424 653 quam

1340 658 1445 692 quem
1469 659 1514 683 ex
1535 649 1719 686 Paulianis
1742 650 1924 686 habebant
1947 651 2140 696 responsis.
2177 657 2214 688 et
2235 653 2287 688 ita
2311 653 2424 688 omnis

1341 693 1428 728 ordo
1451 693 1625 730 librorum
1648 694 1879 748 singularium
1903 707 1925 731 a
1948 696 2052 732 nobis
2077 697 2295 742 compositus
2323 701 2362 733 et
2387 698 2425 733 in

1340 738 1462 774 decem
1483 743 1518 774 et
1537 743 1673 793 septem
1690 740 1801 776 hbros
1847 741 1974 777 artitus
1993 751 2115 778 eorum
2132 742 2259 778 animis
2275 742 2425 796 inpone-

1340 787 1399 818 tur
1430 787 1549 829 (quem
1579 795 1617 820 in
1641 785 1780 821 duabus
1828 790 2020 831 igestorum
2042 787 2206 832 partibus
2229 797 2424 833 posmmus,

1339 828 1376 880 id
1407 834 1462 881 est
1491 833 1621 875 quarta
1651 835 1688 866 et
1718 831 1859 876 quinta,
1892 831 2088 867 secundum
2111 836 2247 877 septem
2270 833 2424 878 partium

1340 873 1638 918 distributionem)
1667 879 1704 911 et
1734 875 1830 921 quod
1858 877 1929 912 iam
1958 877 2081 922 primis
2111 877 2229 913 verbis
2254 877 2424 913 orationis

1340 923 1486 955 nostrae
1507 920 1690 965 posuimus
1702 921 1726 963 ⁸,
1751 931 1874 957 verum
1896 921 2098 957 inveniatur
2107 922 2132 963 ⁹,
2156 926 2198 957 ut
2216 932 2262 958 ex
2278 922 2426 968 triginta

1340 974 1403 999 sex
1434 964 1607 1001 librorum
1635 966 1845 1002 recitatione
1868 966 1958 1002 fiant
1980 967 2124 1003 iuvenes
2147 967 2298 1012 perfecti
2320 971 2357 1003 et
2379 967 2434 1002 ad-

1340 1019 1444 1045 omne
1475 1020 1568 1063 opus
1596 1010 1630 1046 le
1656 1011 1791 1046 ‘timum
1826 1011 1993 1047 instructi
2031 1016 2069 1047 et
2102 1016 2226 1048 nostro
2265 1016 2426 1058 tempore

1339 1066 1412 1091 non
1442 1055 1597 1100 indigni:
1655 1056 1771 1092 uabus
1802 1056 1882 1092 aliis
1913 1057 2095 1102 partibus,
2126 1056 2163 1093 id
2186 1061 2243 1093 est
2265 1061 2368 1094 sexta
2390 1061 2427 1093 et

1339 1100 1490 1145 septima
1524 1104 1730 1137 nostrorum
1759 1101 1993 1146 digestorum,
2034 1112 2126 1147 quae
2163 1103 2200 1137 in
2239 1106 2425 1148 quattuor-

1340 1145 1453 1180 decim
1477 1145 1589 1181 libros
1615 1147 1832 1192 compositae
1856 1151 1951 1189 sunt,
1975 1147 2026 1182 eis
2050 1147 2094 1182 de
2120 1147 2239 1190 ositis,
2271 1153 2312 1183 ut
2368 1158 2425 1184 os-

1339 1191 1412 1226 sint
1440 1195 1567 1235 postea
1597 1201 1659 1227 eos
1688 1196 1725 1227 et
1755 1191 1870 1237 legere
1902 1197 1939 1227 et
1976 1192 2014 1227 in
2046 1192 2085 1227 iu
2110 1192 2187 1228 iciis
2224 1195 2327 1228 osten
2353 1202 2424 1228 ere.

1340 1236 1470 1281 quibus
1494 1236 1525 1271 si
1548 1236 1638 1272 bene
1662 1247 1739 1272 sese
1762 1237 1955 1272 imbuerint
1979 1242 2015 1272 et
2036 1237 2074 1272 in
2097 1237 2211 1283 quinti
2235 1248 2257 1273 a
2310 1237 2319 1246 ”
2355 1248 2426 1282 quo

1339 1282 1501 1327 prolytae
1525 1286 1790 1326 nuncupantur,
1815 1286 1928 1317 metas
1953 1283 2247 1318 constitutionum
2267 1293 2309 1319 co
2338 1282 2426 1319 ‘cem

1339 1331 1414 1361 tam
1436 1327 1553 1371 legere
1577 1337 1684 1371 quam
1708 1327 1888 1372 suptiliter
1916 1327 2120 1372 intellegere
2149 1328 2339 1371 studeant,
2371 1328 2425 1363 ni-

1339 1372 1391 1407 hil
1415 1371 1466 1407 eis
1491 1372 1667 1416 legitimae
1691 1372 1862 1408 scientiae
1885 1372 2016 1415 deerit,
2041 1373 2104 1408 sed
2127 1383 2265 1408 omnem
2289 1373 2335 1409 ab
2358 1373 2426 1408 ini-

1340 1417 1391 1453 tio
1408 1427 1523 1462 usque
1545 1416 1591 1452 ad
1610 1417 1717 1453 finem
1738 1417 1813 1453 suis
1830 1418 1957 1454 animis
1976 1417 2239 1463 anplectantur,
2264 1422 2300 1454 et
2318 1418 2427 1472 (quod

1340 1473 1455 1508 paene
1476 1462 1515 1498 in
1539 1462 1611 1497 alia
1634 1462 1733 1498 nulla
1757 1463 1873 1498 evenit
1901 1467 1997 1507 arte,
2030 1474 2110 1499 cum
2141 1464 2209 1500 etsi
2237 1463 2427 1499 vilissimae

1342 1508 1432 1550 sint,
1464 1517 1587 1543 omnes
1617 1511 1738 1543 tamen
1760 1507 1921 1544 infinitae
1943 1511 2040 1552 sunt)
2063 1508 2153 1544 haec
2176 1507 2255 1545 sola
2277 1508 2428 1545 scientia

1339 1553 1472 1589 habeat
1494 1553 1600 1588 finem
1623 1553 1838 1597 mirabilem,
1869 1553 1907 1588 iii
1929 1554 2111 1598 praesenti
2132 1558 2292 1607 tempore
2315 1564 2339 1590 a
2361 1564 2426 1590 no-

1340 1601 1360 1633 6
1407 1598 1463 1634 bis
1487 1598 1625 1633 sortita.
1671 1598 1771 1634 Disci
1798 1598 1848 1633 uli
1871 1598 1979 1643 igitur
2001 1599 2166 1635 omnibus
2190 1609 2241 1636 eis
2264 1598 2427 1644 legitimis

1340 1643 1481 1679 arcanis
1506 1643 1675 1680 reseratis
1699 1644 1773 1679 nihi
1810 1643 1966 1679 habeant
1985 1644 2245 1686 absconditum,
2269 1644 2334 1680 sed
2351 1654 2426 1680 om-

1340 1689 1446 1724 nibus
1469 1688 1648 1734 perlectis,
1674 1699 1766 1733 quae
1779 1691 1806 1710 ¹⁰
1830 1689 1932 1725 nobis
1957 1700 2022 1734 per
2044 1689 2254 1726 Triboniani
2277 1689 2343 1725 viri
2365 1699 2426 1725 ex-

1341 1734 1427 1770 celsi
1458 1734 1693 1769 ministerium
1725 1738 1996 1779 ceterorumque
2026 1735 2226 1787 composita
2255 1739 2359 1777 sunt,
2391 1738 2428 1770 et

1340 1783 1503 1815 oratores
1531 1779 1675 1814 maximi
1708 1783 1743 1814 et
1756 1781 1781 1801 ¹¹
1814 1779 1971 1815 iustitiae
2002 1780 2172 1815 satellites
2202 1780 2427 1815 inveniantur

1341 1830 1377 1861 et
1398 1824 1612 1859 iudiciorum
1634 1825 1759 1869 optimi
1779 1829 1853 1860 tam
1871 1825 2026 1861 athletae
2045 1835 2152 1870 quam
2169 1825 2427 1870 gubernatores

1341 1874 1359 1905 7
1408 1870 1445 1905 in
1477 1870 1571 1905 omni
1604 1870 1683 1905 loco
1714 1879 1872 1915 aevoque
1900 1869 2035 1906 felices.
2081 1870 2182 1906 Haec
2210 1874 2330 1906 autem
2357 1869 2428 1906 tria

1339 1914 1520 1951 volumina
1551 1925 1574 1949 a
1605 1915 1709 1950 nobis
1739 1915 1938 1960 composita
1967 1914 2063 1951 tradi
2091 1916 2142 1951 eis
2165 1919 2239 1950 tam
2261 1915 2299 1951 in
2322 1914 2427 1960 regiis

1339 1961 1490 1996 urbibus
1545 1970 1628 1995 uam
1660 1960 1698 1995 in
1721 1960 1981 2006 Berytiensium
2011 1960 2250 2005 pulcherrima
2273 1960 2427 2003 civitate,

1341 2016 1448 2051 quam
1472 2008 1508 2041 et
1521 1972 1647 2050 (iegum
1671 2005 1846 2040 nutricem
1870 2006 1960 2041 bene
1980 2005 2060 2050 quis
2079 2005 2247 2052 appellet,
2270 2009 2427 2041 tantum-

1339 2051 1446 2087 modo
1470 2050 1645 2093 volumus,
1671 2050 1768 2096 quod
1790 2050 1860 2085 iam
1884 2054 1920 2085 et
1943 2061 1965 2086 a
1983 2055 2081 2087 retro
2101 2050 2323 2096 principibus
2341 2060 2426 2086 con-

1341 2097 1504 2133 stitutum
1528 2099 1602 2138 est,
1634 2098 1670 2131 et
1700 2107 1774 2132 non
1797 2096 1834 2131 in
1858 2095 1936 2131 aliis
1960 2095 2049 2132 locis
2073 2106 2164 2140 quae
2187 2106 2210 2131 a
2233 2095 2427 2132 maioribus

1340 2143 1413 2178 tale
1432 2152 1504 2177 non
1523 2141 1717 2176 meruerint
1735 2141 1971 2187 privilegium:
1997 2141 2080 2187 quia
2103 2140 2301 2177 audivimus
2321 2140 2428 2176 etiam

1340 2188 1378 2222 in
1402 2186 1646 2222 Alexandrina
1679 2186 1963 2231 splendidissima
1995 2187 2138 2222 civitate
2165 2190 2202 2222 et
2228 2187 2267 2222 in
2296 2185 2426 2222 Caesa·

1340 2232 1511 2268 riensium
1542 2235 1579 2267 et
1606 2231 1644 2266 in
1673 2232 1752 2267 aliis
1777 2231 1950 2276 quosdam
1973 2231 2157 2277 imperitos
2181 2231 2342 2267 homines
2366 2230 2426 2267 de·

1341 2287 1471 2322 vagare
1501 2282 1537 2312 et
1568 2276 1769 2312 doctrinam
1799 2276 1981 2321 discipulis
2005 2276 2244 2312 adulterinam
2266 2276 2425 2312 tradere:

1342 2333 1432 2368 quos
1463 2322 1531 2357 sub
1560 2322 1630 2357 hac
1660 2322 1948 2357 interminatione
1978 2322 2024 2357 ab
2056 2322 2126 2357 hoc
2156 2322 2342 2358 conamine
2368 2331 2426 2357 re-

1340 2367 1524 2414 pellimus,
1555 2371 1612 2409 ut,
1645 2367 1675 2402 si
1705 2366 1785 2402 ausi
1815 2366 1950 2402 fuerint
1979 2367 2016 2402 in
2047 2371 2229 2412 posterum
2251 2367 2322 2403 hoc
2345 2376 2426 2412 per-

1341 2416 1484 2458 petrare
1516 2416 1552 2448 et
1583 2417 1685 2448 extra
1712 2413 1821 2448 urbes
1852 2412 1967 2456 regias
1999 2416 2036 2447 et
2064 2412 2324 2458 Berytiensium
2353 2421 2426 2447 me-

1340 2457 1508 2503 tropolim
1538 2457 1608 2493 hoc
1635 2457 1771 2500 facere,
1805 2457 1975 2493 denarum
2008 2457 2177 2493 librarum
2208 2457 2287 2493 auri
2310 2467 2428 2503 poena

1341 2503 1545 2548 plectantur
1559 2505 1586 2524 ¹²
1609 2507 1646 2538 et
1668 2503 1863 2538 reiciantur
1886 2502 1932 2537 ab
1957 2513 2001 2538 ea
2024 2502 2176 2545 civitate,
2201 2502 2238 2538 in
2284 2513 2332 2538 ua
2355 2513 2428 2538 non

1342 2551 1362 2589 8
1409 2548 1505 2594 leges
1521 2548 1662 2591 docent,
1682 2548 1746 2583 sed
1761 2548 1798 2583 in
1815 2548 1911 2593 leges
1928 2548 2162 2583 committunt.
2186 2547 2254 2583 Illu
2295 2551 2427 2589 autem,

1342 2593 1438 2638 quod
1469 2594 1539 2628 iam
1572 2604 1654 2629 cum
1685 2593 1732 2628 ab
1762 2593 1863 2628 initio
1894 2592 1964 2629 hoc
1994 2603 2085 2638 opus
2109 2593 2317 2629 mandantes
2331 2593 2359 2615 ¹⁸
2389 2593 2427 2628 in

1341 2644 1466 2675 nostra
1497 2639 1698 2674 oratione*¹
1731 2642 1768 2674 et
1797 2642 1880 2684 post
1909 2639 2124 2683 completum
2153 2638 2190 2673 in
2219 2638 2290 2673 alia
2313 2637 2428 2674 nostri

1341 2684 1494 2719 numinis
1519 2683 1816 2719 constitutione¹⁵
1845 2684 2069 2728 scripsimus,
2100 2687 2138 2719 et
2166 2693 2262 2719 nunc
2292 2683 2427 2718 utiliter

1367 2730 1525 2772 enimus,
1559 2733 1599 2764 ut
1623 2740 1724 2764 nemo
1749 2727 1882 2764 audeat
1905 2739 2026 2764 eorum
2052 2729 2111 2773 qui
2134 2728 2244 2764 libros
2268 2728 2426 2764 conscri-

1341 2741 1432 2810 Eunt
1464 2775 1555 2819 sigla
1583 2774 1621 2809 in
1651 2774 1706 2810 his
1743 2784 1877 2819 ponere
1913 2777 1950 2809 et
1986 2783 2052 2818 per
2083 2772 2328 2818 compendium
2358 2772 2427 2819 ipsi

1341 2820 1458 2865 legum
1488 2819 1775 2864 interpretationi
1799 2819 1854 2854 vel
1878 2818 2126 2870 compositioni
2147 2818 2340 2854 maximum
2363 2818 2426 2853 ad-

1340 2865 1434 2900 ferre
1458 2864 1667 2900 discrimen:
1700 2864 1843 2900 scituris
1874 2863 2039 2899 omnibus
2062 2863 2233 2906 librariis,
2265 2863 2327 2909 qui
2357 2863 2426 2899 hoc

1341 2910 1377 2946 in
1407 2914 1591 2956 posterum
1623 2909 1879 2951 commiserint,
1923 2908 2019 2954 quod
2054 2911 2138 2962 post
2168 2908 2386 2944 criminalem
2398 2909 2427 2930 ¹⁸

1341 2965 1494 3001 poenam
1517 2956 1623 2990 etiam
1649 2954 1931 2990 aestimationem
1954 2952 2037 2989 libri
2059 2964 2096 2988 in
2114 2953 2162 2988 du
2189 2954 2263 2988 lum
2282 2953 2426 2989 domino

1341 3001 1428 3045 eius,
1453 3000 1485 3035 si
1503 3000 1675 3035 nescienti
1695 2999 1866 3042 dederint,
1891 2998 2022 3034 inferre
2045 3009 2169 3044 compe
2197 3002 2319 3034 entur:
2344 3009 2426 3034 cum

1340 3045 1493 3090 etipse,
1526 3045 1586 3089 qui
1614 3044 1721 3080 talem
1750 3044 1879 3080 librum
1911 3044 2185 3089 comparaverit,
2216 3054 2282 3089 pro
2314 3043 2425 3079 nihilo

1340 3101 1422 3126 euin
1446 3090 1610 3132 habebit,
1643 3089 1781 3125 nemine
1812 3089 1928 3125 iudice
1958 3099 2002 3124 ex
2029 3088 2095 3124 tali
2117 3088 2209 3124 libro
2233 3088 2311 3125 fieri
2333 3088 2425 3125 rcci-
2495 3095 2497 3099 ’

1341 3135 1512 3171 tationem
1544 3134 1779 3177 concedente,
1818 3134 1881 3170 sed
1918 3144 1984 3180 pro
2023 3144 2095 3170 non
2107 3135 2134 3155 ¹⁷
2174 3134 2309 3179 scripto
2344 3143 2424 3170 eum

1341 3184 1362 3215 9
1409 3180 1534 3216 haberi
1563 3180 1784 3226 disponente,
1833 3180 1925 3215 Illud
1955 3189 2038 3215 vero
2068 3178 2154 3215 satis
2185 3178 2425 3215 necessarium
2495 3164 2514 3226 [³

1341 3225 1574 3262 constitutum
1599 3236 1680 3261 cum
1703 3235 1842 3261 summa
1865 3224 2150 3260 interminatione
2174 3223 2361 3267 edicimus,
2385 3227 2426 3259 ut

1341 3281 1445 3306 nemo
1470 3270 1602 3307 audeat
1624 3281 1740 3316 neque
1763 3271 1802 3306 in
1831 3270 1901 3305 hac
1930 3268 2214 3316 splendidissima
2227 3270 2255 3291 ²⁸
2283 3268 2426 3305 civitate
2493 3303 2495 3307 ,

1341 3326 1456 3370 neque
1486 3316 1522 3351 in
1553 3315 1813 3362 Berytiensium
1847 3314 2086 3361 pulcherrimo
2117 3313 2250 3359 oppido
2281 3324 2326 3350 ex
2356 3314 2424 3357 his,

1341 3372 1403 3414 qui
1431 3361 1587 3416 legitima
1617 3364 1794 3441 peragunt
1821 3359 1960 3404 studia,
1989 3359 2026 3395 in
2053 3359 2062 3368 ‘
2111 3369 2152 3395 os
2181 3363 2229 3412 et·
2239 3359 2424 3413 pessimos,
2494 3371 2496 3374 ·

1341 3417 1447 3442 immo
1480 3417 1592 3451 magis
1624 3416 1715 3443 servi
1729 3416 1768 3443 es
1801 3409 1838 3442 et
1866 3415 2017 3451 quorum
2047 3414 2067 3440 e
2096 3407 2196 3440 ectus
2219 3413 2349 3440 iniuria
2370 3407 2426 3440 est

1341 3517 1387 3551 rie
1404 3517 1454 3551 F²

1341 3562 1414 3595 diae
1431 3563 1464 3595 F

1341 3609 1402 3642 ins.
1421 3607 1471 3641 Γ*

1547 3519 1594 3560 (o)
1617 3517 1866 3551 numeravimus
1880 3515 1932 3551 F*
2022 3518 2065 3557 (7)
2090 3516 2266 3560 ampliores
2277 3517 2424 3562 pruden—

1547 3567 1593 3604 (8)
1616 3564 1746 3606 pouuim
1762 3563 1797 3596 F
1876 3564 1919 3603 (9)
1944 3562 2136 3595 invenietur
2152 3563 2234 3597 Hal.
2320 3565 2379 3604 (¹0)
2403 3573 2424 3596 a

1340 3653 1481 3696 quiritur
1497 3608 1756 3686 mandiiigiiiifisp
1863 3609 1927 3693 ((134))
1946 3606 2197 3693 ῗῗῖιένιιιειιῖπῡξο
2212 3609 2349 3686 αιιοιῼιῖξ
2367 3620 2424 3692 §ne-

2155 3698 2216 3740 (ιο)
2238 3695 2422 3731 criminali-

1901 3743 1962 3780 (18)
1986 3741 2236 3784 spendidissima
2252 3743 2287 3776 F

1338 3752 1415 3776 men
1431 3742 1463 3776 F
1549 3745 1607 3784 (ιτ)
1631 3752 1692 3786 pro
1706 3742 1766 3777 ins.
1787 3742 1819 3775 F·

2500 0 2528 311 Ξ
