2528 3918
163 92 400 137 XXXXIIl
435 97 499 137 17.
527 95 591 137 18.
620 95 669 136 19

160 218 222 262 qui
254 214 432 264 κρύπταςῑ
461 215 680 283 possideret,
717 216 782 252 sed
819 216 866 252 ab
904 227 965 259 eo,
1006 216 1109 252 cuius
1142 215 1249 252 aedes

160 271 272 315 supra
303 259 458 308 κρὺπτας
513 265 648 297 essent.
694 270 817 297 verum
845 265 902 297 est
931 262 1000 297 hoc
1028 261 1066 296 in
1098 271 1157 304 eo,
1189 261 1250 312 qui

160 306 296 342 aditum
333 316 380 342 ex
415 305 562 351 publico
602 305 748 342 habuit:
793 310 950 343 ceterum
990 305 1250 352 superficiarii²

185 351 306 397 roprio
337 350 529 386 interdicto
564 354 602 386 et
634 351 837 388 actionibus
867 363 889 387 a
904 355 1086 396 praetore
1115 354 1249 386 utetur.

160 363 325 432 dominus
358 400 478 431 autem
510 396 579 432 soli
607 400 682 432 tam
711 396 883 432 adversus
914 396 1024 431 alium
1056 407 1163 442 quam
1185 395 1249 431 ad-

119 462 122 463 ν
160 452 284 477 versus
307 452 352 477 su
378 440 594 477 erficiarium
617 441 736 487 potior
759 442 826 477 erit
849 441 1037 476 interdicto
1062 441 1116 476 uti
1134 441 1249 486 possi-

160 486 270 522 detis:
304 496 343 521 se
396 489 543 538 praetor
564 486 848 539 superficiarium
872 486 1032 521 tuebitur
1055 485 1251 521 secundum

158 531 273 577 legem
301 530 511 567 locationis:
543 534 581 567 et
609 535 662 568 ita
684 531 905 576 Pomponius
937 541 1079 584 quoque
1109 531 1250 576 probat.

161 580 181 612 8
230 575 434 612 creditores
465 575 594 612 missos
624 576 662 611 in
720 576 957 612 ossessionem
979 586 1032 611 rei
1056 575 1252 612 servandae

161 631 272 657 causa
293 621 486 657 interdicto
509 621 564 656 uti
613 621 687 657 ossi
712 622 778 656 etis
803 622 856 656 uti
879 631 951 655 non
975 631 1092 666 posse,
1116 626 1154 656 et
1176 631 1250 656 me-

159 667 246 710 rito,
277 666 362 712 quia
384 676 458 702 non
479 666 581 713 possi
607 670 686 702 ent:
716 666 880 711 idemque
904 672 940 700 et
963 665 1000 702 in
1023 666 1152 702 ceteris
1177 676 1251 701 om-

160 711 287 754 nibus,
318 711 380 757 qui
412 711 596 747 custodiae
627 722 740 747 causa
762 711 862 746 missi
886 715 971 747 sunt
993 711 1030 746 in
1053 710 1250 762 possessio·

160 760 181 792 9
228 767 328 798 nem,
353 756 544 792 dicendum
567 760 634 792 est.
681 756 719 791 Si
742 756 879 792 vicinus
904 766 1004 792 meus
1027 757 1064 791 in
1087 761 1191 801 parte
1213 766 1251 790 in

160 802 323 847 pariete³
352 811 431 838 meo
460 802 613 838 tectoria
642 801 775 836 habeat
805 805 841 836 et
871 802 910 836 in
936 806 1040 847 parte
1069 810 1153 843 sua,
1187 801 1251 835 ‘uti

162 846 376 893 ‘possidetis’
398 846 486 882 mihi
510 847 641 882 efficax
664 850 719 882 est
737 851 778 881 ut
797 856 840 882 ea
861 846 987 882 tollere
1006 846 1250 891 compellatur.

164 896 204 927 10
251 891 334 928 Non
357 891 480 928 videor
500 892 535 927 vi
553 891 749 937 possidere,
774 891 835 936 qui
854 892 899 926 ab
920 901 975 934 eo,
999 902 1103 937 quem
1122 891 1249 927 scirem

163 941 200 972 11
250 937 286 973 vi
315 937 353 972 in
382 937 645 983 possessionem
673 946 768 980 esse,
799 936 949 972 fundum
976 937 1162 982 accipiam.
1209 936 1252 970 In

160 982 230 1018 hoc
252 981 444 1018 interdicto
470 981 777 1018 condemnationis
802 992 940 1017 summa
958 982 1115 1017 refertur
1133 980 1180 1016 ad
1199 981 1252 1016 rei

160 1027 598 1117 {Piffiaeiiissgffiffiita
614 1027 779 1107 ιζὲᾄὲἓῗ
786 1027 1251 1117 ξέἒεὲἕέξοέὲΐξὲἑὲἒὲἓὲ

187 1118 274 1153 ervii
301 1121 421 1153 autem
449 1118 627 1153 sententia
658 1120 713 1152 est
735 1117 970 1153 existimantis
993 1117 1085 1152 tanti
1108 1126 1251 1162 posses-

160 1163 296 1199 sionem
325 1162 601 1205 aestimandam,
635 1163 760 1208 quanti
790 1162 870 1208 ipsa
900 1172 958 1198 res
989 1166 1062 1198 est:
1096 1162 1160 1197 sed
1182 1162 1252 1196 hoc

160 1218 388 1254 nequaquam
412 1218 433 1243 o
460 1207 631 1243 inandum
655 1212 726 1243 est:
755 1207 860 1252 longe
883 1207 977 1243 enim
1001 1207 1099 1243 aliud
1123 1211 1179 1242 est
1200 1206 1254 1242 rei

161 1253 327 1299 pretium,
352 1253 425 1288 aliu
472 1252 722 1298 possessionis.

206 1298 232 1335 4
257 1298 365 1351 Iopas
384 1297 475 1333 libro
490 1298 783 1351 septyaqensimo
801 1297 1033 1351 ad'edictum·
1055 1297 1099 1332 In
1114 1306 1252 1348 summa

159 1342 469 1424 fflisseffiffluffi
491 1341 1252 1439 sitainoetssrussffi‘ffissffi?⁶aft¹2?2d33{2{ss

160 1434 296 1470 sionem
327 1432 395 1469 sibi
427 1432 607 1468 defendat.
659 1432 755 1468 idem
793 1433 861 1468 erit
896 1432 1124 1478 probandum
1155 1436 1191 1467 et
1221 1443 1252 1467 Sl

159 1489 247 1515 usus
270 1478 439 1514 fructus⁴
485 1477 542 1513 uis
566 1477 636 1514 sibi
660 1477 829 1513 defendat
847 1478 1120 1532 possessionem,
1145 1481 1182 1512 et
1202 1477 1255 1512 ita·

159 1523 379 1569 Pomponius
403 1523 475 1559 scri
500 1523 539 1558 it.
586 1523 735 1568 perinde
766 1528 803 1559 et
833 1534 865 1559 si
892 1523 984 1559 alter
1005 1533 1130 1565 usum,
1161 1522 1254 1557 alter

159 1569 317 1604 fructum
341 1568 410 1604 sibi
431 1572 589 1612 tueatur,
614 1573 652 1604 et
673 1568 730 1604 his
747 1568 977 1604 interdictum
994 1568 1062 1604 erit
1082 1567 1249 1603 dandum.

619 1707 756 1746 XVIII
767 1706 792 1745 ⁵.

467 1772 531 1805 DE
554 1772 914 1806 SUPERFICIEBUS
925 1772 951 1805 ⁶.

211 1836 231 1875 1
245 1838 259 1859 ⁷
290 1836 486 1874 Uimnvs
506 1838 599 1875 libro
618 1839 910 1886 septuaqensimo
929 1838 980 1874 ad
997 1838 1152 1874 edictum
1192 1837 1255 1872 Ait

160 1886 326 1929 praetor:
369 1882 442 1919 ‘Uti
478 1893 525 1919 ex
560 1883 638 1929 lege
673 1883 864 1919 locationis
895 1883 974 1919 sive
1006 1882 1253 1919 conductionis

160 1927 380 1974 ‘superficie,
405 1939 477 1973 qua
499 1928 544 1964 de
568 1929 702 1974 agitur,
727 1939 794 1964 nec
817 1929 852 1964 vi
873 1939 941 1964 nec
965 1928 1058 1964 clam
1080 1938 1148 1963 nec
1171 1938 1252 1973 pre-

161 1973 270 2009 ‘cario
295 1973 388 2008 alter
411 1974 458 2009 ab
482 1974 596 2009 altero
616 1974 785 2009 fruemini
795 1975 819 2016 8,
868 1985 915 2009 uo
936 1974 1053 2009 minus
1072 1973 1252 2015 fruamini,

161 2018 242 2054 ‘vim
264 2018 343 2054 fieri
366 2022 458 2054 veto.
496 2019 528 2054 si
551 2029 622 2064 qua
644 2019 718 2055 alia
740 2019 836 2055 actio
881 2030 900 2054 e
919 2018 1108 2065 superficie
1127 2022 1252 2070 postu-

165 2068 178 2099 ι
231 2063 388 2106 ‘labitur,
413 2074 525 2099 causa
549 2064 693 2109 cognita
716 2064 834 2100 dabo'.
875 2064 944 2108 Qui
968 2063 1194 2108 superficiem
1216 2063 1253 2098 in

161 2108 278 2145 alieno
303 2108 380 2144 solo
405 2109 533 2151 habet,
566 2109 659 2144 civili
691 2109 833 2145 actione
864 2109 1038 2145 subnixus
1064 2113 1137 2144 est:
1169 2119 1254 2143 nam

161 2155 193 2190 si
222 2153 396 2190 conduxit
423 2154 670 2199 superficium,
708 2165 753 2190 ex
784 2154 980 2198 conducto,
1014 2154 1044 2189 si
1072 2154 1176 2196 emit,
1209 2164 1254 2189 ex

160 2203 280 2245 empto
305 2208 409 2244 agere
433 2210 516 2235 cum
539 2199 682 2235 domino
707 2199 775 2235 soli
797 2203 928 2245 potest.
976 2199 1094 2234 enim⁹
1122 2199 1153 2234 si
1175 2199 1254 2244 ipse

160 2255 243 2280 eum
274 2244 484 2289 prohibeat,
518 2244 614 2290 quod
645 2245 795 2280 interest
823 2244 960 2290 agendo
994 2248 1251 2289 consequetur:

161 2289 219 2326 sin
241 2293 363 2325 autem
387 2290 433 2325 ab
457 2290 528 2325 alio
552 2289 798 2335 prohibeatur,
826 2293 1012 2335 praestare
1037 2289 1070 2324 ei
1093 2289 1253 2324 actiones

162 2345 248 2371 suas
273 2335 380 2370 debet
403 2334 568 2371 dominus
593 2339 628 2371 et
653 2335 790 2371 cedere.
828 2335 891 2370 sed
909 2335 1015 2380 longe
1033 2334 1119 2370 utile
1139 2334 1253 2369 visum

162 2384 232 2423 est,
264 2380 349 2426 quia
377 2383 414 2415 et
442 2380 620 2416 incertum
651 2384 747 2423 erat,
780 2390 827 2416 an
858 2380 967 2415 locati
997 2379 1184 2419 existeret,
1217 2384 1253 2414 et

161 2425 246 2471 quia
277 2425 405 2461 melius
435 2429 491 2461 est
521 2425 705 2470 possidere
728 2426 850 2471 potius
874 2435 980 2470 quam
1003 2425 1041 2460 in
1063 2435 1254 2471 personam

161 2470 335 2516 experiri,
360 2470 429 2507 hoc
452 2470 684 2506 interdictum
706 2481 907 2516 proponere
932 2474 968 2505 et
991 2470 1094 2516 quasi
1116 2470 1155 2505 in
1177 2480 1254 2505 rem

162 2519 182 2551 2
231 2515 407 2551 actionem
428 2516 600 2561 polliceri.
636 2515 856 2562 Proponitur
880 2520 1000 2551 autem
1022 2515 1254 2551 interdictum

163 2561 296 2607 duplex
319 2561 482 2606 exemplo
506 2560 687 2596 interdicti
710 2561 764 2597 uti
787 2561 989 2613 possidetis.
1037 2564 1162 2596 tuetur
1184 2561 1253 2595 ita-

162 2617 231 2651 que
251 2610 400 2659 praetor
423 2616 522 2649 eum,
554 2606 615 2651 qui
639 2605 864 2652 superficiem
888 2606 995 2651 petit,
1027 2606 1138 2641 veluti
1160 2606 1214 2640 uti
1226 2607 1254 2627 ¹⁰

161 2651 354 2696 possidetis
377 2651 585 2693 interdicto,
609 2661 725 2696 neque
749 2651 856 2696 exigit
880 2652 926 2686 ab
950 2661 1010 2694 eo,
1036 2661 1143 2696 quam
1166 2661 1251 2686 cau-

162 2706 239 2732 sam
261 2696 468 2742 possidendi
490 2697 642 2732 habeat:
677 2707 788 2732 unum
810 2700 951 2731 tantum
974 2696 1138 2741 requirit,
1168 2707 1253 2731 num

161 2741 256 2777 forte
275 2741 309 2776 vi
328 2741 420 2777 clam
436 2741 599 2787 precario
616 2742 662 2777 ab
676 2743 703 2763 ¹¹
724 2741 930 2777 adversario
947 2741 1140 2786 possideat.
1177 2752 1252 2776 om-

163 2786 225 2821 nia
248 2796 400 2831 quoque,
425 2797 518 2832 quae
540 2787 578 2822 in
601 2787 655 2822 uti
676 2787 869 2832 possidetis
892 2786 1083 2822 interdicto
1107 2796 1251 2822 servan-

164 2834 184 2867 3
231 2836 311 2873 tur,
343 2831 401 2866 hic
433 2843 574 2877 quoque
605 2832 852 2867 servabuntur.
901 2831 1005 2877 Quod
1033 2831 1085 2866 ait
1107 2836 1253 2877 praetor

163 2876 206 2912 ‘si
241 2876 337 2912 actio
374 2876 418 2912 de
449 2887 491 2912 su
518 2877 639 2913 erficie
669 2877 929 2923 postulabitur,
967 2887 1079 2913 causa
1111 2878 1254 2922 cognita

163 2921 301 2966 ‘dabo’,
332 2921 384 2957 sic
407 2922 480 2956 inte
508 2922 681 2967 egendum
705 2927 776 2964 est,
800 2926 858 2966 ut,
884 2922 915 2957 si
939 2922 985 2957 ad
1008 2927 1150 2967 tempus
1175 2923 1253 2967 quis

163 2965 390 3013 superficiem
414 2967 635 3009 conduxerit,
660 2972 809 3020 negetur
833 2967 865 3003 ei
883 2968 921 3002 in
940 2977 1016 3002 rem
1034 2967 1140 3002 actio.
1176 2973 1213 3003 et
1226 2968 1253 2988 ¹²

163 3021 252 3048 sane
275 3021 387 3047 causa
411 3012 554 3056 cognita
577 3013 627 3054 ei,
658 3023 719 3058 qui
743 3023 816 3047 non
839 3012 885 3048 ad
908 3011 1087 3048 modicum
1110 3016 1253 3058 tempus

163 3061 183 3092 4
232 3056 405 3093 conduxit
428 3056 670 3101 superficiem,
698 3058 735 3092 in
760 3068 835 3093 rein
859 3057 954 3092 actio
979 3062 1168 3102 competet.
1215 3057 1252 3094 Is

164 3106 300 3145 autem,
331 3102 369 3137 in
394 3102 495 3138 cuius
520 3102 595 3137 solo
620 3113 663 3138 su
690 3103 827 3138 erficies
853 3107 922 3146 est,
955 3103 1079 3148 utique
1102 3113 1174 3138 non
1197 3103 1252 3138 in-

164 3147 260 3192 diget
284 3147 361 3183 utili
386 3146 543 3189 actione,
577 3147 640 3182 sed
690 3148 774 3183 abet
796 3149 833 3182 in
856 3157 948 3189 rem,
979 3147 1120 3192 qualem
1142 3148 1254 3183 habet

164 3192 208 3228 de
232 3192 320 3228 solo.
369 3192 476 3238 plane
498 3192 528 3228 si
551 3192 722 3228 adversus
752 3192 1036 3238 superficiarium
1064 3193 1149 3228 velit
1176 3193 1252 3228 vin-

164 3238 303 3279 dicare,
336 3237 526 3273 dicendum
548 3241 604 3274 est
627 3238 837 3289 exceptione
860 3237 1031 3273 utendum
1055 3237 1092 3273 in
1115 3238 1254 3274 factum

165 3282 268 3318 data:
301 3294 383 3318 nam
414 3283 473 3318 cui
496 3282 622 3318 damus
647 3286 842 3325 actionem,
874 3282 987 3318 eidem
1012 3286 1048 3318 et
1070 3283 1253 3329 exceptio-

166 3331 185 3362 5
233 3338 314 3363 nem
338 3331 541 3373 competere
562 3326 676 3363 multo
700 3328 813 3372 magis
837 3329 916 3374 quis
940 3327 1079 3364 dixerit.
1125 3328 1164 3364 Si
1187 3329 1254 3365 soli

165 3443 208 3484 (ι)
234 3443 270 3475 id
283 3449 349 3475 cst.-
372 3440 505 3475 aedium
519 3443 647 3484 partem
662 3439 910 3474 subterraneam
997 3444 1040 3481 (2)
1064 3441 1255 3485 superficia-

166 3486 225 3520 riis
240 3500 302 3520 scr.
394 3488 438 3528 (3)
462 3486 499 3519 in
515 3486 643 3529 pariete
660 3499 718 3519 om.
734 3486 770 3519 F
852 3491 894 3526 (4)
919 3487 1048 3519 fruetus
1065 3487 1129 3520 del.

211 3533 256 3573 (5)
282 3532 348 3565 Ed.
368 3549 415 3555 —
431 3532 517 3565 Bas.
537 3532 592 3573 58,
614 3540 647 3566 18
799 3533 846 3572 (6)
869 3530 910 3564 de
933 3531 1119 3574 superfioiis
1140 3532 1206 3565 ind.
1228 3532 1264 3564 F

166 3579 210 3617 (τ)
237 3582 254 3616 5
270 3577 401 3610 ⁴=D.
416 3577 631 3618 50,17,1.'›6‚1
701 3578 745 3617 (s)
769 3575 924 3609 fruimini
940 3577 1013 3609 edd.
1083 3579 1127 3618 (ο)
1152 3576 1253 3619 onim]

166 3625 199 3653 et
213 3622 262 3654 ita
276 3633 339 3654 scr.
413 3622 475 3663 (io)
499 3621 553 3654 uti
567 3634 625 3655 om.
640 3622 676 3655 F
743 3623 802 3665 (11)
824 3620 867 3655 ab
881 3634 939 3654 om.
953 3622 987 3654 F
1059 3624 1118 3662 (12)
1143 3624 1177 3654 et
1191 3621 1253 3655 del.

166 3671 226 3707 (13)
248 3666 397 3709 petitori]
414 3665 572 3699 creditori
586 3666 703 3700 Keller
717 3674 747 3700 et
763 3667 885 3710 Rttt‘ny
955 3667 1015 3707 (u)
1039 3669 1087 3698 eat
1102 3666 1255 3710 Krueqer

213 3714 273 3747 (15)
298 3711 362 3743 Ed.
376 3718 451 3744 1...3.
466 3718 552 3749 5...“1;
577 3711 664 3754 App.
679 3719 764 3745 4.-
785 3712 869 3745 Bas.
891 3712 952 3744 vol.
966 3719 983 3744 5
999 3723 1034 3752 p.
1049 3718 1104 3743 20³
1125 3711 1251 3744 Heimb.

1243 90 1329 140 692

1479 2 1483 32 'i

1966 109 2028 140 DE
2057 109 2397 142 SUPERFIGIEBUS

1317 217 1518 263 possessori
1555 218 1763 263 superficies
1801 219 2005 261 evincatur,
2047 220 2298 265 aequissimum
2334 222 2401 256 erit

1317 261 1506 298 subvenire
1537 262 1570 297 ei
1597 262 1652 298 vel
1684 273 1727 298 ex
1757 263 1931 308 stipulatu
1963 263 2007 299 de
2031 263 2204 300 evictione
2225 265 2281 300 vel
2305 269 2401 301 certe

1318 311 1338 341 6
1386 317 1430 342 ex
1454 311 1572 352 empto
1596 307 1748 343 actione.
1785 307 1876 352 Quia
1893 311 2012 343 autem
2032 308 2138 344 etiam
2157 309 2192 344 in
2211 320 2287 345 rem
2305 310 2399 346 actio

1317 351 1362 388 de
1379 351 1569 397 superficie
1586 351 1741 394 dabitur,
1759 353 1904 398 petitori
1918 354 1945 375 ¹³
1964 364 2105 399 quoque
2122 355 2160 388 in
2177 365 2221 390 au
2267 354 2400 390 rficiem

1318 396 1397 432 dari
1419 401 1455 432 et
1478 397 1580 442 quasi
1603 407 1707 432 usum
1730 397 1887 433 fructum
1911 398 1985 434 sive
2008 409 2112 434 usum
2131 409 2223 444 quen
2327 400 2401 435 eius

1318 452 1398 478 esse
1420 446 1457 477 et
1480 441 1649 477 constitui
1672 452 1778 488 posse
1801 454 1866 488 per
1884 443 1989 478 utiles
2008 443 2167 479 actiones
2188 444 2401 480 credendum

1319 490 1337 521 7
1386 491 1454 522 est.
1501 486 1573 522 Sed
1597 491 1632 521 et
1655 486 1750 522 tradi
1771 498 1878 533 posse
1901 488 2022 523 intelle
2047 488 2176 523 endum
2199 494 2272 532 est,
2305 493 2346 525 ut
2367 494 2403 524 et

1321 534 1340 566 8
1387 531 1498 577 legari
1522 535 1559 567 et
1581 531 1706 567 donari
1728 532 1854 578 possit.
1891 533 1940 567 Et
1964 533 1995 568 si
2043 533 2160 569 uobus
2180 534 2228 569 sit
2246 545 2402 570 commu-

1319 577 1391 619 nis,
1420 577 1529 612 etiam
1559 576 1646 612 utile
1676 578 1852 612 communi
1882 578 2072 614 dividundo
2103 578 2274 614 iudicium
2303 579 2402 614 dabi-

1319 624 1339 657 9
1386 632 1477 658 mus.
1513 621 1708 657 Servitutes
1729 632 1798 667 quo
1824 633 1869 658 ue
1889 623 2071 668 praetorio
2090 623 2169 659 iure
2186 624 2403 660 constituen-

1319 671 1379 702 tur
1409 671 1447 703 et
1476 667 1575 712 ipsae
1607 666 1654 701 ad
1684 676 1808 712 exemp
1823 678 1883 703 um
1915 678 2056 711 earum,
2095 679 2188 714 quae
2218 669 2298 715 ipso
2326 669 2404 705 iure

1320 712 1538 748 constitutae
1561 715 1655 755 sunt,
1680 711 1827 748 utilibus
1852 713 2055 749 actionibus
2078 718 2263 759 petentur:
2288 714 2351 750 sed
2369 720 2404 749 et

1318 757 1546 792 interdictum
1569 756 1615 792 de
1636 756 1693 792 his
1716 757 1804 792 utile
1827 758 2007 803 competit.

1366 799 1391 839 2
1417 800 1543 837 (ἔκυσε
1560 802 1651 838 libro
1681 802 1871 837 vicensimo
1904 804 2028 848 quinto
2061 804 2111 838 ad
2138 803 2292 839 edictum
2314 811 2403 850 pro-

1319 847 1473 883 vinciale
1526 847 1576 883 Su
1603 846 1798 882 erficiarias
1830 847 1936 883 aedes
1966 848 2204 893 appellamus,
2244 859 2336 894 quae
2366 849 2402 884 in

1321 892 1498 928 conducto
1531 903 1570 927 so
1586 902 1607 927 o
1637 891 1776 944 positae
1805 896 1907 927 sunt:
1948 903 2098 938 quai-um
2132 893 2334 938 proprietas
2369 899 2405 929 et

1321 937 1412 972 civili
1437 941 1473 972 et
1495 936 1652 972 naturali
1675 937 1753 972 iure
1776 937 1852 973 eius
1878 941 1944 980 est,
1969 938 2071 973 cuius
2096 941 2134 973 et
2146 939 2171 959 ¹⁴
2195 938 2320 974 solum.

1763 1075 1919 1114 XVIIII
1929 1075 1970 1114 ¹⁶.

1488 1140 1551 1173 DE
1575 1141 1768 1174 ITINERE
1792 1140 2005 1178 ACTUQUE
2030 1140 2237 1174 PRIVATO.

1370 1205 1388 1243 1
1420 1205 1615 1242 ULPJANUS
1629 1206 1720 1242 libro
1737 1207 2028 1253 septuaqensimo
2045 1206 2095 1241 ad
2108 1206 2262 1242 edictum
2298 1207 2406 1243 Prae-

1319 1255 1379 1286 tor
1399 1251 1467 1286 ait:
1493 1251 1583 1296 ‘Quo
1601 1251 1727 1287 itinere
1745 1255 1900 1296 actuque
1917 1251 2053 1296 privato
2068 1253 2107 1294 ¹⁸,
2129 1262 2199 1297 quo
2218 1251 2262 1287 de
2278 1253 2406 1306 agitur,

1321 1296 1388 1332 ‘vel
1410 1297 1467 1331 via
1480 1297 1507 1317 ¹⁷
1530 1297 1600 1332 hoc
1624 1307 1718 1332 anno
1743 1307 1810 1332 nec
1833 1297 1868 1331 vi
1890 1307 1956 1332 nec
1977 1297 2069 1332 clam
2089 1307 2156 1332 nec
2175 1307 2340 1342 precario
2361 1299 2406 1333 ab

1320 1342 1392 1377 ‘illo
1417 1352 1505 1376 usus
1529 1352 1567 1378 es
1581 1343 1619 1385 ¹⁸,
1649 1352 1719 1387 quo
1744 1341 1861 1377 minus
1884 1342 1936 1376 ita
1959 1341 2085 1384 utaris,
2109 1342 2179 1378 vim
2201 1341 2279 1377 fieri
2301 1343 2405 1378 veto’.

1323 1390 1338 1422 1
1388 1386 1467 1422 Hoc
1490 1386 1721 1422 interdictum
1742 1386 2019 1432 prohibitorium
2043 1390 2116 1430 est,
2149 1387 2330 1433 pertinens
2362 1388 2406 1424 ad

1321 1434 1341 1468 2
1388 1431 1540 1467 tuendas
1563 1432 1719 1467 rusticas
1742 1431 1986 1467 tantummodo
2011 1432 2209 1467 servitutes.
2251 1432 2330 1469 Hoc
2353 1433 2406 1468 in-

1320 1477 1473 1513 terdicto
1492 1482 1645 1529 praetor
1666 1488 1740 1512 non
1762 1477 1920 1522 inquirit,
1946 1481 2066 1512 utrum
2088 1477 2215 1513 habuit
2233 1477 2312 1513 iure
2332 1488 2401 1514 ser·

1319 1522 1468 1557 vitutem
1490 1522 1692 1567 impositam
1716 1532 1763 1557 an
1786 1532 1877 1565 non,
1908 1522 1972 1557 sed
2000 1522 2070 1558 hoc
2093 1525 2248 1566 tantum,
2281 1533 2327 1558 an
2351 1523 2406 1558 iti·

1321 1577 1407 1602 nere
1438 1571 1594 1613 actuque
1628 1568 1698 1603 hoc
1729 1578 1823 1603 anno
1854 1578 1941 1603 usus
1971 1567 2018 1602 sit
2047 1578 2121 1603 non
2151 1568 2186 1603 vi
2214 1578 2287 1604 non
2317 1569 2408 1604 clam

1320 1623 1394 1648 non
1443 1613 1598 1656 recario,
1623 1617 1660 1648 et
1682 1616 1804 1648 tuetur
1828 1622 1927 1655 eum,
1957 1612 2041 1648 licet
2063 1623 2106 1648 eo
2130 1616 2308 1658 tempore,
2338 1625 2407 1660 quo

1318 1657 1414 1693 inter
1441 1657 1548 1693 ‘ctum
1571 1657 1743 1700 redditur,
1767 1668 1856 1693 usus
1878 1667 1952 1693 non
1975 1657 2033 1693 sit.
2069 1657 2142 1693 sive
2158 1657 2267 1703 igitur
2282 1659 2408 1694 habuit

1319 1703 1376 1738 ius
1399 1702 1479 1739 viae
1503 1702 1576 1739 sive
1600 1713 1673 1738 non
1695 1702 1833 1745 habuit,
1858 1702 1895 1737 in
1919 1712 1962 1737 ea
1986 1702 2194 1739 condicione
2213 1707 2278 1746 est,
2303 1707 2345 1739 ut
2363 1704 2409 1739 ad

1319 1747 1507 1783 tuitionem
1530 1747 1708 1792 praetoris
1731 1748 1925 1793 pertineat,
1958 1747 1990 1783 si
2019 1747 2125 1783 modo
2139 1748 2167 1769 ¹⁹
2196 1758 2290 1784 anno
2322 1760 2409 1785 usus

1321 1797 1377 1829 est
1397 1793 1455 1828 vel
1477 1793 1616 1828 modico
1640 1797 1816 1837 tempore,
1841 1792 1878 1828 id
1902 1797 1958 1828 est
1979 1803 2053 1828 non
2075 1793 2191 1829 minus
2216 1803 2323 1839 quam
2345 1794 2408 1829 tri-

1320 1838 1421 1883 ginta
1452 1838 1589 1874 diebus.
1636 1848 1752 1883 neque
1790 1837 1838 1873 ad
1871 1848 2042 1884 praesens
2077 1843 2219 1884 tempus
2256 1838 2409 1875 refertur

1321 1894 1420 1927 usus,
1446 1883 1529 1928 quia
1552 1883 1761 1929 plerumque
1782 1883 1971 1919 itineribus
1988 1883 2044 1919 vel
2061 1884 2119 1918 via
2138 1894 2211 1919 non
2230 1894 2370 1929 semper
2379 1886 2409 1906 ²⁰

1323 1932 1342 1964 3
1390 1928 1534 1971 utimur,
1558 1928 1628 1963 nisi
1652 1939 1734 1964 cum
1757 1939 1845 1964 usus
1867 1928 2025 1974 exegerit
2041 1928 2144 1964 ita²¹.
2181 1930 2302 1964 Annui
2321 1935 2408 1965 tem-

1321 1974 1420 2020 poris
1449 1974 1567 2027 spatio
1597 1973 1774 2010 conclusit
1803 1985 1919 2010 usum.
1971 1984 2106 2009 annum
2137 1985 2182 2010 ex
2213 1974 2269 2010 die
2301 1975 2407 2010 inter-

1322 2022 1344 2054 4
1391 2019 1478 2054 dicti
1487 2020 1519 2042 22
1554 2024 1752 2054 retrorsum
1788 2022 1997 2064 computare
2033 2019 2213 2054 debemus.
2262 2019 2300 2054 Si
2331 2020 2409 2065 quis

1322 2065 1392 2100 hoc
1414 2064 1606 2100 interdicto
1626 2068 1761 2107 utatur,
1785 2064 1920 2101 sufficit
1944 2064 2155 2099 alterutrum
2178 2065 2332 2109 probare
2354 2065 2409 2101 vel

1322 2113 1342 2144 5
1389 2109 1458 2145 iter
1493 2109 1548 2145 vel
1585 2114 1707 2145 actum
1742 2109 1781 2144 in
1816 2120 1886 2145 usu
1920 2109 2101 2146 habuisse.
2154 2109 2315 2145 Iulianus
2348 2110 2408 2152 ait,

1322 2155 1442 2200 quoad
1464 2165 1579 2200 usque
1600 2155 1784 2200 ingressus
1807 2158 1882 2198 est,
1916 2165 1957 2190 eo
1989 2165 2031 2190 us
2057 2165 2102 2190 ue
2127 2155 2160 2190 ei
2182 2155 2409 2190 interdictum

1322 2203 1343 2236 6
1392 2204 1611 2245 competere:
1643 2200 1740 2245 quod
1767 2210 1891 2235 verum
1921 2203 1988 2236 est.
2068 2199 2205 2236 ivianus
2233 2204 2332 2236 recte
2361 2201 2411 2235 ait

1322 2255 1413 2288 eum,
1439 2246 1499 2290 qui
1521 2256 1587 2291 pro
1613 2248 1670 2281 ter
1691 2244 2015 2281 incommoditatem
2038 2245 2103 2280 rivi
2127 2250 2191 2281 aut
2207 2250 2410 2298 propterea,

1322 2291 1406 2336 quia
1429 2292 1486 2325 via
1508 2291 1582 2336 pub
1597 2301 1656 2326 ica
1677 2290 1880 2336 interrupta
1905 2294 1982 2326 erat
2029 2301 2096 2336 per
2125 2291 2279 2336 proximi
2304 2291 2410 2327 vicini

1322 2346 1448 2380 agrum
1470 2336 1540 2371 iter
1561 2335 1704 2379 fecerit,
1735 2335 1894 2381 quamvis
1916 2335 1955 2371 id
1977 2318 2183 2381 frequenter
2205 2335 2307 2378 fecit,
2338 2347 2410 2372 non

1322 2380 1434 2416 videri
1458 2381 1599 2416 omnino
1624 2391 1745 2423 usum,
1776 2382 1899 2425 itaque
1921 2380 2046 2416 inutile
2070 2391 2149 2417 esse
2171 2381 2409 2424 interdictum,

1322 2436 1395 2461 non
1434 2426 1537 2471 quasi
1571 2426 1735 2471 precario
1770 2436 1892 2468 usum,
1925 2425 1989 2461 sed
2021 2426 2125 2470 quasi
2154 2436 2221 2462 nec
2253 2437 2356 2462 usum
2366 2427 2408 2462 ²³.

1322 2481 1405 2524 ergo
1438 2471 1635 2507 secundum
1665 2471 1734 2507 hoc
1766 2475 1893 2507 neutro
1903 2471 1935 2492 ²⁴
1973 2482 2060 2507 usus
2097 2471 2255 2507 videtur:
2296 2472 2409 2507 inulto

1323 2526 1415 2551 emm
1438 2517 1555 2551 minus
1579 2516 1640 2552 illo
1665 2527 1753 2552 usus
1779 2520 1844 2558 est,
1868 2527 1934 2562 per
1956 2527 2062 2562 quem
2085 2527 2157 2551 non
2180 2516 2245 2551 ivit
2262 2522 2410 2562 propter

1320 2561 1647 2597 incommoditatem
1676 2561 1745 2597 rivi
1775 2566 1838 2596 aut
1869 2572 1935 2607 pro
1962 2567 2080 2605 terea,
2114 2561 2198 2614 quia
2226 2561 2284 2597 via
2306 2572 2408 2607 prae-

1324 2618 1368 2642 ru
1393 2611 1433 2642 ta
1442 2608 1473 2628 ²⁵
1497 2611 1583 2642 erat.
1619 2606 1714 2642 idem
1739 2607 1806 2642 erit
1830 2606 1934 2642 dicen
1959 2617 2020 2641 um
2043 2611 2079 2642 et
2102 2617 2133 2642 si
2155 2617 2229 2642 non
2251 2613 2330 2642 erat
2353 2607 2410 2642 via

1321 2618 1478 2697 publica,
1496 2651 1561 2688 sed
1576 2652 1645 2688 iter
1662 2652 1857 2697 privatum:
1883 2662 1965 2687 nam
1985 2655 2021 2687 et
2035 2652 2094 2687 hic
2110 2652 2233 2688 eadem
2247 2653 2409 2697 quaestio

1323 2701 1340 2732 7
1390 2702 1445 2733 est
1455 2698 1497 2733 ²⁶.
1531 2698 1580 2739 Is,
1606 2697 1708 2733 cuius
1733 2697 1881 2733 colonus
1905 2702 1968 2732 aut
1987 2697 2118 2742 hospes
2140 2701 2203 2732 aut
2221 2697 2301 2743 quis
2319 2697 2409 2733 alius

1321 2743 1389 2778 iter
1417 2742 1465 2778 ad
1496 2742 1648 2778 fundum
1675 2741 1779 2787 fecit,
1812 2752 1899 2777 usus
1930 2741 2070 2777 videtur
2098 2742 2224 2778 itinere
2246 2743 2302 2778 vel
2325 2747 2409 2778 actu

1321 2789 1376 2823 vel
1398 2788 1472 2831 via,
1504 2793 1540 2824 et
1562 2787 1696 2823 idcirco
1719 2787 1950 2823 interdictum
1972 2787 2138 2823 habebit:
2171 2790 2208 2823 et
2238 2787 2327 2823 haec
2358 2788 2410 2823 ita

1320 2832 1454 2869 Pedius
1479 2833 1606 2869 scribit
1629 2836 1665 2867 et
1688 2832 1809 2876 adicit,
1835 2832 1974 2868 etiamsi
1996 2833 2180 2878 ignoravit,
2206 2833 2308 2869 cuius
2327 2833 2408 2868 fun-

1322 2878 1389 2914 dus
1414 2883 1525 2920 esset,
1555 2889 1620 2924 per
1649 2888 1754 2923 quem
1781 2878 1868 2921 iret,
1900 2877 2053 2913 retinere
2081 2888 2162 2913 eum
2190 2878 2406 2914 servitutem.

1324 2926 1343 2958 8
1392 2923 1429 2959 Si
1454 2924 1533 2969 quis
1556 2926 1693 2966 autem,
1729 2933 1810 2958 cuin
1839 2926 1984 2968 putaret
2013 2922 2166 2958 fundum
2196 2922 2243 2958 ad
2265 2933 2305 2958 se
2326 2933 2407 2968 per-

1320 2969 1450 3012 tinere,
1483 2979 1549 3005 suo
1580 2968 1724 3003 nomine
1754 2968 1824 3003 iter
1845 2967 1972 3003 fecerit
1994 2968 2130 3004 amicus
2153 2978 2253 3003 meus
2263 2968 2304 3010 ²⁷,
2338 2968 2407 3003 uti-

1321 3024 1390 3059 que
1413 3014 1493 3057 sibi,
1517 3024 1590 3049 non
1613 3013 1699 3048 mihi
1722 3013 1950 3048 interdictum
1966 3012 2166 3058 adquisisse
2182 3013 2407 3066 intellegitur.

1322 3063 1342 3093 9
1390 3058 1429 3095 Si
1453 3059 1533 3104 quis
1556 3062 1705 3104 propter
1726 3058 1996 3093 inundationem
2019 3068 2106 3094 usus
2130 3068 2202 3094 non
2222 3058 2269 3094 sit
2284 3058 2409 3093 itinere

1321 3108 1476 3157 actuque
1503 3104 1574 3139 hoc
1603 3113 1715 3146 anno,
1752 3114 1832 3139 cum
1863 3103 2056 3155 superiore·
2077 3113 2164 3155 usus
2197 3103 2260 3146 sit,
2289 3106 2410 3148 potest

1321 3153 1474 3194 repetita
1497 3148 1555 3184 die
1578 3148 1647 3183 hoc
1671 3148 1860 3184 interdicto
1884 3149 1937 3183 uti
1960 3158 2024 3194 per
2045 3158 2082 3182 in
2105 3158 2142 3183 in
2305 3148 2407 3184 resti-

1321 3194 1495 3230 tutionem
1532 3204 1576 3228 ex
1605 3193 1668 3229 illa
1700 3198 1805 3239 parte
1835 3194 1877 3229 ‘si
1908 3203 1981 3239 qua
2010 3192 2096 3228 mihi
2124 3193 2220 3229 iusta
2229 3194 2261 3215 ²⁸
2297 3203 2408 3228 causa

1323 3242 1414 3275 ‘esse
1436 3239 1636 3275 videbitur'.
1681 3238 1746 3275 sed
1769 3243 1806 3274 et
1829 3239 1859 3274 si
1882 3249 1948 3284 per
1969 3237 2038 3273 vim
2060 3238 2130 3274 hoc
2154 3238 2187 3273 ei
2211 3238 2407 3284 contigerit,

1321 3284 1359 3319 in
1382 3284 1559 3330 integrum
1583 3294 1664 3319 eum
1688 3284 1829 3320 restitui
1853 3287 2017 3329 oportere
2039 3283 2232 3319 Marcellus
2264 3283 2405 3335 probat.

1321 3333 1508 3375 praeterea
1545 3333 1581 3364 et
1618 3329 1697 3364 aliis
1732 3329 1881 3364 casibus>
1907 3328 2136 3363 interdictum
2166 3332 2320 3374 repetita
2352 3327 2408 3363 die

1325 3445 1383 3482 (ic)
1407 3441 1538 3484 privato
1552 3442 1614 3475 del.
1681 3446 1739 3483 (ιι)
1764 3441 1958 3475 velviadel.
2020 3445 2080 3483 (is)
2105 3441 2201 3475 eutr
2261 3448 2320 3479 (ιο)
2344 3441 2408 3474 hoo

1324 3486 1471 3521 ἐπιθῶ.
1538 3488 1601 3527 (20)
1625 3497 1754 3530 semper
1765 3487 1826 3520 del.
1890 3488 1949 3527 (21)
1974 3486 2023 3519 ita
2038 3487 2100 3520 del.
2164 3489 2227 3528 (22)
2251 3485 2334 3520 editi
2345 3487 2406 3520 ins.

1324 3532 1387 3573 (28)
1404 3541 1473 3564 non
1485 3531 1580 3573 quasi
1591 3532 1742 3574 precario
1754 3541 1824 3572 uso,
1835 3531 1892 3564 sed
1905 3531 2000 3573 quasi
2012 3542 2074 3565 neo
2087 3542 2146 3565 uso
2156 3544 2217 3565 scr.
2266 3532 2328 3573 (24)
2345 3532 2408 3564 hoo

1323 3576 1455 3618 neutro]
1468 3586 1529 3609 nec
1541 3579 1618 3609 utro
1631 3577 1666 3610 F
1712 3578 1775 3617 (26)
1798 3576 1988 3620 interrupta
2001 3578 2072 3610 edd.
2129 3577 2192 3617 (26)
2218 3577 2407 3610 invertenda

1324 3622 1406 3655 Ῑιαω
1421 3622 1487 3654 sic:
1510 3620 1598 3654 idem
1618 3621 1683 3655 erit
1697 3620 1875 3655 dicendum
1888 3646 1895 3653 .
1905 3646 1929 3654 ..
1943 3622 2093 3664 quaestio
2104 3624 2161 3655 est.
2192 3631 2271 3664 ergo
2289 3631 2406 3654 secun-

1323 3665 1403 3699 dum
1422 3666 1486 3699 hoo
1570 3666 1624 3699 via
1642 3666 1832 3709 interrupta
1849 3668 1922 3699 erat
2013 3669 2075 3707 (2¹1)
2099 3666 2225 3699 amicus
2235 3676 2328 3700 meus
2342 3666 2405 3699 del.

1322 3712 1387 3753 (ιε)
1413 3720 1512 3753 quam
1524 3711 1650 3743 inhista
1666 3711 1725 3749 w,
1744 3711 1767 3743 h
1781 3712 1841 3742 dez.
1861 3711 1911 3742 ι’*
