2528 3918
93 138 138 170 m
169 137 327 178 QUIBUS
357 137 508 170 CAUSIS
536 136 698 170 PIGNUS

137 247 189 287 30
214 248 320 287 loru
339 249 430 286 libro
452 251 557 286 sexto
574 258 616 284 re
660 258 829 284 onsorum
875 246 1079 283 Periculum
1098 245 1174 292 pig-

91 305 217 330 norum
251 294 404 331 nominis
436 292 570 330 venditi
603 303 625 329 a
684 296 879 339 emptorem
913 292 1110 338 pertinere,
1145 291 1176 327 si

91 343 210 374 tamen
257 339 405 376 robetur
427 349 488 375 eas
510 348 568 374 res
591 338 767 384 obligatas
789 337 911 374 fuisse.

137 382 186 422 31
247 393 417 420 camora
439 383 531 420 libro
546 383 671 430 primo
693 393 949 430 responsorum
994 382 1072 417 Lex
1093 391 1174 418 vec-

91 430 190 475 tigali
210 429 321 465 fundo
345 428 441 464 dicta
464 432 559 472 erat,
584 432 636 472 ut,
661 428 693 465 si
714 429 819 475 post¹
844 431 981 464 certum
1005 426 1175 479 temporis

91 475 239 520 vectigal
262 474 417 511 solutum
440 484 512 510 non
543 477 655 517 esset,
687 474 719 510 is
750 473 884 509 fundus
915 473 962 508 ad
995 472 1175 508 dominum

90 520 229 556 redeat:
260 522 386 565 postea
415 519 445 555 is
475 518 608 555 fundus
632 530 655 555 a
676 529 884 565 possessore
907 518 1046 564 pignori
1069 517 1174 553 datus

91 569 162 600 est:
196 564 394 610 quaesitum
426 568 497 607 est,
529 575 576 600 an
606 569 704 601 recte
727 564 865 617 pignori
888 563 993 600 datus
1018 566 1082 598 est.
1119 572 1174 597 re-

94 614 107 645 1
158 609 310 655 spondit,
335 610 366 646 si
388 609 542 655 pecunia
562 610 774 654 intercessit,
797 609 925 655 pignus
949 619 1037 645 esse.
1084 608 1175 643 Item

91 655 257 701 quaesiit,
290 655 340 698 si,
365 665 446 691 cum
469 655 507 690 in
530 655 752 692 exsolutione
773 654 954 700 vectigalis
978 657 1051 689 tam
1075 653 1174 689 debi-

91 706 147 736 tor
170 710 275 745 quam
299 699 454 736 creditor
477 704 678 736 cessassent
701 703 738 737 et
755 711 820 747 pro
848 703 946 736 terea
964 698 1173 745 pronuntia-

91 750 164 781 tum
189 749 281 781 esset
298 745 449 782 fundum
466 745 662 782 secundum
679 746 792 791 legem
837 745 945 782 omini
964 755 1052 787 esse,
1074 744 1174 780 cuius

90 791 206 837 potior
226 801 336 827 causa
356 794 461 827 esset.
492 791 686 837 respondit,
711 791 743 827 si
757 794 799 826 ut
817 792 1076 836 proponeretur
1093 799 1173 825 vec-

90 836 187 889 tigali
209 847 282 888 non
304 835 419 872 soluto
443 836 522 889 iure
544 846 609 873 suo
634 836 798 872 dominus
822 846 910 872 usus
936 838 1042 879 esset,
1068 835 1174 870 etiam

89 892 323 965 Plffingnlsossss
339 891 579 973 ἷξῖξὲιῖειιειξίο
602 937 858 974 responsorum
905 926 1056 978 Debitor
1087 935 1174 978 pac-

90 977 146 1008 tus
179 976 251 1014 est,
284 975 326 1008 ut
357 982 602 1018 quaecumque
623 973 661 1007 in
683 972 830 1018 praedia
852 971 990 1017 pignori
1013 971 1098 1006 data
1120 981 1174 1006 in-

90 1019 198 1054 ducta
231 1017 372 1053 invecta
404 1018 596 1064 importata
628 1018 680 1053 ibi
714 1021 800 1052 nata
832 1020 1004 1062 paratave
1041 1019 1172 1058 essent,

114 1063 228 1108 ignori
259 1066 395 1098 essent:
428 1073 550 1099 eorum
580 1062 806 1109 praediorum
826 1072 914 1115 pars
938 1063 1014 1098 sine
1038 1061 1174 1098 colonis

106 1110 157 1144 uit
187 1118 299 1153 eaque
329 1108 442 1144 actori
472 1118 537 1144 suo
572 1107 720 1144 colenda
755 1108 894 1144 debitor
923 1107 999 1143 ita2
1029 1106 1174 1142 tradidit

90 1153 281 1198 adsignatis
317 1156 352 1190 et
382 1154 491 1190 servis
525 1154 686 1189 culturae
717 1153 945 1189 necessariis:
981 1152 1173 1204 quaeritur,

90 1211 135 1234 an
156 1202 191 1234 et
210 1198 353 1234 Stichus
373 1199 497 1235 vilicus
519 1203 555 1235 et
577 1199 686 1235 ceteri
705 1199 797 1235 servi
815 1198 862 1234 ad
881 1199 1058 1234 culturam
1077 1207 1175 1233 mlsffl

90 1249 125 1280 et
148 1243 261 1279 Stichi
282 1244 405 1280 vicarii
427 1244 573 1289 obligati
596 1247 727 1281 essent.
763 1243 948 1290 respondit
978 1253 1040 1280 eos
1072 1243 1173 1278 dum-

88 1293 198 1332 taxat,
223 1289 284 1335 qui
306 1289 375 1325 hoc
398 1289 515 1326 animo
539 1300 562 1325 a
586 1290 727 1326 domino
751 1289 889 1326 inducti
912 1294 1042 1332 essent,
1066 1292 1107 1323 ut
1125 1287 1175 1323 ibi

89 1338 413 1415 perpetuffiieszent,
437 1346 511 1371 non
533 1335 702 1380 temporis
726 1345 838 1371 causa
861 1333 1173 1371 accommodaren-

105 1392 147 1416 ur
207 1391 227 1416 ο
302 1390 324 1416 a
341 1390 393 1416 os.
755 1400 757 1402 >

89 1385 104 1417 t
134 1407 186 1465 323,
221 1391 498 1462 Tssffrfflomzws
526 1425 617 1462 libro
651 1429 775 1462 octavo
808 1425 1091 1472 disputationum
1138 1424 1174 1459 Is

90 1472 150 1518 qui
181 1470 343 1517 promisit
372 1470 438 1506 tibi
461 1474 524 1507 aut
543 1471 638 1507 Titio
662 1471 819 1507 solutum
843 1470 984 1516 quidem
1004 1470 1099 1505 Titio
1117 1480 1173 1505 re-

88 1520 207 1563 petere
229 1527 302 1552 non
323 1519 452 1561 potest,
478 1516 542 1552 sed
563 1517 692 1562 pignus
715 1516 748 1552 ei
771 1516 894 1552 datum
918 1520 954 1552 et
973 1518 1058 1551 ante
1077 1515 1172 1551 solu-

89 1563 221 1598 tionem
243 1561 380 1606 recipit.

135 1605 187 1646 34
218 1606 422 1643 Scaevoia
454 1607 544 1643 libro
575 1607 739 1643 vicesimo
770 1607 921 1654 septimo
953 1606 1171 1653 diqestorum

90 1653 177 1689 Cum
189 1653 375 1688 tabernam
395 1651 535 1688 debitor
553 1652 721 1688 creditori
739 1652 879 1704 pignori
898 1651 1044 1694 dederit,
1064 1660 1171 1696 quae-

89 1700 195 1735 situm
225 1701 296 1740 est,
327 1701 447 1733 utrum
480 1707 521 1733 eo
552 1696 650 1734 facto
683 1697 771 1733 nihil
801 1697 910 1743 egerit
933 1707 979 1732 an
1002 1696 1173 1732 tabernae

89 1743 333 1826 &Ei'ffiassffli
347 1753 483 1824 2222?
492 1742 895 1834 {122333532523333
913 1741 1173 1823 ἕῑὲὲίἱῗέἓῖἐῐ

89 1835 177 1870 alias
208 1834 467 1878 comparaverit
490 1843 621 1878 easque
642 1834 681 1869 in
705 1843 781 1869 eam
805 1834 992 1869 tabernam
1014 1831 1174 1868 intulerit

88 1884 123 1915 et
142 1879 343 1921 decesserit,
368 1889 416 1914 an
438 1879 557 1914 omnia
580 1889 672 1924 quae
693 1879 743 1915 ibi
763 1878 1075 1924 deprehenduntur
1094 1887 1171 1912 cre-

89 1926 181 1961 ditor
203 1924 458 1970 hypothecaria
477 1924 619 1960 actione
636 1927 758 1970 petere
776 1924 901 1969 possit,
926 1934 1008 1959 cum
1027 1927 1063 1959 et
1080 1932 1171 1958 mer·

90 1971 182 2006 cium
212 1969 348 2015 species
379 1972 539 2005 mutatae
571 1970 642 2005 sint
673 1973 710 2005 et
739 1980 797 2005 res
821 1969 912 2005 aliae
934 1968 1080 2004 illatae?
1115 1978 1171 2002 re-

89 2015 248 2061 spondit:
274 2025 328 2057 ea,
345 2024 438 2060 quae
455 2014 579 2050 mortis
598 2018 758 2060 tempore
775 2014 945 2050 debitoris
964 2014 1002 2049 in
1021 2013 1173 2049 taberna

91 2065 105 2096 1
154 2061 297 2096 inventa
319 2063 414 2103 sunt,
438 2059 577 2105 pignori
591 2060 747 2105 obligata
766 2070 845 2096 esse
863 2060 1037 2095 videntur.
1073 2058 1172 2094 Idem

89 2106 249 2152 quaesiit,
275 2115 355 2140 cum
379 2105 532 2159 epistula
553 2105 636 2141 talis
661 2105 789 2141 emissa
808 2105 872 2141 sit:
901 2102 1173 2148 *Δανεισάμενος

94 2152 202 2197 ’παρὰ
228 2152 292 2185 σοῦ
317 2148 470 2196 ὃηναρια
493 2148 714 2185 πεντακόσια
731 2147 958 2196 παρεκάλεσά
979 2163 1018 2185 σε
1065 2149 1086 2194 ὴ
1105 2151 1170 2193 βε-

92 2194 272 2241 ιβαιωτήν,
297 2191 378 2229 ἀλλ’
398 2194 595 2239 ὑποθήκην
612 2208 687 2243 παρ
711 2198 797 2241 ἐμοῦ
817 2194 959 2240 λαβεῖν·
985 2194 1025 2229 οἶ
1046 2207 1086 2231 ας
1127 2193 1171 2237 ἀρ

91 2237 265 2287 ιοἷοιεριβιῦς,
293 2236 350 2275 ὅτι
373 2243 433 2275 καὶ
455 2237 478 2284 ἡ
502 2243 660 2286 ταβέρνα
683 2244 744 2275 καὶ
767 2240 805 2275 οἱ
827 2239 950 2276 δοῦλοί
966 2253 1035 2286 μου
1055 2237 1096 2274 οὐ
1122 2241 1172 2274 evi

92 2290 310 2329 ’κατέχονται
332 2283 355 2328 ἢ
389 2289 464 2321 σοί·
498 2289 559 2319 καὶ
591 2283 639 2321 (ἇς
663 2283 851 2331 εὐσχήμονι
875 2282 1068 2331 ἀνθρώπῳ
1090 2287 1170 2319 ἐπί-

93 2326 306 2367 ‘atrewas-'⁶2
326 2341 373 2366 an
391 2332 518 2377 pignus
539 2334 763 2367 contractum
784 2331 831 2367 sit
848 2342 896 2367 an
912 2341 996 2367 vero
1016 2341 1059 2367 ea
1079 2330 1171 2376 epis-

89 2377 163 2412 tula
185 2376 315 2412 nullius
337 2376 506 2413 momenti
528 2377 585 2420 sit,
610 2387 692 2412 cum
714 2377 791 2412 sine
814 2376 870 2413 die
894 2380 930 2412 et
948 2376 1095 2412 consule
1113 2376 1170 2412 sit.

89 2422 279 2474 respondit,
305 2432 385 2457 cum
409 2421 615 2458 convenisse
638 2421 683 2458 de
699 2422 906 2468 pignoribus
925 2421 1074 2464 videtur,
1099 2430 1171 2456 non

88 2467 218 2503 idcirco
243 2467 494 2512 obligationem
541 2467 703 2512 ignorum
727 2477 885 2510 cessare,
918 2467 1014 2513 quod
1038 2466 1113 2502 dies
1137 2469 1173 2501 et

89 2516 108 2548 2
156 2513 318 2548 consules
338 2512 450 2548 additi
469 2523 490 2548 v
541 2512 686 2548 tabulae
705 2512 865 2558 signat-ae
884 2523 957 2548 non
968 2512 1049 2548 sint.
1086 2511 1170 2547 Cre-

90 2557 180 2593 ditor
235 2557 348 2602 ignori
377 2557 517 2603 accepit
548 2567 571 2593 a
602 2557 763 2594 debitore
793 2557 964 2604 quidquid
996 2557 1033 2593 in
1067 2556 1171 2593 bonis

90 2603 196 2638 habet
210 2569 447 2638 {abiturusve
470 2606 581 2638 esset:
615 2603 814 2654 quaesitum
845 2608 918 2646 est,
949 2613 996 2638 an
1020 2612 1171 2648 corpora

89 2647 279 2693 pecuniae,
311 2658 418 2693 quam
440 2647 534 2683 idem
558 2647 696 2684 deb1tor
719 2648 765 2684 ab
790 2648 860 2684 alio
883 2651 1045 2683 mutuam
1067 2657 1169 2683 acce-

89 2692 161 2739 pit,
194 2703 275 2728 cum
297 2693 334 2728 in
357 2692 460 2729 bonis
484 2693 560 2728 eius
583 2693 682 2728 facta
704 2693 794 2736 sint,
826 2693 983 2738 obligata
1006 2692 1171 2729 creditori

89 2738 125 2783 pi
148 2739 267 2773 noris⁶
292 2748 369 2774 esse
393 2738 585 2784 coeperint.
620 2747 677 2774 res
704 2738 805 2774 ondit
828 2739 998 2784 coepisse.

163 2782 186 2820 5
211 2783 343 2835 Lasso
365 2783 456 2819 libro
473 2783 596 2830 primo
612 2784 674 2864 pit
699 2795 796 2819 anon
819 2795 843 2819 a
862 2783 980 2819 Paulo
999 2784 1171 2830 epitoma-

91 2833 205 2864 torum
251 2828 289 2864 Si
311 2828 438 2871 insula,
463 2838 569 2874 quam
591 2829 619 2863 ti
644 2828 657 2864 i
681 2840 725 2865 ex
747 2831 855 2874 pacto
877 2833 1050 2864 convento
1070 2828 1171 2864 licuit

90 2873 249 2916 vendere,
275 2873 461 2909 combusta
484 2876 549 2916 est,
574 2873 701 2910 deinde
723 2884 746 2909 a
769 2874 954 2910 debitore⁷
977 2884 1043 2910 suo
1067 2873 1170 2909 resti-

90 2922 180 2962 tuta,
202 2918 295 2954 idem
317 2919 355 2954 in
378 2928 471 2955 nova
492 2918 611 2955 insula
631 2918 719 2956 iuris
742 2919 864 2956 habes.

595 3079 669 3120 11⁸.

114 3156 161 3189 IN
186 3157 349 3194 QUIBUS
374 3156 529 3189 CAUSIS
553 3157 720 3190 PIGNUS
744 3156 836 3189 VEL
860 3156 1139 3190 HYPOTHECA

357 3201 519 3234 TAOITE
543 3201 866 3235 OONTRAHITUR
875 3201 898 3233 ⁹.

140 3276 158 3315 1
186 3278 429 3315 PAPmlAlws
449 3280 540 3315 libro
564 3280 700 3316 decimo
723 3290 977 3325 responsorum
991 3280 1018 3301 ¹⁰
1059 3279 1169 3315 Sena-

92 3323 149 3358 tus
173 3324 334 3367 consulto
349 3325 376 3345 ¹¹
409 3324 505 3370 quod
535 3325 601 3361 sub
631 3324 757 3361 Marco
788 3324 1002 3371 imperatore
1034 3324 1170 3361 factum

95 3478 133 3521 (ι)
156 3489 216 3521 per
226 3493 288 3515 scr.
392 3483 435 3524 (2)
461 3483 522 3523 ita]
535 3482 664 3516 interea
675 3496 736 3517 scr.

94 3525 148 3555 tur
159 3537 220 3559 scr.
327 3527 368 3568 (4)
392 3527 568 3561 videantur
579 3528 614 3560 F
722 3529 765 3570 (ὁ)
791 3529 828 3562 id
837 3535 902 3562 est.-
915 3528 1090 3561 Mutuatus
1103 3539 1123 3561 a
1136 3531 1168 3561 te

95 3566 245 3619 denarios
265 3571 467 3613 quingentos
487 3573 599 3614 rogavi
620 3575 663 3613 te,
683 3583 726 3605 ne
743 3572 970 3606 fideiussorem
990 3584 1010 3606 a
1029 3584 1090 3617 me,
1111 3573 1168 3606 sed

94 3621 215 3654 pignus
235 3616 405 3657 acciperes
426 3616 542 3658 (probe
562 3617 652 3650 enim
672 3619 763 3651 nosti
790 3617 963 3651 tabernam
991 3628 1169 3661 servosque

94 3665 181 3690 meos
192 3660 279 3692 nulli
290 3661 358 3693 nisi
370 3661 435 3693 tibi
448 3661 615 3704 obligatos
627 3663 711 3705 esse)
724 3665 758 3696 et
777 3665 816 3695 ut
832 3663 967 3696 honesti
987 3664 1051 3696 viri
1072 3663 1169 3696 fldem

95 3706 225 3736 secutus
239 3715 272 3736 es
362 3705 406 3748 (o)
431 3706 584 3748 pignoris
596 3707 660 3742 del.
751 3709 794 3749 (7)
817 3718 891 3742 aere
903 3709 956 3742 vel
966 3709 1006 3741 de
1019 3710 1079 3742 ins.

141 3748 183 3787 (s)
209 3749 291 3784 Sao.
304 3757 331 3784 2.
345 3758 371 3784 4.
386 3751 498 3790 ⁵3Ed.
513 3758 539 3785 s.
554 3758 584 3786 c.
597 3759 632 3791 ῖς
648 3752 730 3795 Pap.
744 3760 768 3786 ι.
783 3759 812 3786 s.
826 3760 862 3793 ος
875 3753 962 3797 App.
976 3754 1169 3787 10.—Bas.

849 3485 892 3525 (3)
918 3483 1167 3516 commodaren-

1169 118 1253 169 263

2136 126 2330 169 XX1.2

1246 249 1301 282 est
1322 247 1450 299 pignus
1473 245 1611 282 insulae
1635 246 1801 283 creditori
1824 247 1966 291 datum,
1990 248 2051 294 qui
2073 248 2261 294 pecuniam
2285 248 2330 283 ob

1245 292 1510 329 restitutionem
1533 291 1686 328 aedificii
1709 293 1914 328 exstruendi
1944 297 2105 329 mutuam
2137 293 2252 336 dedit,
2284 293 2331 328 ad

1245 347 1326 372 eum
1351 347 1494 383 quoque
1516 337 1720 383 pertinebit,
1744 337 1805 390 qui
1827 338 2041 384 redemptori
2064 338 2206 375 domino
2230 348 2330 374 man-

1245 382 1353 418 dante
1375 393 1539 419 nummos
1563 382 1825 418 ministravit¹².

1291 426 1316 465 2
1341 427 1578 464 MARouszs
1606 427 1697 463 libro
1720 427 1904 475 sinqulari
1925 429 1974 464 ad
1993 429 2193 475 formulam
2216 427 2329 476 hypo-

1245 471 1441 509 thecariam
1487 473 1706 519 Pomponius
1729 473 1819 509 libro
1853 473 2121 519 quadragesimo
2153 474 2331 510 variarum

1242 518 1436 554 lectionum
1459 518 1599 555 scribit:
1624 529 1698 554 non
1720 518 1835 554 solum
1857 529 1923 564 pro
1947 520 2188 564 pensionibus,
2213 519 2277 556 sed
2296 523 2332 555 et

1243 563 1275 599 si
1306 564 1518 600 deteriorem
1541 563 1799 599 habitationem
1821 563 1948 599 fecerit
1972 565 2078 610 culpa
2101 575 2168 600 sua
2189 565 2330 611 inquili-

1243 619 1323 651 nus,
1348 621 1419 656 quo
1443 609 1586 646 nomine
1609 619 1652 645 ex
1670 609 1789 646 locato
1811 620 1892 645 cum
1913 620 1954 645 eo
1976 610 2043 645 erit
2062 611 2168 653 actio,
2191 611 2332 646 invecta

1244 657 1280 690 et
1302 654 1403 691 illata
1425 655 1565 701 pignori
1589 658 1695 690 erunt
1717 654 1885 700 obligata.

1290 697 1314 737 3
1347 699 1544 736 Ulmanus
1572 699 1663 736 libro
1686 700 1952 747 septuaqesimo
1977 701 2081 735 tertio
2105 700 2155 735 ad
2177 701 2330 737 edictum

1244 744 1283 780 Si
1305 745 1472 781 horreum
1494 745 1564 780 fuit
1588 744 1804 781 conductum
1826 745 1881 781 vel
1900 745 2142 781 devorsorium
2162 747 2216 781 vel
2235 756 2330 788 area,

1243 791 1391 826 tacitam
1425 790 1693 826 conventionem
1717 790 1762 826 de
1784 790 1931 826 invectis
1954 790 2061 826 illatis
2087 791 2193 827 etiam
2215 791 2253 826 in
2276 792 2331 826 his

1243 835 1363 871 locum
1384 836 1517 872 habere
1540 839 1645 881 putat
1667 835 1855 872 Neratius:
1881 836 1977 882 quod
1999 836 2116 872 verius
2140 839 2205 872 est.

1289 880 1316 918 4
1339 881 1547 917 Nsmrws
1575 881 1665 917 libro
1682 882 1807 928 primo
1831 882 2120 918 membranarum
2167 881 2223 917 Eo
2255 881 2331 918 iure

1243 926 1386 970 utimur,
1411 930 1452 962 ut
1475 937 1567 973 quae
1585 926 1623 961 in
1641 926 1788 972 praedia
1806 927 1947 962 urbana
1964 926 2112 962 inducta
2129 926 2230 961 fflata
2249 931 2332 962 sunt

1243 972 1382 1018 pignori
1405 982 1483 1008 esse
1507 972 1710 1016 credantur,
1736 972 1838 1017 quasi
1860 972 1897 1007 id
1920 972 2030 1008 tacite
2050 972 2271 1008 convenerit:
2295 972 2332 1007 in

1247 1021 1262 1052 1
1310 1017 1455 1054 rusticis
1478 1017 1633 1064 praediis
1658 1021 1784 1053 contra
1803 1017 2023 1053 observatur.
2072 1017 2222 1053 Stabula
2241 1027 2332 1062 quae

1243 1073 1316 1099 non
1347 1066 1431 1099 sunt
1453 1063 1492 1098 in
1515 1062 1777 1099 continentibus
1802 1062 1971 1099 aedificiis
1996 1074 2145 1116 quorum
2169 1062 2330 1108 praedio-

1243 1119 1322 1144 rum
1354 1119 1397 1144 ea
1429 1119 1577 1144 numero
1609 1108 1777 1144 habenda
1807 1108 1895 1151 sint,
1932 1108 2089 1144 dub1tari
2123 1112 2251 1154 potest.
2298 1111 2332 1143 et

1244 1153 1386 1199 quidem
1408 1154 1628 1190 urbanorum
1651 1154 1728 1189 sine
1752 1153 1860 1190 dubio
1884 1164 1958 1190 non
1980 1158 2082 1196 sunt,
2116 1164 2197 1189 cum
2228 1164 2250 1188 a
2275 1164 2331 1188 ce-

1243 1199 1328 1234 teris
1353 1199 1523 1235 aedificiis
1547 1202 1714 1245 separata
1737 1199 1826 1235 sint:
1852 1199 1949 1245 quod
1971 1199 2018 1235 ad
2043 1208 2189 1235 causam
2212 1202 2332 1234 tamen

1242 1245 1324 1280 talis
1334 1245 1450 1326 dtaciti
1498 1245 1627 1290 ignoris
1651 1245 1823 1290 pertinet,
1848 1255 1921 1280 non
1943 1245 2093 1280 multum
2116 1245 2161 1280 ab
2186 1244 2331 1280 urbanis

1269 1300 1331 1326 rae
1357 1291 1401 1326 iis
1451 1291 1459 1298 ⁰
1490 1294 1604 1326 erunt.

1243 1301 1267 1335 p
1291 1334 1315 1373 5
1339 1335 1579 1372 Mammas
1606 1335 1697 1371 libro
1719 1335 1904 1381 sinqulari
1924 1335 1975 1371 ad
1994 1335 2194 1381 formulam
2219 1333 2332 1381 hypo-

1245 1380 1440 1417 thecariam
1487 1381 1707 1426 Pomponius
1739 1381 1830 1416 libro
1861 1381 1967 1416 tertio
1993 1381 2128 1416 decimo
2153 1380 2338 1416 variarum.

1243 1426 1436 1462 lectionum
1459 1426 1602 1469 scribit,
1626 1426 1657 1462 si
1679 1426 1871 1472 gratuitam
1894 1426 2150 1462 habitationem
2174 1425 2331 1461 conduc-

1243 1475 1301 1507 tor
1322 1472 1410 1507 mihi
1439 1472 1674 1524 praestiterit,
1706 1472 1846 1507 invecta
1877 1482 1900 1506 a
1931 1482 1988 1507 me
2019 1471 2161 1507 domino
2194 1464 2332 1506 insulae

1246 1520 1261 1551 1
1310 1517 1449 1563 pignori
1468 1528 1541 1553 non
1561 1527 1649 1553 esse.
1698 1517 1805 1552 Item:
1829 1516 1929 1559 illud,
1952 1517 2078 1562 inquit,
2102 1516 2291 1552 videndum
2306 1517 2333 1537 ¹³

1244 1565 1299 1598 est
1319 1563 1504 1599 voluntate
1527 1562 1660 1598 domini
1683 1562 1805 1597 induci
1827 1563 1954 1607 pignus
1985 1562 2037 1597 ita
2067 1572 2190 1607 posse,
2223 1565 2264 1597 ut
2294 1562 2330 1595 in

1243 1611 1262 1643 2
1309 1611 1449 1653 partem
1485 1608 1596 1643 debiti
1628 1608 1674 1643 sit
1708 1607 1913 1653 obligatum.
1962 1606 2000 1642 Si
2048 1607 2103 1642 uis
2127 1606 2331 1649 fideiubeat,

1243 1662 1325 1688 cum
1355 1664 1412 1689 res
1443 1653 1537 1688 illius
1570 1663 1592 1688 a
1622 1653 1782 1688 debitore
1812 1663 1877 1698 pro
1903 1663 1972 1698 quo
1997 1652 2022 1687 fi
2049 1652 2173 1688 eiussit
2219 1652 2332 1697 ignori

1243 1698 1328 1733 data
1351 1699 1414 1742 sit,
1447 1698 1638 1735 bellissime
1661 1698 1876 1743 intellegitur
1898 1698 1968 1733 hoc
1991 1698 2091 1743 ipso,
2122 1663 2218 1743 quod
2242 1697 2328 1732 fide-

1241 1743 1381 1786 iubeat,
1413 1743 1672 1789 quodammodo
1704 1743 1875 1779 mandare
1904 1753 1961 1779 res
1986 1753 2070 1778 suas
2095 1752 2173 1778 esse
2197 1743 2330 1787 obliga-

1241 1793 1309 1824 tas.
1346 1799 1433 1825 sane
1456 1790 1487 1824 si
1534 1792 1635 1825 ostea
1666 1789 1738 1824 sint
1768 1788 1844 1825 eius
1874 1799 1932 1824 res
1962 1788 2185 1835 hypothecae
2215 1787 2330 1830 datae,

1242 1845 1314 1869 non
1337 1838 1442 1870 erunt
1465 1801 1652 1879 obfigatae.

1288 1877 1312 1916 6
1345 1879 1535 1915 ULPJANUs
1565 1880 1656 1915 libro
1687 1879 1951 1926 septuaqesimo
1977 1879 2082 1914 tertio
2106 1878 2156 1914 ad
2177 1878 2329 1914 edietum

1242 1924 1346 1960 Licet
1375 1925 1413 1960 in
1436 1924 1591 1970 praediis
1615 1924 1763 1960 urbanis
1787 1924 1896 1959 tacite
1919 1924 2011 1959 solet
2034 1926 2247 1959 conventum
2271 1933 2330 1958 ac-

1243 1969 1332 2014 cipi,
1365 1974 1406 2004 ut
1428 1970 1575 2015 perinde
1605 1972 1796 2006 teneantur
1824 1969 1967 2005 invecta
1998 1972 2034 2005 et
2061 1969 2192 2011 inlata,
2225 1979 2269 2004 ac
2302 1968 2331 2004 si

1241 2015 1444 2060 specialiter
1469 2015 1702 2058 convenisset,
1728 2018 1825 2051 certe
1847 2014 2005 2050 libertati
2026 2014 2229 2050 huiusmodi
2252 2014 2328 2059 pig-

1243 2070 1311 2096 nus
1334 2071 1408 2096 non
1431 2060 1546 2096 officit
1567 2060 1674 2106 idque
1697 2065 1734 2096 et
1752 2060 1841 2096 Pom
1869 2059 1972 2096 onius
1994 2059 2143 2105 probat:
2169 2060 2219 2094 ait
2239 2059 2331 2094 enim

1241 2106 1509 2142 manumissioni
1528 2117 1600 2141 non
1619 2105 1765 2142 officere
1782 2105 1829 2141 ob
1873 2105 2104 2140 abitationem
2124 2105 2329 2149 obligatum.

1289 2149 1312 2187 7
1338 2151 1568 2187 Poupomvs
1595 2151 1687 2187 libro
1712 2151 1817 2186 tertio
1842 2150 1978 2186 decimo
2002 2161 2052 2185 ex
2076 2151 2187 2185 variis
2211 2150 2330 2186 lectio-

1240 2196 1346 2232 nibus
1391 2196 1433 2231 In
1486 2196 1616 2232 raediis
1646 2196 1790 2232 rusticis
1814 2195 1954 2231 fructus
1978 2195 2039 2240 qui
2061 2195 2111 2230 ibi
2133 2198 2331 2230 nascuntur

1241 2241 1351 2277 tacite
1381 2241 1454 2277 inte
1483 2246 1634 2287 eguntur
1656 2241 1794 2287 pignori
1818 2251 1896 2276 esse
1919 2240 2061 2276 domino
2085 2240 2187 2275 fundi
2210 2240 2330 2282 locati,

1245 2289 1259 2321 1
1311 2287 1450 2322 etiamsi
1481 2287 1688 2323 nominatim
1711 2287 1748 2322 id
1771 2297 1844 2322 non
1869 2286 2083 2322 convenerit.
2131 2285 2331 2321 Videndum

1243 2335 1314 2375 est,
1346 2342 1391 2367 ne
1419 2342 1492 2368 non
1516 2332 1636 2367 omnia
1656 2332 1758 2367 illata
1788 2332 1844 2367 vel
1873 2331 2040 2374 inducta,
2073 2330 2136 2366 sed
2167 2340 2210 2366 ea
2242 2330 2329 2372 sola,

1242 2387 1352 2423 quae,
1383 2380 1425 2412 ut
1445 2377 1495 2412 ibi
1518 2377 1608 2420 sint,
1638 2377 1740 2413 illata
1761 2376 1913 2419 fuerint,
1944 2376 2082 2421 pignori
2114 2375 2202 2411 sint:
2235 2375 2331 2421 quod

1243 2422 1354 2466 magis
1378 2426 1442 2458 est.

1289 2465 1312 2505 8
1338 2467 1394 2503 ΡΑ
1403 2478 1446 2503 υι
1454 2477 1498 2503 vs
1517 2468 1608 2504 libro
1632 2467 1790 2504 secundo
1814 2467 2071 2502 sententiarum
2119 2465 2207 2501 Cum
2232 2464 2329 2500 debi-

1242 2516 1300 2548 tor
1322 2513 1478 2558 gratuita
1500 2513 1655 2558 pecunia
1677 2516 1820 2555 utatur,
1845 2515 1965 2557 potest
1988 2510 2142 2547 creditor
2165 2510 2210 2546 de
2232 2509 2329 2545 fruc-

1242 2559 1337 2594 tibus
1360 2558 1412 2594 rei
1435 2558 1504 2594 sibi
1526 2558 1732 2604 pigneratae
1756 2557 1803 2593 ad
1825 2557 1968 2593 modum
1990 2555 2183 2601 legitimum
2200 2565 2329 2591 usuras

1242 2604 1406 2639 retinere.

1288 2647 1313 2686 9
1338 2648 1447 2684 IDEM
1472 2648 1562 2684 libro
1592 2648 1775 2694 sinqulari
1803 2647 1847 2682 de
1879 2647 2005 2693 officio
2032 2646 2220 2693 praefecti
2241 2645 2329 2692 υἱοὶ-

1243 2694 1314 2729 lum
1359 2693 1429 2728 Est
1460 2693 1659 2729 differentia
1689 2693 1924 2738 obligatorum
1956 2694 2102 2737 propter
2124 2690 2329 2736 pensionem

1243 2743 1279 2775 et
1298 2749 1430 2782 eorum,
1456 2748 1548 2784 quae
1568 2749 1611 2774 ex
1635 2738 1868 2774 conventione
1889 2735 2110 2772 manifestari
2124 2736 2150 2757 ¹⁴
2173 2735 2329 2788 pignoris

1242 2784 1383 2820 nomine
1412 2788 1596 2826 tenentur,
1628 2783 1724 2828 quod
1753 2782 2003 2817 manumittere
2032 2781 2211 2826 mancipla
2241 2780 2329 2816 obli-

1240 2832 1325 2874 gata
1333 2829 1472 2874 pignori
1490 2839 1562 2864 non
1582 2838 1783 2873 possumus,
1804 2827 2046 2862 inhabitantes
2066 2829 2185 2862 autem
2203 2836 2328 2861 manu-

1243 2874 1412 2909 mittimus
1428 2875 1475 2916 ¹⁵,
1508 2873 1644 2909 scilicet
1668 2876 1857 2925 antequam
1880 2872 2061 2917 pensionis
2085 2871 2227 2907 nomine
2249 2882 2328 2917 per-

1243 2919 1429 2954 cludamur
1442 2920 1486 2953 ¹⁶:
1511 2922 1598 2954 tunc
1623 2918 1715 2953 enim
1733 2917 1890 2963 pignoris
1911 2917 2052 2953 nomine
2070 2920 2210 2953 retenta
2228 2927 2328 2952 man-

1243 2964 1275 3000 ci
1301 2964 1337 2999 ia
1366 2974 1440 2999 non
1468 2963 1716 2999 liberabimus:
1750 2967 1787 2999 et
1817 2962 1954 2998 derisus
1977 2962 2095 2998 Nerva
2124 2962 2211 2997 iuris
2243 2972 2328 2998 con·

1242 3020 1259 3046 s
1299 3012 1369 3052 tus,
1394 3009 1455 3054 qui
1478 3019 1543 3060 per
1564 3007 1759 3044 fenestram
1781 3010 2040 3043 monstraverat
2062 3017 2182 3043 servos
2206 3006 2328 3043 deten-

1242 3058 1299 3090 tos
1323 3054 1369 3090 ob
1392 3063 1599 3099 pens1onem
1620 3053 1763 3089 liberari
1784 3063 1901 3099 posse.

1291 3098 1341 3137 10
1356 3098 1663 3134 SoAEVorAJibro
1674 3101 1780 3134 sexto
1793 3099 2012 3151 diqestorum
2058 3096 2204 3133 Tutoris
2223 3097 2326 3133 heres

1243 3155 1323 3181 cum
1356 3144 1486 3179 herede
1516 3143 1641 3189 pupilli
1669 3146 1913 3179 transactione
1943 3142 2058 3185 facta,
2094 3153 2175 3178 cum
2211 3152 2255 3178 ex
2286 3152 2327 3177 ea

1242 3190 1411 3225 maiorem
1468 3192 1580 3224 artem
1610 3188 1791 3232 solvisset,
1822 3188 1860 3223 in
1890 3187 2068 3224 residuam
2092 3187 2326 3233 quantitatem

1242 3235 1369 3280 pignus
1393 3234 1438 3270 ob
1455 3233 1578 3278 ’gavitz
1633 3234 1808 3270 uaesitum
1833 3237 1904 3276 est,
1936 3243 1983 3268 an
2005 3233 2042 3267 in
2064 3237 2217 3268 veterem
2242 3242 2327 3267 con·

1242 3283 1397 3315 tractum
1419 3279 1497 3314 iure
1518 3288 1577 3314 res
1601 3289 1621 3314 ο
1648 3279 1757 3324 ligata
1781 3282 1884 3314 esset.
1926 3278 2110 3323 respondit
2133 3276 2326 3312 secundum

1244 3335 1287 3360 ea
1310 3334 1403 3370 quae
1425 3327 1708 3370 proponerentur
1730 3324 1922 3369 obligatam
1946 3333 2034 3358 esse.

1243 3485 1298 3524 25,
1312 3491 1339 3518 3.
1352 3502 1397 3508 -
1412 3483 1462 3526 Cf.
1478 3483 1554 3517 0001.
1565 3483 1639 3524 8,15
1702 3484 1747 3525 (9)
1761 3483 1864 3515 tacite
1877 3484 1981 3515 contr.
1995 3481 2120 3523 pignus
2133 3490 2162 3512 v.
2176 3479 2208 3510 h.
2221 3478 2286 3511 ind.
2299 3476 2326 3510 Ρ

1244 3531 1302 3570 (ιο)
1328 3530 1371 3571 cs.
1385 3528 1429 3561 D.
1444 3529 1498 3569 42,
1512 3536 1539 3568 5,
1553 3535 1600 3569 24,
1612 3535 1627 3562 1
1720 3529 1775 3571 (n)
1800 3526 1990 3560 consultum
2001 3526 2037 3558 F
2135 3525 2192 3565 (12)
2218 3522 2323 3575 admi-

1242 3572 1404 3605 nistravit
1415 3571 1467 3605 F²
1566 3574 1624 3614 (13)
1649 3573 1784 3606 evidens
1795 3585 1859 3606 scr.
1962 3572 2020 3612 (14)
2045 3568 2252 3602 manifestati
2262 3579 2324 3600 scr.

1245 3619 1303 3659 (15)
1327 3616 1558 3650 inhabitantes
1570 3620 1680 3650 autem
1693 3617 1973 3656 manumittimus]
1981 3626 2045 3658 pro
2057 3615 2108 3647 his
2119 3620 2264 3656 expectes
2277 3619 2325 3646 ta-

1246 3664 1292 3696 lia
1299 3664 1409 3706 potius
1417 3674 1429 3696 .·
1441 3673 1482 3695 ex
1494 3663 1718 3696 conventione
1732 3662 1899 3695 declarata
1908 3658 2141 3692 manumittere
2150 3667 2325 3700 possumus

1247 3712 1306 3747 (16)
1331 3707 1549 3740 recludantur
1559 3720 1622 3741 scr.
