2528 3918
129 133 190 163 AD
220 129 374 163 LEGEM
401 128 561 162 mmm
588 127 649 161 DE
679 130 726 161 VI
754 128 947 161 PRIVATA
1199 111 1276 161 801

177 241 222 279 11
253 241 412 278 was
439 243 530 277 libro
580 242 702 277 uinto¹
726 240 1009 276 sententiarum²
1054 240 1118 283 Hi,
1150 238 1211 284 qui

128 288 233 324 aedes
264 288 399 323 alienas
431 291 494 322 aut
523 288 555 322 vi
572 287 625 322 las
657 286 890 332 expilaveriut
919 286 1121 331 effregerint
1149 296 1210 337 ex-

129 333 564 413 Pugniviissinttnitn‘ffild
594 332 775 413 ¹353?ss
804 332 1020 412 ⁰Xd¹t¹e11t1⁰¹³2³
1047 331 1213 412 {ffiffi}

128 389 265 466 omiiiap,
298 389 503 468 equuibus
527 405 655 468 singuli
684 423 844 458 homines
869 387 1211 467 noceregppossunt,

128 472 148 503 2
195 469 433 513 accipiuntur.
489 468 557 512 Qui
588 468 699 503 telum
730 468 926 503 tutandae⁵
966 467 1091 502 salutis
1125 475 1213 502 suae

128 523 237 549 causa
252 517 392 558 gerunt,
415 523 488 548 non
510 513 696 548 videntur6
723 514 877 549 hominis
897 511 1084 549 occidendi
1102 521 1213 547 causa

126 563 428 641 poissravwffl
452 603 543 639 libro
566 603 750 650 sinqulari
771 603 821 639 ad
841 606 989 638 senatus
1011 601 1213 638 consultum

130 649 391 696 Turpillianum
424 648 492 693 Qui
511 659 603 685 nova
619 649 806 694 vectigalia
825 651 1003 692 exercent,
1024 647 1101 693 lege
1119 646 1213 682 Iulia

127 694 172 730 de
194 694 228 730 vi
250 694 396 740 publica
418 697 596 730 tenentur.

613 831 727 873 V11·.

257 899 318 932 AD
341 898 506 932 LEGEM
528 898 695 932 IULIAM
718 899 781 931 DE
804 898 854 931 VI
876 897 1086 931 PRIVATA.

176 964 195 1002 1
222 964 459 1001 Minoum
492 965 582 1002 libro
621 967 751 1011 quarto
782 964 918 1000 decimo
948 963 1212 1000 institutionem

128 1010 182 1046 De
205 1011 239 1046 vi
269 1011 409 1055 privata
438 1010 595 1045 damnati
623 1020 708 1055 pars
732 1010 839 1045 tertia
869 1010 1044 1045 bonorum
1068 1019 1113 1044 ex
1135 1009 1213 1054 lege

128 1055 220 1091 Iulia
247 1056 453 1101 publicatur
481 1059 518 1091 et
549 1059 692 1090 cautum
724 1058 794 1097 est,
827 1065 872 1090 ne
901 1059 1047 1090 senator
1071 1054 1135 1098 sit,
1167 1064 1212 1089 ne

126 1101 291 1143 decurio,
323 1106 386 1136 aut
422 1100 534 1136 ullum
563 1101 735 1136 honorem
766 1100 902 1145 capiat,
943 1110 1030 1135 neve
1061 1099 1099 1134 in
1131 1110 1212 1134 eum

126 1146 310 1182 ordinem⁹
341 1146 481 1188 sedeat,
515 1156 601 1182 neve
623 1146 731 1181 iudex
756 1146 819 1181 sit:
861 1149 896 1181 et
926 1144 1095 1180 videlicet
1118 1144 1213 1180 omni

126 1192 263 1227 honore
294 1192 397 1237 quasi
425 1191 567 1226 infamis
606 1202 650 1226 ex
679 1195 824 1227 senatus
867 1191 1030 1226 consulto
1064 1190 1211 1225 carebit.

130 1241 143 1271 1
194 1236 332 1272 Eadem
362 1247 479 1283 poena
510 1237 744 1279 adficiuntur,
777 1236 838 1282 qui
867 1236 914 1272 ad
943 1246 1096 1281 poenam
1125 1236 1212 1280 legis

126 1282 238 1318 Iuliae
262 1282 306 1317 de
328 1283 362 1318 vi
385 1282 524 1327 privata
546 1282 772 1327 rediguntur,
796 1286 832 1317 et
845 1283 872 1303 ¹⁰
895 1281 927 1317 si
975 1282 1029 1317 uis
1055 1292 1099 1316 ex
1123 1292 1212 1316 nau-

127 1330 146 1362 2
194 1327 308 1372 fragio
339 1327 422 1363 dolo
453 1328 545 1362 malo
579 1327 663 1372 quid
686 1327 856 1372 rapuerit.
905 1327 950 1362 Se
999 1330 1035 1362 et
1059 1337 1102 1361 ex
1127 1337 1211 1362 con-

126 1373 369 1408 stitutionibus
404 1373 604 1418 principum
637 1377 737 1408 extra
762 1373 938 1415 ordinem,
973 1372 1034 1416 qui
1056 1372 1100 1407 de
1124 1382 1211 1407 nau-

125 1417 247 1462 fragiis
272 1418 406 1462 aliquid
431 1418 660 1462 diripuerint,
691 1418 905 1463 puniuntur:
939 1428 1022 1452 nam
1053 1421 1089 1453 et
1112 1417 1213 1452 divus

125 1463 212 1498 Pius
234 1463 419 1508 rescripsit
447 1464 584 1498 nullam
607 1464 676 1498 vim
700 1463 818 1499 nautis
841 1463 921 1498 fieri
945 1463 1075 1498 debere
1099 1466 1150 1506 et,
1184 1463 1214 1498 si

126 1508 206 1554 quis
229 1508 366 1551 fecerit,
390 1512 431 1543 ut
454 1508 673 1544 severissime
697 1508 878 1553 puniatur.

172 1551 237 1590 2¹¹
264 1553 467 1589 Some-vom
501 1554 590 1589 libro
616 1558 747 1599 quarto
771 1555 982 1600 reqularum
1029 1553 1108 1588 Hac
1137 1553 1213 1598 lege

125 1602 286 1641 tenetur,
319 1598 378 1644 qui
412 1599 616 1635 convocatis
641 1599 844 1634 hominibus
874 1599 943 1634 vim
966 1598 1111 1641 fecerit,
1143 1609 1212 1643 quo

126 1645 204 1689 quis
228 1644 435 1679 verberetur
457 1645 671 1689 pulsaretur,
697 1655 812 1689 neque
836 1645 942 1680 homo
961 1644 1102 1679 occisus
1127 1645 1212 1679 erit:

172 1687 196 1727 3
222 1688 364 1724 Macra
404 1690 496 1725 libro
521 1690 644 1736 primo
671 1690 903 1736 publicorum
956 1700 1022 1725 nec
1053 1690 1212 1733 interest,

125 1734 258 1770 liberos
289 1745 335 1769 an
369 1745 489 1770 servos
520 1739 556 1770 et
591 1745 675 1770 suos
711 1745 759 1769 an
790 1735 925 1770 alienos
957 1735 1035 1780 quis
1067 1735 1113 1770 ad
1144 1735 1214 1770 vim

132 1783 143 1814 1
193 1780 393 1815 faciendam
417 1780 674 1815 convocaverit.
722 1780 799 1815 Nec
823 1781 940 1815 minus
963 1781 1017 1823 hi,
1043 1780 1104 1825 qui
1129 1791 1213 1815 0011-

127 1827 146 1859 2
192 1825 310 1860 vocati
333 1828 428 1867 sunt,
453 1825 577 1861 eadem
599 1825 676 1870 lege
708 1828 887 1861 tenentur.
936 1826 1006 1861 Sed
1020 1826 1047 1846 ¹²
1071 1825 1102 1861 si
1126 1825 1215 1860 nulli

126 1870 313 1906 convocati
344 1870 503 1915 nullique
525 1870 660 1915 pulsati
689 1870 778 1913 sint,
811 1881 876 1916 per
905 1871 1071 1906 iniuriam
1094 1875 1214 1906 tamen

127 1926 170 1951 ex
198 1916 302 1951 bonis
333 1915 458 1951 alienis
491 1916 577 1960 quid
606 1916 765 1951 ablatum
799 1917 862 1959 sit,
900 1917 968 1951 hac
1000 1917 1077 1961 lege
1100 1917 1214 1951 teneri

125 1971 206 1996 eum
254 1961 290 1995 ui
312 1961 349 1995 id
373 1960 509 1996 fecerit.

171 2005 196 2042 4
251 2015 376 2041 AULUS
392 2006 481 2041 libro
502 2007 826 2052 quinquaqensimo
849 2007 974 2052 quinto
992 2007 1041 2041 ad
1061 2007 1214 2043 edictum

126 2051 232 2096 Legis
257 2051 367 2086 Iuliae
399 2051 443 2086 de
466 2052 500 2086 vi
531 2052 671 2096 privata
696 2052 827 2087 crimen
852 2052 1101 2094 committitur,
1135 2063 1215 2087 cum

127 2100 268 2132 coetum
302 2096 429 2141 aliquis
464 2101 501 2132 et
536 2108 749 2132 concursum
782 2097 911 2133 fecisse
947 2097 1095 2139 dicitur,
1144 2108 1214 2143 quo

131 2145 141 2176 l
192 2142 308 2177 minus
347 2142 425 2186 quis
461 2142 499 2176 in
536 2142 592 2178 ius
630 2142 936 2187 produceretur¹³.
993 2142 1043 2177 Et
1073 2143 1103 2179 si
1135 2143 1213 2188 quis

126 2187 370 2232 quaestionem
405 2187 449 2222 de
481 2187 626 2223 alterius
659 2198 759 2223 servo
790 2187 992 2223 habuisset:
1032 2189 1060 2208 ¹⁴
1070 2192 1105 2223 et
1133 2188 1214 2224 ideo

127 2232 345 2267 moderatius
371 2232 486 2268 edicto
511 2233 687 2278 praetoris
712 2233 756 2268 de
779 2233 915 2269 iniuriis
940 2233 1111 2269 utendum
1136 2244 1215 2269 esse

127 2277 250 2313 Labeo
274 2278 335 2313 ait.

172 2321 196 2360 5
230 2323 424 2358 {nmmos
451 2323 543 2358 libro
573 2324 828 2369 sexaqensimo
860 2334 955 2358 nono
980 2324 1030 2358 ad
1060 2323 1213 2359 edictum

126 2367 164 2403 Si
188 2369 265 2412 quis
290 2368 443 2413 aliquem
476 2367 603 2404 deiecit
626 2379 670 2403 ex
693 2379 778 2412 agro
805 2379 869 2404 suo
901 2368 1102 2404 hominibus
1128 2380 1212 2404 con-

125 2414 279 2458 gregatis
304 2413 381 2449 sine
404 2413 522 2457 armis,
547 2413 601 2449 vis
624 2413 784 2458 privatae
807 2414 983 2459 postulari
1007 2415 1131 2459 possit.

172 2456 198 2496 6
218 2458 473 2494 ΜουΕεΤΙΝυε
493 2459 582 2494 libro
602 2463 726 2494 octavo
745 2459 956 2505 reqularum
992 2459 1049 2494 Ex
1068 2462 1213 2495 senatus

127 2504 289 2539 consulto
316 2503 527 2548 Volusiano,
561 2503 621 2548 qui
652 2504 689 2538 in
715 2504 803 2540 robe
834 2508 964 2540 coeunt
992 2505 1029 2539 in
1061 2505 1215 2540 alienam

125 2549 241 2591 litem,
265 2553 322 2591 ut,
370 2548 518 2594 uidquid
541 2559 585 2584 ex
610 2559 677 2584 con
704 2549 905 2585 emnatione
935 2551 972 2584 in
995 2560 1070 2585 rem
1102 2550 1214 2595 ipsius

126 2594 310 2629 redactum
366 2595 474 2636 uerit,
510 2595 603 2629 inter
633 2605 694 2629 eos
708 2596 735 2616 ¹⁵
768 2595 1107 2639 communicaretur,
1138 2596 1216 2640 lege

129 2639 220 2674 Iulia
244 2639 288 2675 de
310 2639 344 2674 vi
367 2639 507 2684 privata
530 2642 706 2674 tenentur.

174 2682 241 2721 7¹⁶
275 2683 560 2720 CALLJSTRATUS
593 2684 683 2719 libro
716 2685 841 2729 quinto
876 2685 920 2720 de
950 2686 1215 2732 coqnitionibus

128 2729 328 2765 Creditores
352 2729 384 2764 si
414 2729 583 2765 adversus
608 2729 787 2765 debitores
812 2740 895 2765 suos
920 2734 1045 2775 agant,
1071 2741 1136 2775 per
1158 2731 1214 2765 iu-

127 2774 241 2809 dicem
263 2774 310 2816 id,
336 2774 431 2819 quod
455 2774 575 2809 deberi
598 2774 665 2809 sibi
688 2779 828 2819 putant,
853 2786 1041 2820 reposcere
1066 2776 1211 2811 debent:

128 2819 285 2864 alioquin
315 2819 346 2855 si
376 2819 413 2854 in
437 2830 511 2854 rem
543 2819 711 2855 debitoris
737 2821 792 2855 sui
820 2820 1031 2856 intraverint
1054 2821 1090 2856 id
1115 2821 1212 2856 nullo

128 2864 360 2907 concedente,
398 2864 498 2899 divus
530 2865 677 2900 Marcus
713 2865 869 2901 decrevit
903 2866 959 2901 ius
996 2866 1121 2901 crediti
1152 2877 1213 2903 eos

127 2920 200 2945 non
223 2910 367 2944 habere.
403 2910 511 2944 verba
534 2909 667 2945 decreti
691 2910 780 2945 haec
799 2914 893 2946 sunt.
930 2911 1123 2956 ‘Optimum
1148 2916 1212 2955 est,

129 2957 196 2997 ‘ut‚
226 2956 257 2990 si
288 2965 377 3007 quas
410 2959 517 2999 putas
547 2958 584 2989 te
606 2955 739 2991 habere
769 2956 977 3001 petitiones,
1010 2957 1213 2993 actionibus

129 2999 352 3046 ‘experiar-is:
384 2999 524 3035 interim
547 2999 606 3035 ille
629 3000 666 3035 in
689 3001 915 3046 possessione
939 3001 1045 3038 debet
1068 3002 1212 3045 morari,

129 3117 168 3154 (1)
189 3114 606 3157 pr.§1==Paul.5‚3,3;
629 3115 958 3157 §2=·Coll.1,13‚1
1039 3117 1084 3156 (2)
1112 3120 1214 3155 52οτ

132 3160 220 3196 titulo
240 3158 282 3191 ud
301 3158 407 3201 legem
420 3158 609 3191 Corneliam
629 3158 668 3191 de
687 3159 814 3191 sicariis
827 3163 859 3192 et
871 3161 1025 3193 veneficis
1037 3163 1117 3193 citat
1132 3162 1211 3194 Coll.

131 3209 171 3243 (3)
196 3203 225 3236 si
242 3204 376 3245 quidem
395 3204 430 3236 id
447 3204 546 3236 turba
562 3214 637 3236 cum
653 3203 728 3236 telis
740 3208 853 3237 coacta
868 3206 992 3239 Paulus
1085 3209 1127 3246 (4)
1154 3217 1214 3238 no-

126 3248 194 3280 ceri
203 3261 283 3286 scr.;
303 3262 372 3292 amq.
384 3250 757 3283 salutihominisnoceri
768 3252 870 3292 possit
879 3253 1003 3285 Paulus
1050 3254 1092 3294 (5)
1106 3255 1218 3285 tuten-

126 3294 222 3326 110οΡ
272 3296 315 3333 (6)
329 3294 447 3328 salutis
458 3306 555 3327 causa
563 3297 739 3337 gerit‚non
749 3296 965 3330 videturColt.
1028 3300 1070 3337 (7)
1085 3299 1219 3330 idomffl

175 3339 220 3379 (s)
246 3338 327 3371 Sab.
341 3346 425 3373 1...3:
443 3339 507 3371 Ed.
524 3346 659 3371 4...s.—
669 3339 752 3370 Bas.
765 3340 818 3379 60,
833 3347 876 3380 is,
888 3347 1056 3374 is...19.—
1069 3340 1119 3382 Cf:
1134 3341 1212 3372 Cod.

130 3386 162 3423 9,
176 3390 208 3417 12
306 3384 351 3424 (9)
374 3383 411 3416 in
423 3383 533 3416 XIIII
548 3382 721 3416 ordinibus
739 3384 889 3417 Cuiacius
984 3387 1043 3425 (10)
1068 3388 1108 3417 ut
1120 3385 1214 3429 Byn-

131 3428 288 3461 kershoek
377 3429 432 3467 (11)
458 3430 499 3471 0Ῑῖ
513 3429 559 3461 D.
573 3430 628 3469 48,
642 3435 715 3468 6,10
814 3430 872 3467 (12)
897 3431 931 3462 et
951 3431 1033 3462 ins..-
1055 3437 1091 3462 at
1108 3432 1214 3473 mayz‘s

131 3474 321 3506 crediderim
342 3475 565 3516 compilatores
586 3475 620 3507 in
631 3475 706 3514 fine
727 3478 742 3512 §
763 3475 929 3507 sustulisse
947 3484 1107 3516 negamus
1125 3476 1212 3507 simi-

132 3519 217 3551 liave
342 3520 399 3559 (13)
424 3518 662 3561 perduceretur
680 3530 741 3550 scr.
871 3520 928 3559 (14)
954 3529 1154 3561 quamquam
1175 3530 1213 3552 ea

132 3572 182 3595 res
211 3562 374 3595 iudicium
403 3562 575 3605 publicum
604 3564 661 3595 vix
693 3563 836 3604 requirit
868 3565 1027 3598 similiave
1059 3566 1213 3606 deficiunt

132 3610 190 3649 (15)
213 3608 274 3640 hos
297 3608 330 3640 F
334 3607 349 3627 ²
463 3610 521 3649 (16)
546 3609 649 3641 =D.
667 3611 698 3650 4,
719 3616 746 3650 2,
766 3616 798 3642 13
913 3610 972 3651 (17)
996 3609 1132 3652 ipseque
1150 3622 1211 3642 scr.

131 3653 239 3694 (isque
261 3653 281 3685 l.
294 3653 390 3696 yem.)

177 3700 237 3738 (18)
263 3698 343 3731 Sab.
364 3705 449 3736 1...9;
474 3698 538 3732 Ed.
562 3706 683 3737 10...16;
709 3699 795 3741 Pap.
817 3706 917 3732 17.-
938 3699 1021 3732 Bas.
1035 3700 1090 3741 60,
1108 3706 1156 3733 39.
1170 3717 1213 3723 -

136 3742 188 3783 Os:
205 3743 282 3777 Cod.
296 3744 327 3784 9,
339 3750 372 3777 16
427 3744 486 3785 (19)
508 3745 554 3776 ad
570 3749 585 3782 ς
602 3752 617 3777 5
631 3745 671 3787 cf.
687 3744 730 3776 D.
745 3745 799 3785 48,
814 3752 840 3785 5,
853 3751 902 3784 30,
916 3752 933 3777 s
987 3746 1050 3785 (20)
1073 3744 1213 3776 cii-oum-

1907 117 2178 162 XXXXVIII
2209 121 2246 162 6.
2276 122 2312 162 7.
2338 120 2362 161 8

1282 241 1331 273 ‘tu
1355 237 1490 284 petitor
1511 237 1573 274 es’.
1608 242 1644 273 et
1668 250 1748 274 cum
1771 240 1978 278 Marcianus
2002 242 2153 279 diceret:
2180 243 2259 280 ‘vim
2284 244 2361 279 nul-

1281 284 1363 319 ‘lam
1387 283 1485 319 feci':
1527 283 1661 318 Caesar
1691 285 1796 320 dixit:
1831 289 1881 321 ‘tu
1905 289 1973 322 vim
2004 293 2111 333 putas
2134 299 2212 325 esse
2236 290 2362 331 solum,

1282 329 1324 364 ‘si
1347 329 1506 365 homines
1531 329 1784 365 vulnerentur?
1831 333 1881 367 vis
1913 338 1966 368 est
1989 337 2027 370 et
2057 338 2160 377 tunc,
2200 335 2364 387 quotiens

1282 375 1372 419 ‘quis
1402 374 1456 416 id,
1490 374 1587 419 quod
1618 374 1739 410 deberi
1770 377 1837 411 sibi
1861 382 1983 422 putat,
2023 390 2094 414 non
2125 390 2190 425 per
2211 380 2364 415 iudicem

1282 420 1460 464 ‘reposcit
1493 430 1566 471 11011
1584 424 1671 465 puto
1691 424 1809 455 autem
1827 433 1893 457 nec
1913 425 2146 460 verecundiae
2163 436 2230 461 1100
2251 425 2363 469 digni-

1282 465 1359 499 ‘tati
1391 475 1457 500 nec
1485 465 1612 510 pietati
1642 468 1727 500 tuae
1760 468 1945 503 convenire
1978 470 2166 514 quicquam
2191 481 2263 505 non
2286 470 2363 506 iure

1283 510 1423 546 Tacere.
1481 510 1639 554 quisquis
1674 510 1781 555 igitur
1816 513 1988 556 probatus
2024 515 2109 549 mihi
2147 515 2257 551 fuerit
2289 526 2365 550 rem

1283 555 1404 590 ‘ullam
1429 555 1600 591 debitoris
1632 566 1704 591 non
1736 557 1781 590 ab
1804 556 1882 601 ipso
1908 559 1975 593 sibi
1998 560 2168 595 traditam
2191 561 2267 596 sine
2290 561 2363 595 uuo

1283 600 1408 636 ‘iudice
1431 605 1563 636 temere
1594 601 1794 646 possidere,
1829 612 1977 647 eumque
1988 606 2013 625 ¹⁷
2051 605 2119 640 sibi
2148 606 2204 641 ius
2227 606 2263 640 in
2288 616 2365 641 eam

1282 648 1367 681 ‘rem
1391 645 1534 688 dixisse,
1558 646 1615 682 ius
1639 645 1767 682 crediti
1790 657 1862 681 non
1885 648 2053 685 habebit’.

1328 688 1353 729 8
1378 691 1633 727 ΜουΕεφιΝυε
1664 691 1756 727 libro
1787 694 1942 727 secundo
1973 694 2016 728 de
2049 696 2181 738 poenis
2226 695 2264 730 Si
2289 706 2365 731 cre-

1282 736 1377 773 ditor
1407 737 1485 773 sine
1517 737 1731 773 auctoritate
1761 736 1891 773 iudicis
1921 748 1978 773 res
2004 739 2170 776 debitoris
2202 745 2366 786 occupet,

1281 782 1350 817 hac
1378 781 1458 862 {ege
1488 785 1632 862 tgnetur
1661 786 1697 818 et
1727 781 1837 818 tertia
1866 787 1969 828 parte
1999 784 2173 821 bonorum
2196 785 2367 821 multatur

1281 831 1318 863 et
1339 827 1377 863 111
1394 827 1483 863 amis
1528 831 1554 863 t.

1754 966 1851 1005 VIII
1862 966 1902 1005 ¹⁸.

1350 1033 1411 1065 AD
1444 1031 1607 1065 LEGEM
1637 1031 1908 1065 CORNELIAM
1942 1033 2003 1065 DE
2028 1033 2219 1067 SIOARIIS
2242 1035 2301 1068 ΕΤ

1697 1077 1957 1110 VENEFICIS.

1331 1142 1393 1180 1¹⁹
1417 1142 1655 1179 MARCIANUS
1675 1143 1766 1179 libro
1791 1147 1922 1196 quarto
1947 1144 2083 1180 decimo
2108 1146 2369 1182 institutionum

1282 1189 1377 1234 Lege
1403 1188 1567 1224 Cornelia
1603 1188 1646 1224 de
1681 1188 1821 1224 sicariis
1853 1193 1890 1224 et
1918 1189 2083 1225 veneficis
2116 1195 2275 1235 tenetur,
2311 1193 2370 1237 qui

1282 1234 1458 1270 hominem
1495 1233 1684 1269 occiderit:
1730 1234 1874 1269 cuiusve
1910 1235 1991 1270 dolo
2033 1236 2126 1271 malo
2168 1236 2370 1272 incendium

1281 1280 1418 1315 factum
1443 1279 1527 1315 erit:
1576 1280 1656 1315 111νο
1679 1279 1832 1315 hominis
1858 1280 2041 1315 occidendi
2064 1281 2194 1317 furtive
2216 1281 2371 1317 faciendi

1284 1336 1395 1360 causa
1418 1335 1500 1360 cum
1522 1327 1558 1360 te
1574 1336 1594 1360 0
1621 1325 1873 1360 ambulaverit:
1899 1326 2012 1370 quive,
2038 1336 2117 1361 cum
2140 1327 2370 1371 magistratus

1284 1374 1379 1406 esset
1408 1370 1598 1415 publicove
1626 1370 1758 1406 iudicio
1789 1375 1990 1415 praeesset,
2028 1383 2172 1417 operam
2204 1372 2370 1416 dedisset,

1283 1427 1352 1460 quo
1379 1416 1458 1461 quis
1481 1416 1613 1451 falsum
1634 1415 1805 1451 indicium
1830 1416 2077 1461 profiteretur,
2102 1421 2143 1452 ut
2167 1417 2244 1462 quis
2268 1418 2370 1453 inno-

1287 1465 1298 1495 1
1352 1471 1437 1496 cens
1475 1461 1724 1497 conveniretur
1734 1462 1764 1482 ²⁰
1806 1461 2113 1498 condemnaretur.
2179 1463 2371 1498 Praeterea

1282 1510 1441 1547 tenetur,
1474 1506 1534 1550 qui
1558 1506 1711 1542 hominis
1736 1507 1887 1542 necandi
1919 1517 2029 1542 causa
2052 1518 2225 1543 venenum
2250 1508 2370 1544 confe-

1284 1551 1372 1587 cerit
1401 1551 1554 1587 dederit:
1597 1552 1700 1596 quive
1729 1551 1860 1588 falsum
1892 1553 2132 1588 testimonium
2163 1553 2245 1589 dolo
2277 1550 2371 1588 malo

1284 1597 1430 1639 dixerit,
1463 1608 1533 1642 quo
1564 1597 1642 1642 quis
1665 1597 1809 1642 publico
1840 1597 1972 1633 iudicio
2003 1599 2055 1633 rei
2085 1598 2247 1643 capitalis
2273 1598 2371 1634 dam-

1283 1646 1445 1678 naretur:
1483 1642 1586 1687 quive
1609 1643 1839 1687 magistratus
1870 1643 2020 1678 iudexve
2044 1644 2259 1688 quaestionis
2285 1644 2371 1679 ob²¹

1284 1688 1472 1732 capitalem
1493 1698 1639 1723 causam
1662 1688 1852 1732 pecuniam
1872 1689 2052 1733 acceperit
2070 1693 2111 1724 ut
2134 1689 2278 1734 publica
2296 1689 2374 1734 lege

1284 1737 1303 1767 2
1353 1743 1436 1768 reus
1460 1732 1575 1768 fieret.
1618 1733 1709 1767 Et²2
1734 1733 1795 1778 qui
1818 1733 1996 1769 hominem
2020 1734 2198 1776 occiderit,
2224 1735 2373 1779 punitur

1283 1789 1355 1814 non
1395 1778 1520 1813 habita
1555 1778 1772 1822 differentia,
1812 1778 1913 1814 cuius
1945 1779 2164 1815 condicionis
2196 1780 2373 1815 hominem

1285 1828 1303 1858 3
1351 1823 1542 1858 interemit.
1579 1823 1690 1859 Divus
1714 1824 1919 1860 Hadrianus
1943 1824 2167 1870 rescripsit2³
2191 1835 2287 1869 eum,
2313 1825 2373 1870 qui

1283 1870 1462 1904 hominem
1495 1868 1644 1911 occidit,
1681 1869 1711 1905 si
1741 1880 1815 1905 non
1845 1869 2031 1905 occidendi
2062 1871 2179 1905 animo
2209 1870 2279 1906 1100
2308 1870 2372 1905 ad-

1284 1915 1397 1956 misit,
1436 1914 1572 1950 absolvi
1603 1925 1726 1960 posse,
1768 1919 1804 1950 et
1834 1915 1895 1960 qui
1923 1915 2101 1951 hominem
2130 1926 2203 1951 non
2232 1915 2371 1957 occidit,

1285 1961 1348 1995 sed
1379 1959 1596 2002 vulneravit,
1630 1964 1670 1995 ut
1706 1960 1862 2002 occidat,
1896 1971 1962 2005 pro
1993 1960 2171 1996 homicida
2201 1960 2372 1995 damnan-

1285 2005 1385 2040 dum:
1419 2009 1455 2040 et
1486 2016 1530 2040 ex
1562 2015 1600 2040 re
1628 2005 1915 2041 constituendum
1938 2006 2024 2041 hoc:
2057 2017 2139 2041 nam
2164 2006 2195 2041 si
2217 2006 2372 2051 gladium

1284 2051 1468 2086 strinxerit
1477 2052 1508 2072 2⁴
1525 2054 1561 2086 et
1577 2051 1613 2085 in
1629 2061 1671 2086 00
1680 2052 1711 2073 ²⁵
1728 2052 1954 2097 percusserit,
1972 2051 2172 2087 indubitate
2187 2051 2372 2087 occidendi

1285 2097 1402 2131 animo
1426 2096 1463 2132 id
1496 2106 1576 2131 eum
1600 2096 1805 2132 admisisse:
1844 2096 1907 2132 sed
1930 2097 1961 2132 si
1985 2097 2075 2132 clavi
2108 2096 2286 2142 percussit
2310 2100 2373 2131 aut

1285 2153 1458 2177 cuccuma
1485 2141 1523 2176 in
1555 2141 1652 2184 rixa,
1685 2142 1846 2187 quamvis
1869 2142 1964 2177 ferro
2015 2142 2223 2185 ercusserit,
2252 2145 2372 2177 tamen

1284 2198 1357 2222 non
1389 2186 1573 2223 occidendi
1605 2188 1773 2222 animo2⁶.
1831 2187 1987 2223 ²⁷lenien
2014 2198 2071 2222 am
2100 2198 2252 2232 poenam
2284 2188 2371 2230 eius,

1285 2232 1346 2277 qui
1368 2232 1406 2267 in
1438 2233 1516 2267 rixa
1548 2243 1637 2268 casu
1666 2234 1778 2277 magis
1802 2243 1908 2278 quam
1932 2233 2115 2268 voluntate
2146 2232 2371 2267 homicidium

1285 2281 1305 2312 4
1353 2277 1508 2313 admisit.
1562 2278 1652 2312 Item
1690 2278 1791 2313 divus
1822 2278 2027 2313 Hadrianus
2059 2277 2243 2322 rescripsit
2281 2288 2371 2320 eum,

1285 2323 1346 2368 qui
1366 2327 1531 2368 stuprum
1555 2323 1624 2358 sibi
1648 2324 1704 2359 vel
1728 2324 1802 2358 suis
1825 2334 1890 2368 per
1913 2324 1982 2358 vim
2000 2323 2210 2359 inferentem
2229 2323 2370 2365 occidit,

1285 2372 1303 2403 5
1353 2368 1611 2404 dimittendum.
1661 2368 1731 2404 Sed
1755 2373 1791 2404 et
1813 2369 1850 2404 in
1875 2379 1965 2411 eum,
1991 2369 2051 2413 qui
2073 2379 2220 2404 uxorem
2244 2367 2370 2413 depre-

1284 2414 1432 2449 hensam
1468 2414 1505 2448 in
1541 2414 1717 2449 adulterio
1755 2413 1900 2457 occidit,
1946 2414 2046 2449 divus
2081 2414 2165 2448 Pius
2205 2413 2371 2448 leviorem

1284 2469 1436 2504 poenam
1470 2459 1698 2504 irrogandam
1724 2470 1803 2495 esse
1827 2459 1989 2504 scripsit,
2025 2463 2061 2494 et
2083 2458 2268 2494 humiliore
2291 2458 2370 2493 loco

1284 2504 1439 2549 positum
1462 2505 1499 2539 in
1525 2505 1668 2539 exilium
1698 2508 1913 2550 perpetuum
1937 2504 2014 2539 dari
2037 2504 2158 2547 iussit,
2190 2504 2227 2538 in
2251 2503 2371 2547 aliqua

1285 2550 1455 2593 dignitate
1478 2550 1634 2594 positum
1659 2550 1706 2585 ad
1730 2554 1871 2595 tempus
1895 2549 2054 2594 relegari.

1330 2593 1355 2631 2
1387 2594 1582 2630 ULPJANUS
1603 2595 1695 2631 libro
1714 2596 1838 2641 primo
1871 2596 1915 2630 de
1946 2595 2122 2630 adulteris
2166 2593 2370 2628 Inauditum

1283 2640 1396 2675 filium
1426 2642 1531 2685 pater
1559 2640 1722 2676 occidere
1745 2651 1818 2676 non
1841 2644 1977 2686 potest,
2011 2640 2073 2675 sed
2096 2649 2267 2675 accusare
2290 2648 2370 2674 eum

1284 2685 1381 2731 apud
1385 2685 1628 2765 apraefectum
1650 2686 1895 2731 praesidemve
1917 2685 2120 2730 provinciae
2145 2684 2259 2719 debet.

1330 2728 1354 2768 3
1427 2740 1623 2766 ARCIANUS
1656 2731 1747 2766 libro
1780 2735 1911 2777 quarto
1942 2731 2076 2766 decimo
2109 2730 2368 2765 institutionum

1284 2776 1457 2811 Eiusdem
1486 2775 1572 2821 legis
1605 2776 1790 2812 Corneliae
1822 2776 1865 2811 de
1898 2776 2035 2811 sicariis
2060 2778 2095 2810 et
2117 2773 2284 2810 veneficis
2309 2784 2369 2808 ca·

1284 2821 1358 2866 pite
1382 2822 1524 2866 quinto,
1550 2821 1612 2866 qui
1635 2831 1808 2856 venenum
1833 2821 1986 2856 necandi
2010 2820 2161 2855 hominis
2186 2829 2294 2855 causa
2318 2818 2368 2854 fe-

1288 2872 1300 2900 1
1354 2866 1442 2902 cerit
1465 2867 1520 2901 vel
1543 2866 1741 2901 vendiderit
1764 2866 1818 2901 vel
1842 2866 2019 2907 habuerit,
2044 2865 2221 2910 plectitur.
2262 2863 2368 2898 Eius-

1285 2911 1364 2947 dem
1388 2912 1475 2956 legis
1505 2913 1661 2956 poena²⁸
1693 2911 1877 2954 adficitur,
1908 2911 1970 2955 qui
1998 2911 2035 2945 in
2066 2910 2247 2955 publicum
2276 2909 2370 2942 mala

1284 2957 1543 2992 medicamenta
1573 2956 1770 2992 vendiderit
1808 2956 1864 2991 vel
1892 2956 2045 2991 hominis
2076 2954 2227 2990 necandi
2258 2963 2369 3005 causa

1285 3005 1304 3036 2
1352 3001 1529 3037 habuerit.
1593 3001 1758 3037 Adiectio
1797 3005 1916 3036 autem
1952 3001 2022 3036 ista
2061 2999 2236 3035 ‘veneni2⁴³
2273 2997 2368 3032 mah'

1282 3115 1454 3147 veniretur
1471 3116 1624 3149 Ouiae-ius
1703 3115 1765 3156 (21)
1791 3114 1977 3157 quaestioni
1989 3112 2051 3146 sub
2062 3114 2096 3145 F
2173 3113 2234 3151 (22)
2260 3112 2292 3143 et
2304 3110 2365 3143 del.

1283 3162 1345 3197 (23)
1368 3161 1448 3192 Coll.
1462 3162 1490 3199 1,
1501 3167 1518 3193 6
1585 3163 1644 3200 (24)
1663 3160 1812 3193 strixerit
1824 3161 1858 3191 F
1918 3161 1978 3199 (25)
1998 3158 2076 3190 etin
2090 3157 2138 3199 co]
2154 3159 2212 3188 aut
2225 3154 2291 3188 telo
2302 3167 2364 3188 scr.

1281 3207 1347 3247 (26)
1365 3217 1403 3237 ex
1426 3205 1565 3247 Ulpiani
1591 3207 1630 3239 de
1653 3207 1764 3248 officio
1781 3205 1987 3248 proconsulis
2008 3204 2087 3235 libro
2106 3202 2176 3233 VII
2195 3202 2297 3252 ipsum
2316 3212 2366 3233 re-

1282 3252 1433 3292 scriptum
1449 3250 1622 3284 Hadriani
1633 3253 1731 3294 affert
1749 3250 1886 3283 Collatio
1903 3251 1970 3281 sic.-
1995 3248 2040 3279 Et
2055 3247 2112 3288 qui
2126 3247 2294 3278 hommem
2309 3254 2365 3276 oo-

1282 3295 1375 3335 cidit,
1396 3294 1524 3327 absolvi
1540 3295 1634 3337 solet,
1659 3296 1686 3327 si
1707 3306 1775 3328 non
1796 3293 1967 3327 occidendi
1989 3293 2099 3324 animo
2119 3291 2153 3322 id
2169 3290 2311 3328 admisit,
2332 3292 2365 3322 et

1282 3340 1341 3382 qui
1355 3350 1423 3372 non
1438 3340 1572 3380 occidit,
1591 3340 1648 3373 sed
1669 3340 1778 3373 voluit
1792 3339 1949 3378 occidere,
1970 3347 2032 3379 pro
2049 3335 2214 3368 homicida
2229 3335 2364 3366 damna-

1282 3389 1347 3417 tur.
1379 3395 1396 3417 e
1418 3395 1453 3417 re
1472 3385 1587 3426 itaque
1611 3384 1879 3418 constituendum
1903 3385 1951 3414 est
1971 3391 2009 3414 ex
2024 3381 2121 3420 ferro,
2146 3390 2212 3421 quo
2228 3381 2282 3420 (ex
2297 3389 2364 3420 quo

1283 3431 1369 3462 ferro
1396 3431 1485 3471 libri)
1508 3431 1669 3473 percussit
1693 3428 1950 3472 Epaphroditus.
1989 3436 2064 3457 nam
2087 3426 2115 3456 si
2136 3424 2286 3475 gladium
2310 3424 2364 3475 in?

1281 3475 1416 3507 strinxit
1436 3477 1496 3507 aut
1509 3474 1577 3507 telo
1590 3476 1761 3518 percussit,
1780 3473 1861 3514 quid
1873 3471 2009 3504 dubium
2023 3472 2080 3510 est,
2095 3479 2177 3511 quin
2190 3468 2362 3501 occidendi

1281 3519 1391 3552 animo
1402 3520 1565 3561 percussit
1574 3520 1591 3552 7
1614 3522 1642 3553 si
1657 3520 1743 3553 clavi
1756 3520 1865 3551 autem
1881 3515 2041 3559 percussit
2052 3517 2111 3546 aut
2123 3523 2272 3564 cucuma,
2286 3522 2362 3546 eum

1281 3565 1366 3597 forte
1381 3565 1591 3598 rixarentur:
1616 3566 1703 3597 ferro
1719 3562 1890 3606 percussit,
1904 3559 1961 3593 sed
1972 3569 2040 3592 non
2056 3558 2227 3591 occidendi
2241 3560 2361 3609 mente.

1282 3619 1360 3651 ergo
1371 3610 1435 3642 hoc
1447 3610 1612 3651 exquirite
1626 3612 1668 3650 et,
1683 3610 1711 3641 si
1727 3607 1880 3640 voluntas
1892 3603 2063 3638 occidendi
2077 3603 2154 3645 fuit,
2167 3604 2207 3688 1ιῖ
2223 3602 2362 3688 1301111ιί11-

2200 3654 2234 3681 2¹1
2272 3656 2321 3679 un
2345 3656 2363 3679 θ

1282 3654 1357 3687 dam
1369 3664 1501 3687 servum
1513 3654 1677 3698 supplicio
1692 3664 1766 3686 eum
1782 3651 1856 3685 iure
1869 3649 1981 3683 iubete
1995 3647 2084 3681 affici
2311 3691 2318 3698 .

2158 3694 2220 3731 (2⁹)
2245 3700 2321 3724 vem
2336 3690 2370 3723 F·

1281 3698 1454 3741 colligitur
1468 3701 1628 3733 similiave
1644 3700 1704 3732 ins.
1805 3697 1868 3737 (2⁸)
1892 3703 2017 3737 Poenae
2034 3693 2069 3726 F

2030 3787 2090 3821 101
