2528 3918
117 110 208 141 TAM
237 111 398 141 URRAN.
417 110 542 148 QUAM
569 109 737 140 Rus'ric.
1197 90 1268 138 119

117 220 208 263 dam,
235 231 281 255 an
305 230 408 272 agere
432 218 545 264 possit
568 229 611 253 ex
635 217 795 259 vendito,
827 221 868 252 ut
892 222 1029 263 emptor
1054 216 1201 253 servitu-

117 270 186 301 tem
211 266 342 310 impom
365 265 523 310 patiatur
546 263 692 308 praedio
714 262 809 307 quod
830 268 1008 298 mercatus
1030 267 1100 298 est:
1128 272 1201 297 ma-

116 312 238 355 gisque
270 315 374 355 putat
404 308 678 354 permittendum
701 318 814 352 agere.
853 308 1016 353 idemque
1040 309 1089 342 ait
1114 313 1150 342 et
1173 307 1204 342 si

116 357 230 400 possit
253 355 413 390 venditor
430 353 522 388 Titio
548 353 752 388 servitutem
776 353 937 395 vendere,
963 364 1075 398 aeque
1100 362 1203 396 agere

117 400 396 445 permittendum.
434 399 522 432 haee
546 398 597 432 ita
621 398 770 439 demum,
796 398 826 432 si
850 399 1075 443 recipiendae
1094 397 1201 433 servi-

116 446 202 480 tutis
226 445 339 490 gratia
362 444 398 478 id
421 444 457 477 in
481 443 671 478 traditione
703 453 907 487 expressum
941 448 1010 479 est:
1046 448 1203 478 ceterum

117 491 146 525 si
178 491 273 535 quis,
305 489 437 533 inquit,
472 489 621 530 veritus,
654 498 699 523 ne
724 488 873 523 servitus
899 489 992 523 Titio
1018 489 1200 530 debeatur,

116 536 193 570 ideo
218 535 286 570 1100
311 534 460 578 excepit,
485 544 557 568 non
582 533 648 568 erit
668 544 710 568 ex
730 533 870 568 vendito
889 534 994 576 actio,
1020 535 1050 569 si
1068 534 1202 568 nullam

118 580 318 615 servitutem
342 579 513 623 promisit.

163 623 185 661 7
213 624 369 659 Patmos
390 624 480 659 libro
505 624 629 668 quinto
654 623 703 658 ad
725 623 899 659 Sabinum
947 624 988 658 In
1019 622 1201 658 tradendis

115 670 194 704 unis
219 670 366 704 aedibus
391 669 435 703 ab
461 679 523 710 eo,
557 668 616 713 qui
641 668 742 703 binas
767 669 895 710 habet,
931 669 1067 713 species
1093 668 1200 703 servi-

114 715 199 750 tutis
225 714 451 759 exprimenda
477 717 548 755 est,
581 723 644 756 ne,
677 714 707 748 si
737 714 948 758 generaliter
973 714 1103 749 servire
1127 713 1199 747 dic-

114 764 188 794 tum
213 760 297 801 erit,
331 763 394 794 aut
417 759 503 793 nihil
527 759 663 800 valeat,
697 759 780 803 quia
803 759 978 794 incertum
1010 760 1075 800 sit,
1111 768 1201 803 quae

114 806 261 840 servitus
294 809 443 849 excepta
476 804 541 846 sit,
575 808 638 838 aut
670 804 783 839 omnis
809 804 958 839 servitus
983 804 1116 848 imponi
1142 803 1199 837 de-

116 854 130 884 1
181 851 276 885 beat.
313 849 534 894 Interpositis
560 859 699 894 quoque
724 849 848 884 alienis
873 849 1043 884 aedibus¹
1067 848 1201 892 imponi

114 899 249 940 potest,
283 895 390 930 veluti
421 899 461 929 ut
492 895 598 929 altius
622 894 746 929 tollere
770 895 825 929 vel
849 905 921 929 non
945 895 1072 929 tollere
1095 893 1202 928 liceat

113 941 166 975 vel
191 941 351 975 etiamsi2
375 940 442 975 iter
466 940 648 982 debeatur,
673 944 713 974 ut
737 940 787 974 ita
812 940 1049 982 convalescat,
1075 939 1105 974 si
1128 949 1199 973 me-

113 985 180 1020 diis
211 985 357 1020 aedibus
390 986 538 1020 servitus
572 988 698 1029 postea
730 985 896 1030 imposita
927 985 1053 1019 fuerit:
1096 984 1200 1018 sicuti

113 1041 177 1076 per
207 1031 358 1075 plurium
389 1030 535 1075 praedia
570 1030 718 1065 servitus
750 1031 883 1074 imponi
916 1031 1021 1065 etiam
1055 1029 1200 1064 diversis

114 1076 329 1120 temporibus
361 1079 490 1120 potest.
540 1086 753 1120 quamquam
786 1075 854 1110 dici
886 1079 1023 1120 potest,
1061 1075 1091 1110 si
1132 1075 1201 1109 tria

113 1121 259 1165 praedia
290 1121 459 1156 continua
483 1121 633 1155 habeam
659 1124 694 1156 et
718 1124 912 1155 extremum
936 1121 1001 1154 tibi
1025 1120 1165 1154 tradam
1175 1120 1199 1161 ³,

113 1166 166 1201 vel
190 1169 251 1201 tuo
276 1167 331 1201 vel
354 1166 440 1201 meis
464 1166 617 1210 praediis
638 1167 842 1200 servitutem
862 1166 1000 1210 adquiri
1021 1176 1145 1210 posse:
1171 1165 1200 1200 si

111 1221 192 1246 vero
214 1216 382 1253 extremo,
408 1211 502 1256 quod
522 1211 702 1253 retineam,
728 1211 833 1256 quia‘
858 1216 893 1246 et
914 1211 1065 1245 medium
1084 1220 1200 1245 meum

112 1256 168 1298 sit,
194 1256 397 1291 servitutem
422 1256 632 1297 consistere,
665 1256 727 1291 sed
752 1256 781 1290 si
805 1267 928 1291 rursus
961 1260 1024 1290 aut
1055 1255 1109 1297 id,
1143 1255 1200 1290 cui

112 1301 156 1336 ad
183 1301 289 1336 uisita
313 1302 359 1336 sit
383 1302 552 1343 servitus,
578 1306 641 1336 aut
665 1301 819 1336 medium
844 1302 1063 1343 alienavero,
1089 1301 1196 1335 inter-

112 1357 156 1391 pe
183 1347 236 1381 ari
272 1348 391 1389 eam⁵,
429 1347 542 1381 donec
574 1346 689 1382 medio
722 1347 866 1391 praedio
903 1347 1053 1381 servitus
1085 1346 1198 1390 impo-

114 1396 227 1426 natur.

158 1434 182 1474 8
208 1436 437 1472 POMPONIUS
458 1437 548 1471 libro
580 1440 704 1472 octavo
737 1436 787 1472 ad
811 1436 985 1472 Sabinum
1034 1436 1082 1478 Si,
1119 1447 1199 1471 cum

113 1483 201 1518 duas
225 1482 392 1517 haberem
415 1482 569 1524 insulas,
604 1482 742 1517 duobus
775 1482 897 1517 eodem
922 1486 1099 1516 momento
1125 1485 1197 1515 tra-

113 1528 247 1569 didero,
272 1527 460 1562 videndum
485 1531 557 1569 est,
583 1537 630 1562 an
654 1528 804 1562 servitus
829 1527 1010 1562 alterutris
1035 1527 1200 1571 imposita

111 1573 245 1614 valeat,
279 1572 362 1617 quia
393 1572 516 1607 alienis
549 1573 688 1617 quidem
713 1573 860 1607 aedibus
885 1583 951 1607 nec
975 1573 1109 1617 imponi
1133 1582 1198 1607 nec

112 1618 250 1662 adquiri
271 1618 421 1652 servitus
441 1622 569 1662 potest.
606 1617 667 1652 sed
680 1622 764 1654 ante
776 1618 1003 1653 traditionem
1016 1622 1198 1662 peractam

112 1663 186 1698 suis
210 1663 320 1707 magis
345 1663 500 1708 adquirit
523 1663 577 1698 vel
600 1663 749 1708 imponit
772 1663 802 1698 is
827 1664 886 1708 qui
910 1663 1020 1698 tradit
1050 1663 1199 1707 ideoque

111 1708 240 1743 valebit
264 1709 424 1743 servitus.

157 1751 181 1790 9
215 1753 321 1787 IDEM
351 1753 443 1789 libro
476 1753 612 1788 decimo
646 1753 696 1788 ad
729 1752 902 1789 Sabinum
950 1753 987 1788 Si
1012 1753 1063 1795 ei,
1098 1753 1198 1787 cuius

112 1798 293 1842 praedium
317 1798 401 1833 mihi
425 1798 617 1840 serviebat,
642 1799 745 1834 heres
771 1799 912 1833 exstitiss
937 1802 972 1833 et
996 1809 1073 1833 eam
1097 1799 1198 1833 here-

111 1844 257 1878 ditatem
280 1844 345 1878 tibi
368 1844 518 1886 vendidi,
543 1844 683 1879 restitui
703 1845 739 1878 in
761 1845 947 1889 pristinum
970 1848 1103 1878 statum
1124 1854 1197 1878 ser-

111 1889 202 1923 vitus
227 1889 343 1930 debet,
369 1889 451 1933 quia
474 1889 510 1923 id
531 1890 657 1934 agitur,
682 1893 722 1923 ut
742 1890 843 1934 quasi
864 1893 903 1924 tu
923 1889 1026 1924 heres
1047 1889 1198 1923 videaris

112 1934 300 1969 exstitisse.

161 1978 209 2016 10
242 1979 435 2014 ULPJANUS
456 1979 547 2013 libro
573 1979 707 2014 decimo
733 1979 781 2014 ad
805 1978 977 2015 Sabinum
1021 1979 1199 2024 Quidquid

110 2024 271 2059 venditor
294 2024 472 2059 servitutis
498 2025 638 2058 nomine
663 2024 729 2059 sibi
747 2025 906 2069 recipere
926 2025 1010 2066 vult,
1037 2026 1197 2059 nomina-

111 2069 174 2103 tim
197 2069 307 2113 recipi
331 2072 490 2113 oportet:
525 2080 606 2104 nam
634 2070 694 2103 illa
720 2070 895 2114 generalis
923 2070 1080 2115 receptio
1108 2070 1196 2114 ‘qui-

111 2115 177 2149 bus
204 2118 258 2149 est
289 2114 438 2149 servitus
472 2114 593 2159 utique
625 2115 696 2149 est’
733 2115 778 2149 ad
812 2119 998 2150 extraneos
1033 2116 1197 2160 pertinet,

111 2159 179 2203 ipsi
200 2159 286 2193 nihil
308 2159 480 2204 prospicit
498 2159 670 2194 venditori
691 2160 737 2194 acl
757 2161 835 2194 iura
847 2161 922 2195 eius
937 2161 1196 2195 conservanda:

112 2205 209 2238 nulla
233 2204 324 2239 enim
356 2205 499 2247 habuit,
537 2205 619 2249 quia
651 2215 752 2239 nemo
786 2206 795 2239 i
823 2216 862 2240 se
895 2206 962 2240 sibi
994 2206 1198 2240 servitutem

111 2250 232 2284 debet:
267 2250 350 2294 quin
383 2250 487 2284 immo
523 2255 558 2285 et
589 2250 619 2285 si
644 2250 763 2284 debita
803 2251 854 2285 uit
879 2251 1046 2293 servitus,
1073 2251 1199 2286 deinde

112 2295 301 2330 dominium
331 2295 380 2329 rei
400 2295 582 2330 servientis
603 2296 761 2340 pervenit
782 2296 828 2330 ad
848 2306 914 2338 me,
941 2300 1199 2340 consequenter

113 2340 242 2374 dicitur
267 2340 422 2384 extingui
447 2341 660 2375 servitutem.

161 2383 207 2421 11
236 2385 463 2420 POMPONIUS
485 2386 574 2420 libro
601 2386 808 2431 triyensimo
831 2387 934 2420 tertio
956 2386 1005 2421 ad
1024 2386 1197 2421 Sabinum

112 2429 328 2465 Refectionis
352 2431 467 2475 gratia
491 2431 684 2466 accedendi
716 2431 763 2465 ad
795 2441 836 2465 ea
867 2431 967 2473 loca,
1002 2442 1092 2476 quae
1126 2443 1197 2466 non

111 2476 275 2517 serviant,
300 2475 453 2510 facultas
477 2476 611 2510 tributa
636 2479 689 2511 est
712 2476 785 2518 his,
811 2477 938 2520 quibus
963 2477 1112 2522 servitus
1138 2477 1197 2511 dc-

112 2521 234 2563 betur,
268 2531 338 2565 qua
369 2524 488 2555 tamen
521 2521 689 2556 accedere
721 2522 770 2556 eis
796 2522 842 2555 sit
866 2532 1030 2563 necesse,
1064 2522 1130 2556 nisi
1162 2522 1198 2556 in

112 2566 270 2600 cessione
306 2566 483 2600 servitutis
519 2567 725 2600 nominatim
784 2566 983 2601 raefinitum
1020 2567 1084 2609 sit,
1129 2578 1198 2611 qua

113 2611 358 2645 accederetur:
393 2615 428 2645 et
452 2611 529 2646 ideo
555 2622 619 2646 nec
644 2621 753 2646 secun
782 2623 838 2645 um
863 2612 974 2646 rivum
999 2623 1064 2646 nec
1090 2623 1198 2656 supra

112 2666 190 2690 eum
216 2656 258 2696 (si
282 2655 374 2691 forte
398 2656 464 2690 sub
489 2660 585 2691 terra
610 2667 703 2701 aqua
727 2656 889 2694 ducatur)
916 2657 1034 2691 locum
1059 2657 1196 2701 religio-

112 2711 189 2735 sum
214 2701 376 2735 dominus
401 2701 466 2736 soli
490 2701 609 2736 facere
633 2705 760 2746 potest,
787 2711 831 2735 ne
855 2702 1003 2736 servitus
1028 2702 1196 2736 intereat:

112 2750 147 2780 et
169 2745 205 2780 id
228 2756 348 2780 verum
369 2750 432 2781 est.
468 2747 531 2782 sed
553 2751 587 2781 et
609 2747 858 2791 depressurum
881 2747 934 2781 vel
955 2747 1198 2782 adlevaturum

114 2791 236 2832 rivum,
260 2801 323 2835 per
347 2802 448 2836 quem
473 2802 601 2836 aquam
625 2792 701 2826 iure
719 2792 800 2826 duci
817 2795 1030 2836 potestatem
1047 2793 1157 2826 habes
1173 2794 1197 2834 ⁷,

116 2839 128 2870 1
179 2836 247 2870 nisi
271 2836 300 2870 si
324 2847 369 2871 ne
393 2836 428 2871 id
451 2836 588 2871 faceres
615 2841 760 2872 cautum
784 2837 839 2871 sit.
878 2836 916 2871 Si
940 2848 1050 2881 prope
1074 2838 1198 2871 tuum⁸

112 2881 259 2915 fundum
283 2881 336 2915 ius
363 2886 416 2916 est
439 2882 523 2916 mihi
542 2892 671 2926 aquam
691 2882 762 2916 rivo
785 2882 926 2923 ducere,
950 2883 1086 2916 tacitas>
1109 2882 1198 2916 haec

111 2926 190 2960 iura
226 2930 440 2970 sequuntur,
477 2931 517 2961 ut
551 2927 697 2962 reficere
732 2927 816 2961 mihi
852 2927 963 2961 rivum
997 2927 1122 2969 liceat,
1159 2932 1199 2961 ut

112 2970 228 3012 adire,
255 2981 325 3015 qua
349 2971 508 3015 proxime
531 2973 683 3016 possim,
708 2972 753 3006 ad
776 2971 1006 3006 reficiendum
1031 2982 1109 3006 eum
1135 2983 1196 3016 ego

113 3015 276 3059 fabrique
300 3016 385 3057 mei,
418 3017 501 3051 item
533 3021 573 3051 ut
596 3017 751 3062 spatium
774 3017 952 3061 relinquat
976 3017 1061 3051 mihi
1086 3017 1196 3051 domi-

113 3071 178 3094 nus
205 3060 324 3103 fundi,
359 3072 429 3105 qua
444 3063 470 3082 ¹⁰
495 3061 621 3096 dextra
645 3066 680 3097 et
703 3062 846 3096 sinistra
870 3062 915 3096 ad
939 3063 1051 3096 rivum
1075 3062 1198 3096 adeam

113 3110 148 3140 et
171 3116 240 3157 quo
266 3109 396 3140 terram
419 3107 539 3141 limum
563 3107 716 3151 lapidem
739 3108 909 3141 harenam
930 3108 1062 3142 calcem
1082 3107 1198 3142 iacere

138 3161 256 3184 osslm.

113 3161 135 3195 p
162 3193 211 3231 12
239 3195 293 3230 ΡΑ
302 3206 344 3230 Ul.
352 3206 395 3231 ΗΒ
411 3196 501 3231 libro
523 3197 648 3242 quinto
667 3197 802 3232 decimo
823 3197 872 3232 ad
890 3197 1062 3233 Sabinum
1111 3197 1198 3231 Cum

115 3239 246 3275 fundus
270 3240 381 3275 fundo
407 3242 523 3283 servit,
547 3242 688 3277 vendito
715 3253 854 3287 quoque
877 3242 987 3276 fundo
1014 3243 1198 3277 servitutes

115 3289 318 3363 sequuntur.
356 3286 518 3321 aedificia
543 3297 683 3331 quoque
706 3286 825 3322 fundis
850 3291 886 3322 et
906 3287 1007 3322 fundi
1028 3287 1198 3322 aedificiis

118 3339 157 3363 ea
183 3339 236 3364 em
260 3330 466 3366 condicione
490 3332 655 3366 serviunt.

164 3371 213 3410 13
245 3374 438 3410 ULPIANUS
448 3376 537 3412 libro
549 3382 653 3411 sexto
666 3378 875 3423 opinionum
912 3377 1084 3412 Venditor
1097 3377 1198 3411 fundi

117 3533 154 3570 (ι)
169 3531 311 3563 servitus
325 3533 384 3566 ins.
398 3534 548 3577 Krueyer
607 3538 649 3572 (2)
664 3535 764 3566 etiam
775 3535 823 3566 sic
837 3547 897 3567 scr.
970 3536 1011 3575 (3)
1031 3535 1155 3566 tradem
1169 3535 1202 3566 F

118 3577 159 3616 (4)
185 3576 278 3618 quia]
292 3577 451 3617 quamdiu
462 3591 523 3611 scr.
647 3580 689 3620 (5)
715 3590 787 3611 eum
803 3580 836 3611 F
957 3581 1000 3620 (6)
1027 3580 1158 3611 exstitit
1170 3580 1203 3611 F

117 3622 159 3661 (Ἰ)
184 3621 262 3653 duci
283 3624 478 3662 potestatem
497 3622 611 3663 habes]
632 3626 679 3657 sic
690 3625 724 3656 F
739 3632 768 3657 et
779 3626 834 3657 vix
847 3625 942 3657 aliter
958 3624 1087 3663 Graeci,
1102 3625 1196 3655 ducis

117 3669 316 3706 potestatem
330 3667 431 3698 habes
445 3667 557 3709 S,suit
570 3668 664 3700 ducis
852 3671 895 3709 (S)
921 3681 1024 3710 prope
1040 3673 1132 3700 tuum
1148 3668 1197 3700 F‘—'

118 3721 186 3743 cum
200 3711 244 3753 B,
259 3721 318 3752 per
332 3715 425 3743 tuum
439 3712 466 3744 S
477 3719 569 3755 recte,
584 3716 784 3755 perpetuum
797 3715 830 3746 F
840 3714 847 3734 ¹
937 3717 980 3758 (9)
1007 3714 1109 3746 tacite
1124 3715 1194 3747 edd.

2206 95 2307 136 VIII
2336 99 2361 136 4

1273 216 1465 251 Geroniani
1488 216 1599 252 fundo
1625 216 1795 252 Botriano
1811 219 1855 259 ¹¹,
1889 227 1993 262 quem
2025 217 2219 258 retinebat,
2253 217 2365 261 legem

1273 261 1431 304 dederat,
1466 273 1511 297 ne
1544 266 1670 296 contra
1703 272 1782 296 eum
1807 262 1956 306 piscatio
1981 262 2173 308 thynnaria
2197 272 2363 296 exercea-

1272 312 1340 341 tur.
1377 307 1535 352 quamvis
1560 306 1658 349 mari,
1685 307 1780 351 quod
1804 312 1933 342 natura
1957 308 2122 342 omnibus
2146 310 2264 352 patet,
2290 317 2363 341 ser-

1272 352 1363 387 vitus
1399 353 1534 397 imponi
1569 352 1708 397 privata
1744 352 1819 395 lege
1851 363 1922 386 non
1953 357 2091 397 potest,
2128 353 2211 397 quia
2246 356 2363 387 tamen

1272 397 1367 431 bona
1391 397 1479 432 fides
1512 401 1718 433 contractus
1750 397 1861 441 legem
1894 398 2026 432 servari
2060 397 2269 432 venditionis
2303 407 2363 431 ex-

1272 443 1399 486 poscit,
1425 452 1601 487 personae
1625 442 1882 487 possidentium
1907 446 1970 476 aut
1993 443 2030 476 in
2053 443 2107 477 ius
2134 453 2256 477 eorum
2281 453 2362 477 suc-

1273 487 1472 522 cedentium
1493 499 1556 533 per
1576 487 1816 531 stipulationis
1837 487 1893 521 vel
1912 487 2121 522 venditionis
2142 488 2253 532 legem
2275 487 2364 522 obli-

1275 535 1288 566 1
1340 537 1479 576 gantur.
1530 532 1566 567 Si
1592 536 1734 567 constat
1757 533 1794 566 in
1819 536 1880 567 tuo
1914 543 1997 576 agro
2030 533 2239 577 lapidicinas
2274 543 2362 574 esse,

1272 577 1379 612 invito
1415 582 1450 613 te
1481 588 1547 613 nec
1578 577 1717 622 privato
1753 588 1819 612 nec
1843 577 1985 621 publico
2012 578 2152 612 nomine
2177 578 2365 623 quisquam

1270 623 1423 666 lapidem
1449 623 1598 658 caedere
1622 626 1761 667 potest,
1797 623 1854 657 cui
1877 622 1914 656 id
1938 622 2091 657 faciendi
2115 623 2170 658 ius
2194 634 2266 658 non
2291 627 2363 658 est:

1271 668 1339 701 nisi
1364 668 1447 703 talis
1474 667 1694 703 consuetudo
1718 668 1755 702 in
1779 667 1847 702 illis
1872 667 2070 712 lapidicinis
2098 669 2290 710 consistat,
2325 672 2365 703 ut

1272 713 1302 747 si
1327 713 1404 757 quis
1429 714 1579 748 voluerit
1604 723 1647 748 ex
1670 713 1725 747 his
1751 713 1910 754 caedere,
1936 724 2007 747 non
2032 713 2135 747 aliter
2152 714 2220 748 hoc
2241 713 2364 755 faciat,

1273 757 1341 793 nisi
1374 758 1473 802 prius
1507 759 1650 793 solitum
1674 758 1847 793 solacium
1862 758 1888 778 ¹²
1909 768 1976 837 pro
2002 758 2070 793 hoc
2095 758 2234 792 domino
2260 769 2363 803 prae-

1271 806 1359 837 stat:
1386 803 1437 837 ita
1450 808 1569 838 tamen
1580 803 1716 847 lapides
1739 803 1887 838 caedere
1934 803 2025 845 ebet,
2047 807 2237 847 postquam
2259 805 2363 838 satis-

1270 848 1382 882 faciat
1407 848 1561 891 domino,
1586 853 1626 883 ut
1649 858 1763 893 neque
1786 859 1873 883 usus
1895 848 2087 883 necessarii
2107 848 2234 892 lapidis
2256 849 2362 883 inter-

1272 893 1438 928 cludatur
1459 904 1573 938 neque
1594 893 1825 928 commoditas
1847 893 1898 928 rei
1917 893 1994 928 iure
2015 893 2154 928 domino
2175 893 2362 928 adimatur.

1321 937 1371 974 14
1397 938 1590 974 IULIANUS
1619 939 1710 974 libro
1737 939 2042 984 quadraqensz'mo
2061 939 2184 984 primo
2209 939 2363 984 dz‘qesto-

1270 994 1350 1018 rum
1398 984 1470 1018 Iter
1490 984 1577 1018 nihil
1597 984 1764 1029 prohibet
1785 984 1836 1019 sic
1850 983 2029 1026 constitui,
2050 987 2091 1018 ut
2112 984 2189 1028 quis
2210 984 2363 1019 interdiu

1271 1028 1457 1063 dumtaxat
1482 1033 1559 1064 eat:
1586 1029 1682 1074 quod
1706 1028 1780 1064 fere
1804 1029 1901 1064 circa
1925 1029 2071 1073 praedia
2094 1029 2233 1063 urbana
2259 1029 2362 1063 etiam

1272 1074 1513 1109 necessarium
1538 1078 1602 1109 est.

1321 1118 1369 1155 15
1397 1119 1556 1155 PAULUS
1577 1120 1668 1155 libro
1687 1120 1810 1165 primo
1835 1120 2073 1165 epieomarum
2097 1119 2225 1165 Alfeni
2247 1119 2362 1165 0¹2·qu-

1270 1168 1387 1199 torum
1436 1164 1503 1208 Qui
1526 1175 1590 1210 per
1615 1165 1792 1199 certum¹³
1815 1165 1934 1200 locum
1958 1165 2026 1199 iter
2050 1169 2112 1199 aut
2147 1168 2267 1199 aetum
2300 1165 2363 1199 ali-

1271 1210 1328 1244 cui
1363 1210 1547 1252 cessisset,
1581 1220 1661 1245 eum
1692 1210 1853 1255 pluribus
1887 1220 1951 1255 per
1985 1210 2134 1244 eundem
2169 1210 2286 1244 locum
2310 1210 2364 1245 vel

1269 1255 1335 1289 iter
1359 1255 1413 1290 vel
1438 1259 1559 1290 actum
1584 1256 1709 1290 cedere
1743 1266 1849 1300 posse
1881 1266 2001 1290 verum
2033 1258 2101 1290 est:
2137 1255 2363 1299 quemadmo-

1271 1300 1355 1334 dum
1380 1301 1410 1334 si
1435 1301 1512 1345 quis
1537 1300 1653 1336 vicino
1679 1311 1762 1335 suas
1788 1300 1894 1336 aedes
1919 1311 2038 1335 servas
2064 1300 2228 1342 fecisset,
2254 1301 2362 1335 nihilo

1269 1346 1384 1380 minus
1410 1346 1488 1380 aliis
1512 1350 1599 1391 quot
1622 1346 1726 1381 vellet
1749 1346 1869 1381 multis
1894 1356 1954 1381 eas
1975 1346 2080 1380 aedes
2101 1356 2222 1380 servas
2244 1345 2364 1381 facere

1269 1394 1398 1435 potest.

1319 1433 1411 1473 16¹⁴
1448 1437 1570 1472 GAIUS
1606 1437 1697 1472 libro
1737 1436 1895 1471 secundo
1929 1447 2048 1471 rerum
2083 1437 2362 1472 cottidianarum

1269 1482 1342 1516 sive
1365 1492 1559 1516 aureorum
1607 1482 1731 1517 Potest
1764 1482 1871 1516 etiam
1895 1482 1931 1516 in
1955 1485 2168 1517 testamento
2195 1481 2361 1517 heredem

1269 1537 1372 1561 suum
1397 1527 1474 1571 quis
1500 1527 1691 1568 damnare,
1724 1537 1770 1561 ne
1794 1528 1899 1562 altius
1924 1527 2031 1562 aedes
2056 1537 2140 1562 suas
2164 1527 2285 1569 tollat,
2319 1537 2363 1562 ne

1269 1571 1461 1606 luminibus
1486 1573 1626 1607 aedium
1650 1572 1886 1607 vicinarum¹5
1910 1571 2064 1614 officiat,
2097 1572 2151 1607 vel
2183 1577 2223 1607 ut
2246 1573 2361 1616 patia—

1269 1621 1328 1651 tur
1354 1627 1434 1651 eum
1458 1617 1593 1662 tignum
1617 1618 1653 1652 in
1678 1618 1850 1663 parietem
1875 1617 2081 1659 immittere,
2106 1618 2160 1652 vel
2185 1617 2363 1652 stillicidia

1269 1662 1438 1697 adversus
1465 1673 1544 1697 eum
1577 1663 1728 1705 habere,
1763 1663 1818 1698 vel
1851 1666 1890 1697 ut
1922 1663 2080 1707 patiatur
2113 1663 2267 1698 vicinum
2299 1674 2363 1708 per

1269 1707 1418 1787 (flundum
1450 1718 1553 1743 suum
1583 1709 1638 1743 vel
1667 1708 1809 1743 heredis
1841 1708 1892 1742 ire
1925 1718 2029 1753 agere
2053 1718 2227 1753 aquamve
2252 1719 2295 1743 ex
2320 1719 2361 1743 eo

1293 1763 1410 1787 ucere.

1319 1795 1366 1834 17
1393 1798 1640 1833 PAPJNJANUS
1657 1798 1748 1833 libro
1761 1799 1912 1844 septimo
1926 1799 2175 1843 quaestionum
2223 1798 2260 1833 Si
2281 1809 2360 1850 pre-

1270 1843 1366 1878 cario
1403 1843 1539 1878 vicinus
1576 1843 1612 1877 in
1649 1847 1710 1878 tuo
1748 1844 1939 1879 maceriam
1975 1843 2136 1885 duxerit,
2172 1844 2361 1878 interdicto

1269 1888 1376 1933 ‘quod
1400 1889 1561 1933 precario
1587 1889 1706 1923 habet'
1733 1889 1788 1933 agi
1821 1900 1893 1923 non
1925 1889 2074 1933 poterit,
2108 1899 2173 1924 nec
2207 1889 2362 1924 maceria

1268 1934 1384 1978 posita
1409 1934 1554 1969 donatio
1580 1934 1756 1969 servitutis
1778 1934 1939 1979 perfecta
1955 1934 2179 1979 intellegitur,
2206 1944 2271 1968 nec
2292 1935 2360 1968 uti-

1268 1979 1347 2013 liter
1380 1979 1586 2014 intendetur
1620 1979 1675 2014 ius
1712 1979 1779 2014 sibi
1814 1990 1891 2014 esse
1924 1979 2033 2014 invito
2067 1983 2102 2014 te
2135 1979 2361 2014 aedificatum

1267 2025 1411 2066 habere,
1438 2035 1518 2059 cum
1542 2024 1743 2059 aedificium
1768 2025 1834 2059 soli
1859 2024 2103 2060 condicionem
2124 2029 2286 2060 secutum
2307 2025 2359 2059 in-

1267 2069 1388 2104 utilem
1411 2069 1523 2104 faciat
1546 2070 1788 2105 intentionem.
1826 2074 1984 2105 ceterum
2015 2070 2045 2105 si
2077 2070 2113 2104 in
2146 2080 2211 2105 suo
2244 2080 2360 2105 mace-

1268 2115 1355 2149 riam
1388 2115 1570 2159 precario,
1612 2115 1672 2159 qui
1704 2115 1907 2150 servitutem
1940 2115 2004 2149 tibi
2036 2114 2176 2157 debuit,
2209 2115 2359 2156 duxerit,

1268 2169 1382 2204 neque
1413 2160 1559 2195 libertas
1590 2161 1822 2205 usucapietur
1854 2164 1889 2195 et
1920 2160 2108 2195 interdicto
2142 2161 2250 2205 ‘quod
2281 2171 2358 2205 pre-

1269 2205 1365 2240 cario
1391 2205 1509 2240 habet'
1535 2206 1667 2240 utiliter
1693 2217 1772 2240 cum
1797 2216 1837 2240 eo
1864 2210 1997 2250 agetur.
2060 2205 2156 2250 quod
2187 2206 2217 2240 si
2249 2205 2359 2240 dona-

1268 2250 1374 2285 tionis
1389 2260 1498 2285 causa
1537 2251 1722 2292 ermiseris‚
1746 2255 1780 2285 et
1800 2251 1989 2285 interdicto
2011 2261 2115 2295 agere
2134 2261 2205 2286 non
2228 2252 2359 2296 poteris

1269 2300 1304 2330 et
1327 2296 1477 2330 servitus
1527 2296 1696 2331 onatione
1720 2297 1867 2331 tollitur.

1319 2338 1367 2377 18
1394 2340 1450 2375 ΡΑ
1459 2350 1554 2376 ULUS
1572 2341 1663 2376 libro
1671 2342 1794 2387 primo
1807 2342 2029 2376 manualium
2076 2341 2273 2385 Receptum
2295 2345 2358 2383 est,

1268 2390 1308 2420 ut
1332 2386 1451 2430 plures
1477 2386 1610 2421 domini
1635 2390 1670 2421 et
1702 2397 1774 2421 non
1806 2387 1941 2431 pariter
1974 2386 2140 2421 cedentes
2172 2387 2359 2421 servitutes

1267 2431 1452 2475 imponant
1475 2431 1530 2466 vel
1554 2431 1754 2476 adquirant,
1780 2436 1820 2466 ut
1844 2435 1963 2466 tamen
1989 2442 2031 2466 ex
2056 2431 2248 2466 novissimo
2274 2435 2359 2466 actu

1268 2477 1374 2510 etiam
1399 2477 1600 2521 superiores
1626 2477 1879 2511 confirmentur
1904 2477 2118 2521 perindeque
2151 2477 2217 2517 sit,
2253 2480 2360 2521 atque

1267 2522 1297 2556 si
1322 2521 1445 2556 eodem
1469 2525 1628 2566 tempore
1653 2533 1774 2557 omnes
1800 2522 1999 2557 cessissent.
2037 2526 2070 2556 et
2095 2521 2174 2556 ideo
2199 2521 2230 2556 si
2249 2522 2278 2556 is
2299 2522 2359 2566 qui

1268 2567 1402 2610 primus
1436 2567 1545 2602 cessit
1575 2567 1630 2602 vel
1654 2567 1844 2602 defunctus
1870 2567 1916 2601 sit
1940 2567 1994 2600 vel
2018 2567 2087 2601 alio
2112 2568 2281 2611 genere¹ss
2305 2568 2358 2602 vel

1268 2612 1336 2646 alio
1362 2612 1466 2646 modo
1491 2616 1628 2656 partem
1653 2623 1753 2646 suam
1778 2612 2002 2653 alienaverit,
2036 2616 2117 2656 post
2150 2612 2276 2647 deinde
2300 2623 2356 2647 so-

1269 2657 1344 2691 cius
1370 2658 1525 2699 cesserit,
1552 2657 1638 2691 nihil
1663 2661 1804 2701 agetur:
1840 2668 1919 2692 cum
1952 2657 2042 2691 enim
2074 2660 2273 2701 postremus
2300 2668 2356 2692 ce-

1268 2702 1348 2743 dat,
1373 2713 1446 2736 non
1470 2706 1564 2737 retro
1591 2702 1729 2746 adquiri
1753 2702 1903 2737 servitus
1927 2701 2084 2744 videtur,
2117 2701 2181 2737 sed
2212 2703 2358 2747 perinde

1268 2747 1438 2788 habetur,
1476 2751 1582 2791 atque
1606 2747 1636 2781 si
1651 2749 1695 2788 ¹⁷,
1730 2758 1809 2781 cum
1841 2750 2041 2792 postremus
2074 2747 2197 2789 cedat,
2235 2758 2357 2783 omnes

1269 2792 1476 2826 cessissent:
1510 2792 1615 2836 igitur
1640 2803 1763 2826 rursus
1797 2792 1854 2827 hic
1887 2796 1989 2827 actus
2021 2792 2210 2836 pendebit,
2244 2793 2357 2828 (101100

1267 2847 1379 2871 novus
1413 2837 1530 2871 socius
1564 2837 1677 2871 cedat.
1714 2837 1807 2871 idem
1839 2837 1924 2872 iuris
1950 2841 2004 2872 est
2028 2842 2063 2872 et
2087 2838 2117 2872 si
2141 2839 2201 2872 uni
2227 2848 2270 2873 ex
2294 2838 2356 2873 do-

1267 2881 1368 2916 minis
1394 2881 1551 2923 cedatur,
1577 2882 1704 2917 deinde
1727 2882 1763 2916 in
1787 2893 1939 2926 persona
1963 2883 2051 2917 socii
2075 2883 2207 2927 aliquid
2230 2884 2355 2918 horum

1267 2926 1445 2961 acciderit.
1484 2937 1563 2970 ergo
1590 2932 1625 2961 et
1650 2937 1692 2961 ex
1724 2927 1860 2962 diverso
1892 2928 1922 2962 si
1954 2928 2004 2969 ei,
2042 2928 2101 2972 qui
2134 2939 2205 2963 non
2239 2929 2355 2968 cessit,

1268 2971 1398 3015 aliquid
1422 2971 1494 3005 tale
1519 2982 1638 3006 eorum
1664 2972 1871 3017 contigerit,
1903 2983 1946 3007 ex
1979 2973 2115 3017 integro
2149 2984 2271 3008 omnes
2298 2984 2354 3008 ce-

1268 3016 1351 3050 dere
1384 3016 1580 3051 debebunt:
1622 3021 1762 3051 tantum
1794 3018 1885 3052 enim
1917 3021 2056 3062 tempus
2090 3018 2139 3053 eis
2172 3018 2355 3054 remissum

1268 3065 1332 3102 est,
1358 3072 1426 3105 quo
1444 3062 1469 3081 ¹⁸
1493 3062 1578 3096 dare
1602 3061 1720 3097 facere
1744 3067 1912 3107 possunt,
1938 3063 1992 3098 vel
2017 3063 2162 3098 diversis
2187 3064 2353 3108 tempori-

1267 3107 1333 3141 bus
1366 3107 1524 3150 possint,
1559 3111 1593 3142 et
1624 3107 1703 3142 ideo
1736 3118 1807 3142 11011
1831 3112 1951 3152 potest
1974 3109 2078 3142 uni¹⁰
2102 3109 2156 3143 vel
2181 3120 2271 3143 unus
2298 3119 2353 3143 ce-

1268 3151 1361 3186 dere.
1399 3151 1563 3196 idemque
1587 3151 1773 3187 dicendum
1798 3157 1851 3187 est
1876 3157 1910 3188 et
1934 3153 1964 3187 si
1988 3154 2077 3188 alter
2110 3154 2232 3195 cedat,
2266 3155 2354 3188 alter

1267 3197 1358 3240 leget
1382 3196 1579 3231 servitutes.
1617 3207 1699 3232 nam
1724 3198 1753 3232 si
1778 3208 1899 3232 omnes
1925 3199 2012 3233 socii
2032 3199 2148 3242 legent
2168 3199 2353 3233 servitutes

1268 3246 1303 3275 et
1328 3241 1460 3285 pariter
1485 3252 1605 3277 eorum
1630 3242 1778 3278 adeatur
1802 3243 1998 3284 hereditas,
2035 3247 2152 3287 potest
2176 3243 2245 3277 dici
2269 3244 2353 3277 utile

1268 3296 1344 3320 esse
1368 3286 1540 3330 legatum:
1576 3288 1605 3322 si
1637 3287 1782 3322 diversis
1808 3289 2044 3333 temporibus,
2077 3288 2248 3322 inutiliter
2279 3288 2351 3322 dies

1267 3331 1373 3375 legati
1398 3331 1508 3366 cedit:
1534 3342 1600 3367 1100
1624 3333 1716 3367 enim
1741 3334 1833 3367 sicut
1856 3333 2056 3374 viventium,
2081 3332 2132 3367 ita
2150 3336 2185 3367 et
2204 3332 2350 3367 defunc-

1267 3380 1384 3410 torum
1408 3380 1511 3412 actus
1536 3378 1706 3422 suspendi
1729 3381 1911 3422 receptum
1935 3383 2000 3413 est.

1268 3534 1477 3568 cumGraecis
1547 3536 1606 3577 (10)
1633 3546 1698 3577 quo
1715 3536 1763 3567 F¹
1834 3537 1888 3576 (11)
1913 3535 2087 3567 botroiano
2103 3534 2150 3566 F¹
2214 3535 2270 3574 (12)
2297 3544 2348 3565 so-

1266 3579 1388 3610 larium
1401 3580 1476 3613 dett.
1571 3582 1628 3621 (13)
1653 3582 1701 3614 sic
1714 3582 1750 3623 S,
1765 3581 1848 3612 certi
1865 3580 1896 3611 F
2015 3581 2073 3620 (14)
2091 3581 2133 3617 cf.
2147 3579 2226 3611 [nst.
2242 3580 2273 3619 2,
2288 3586 2315 3619 3,
2331 3585 2346 3611 4

1267 3625 1325 3661 (15)
1351 3624 1537 3658 vinicarum
1551 3626 1586 3658 F
1704 3627 1761 3667 (16)
1789 3626 1824 3657 in
1838 3625 1926 3655 bona
1941 3624 2011 3655 eius
2025 3634 2213 3655 successum
2227 3624 2268 3654 sit
2289 3625 2347 3655 ins.

1267 3672 1324 3705 (Π)
1349 3673 1426 3710 post
1435 3673 1554 3712 posuit,
1568 3684 1640 3703 mox·
1653 3672 1770 3703 delevit
1782 3670 1834 3702 F¹
1962 3670 2021 3706 (18)
2048 3679 2169 3709 quo...
2181 3669 2245 3708 vel]
2260 3668 2349 3710 quod

1266 3713 1344 3745 dare
1357 3714 1464 3748 facere
1477 3719 1618 3760 possunt
1630 3718 1668 3747 ut
1680 3728 1741 3749 scr.
1836 3715 1895 3755 (19)
1922 3713 1995 3744 cedi
2010 3714 2069 3746 ins.
