2528 3918
199 115 492 160 xxxxvlm
525 120 588 162 14.
623 121 674 160 15

201 249 272 285 qua
304 238 440 276 fraudis
470 239 701 276 ministerium
732 250 836 276 susce
863 240 910 283 it,
943 239 1006 276 sed
1030 240 1181 275 alterum
1205 244 1283 276 tan·

201 288 220 319 2
268 288 343 319 tum
364 284 550 321 restituere
574 285 722 330 cogitur.
760 285 837 337 Quo
882 295 905 321 a
926 284 1090 331 praeside
1114 295 1177 321 scu
1201 296 1283 330 pro-

201 333 367 365 curatore
398 330 453 365 vel
484 330 643 382 quolibet
673 330 744 366 alio
775 341 812 365 ni
843 340 888 366 ea
918 330 1118 376 provincia,
1152 330 1188 364 in
1213 340 1284 374 qua

200 374 444 416 administrat,
475 375 559 410 licet
588 386 652 420 per
675 375 895 420 suppositam
926 386 1115 420 personum
1139 386 1283 420 compa-

199 423 315 455 ratum
345 423 417 462 est,
450 420 627 456 infirmato
660 423 849 455 contractu
881 420 1078 455 vindicatur
1109 423 1146 455 et
1177 420 1283 454 aesti-

200 464 307 500 matio
338 464 413 499 eius
446 464 532 500 fisco
564 464 733 500 infertur:
773 476 855 500 nam
886 470 922 501 et
946 475 1068 500 navem
1100 464 1137 499 in
1162 464 1285 500 eadem

200 508 400 555 provincia,
424 509 459 544 iii
485 519 555 564 qua
579 510 657 555 quis
682 510 924 552 administrat,
950 509 1139 545 aedificare
1162 509 1284 554 prohi-

200 558 219 589 3
246 557 266 589 4
313 554 428 607 betur.
477 554 605 590 Fiscus
630 565 769 607 semper
791 555 901 607 habet
924 555 978 590 ius
1003 553 1172 599 pignoris.
1217 553 1285 598 Qui

200 600 850 682 3⁰mtt¹323220¹25ffi338312¹½332ss2
886 599 1285 681 Uit‘iieissfflbfflfflffsz}

200 688 295 734 quod
326 688 435 724 fiscus
470 689 576 725 debet
606 694 875 736 compensetur,
908 699 1017 734 saepe
1053 689 1284 724 constitutum

199 738 269 770 est:
294 739 444 787 excepta
469 745 580 771 causa
604 735 816 771 tributoria¹
842 740 878 770 et
901 734 1176 779 stipendiorum,
1200 734 1283 769 item

199 779 314 824 pretio
346 789 399 814 roi
427 789 450 814 a
481 779 567 816 fisco
599 783 740 826 emptae
763 784 800 816 et
831 779 927 825 quod
958 789 1003 815 ex
1028 789 1138 814 causa
1172 789 1283 815 anno-

199 827 220 860 6
267 823 369 859 naria
407 824 568 860 debetur.
615 826 657 861 In
696 828 799 861 reatu
837 825 1051 860 constitutus
1089 824 1184 859 bona
1218 834 1285 859 sua

199 868 448 905 administrare
478 873 616 916 potest,
654 870 758 916 eique
790 869 931 906 debitor
962 874 1059 905 recte
1090 869 1185 905 bona
1216 869 1285 905 fide

199 918 217 949 7
268 914 384 950 solvit.
430 914 604 958 Actores,
637 916 697 960 qui
721 914 866 960 aliquod
890 915 1047 951 officium
1070 918 1216 959 gerunt,
1249 915 1284 949 in

199 959 302 995 bonis
342 969 434 1013 quae
474 959 678 996 distrahunt
714 964 966 1013 procuratores
997 960 1200 995 venundare
1231 959 1283 994 in-

199 1004 370 1041 consultis
389 1003 611 1051 principibus
628 1006 875 1051 prohibentur,
896 1009 942 1048 et,
963 1005 994 1040 si
1013 1009 1176 1046 veneant,
1202 1015 1284 1040 ven·

199 1051 220 1085 8
267 1049 353 1086 ditio
387 1050 504 1086 nullas
543 1050 636 1087 vires
676 1050 834 1086 habebit.
895 1050 1024 1086 Servus
1055 1049 1218 1086 Caesaris
1252 1050 1281 1084 si

200 1095 298 1131 iussn
322 1095 567 1140 procuratoris
591 1095 679 1130 adiit
702 1095 954 1138 hereditatem,
986 1094 1131 1131 Caesari
1154 1094 1286 1131 volenti

198 1143 219 1176 9
266 1140 433 1192 adquirit.
476 1140 513 1176 Si
537 1141 638 1176 multi
664 1140 750 1176 fisco
776 1140 938 1176 fraudem
963 1139 1124 1182 fecerint,
1150 1151 1222 1176 non
1247 1144 1286 1174 ut

200 1185 234 1220 in
265 1190 406 1221 actione
436 1184 523 1220 furti
556 1186 685 1230 singuli
717 1185 902 1228 solidum2,
935 1185 999 1221 sed
1033 1196 1153 1221 omues
1178 1185 1286 1221 semel

199 1230 389 1276 quadrupli
417 1241 569 1275 poenam
595 1241 666 1283 pro
696 1231 787 1265 virili
810 1231 975 1275 portione
1008 1230 1149 1266 debent.
1199 1240 1286 1266 sane

198 1286 264 1321 pro
290 1286 361 1311 non
384 1275 519 1311 idoneis
544 1286 604 1321 qui
628 1279 713 1310 sunt
736 1276 853 1311 idonei
878 1276 1147 1311 conveniuntur.

245 1318 297 1357 47
318 1320 375 1356 ΡΑ
383 1330 478 1356 υιυε
498 1321 588 1356 libro
601 1322 725 1367 primo
747 1321 970 1357 decretorum
1002 1321 1160 1356 Moschis
1177 1331 1284 1366 quae-

199 1365 290 1408 dam,
315 1365 393 1401 fisci
413 1365 566 1401 debitrix
589 1376 634 1401 ex
658 1366 894 1402 conductione
918 1365 1110 1417 vectigalis,
1137 1365 1286 1401 heredes

198 1411 392 1453 habuerat,
426 1421 448 1446 a
472 1411 601 1464 quibus
630 1415 714 1455 post
743 1411 877 1446 aditam
907 1411 1142 1447 hereditatem
1177 1411 1287 1446 Faria

199 1455 331 1492 Senilla
362 1460 397 1491 et
426 1456 487 1491 alii
511 1456 659 1501 praedia
690 1461 859 1492 emerant.
910 1467 991 1492 eum
1016 1456 1287 1492 convenirentur

198 1506 345 1554 propter
366 1501 562 1537 Moschidis
591 1501 729 1546 reliqua
752 1505 788 1537 et
812 1502 1004 1537 dicebant³
1034 1501 1183 1537 heredes
1206 1501 1286 1536 Mo-

200 1546 333 1582 schidis
357 1545 504 1582 idoneos
534 1556 613 1582 esse
645 1551 681 1582 et
713 1547 842 1583 multos
867 1547 956 1583 alios
981 1557 1025 1582 ex
1047 1546 1161 1582 isdem
1183 1546 1286 1582 bonis

198 1591 343 1634 emisse,
390 1601 542 1636 aequum
582 1591 721 1636 putavit
756 1591 951 1637 imperator
996 1591 1096 1637 prius
1136 1591 1286 1627 heredes

199 1636 399 1673 conveniri⁴
424 1636 554 1672 debere
564 1639 589 1679 ⁶,
613 1636 650 1671 in
674 1636 847 1682 reliquum
865 1647 1108 1682 possessorem
1129 1647 1285 1673 omnem:

202 1685 214 1716 1
266 1685 302 1718 et
333 1682 386 1717 ita
448 1682 677 1717 ronuntiavit.
733 1682 905 1718 Aemilius
939 1682 1168 1718 Ptolemaeus
1200 1692 1285 1717 con-

198 1726 349 1763 duxerat
372 1737 394 1762 a
458 1737 500 1763 eo
523 1727 786 1772 possessionem
805 1738 953 1773 eamque
976 1727 1150 1772 paulatim
1173 1727 1285 1773 pluri-

198 1772 266 1808 bus
295 1772 477 1808 locaverat
514 1772 649 1808 maiore
680 1773 880 1818 quantitate
910 1783 1017 1818 quain
1055 1773 1133 1818 ipse
1164 1783 1285 1808 susce-

197 1820 318 1863 perat:
361 1817 640 1853 conveniebatur
668 1828 690 1852 a
721 1818 1018 1863 procuratoribus
1050 1817 1217 1854 Caesaris
1249 1817 1286 1852 in

199 1873 276 1897 eam
300 1863 534 1908 quantitatem
582 1873 663 1898 uam
688 1863 764 1908 ipse
786 1864 997 1909 perciperet.
1033 1863 1103 1899 hoc
1126 1863 1286 1908 iniquum

198 1912 235 1944 et
257 1907 382 1943 inutile
405 1907 493 1944 fisco
517 1909 550 1943 vi
578 1908 714 1950 ebatur,
739 1912 780 1944 ut
798 1912 917 1944 tamen
941 1919 1007 1944 suo
1032 1908 1187 1954 periculo
1209 1908 1287 1953 ipse

198 1963 260 1989 eos
283 1953 413 1999 quibus
433 1953 614 1989 locaverat
634 1953 854 1989 conveniret:
877 1954 1030 1999 ideoque
1042 1954 1287 1999 pronuntiavit

199 1999 236 2034 in
260 2009 340 2034 eam
363 1998 475 2034 solam
495 1998 730 2044 quantitatem
750 2009 829 2034 euin
849 1999 1030 2035 conveniri
1049 1998 1190 2042 debere,
1216 2008 1287 2044 qua

199 2043 276 2090 ipse
299 2043 499 2080 conductor
522 2044 718 2080 exstiterat.

244 2084 298 2127 48
322 2088 428 2124 IDEM
449 2089 540 2125 libro
563 2089 720 2124 secundo
739 2088 964 2125 decretorum
996 2089 1130 2125 Statius
1154 2089 1286 2124 Florus

199 2138 413 2170 testamento
444 2133 578 2179 scripto
606 2134 748 2170 heredis
778 2134 834 2170 sui
856 2134 1017 2179 Pompeii
1047 2135 1180 2170 tacitae
1203 2134 1287 2169 fidei

200 2179 441 2222 commiserat,
473 2183 514 2214 ut
546 2189 617 2214 non
643 2179 799 2224 capienti
830 2179 982 2214 fundum
1007 2182 1042 2215 et
1065 2183 1200 2215 certam
1223 2190 1285 2225 pe-

200 2225 327 2263 suniae
350 2224 586 2270 quantitatem
610 2224 722 2269 daret,
747 2229 783 2260 et
807 2234 848 2260 eo
873 2225 1015 2261 nomine
1038 2224 1240 2261 cautionem
1265 2234 1287 2260 a

200 2270 369 2315 Pompeio
394 2269 486 2322 exigi
510 2273 699 2305 curaverat
722 2279 761 2306 se
784 2270 1032 2305 restituturum
1055 2280 1114 2312 ea,
1140 2279 1231 2314 quae
1255 2269 1287 2305 ei

200 2326 264 2361 per
282 2319 570 2361 praeceptionem
588 2314 745 2351 dederat.
781 2321 908 2361 postea
926 2315 1019 2350 idem
1037 2315 1167 2351 Florus
1187 2315 1286 2351 facto

199 2360 356 2396 seeundo
386 2363 601 2396 testamento
632 2363 669 2396 et
699 2360 823 2396 eodem
846 2360 1015 2406 Pompeio
1048 2364 1084 2396 et
1113 2360 1286 2396 Faustino

200 2405 392 2441 heredibus
433 2405 605 2441 institutis
649 2406 766 2442 nullas
810 2406 1081 2452 praeceptiones
1114 2405 1285 2451 Pompeio

200 2451 357 2487 dederat.
405 2451 496 2486 haec
519 2461 691 2496 persona,
724 2461 818 2496 quae
848 2452 1002 2496 capere⁶
1032 2461 1104 2486 non
1133 2454 1285 2496 poterat,

199 2506 238 2533 se
263 2496 451 2532 detulerat.
499 2496 655 2532 consulti
685 2496 918 2542 imperatores
941 2506 964 2532 a
994 2496 1287 2542 procuratoribus

199 2542 469 2588 rescripseram,
494 2541 524 2576 si
547 2552 620 2577 non
669 2541 859 2577 robaretur
875 2546 1050 2577 mutatam
1069 2541 1288 2577 voluntatem

200 2596 297 2629 esse,
327 2586 584 2632 praestandum
614 2586 639 2621 fi
666 2586 942 2622 eicommissum:
976 2591 1083 2632 atque
1106 2587 1158 2622 ita
1181 2586 1286 2622 Pom-

198 2632 303 2677 peius
333 2631 588 2667 condemnatus
613 2631 839 2668 desiderabat
862 2642 954 2668 onus
985 2642 1064 2667 esse
1087 2631 1124 2667 id
1147 2631 1287 2667 heredi-

200 2677 284 2713 tatis
309 2681 486 2722 oportere,
511 2677 595 2723 quia
613 2677 884 2723 praeceptiones
902 2688 975 2712 non
996 2680 1197 2722 acceperat,
1221 2687 1287 2712 nec

199 2732 306 2768 posse
330 2721 439 2758 videri
460 2733 527 2768 pro
552 2727 655 2768 parte
678 2722 715 2757 in
738 2722 853 2768 prima
874 2722 1056 2758 voluntate
1080 2726 1287 2758 testatorem

199 2777 457 2813 perseverasse,
479 2767 541 2803 sed
560 2768 598 2802 in
618 2767 794 2803 universo.
826 2767 1072 2813 pronuntiavit
1092 2778 1157 2803 nec
1175 2770 1287 2803 testa-

201 2816 359 2848 mentum
396 2813 496 2858 prius
534 2817 676 2848 exstare
700 2823 784 2857 nec,
829 2813 860 2848 si
900 2812 1058 2849 dedisset
1095 2813 1133 2847 in
1172 2813 1286 2858 primo

200 2862 432 2900 testamento,
458 2868 501 2892 ex
524 2858 721 2902 posterIore
745 2858 818 2903 peti
840 2858 1020 2903 potuisse,
1046 2857 1115 2894 nisi
1137 2857 1287 2902 petitum

200 2906 306 2939 esset.
354 2902 511 2948 placuit,
545 2903 628 2948 quia
652 2914 722 2939 non
752 2903 933 2949 probabat
956 2903 1025 2939 sibi
1048 2903 1152 2939 datas
1183 2913 1287 2948 prae-

202 2947 386 2994 ceptiones
417 2958 462 2983 ex
492 2948 570 2983 sola
594 2958 659 2983 sua
682 2949 866 2992 cautione,
898 2948 1013 2984 solum
1037 2947 1287 2984 fideicommis-

204 2997 218 3029 1
269 3003 348 3029 sum
387 2997 572 3038 praestare
611 2993 741 3029 debere
750 2994 776 3029 ⁷.
833 2993 1000 3029 Cornelio
1033 2993 1145 3029 Felici
1175 2997 1289 3028 mater

200 3038 336 3084 scripta
358 3038 462 3074 heres
485 3042 610 3083 rogata
633 3042 712 3073 erat
735 3038 923 3075 restituere
945 3038 1179 3074 hereditatem
1204 3041 1290 3084 post

201 3088 349 3120 mortem
374 3093 487 3119 suam.
537 3094 617 3118 cum
641 3083 744 3119 heres
776 3084 912 3129 scripta
936 3083 1172 3120 condemnata
1194 3086 1290 3119 esset

200 3139 223 3164 a
246 3128 334 3164 fisco
359 3132 395 3164 et
414 3128 533 3164 omnia
556 3128 650 3164 bona
670 3129 827 3165 mulieris
849 3133 1122 3175 occuparentur,
1147 3128 1290 3164 dicebat

201 3173 305 3210 Felix
335 3184 374 3210 se
403 3178 488 3209 ante
516 3183 670 3219 poenam
707 3183 785 3210 esse
817 3174 900 3216 (hoc
932 3174 1026 3210 enim
1056 3173 1289 3210 constitutum

200 3222 279 3263 est).
328 3218 392 3255 sed
430 3219 462 3255 si
500 3218 657 3255 nondum
694 3218 768 3254 dies
815 3218 1078 3256 fideicommissi
1124 3219 1288 3261 venisset,

200 3337 240 3376 (i)
265 3333 469 3367 tributorum
481 3346 543 3367 scr.
614 3335 656 3374 (2)
681 3331 787 3366 solido
799 3332 852 3365 F²
922 3334 967 3375 (3)
993 3331 1146 3366 dicebant
1158 3335 1191 3365 et
1206 3333 1285 3365 Hal.

201 3381 245 3422 (⁴)
269 3378 447 3412 convenire
466 3379 501 3411 F
606 3379 650 3421 (s)
674 3377 793 3411 deinde
817 3378 874 3411 ins.
896 3379 945 3411 ΡΞ
1055 3378 1100 3421 (6)
1124 3387 1240 3420 cepere
1261 3378 1296 3411 F

201 3427 247 3467 (Ἰ)
271 3425 318 3457 sic
328 3425 407 3468 sere
424 3425 558 3468 scripsit
569 3423 715 3457 Paulus.-
740 3422 945 3456 desiderabat
964 3433 1048 3456 onns
1067 3433 1133 3456 esse
1146 3421 1181 3455 id
1192 3422 1286 3456 here—

201 3469 316 3502 ditatis
339 3470 507 3512 oportere,
537 3468 618 3511 quia
639 3467 888 3512 praeceptiones
911 3478 977 3500 non
1002 3470 1191 3511 acceperat,
1216 3467 1287 3511 [aut

201 3516 289 3547 ratas
314 3523 447 3556 quoque
472 3523 540 3547 ense
567 3523 648 3556 quas
675 3514 784 3556 primo
813 3515 1008 3546 testamento
1037 3523 1154 3556 praece
1178 3512 1287 3546 tiones

201 3558 402 3602 acceperatzl
422 3569 483 3592 neo
502 3568 595 3602 posse
614 3558 718 3591 videri
738 3568 800 3601 pro
816 3559 911 3601 parte
934 3558 969 3590 in
988 3558 1096 3600 prima
1114 3568 1154 3590 vo
1170 3560 1286 3590 untate

202 3606 390 3637 testatorem
413 3614 652 3647 perseverasse,
677 3603 734 3637 sed
758 3603 794 3636 in
818 3602 1046 3654 univers1uml.
1087 3602 1284 3645 pronuntia-

202 3649 251 3682 vit
270 3659 330 3683 neo
349 3651 582 3683 testamentum
601 3648 695 3692 prius
715 3651 826 3681 extare
847 3658 918 3690 nec,
936 3657 964 3680 si
977 3646 1118 3680 dedisset
1128 3647 1163 3679 in
1176 3647 1285 3689 primo

203 3696 408 3736 testamento,
428 3704 466 3727 ex
478 3694 659 3737 posteriore
670 3694 739 3736 peti
751 3693 906 3736 potuisse,
927 3692 1205 3735 nisi[re]pctitu1n
1222 3693 1284 3733 (ita

205 3739 374 3782 Suerinus)
395 3742 486 3773 emet.
512 3739 569 3783 [etl
589 3738 728 3783 placuit,
749 3738 827 3781 quia
848 3748 914 3771 non
930 3736 1093 3782 probabat
1110 3736 1174 3769 sibi
1192 3737 1285 3770 datas

1277 115 1362 164 832

1517 89 1550 165 N(
2139 131 2200 164 Dii·
2229 131 2430 165 ommis

1354 240 1460 285 quia⁸
1488 243 1611 285 posset
1642 241 1740 285 prius
1771 240 1847 286 ipse
1877 241 1966 276 mori
1996 241 2049 277 vel
2071 241 2180 278 etiam
2209 246 2321 279 mater
2343 243 2432 280 alias

1352 296 1409 321 res
1434 285 1631 329 adquirere,
1657 285 1819 330 repulsus
1844 290 1898 322 est
1922 286 2060 322 interim
2083 296 2107 322 a
2128 287 2311 332 petitione.

1399 328 1451 367 49
1464 331 1478 351 ⁰
1506 330 1611 365 IDEM
1632 330 1722 366 libro
1744 331 1926 377 sinyulam'
1946 331 1990 366 de
2015 332 2131 367 tacitis
2150 332 2433 377 fideicommissis·

1353 375 1441 410 Cum
1482 375 1628 410 tacitum
1660 374 1969 412 fideicommissum
2005 375 2077 412 is¹⁰
2115 376 2174 412 cui
2202 376 2325 413 datum
2355 381 2434 414 erat

1354 430 1482 465 capere
1512 430 1550 455 se
1575 420 1660 454 nihil
1683 430 1790 465 posse
1813 421 2016 463 detulisset,
2050 422 2085 456 in
2109 422 2351 466 quaestionem
2373 434 2433 459 ve-

1354 465 1422 506 nit,
1464 465 1647 500 dodrantis
1677 476 1723 499 an
1753 465 1862 502 totius
1894 466 1984 502 assis
2014 471 2153 511 nartem
2182 466 2359 503 dimidiam
2388 478 2434 503 ex

1354 510 1525 545 beneficio
1557 509 1625 544 divi
1655 509 1800 545 Traiani
1834 510 1993 562 recipere
2025 510 2165 546 debeat.
2220 511 2263 547 de
2293 521 2366 557 qua.
2394 522 2434 548 re

1353 558 1470 590 exstat
1488 555 1598 590 rescri
1625 559 1699 589 tum
1718 555 1940 600 imperatoris
1953 555 2126 591 Antonini
2146 556 2183 591 in
2199 555 2289 592 haec
2309 557 2433 593 verba:

1354 599 1564 645 ‘Imperator
1619 599 1788 636 ntoninus
1812 599 1902 636 Iulio
1926 599 2034 637 Rufo.
2070 600 2141 645 Qui
2163 601 2308 637 tacitam
2330 601 2435 637 fidem

1355 644 1664 686 ‘accommodavit,
1697 647 1737 679 ut
1759 655 1832 680 non
1855 645 2010 690 capienti
2032 646 2236 682 restitueret
2258 646 2436 683 heredita?

1356 693 1448 731 ‘tem‚
1475 690 1505 725 si
1529 689 1684 725 deducta
1707 694 1809 735 parte
1832 695 1961 735 quarta
1984 691 2150 733 restituit,
2175 691 2262 726 nihil
2285 691 2436 727 retinere

1356 734 1482 770 debet.
1510 734 1690 780 quadrans
1703 739 1821 770 autem
1835 734 1897 780 qui
1908 736 1932 756 ¹¹
1946 735 2067 771 heredi
2081 735 2274 781 imponitur
2287 735 2299 771 i
2326 736 2397 772 sius
2410 736 2436 757 ¹²

1354 780 1537 824 ‘eripiatur
1561 783 1596 815 et
1619 779 1664 815 ad
1689 779 1812 815 fiscum
1835 779 2098 816 transferatur’.
2133 781 2226 817 unde
2251 780 2296 816 do
2342 781 2436 817 antis

1354 825 1534 860 semissem
1559 825 1674 860 solum
1699 825 1796 870 capit
1818 824 1879 870 qui
1902 835 1940 860 se
1964 825 2100 861 detulit.

1399 869 1452 907 50
1476 870 1583 905 loru
1602 870 1692 906 libro
1718 871 1822 906 tertio
1846 869 2068 906 decretorum
2106 870 2271 906 Valerius
2294 870 2436 906 Patrui-

1354 925 1420 950 nus
1449 919 1662 960 procurator
1691 915 1916 960 imperatoris
1948 914 2073 951 Flavio
2098 914 2259 951 Stalticio
2316 915 2437 951 raedis.

1354 964 1450 995 ceito
1487 960 1602 1005 pretio
1648 959 1844 996 addixerat.
1900 959 2027 996 deinde
2066 959 2203 996 facta¹³
2242 960 2437 996 licitatione

1354 1005 1446 1040 idem
1471 1005 1652 1041 Stalticius
1677 1010 1821 1051 recepta
1844 1015 1887 1041 ea
1910 1005 2104 1041 licitatione
2117 1006 2146 1027 ¹⁴
2175 1015 2196 1041 o
2223 1005 2380 1041 tinuerat
2402 1009 2438 1041 et

1354 1050 1390 1085 in
1415 1061 1563 1085 vacuam
1586 1050 1849 1095 possessionem
1872 1049 2041 1086 inductus
2064 1054 2154 1086 erat.
2215 1060 2235 1086 e
2259 1050 2436 1086 fructibus

1355 1095 1468 1131 medio
1491 1101 1648 1140 tempore
1664 1095 1844 1141 perceptis
1865 1095 2122 1140 quaerebatur:
2146 1095 2339 1131 Patruinus
2360 1094 2438 1131 fisci

1355 1151 1433 1176 esse
1457 1140 1609 1176 volebat.
1657 1141 1763 1186 plane
1792 1141 1823 1176 si
1846 1140 1961 1176 medio
1990 1144 2149 1186 tempore
2172 1140 2265 1175 inter
2287 1140 2439 1186 primam

1355 1185 1586 1221 licitationem
1610 1189 1647 1221 et
1670 1190 1874 1230 sequentem
1899 1185 2134 1221 adiectionem
2165 1196 2272 1231 perce
2299 1185 2326 1220 ti
2348 1184 2438 1221 fuis-

1354 1235 1449 1273 sent,
1483 1230 1528 1265 ad
1562 1230 1780 1266 venditorem
1810 1230 2028 1276 pertinerent
2038 1232 2065 1252 ¹⁵
2096 1230 2204 1274 (sicut
2233 1197 2325 1266 sofet
2355 1230 2439 1274 dici,

1355 1287 1436 1311 cum
1459 1276 1495 1310 in
1521 1275 1612 1311 diem
1636 1275 1792 1311 addictio
1823 1275 1920 1311 facta
1943 1278 2016 1318 est,
2050 1275 2174 1311 deinde
2206 1275 2330 1311 melior
2353 1286 2437 1311 con·

1354 1321 1445 1356 dicio
1470 1321 1579 1356 allata
1604 1324 1687 1364 est),
1721 1331 1786 1356 nec
1811 1321 1944 1356 moveri
1973 1320 2198 1363 deberemus,
2229 1320 2324 1366 quod
2347 1320 2439 1356 idem

1354 1366 1499 1408 fuisset,
1532 1366 1590 1401 cui
1620 1370 1655 1401 et
1683 1367 1796 1411 primo
1827 1366 1971 1401 addicta
2002 1365 2145 1401 fuerant
2172 1365 2329 1411 praedia.
2377 1365 2440 1402 sed

1355 1422 1436 1446 eum
1473 1416 1626 1456 utraque
1665 1411 1819 1447 addictio
1859 1411 1954 1446 intra
2002 1415 2142 1456 tempus
2186 1410 2439 1446 vindemiarum

1355 1456 1453 1492 facta
1484 1456 1630 1498 fuisset,
1664 1467 1845 1492 recessum
1875 1460 1932 1492 est
1960 1456 2007 1492 ab
2039 1456 2109 1492 hoc
2140 1460 2297 1491 tractatu
2320 1456 2370 1491 ita
2395 1465 2440 1492 ue

1354 1501 1520 1547 placebat
1542 1501 1682 1537 fructus
1705 1502 1875 1546 emptorIs
1899 1511 1989 1537 esse.
2036 1501 2255 1547 Papinianus
2285 1504 2320 1536 et
2384 1512 2440 1537 es-

1355 1547 1429 1583 sius
1453 1558 1579 1582 novam
1604 1547 1816 1582 sententiam
1840 1547 2074 1590 induxerunt,
2112 1546 2196 1591 quia
2218 1546 2286 1582 sub
2310 1545 2439 1582 colono

1355 1596 1459 1627 erant
1486 1591 1653 1637 praedia,
1686 1591 1846 1638 iniquum
1877 1602 1955 1628 esse
1979 1591 2119 1628 fructus
2149 1591 2182 1626 ei
2204 1590 2338 1627 auferri
2362 1590 2438 1627 uni-

1355 1647 1495 1673 versos:
1528 1636 1591 1673 sed
1622 1637 1788 1689 colonum
1818 1636 1958 1682 quidem
1990 1637 2175 1689 percipere
2203 1647 2266 1672 eos
2297 1635 2439 1680 debere,

1356 1687 1551 1727 emptorem
1576 1693 1660 1718 vero
1684 1692 1890 1727 pensmnem
1914 1682 1992 1718 eius
2015 1692 2098 1717 anni
2122 1685 2371 1727 accepturum,
2395 1690 2440 1717 ne

1355 1727 1464 1763 fiscus
1498 1727 1625 1763 colono
1656 1731 1855 1769 teneretur,
1889 1726 1984 1772 quod
2007 1727 2041 1762 ei
2070 1726 2142 1762 frui
2165 1737 2238 1762 non
2261 1726 2439 1763 licuisset:

1355 1777 1463 1818 atque
1488 1772 1518 1808 si
1541 1772 1611 1808 hoc
1635 1772 1753 1818 ipsum
1775 1772 1813 1808 in
1838 1772 1984 1808 emendo
2009 1771 2243 1807 convenisset.
2280 1782 2438 1817 pronun-

1355 1818 1454 1853 tiavit
1485 1822 1606 1853 tamen
1637 1817 1832 1853 secundum
1870 1817 2011 1852 illorum
2049 1817 2269 1862 opinionem,
2303 1816 2440 1861 quod¹⁸

1356 1863 1497 1908 quidem
1521 1863 1664 1899 domino
1689 1863 1902 1905 colerentur,
1927 1863 2111 1898 universos
2129 1861 2268 1897 fructus
2287 1861 2438 1898 habere:

1356 1909 1386 1944 si
1410 1919 1492 1944 vero
1517 1908 1584 1944 sub
1610 1908 1748 1952 colono,
1772 1907 1980 1954 pensionem
2004 1908 2176 1952 accipere.
2209 1907 2440 1953 Tryphonino

1355 1958 1577 1999 suggerente,
1603 1953 1687 1998 quid
1733 1957 1852 1989 utaret
1871 1953 1914 1989 de
1934 1952 2043 1988 aridis
2062 1952 2253 1995 fructibus,
2278 1952 2339 1997 qui
2356 1957 2441 1988 ante

1355 1999 1515 2044 percepti
1545 1998 1585 2034 in
1614 1965 1771 2044 praediis
1803 1998 1973 2042 fuissent,
2005 1997 2205 2043 respondit,
2229 1997 2260 2033 si
2282 1996 2440 2032 nondum

1356 2044 1430 2080 dies
1454 2044 1635 2090 pensionis
1660 2044 1833 2086 venisset,
1859 2054 1940 2079 cum
1964 2043 2109 2079 addicta
2131 2046 2235 2086 sunt,
2265 2053 2327 2079 eos
2351 2053 2439 2088 quo-

1356 2099 1425 2135 que
1449 2093 1645 2135 emptorem
1669 2093 1912 2135 accepturum.

1837 2227 1908 2267 XV
1922 2226 1961 2266 ²⁷.

1355 2294 1417 2328 DE
1453 2293 1662 2328 CAPTIVIS
1697 2293 1756 2326 ΕΤ
1791 2294 1854 2326 DE
1869 2292 1896 2313 ¹⁸
1933 2291 2230 2326 POSTLIMINIO
2269 2290 2329 2324 ET
2364 2290 2440 2323 RE-

1624 2338 1823 2372 DEMPTIS
1855 2339 1914 2371 AB
1944 2337 2176 2371 HOSTIBUS.

1405 2405 1423 2442 1
1453 2404 1691 2440 MARCELLUS
1712 2404 1803 2440 libro
1827 2404 2017 2440 vicensimo
2040 2402 2198 2439 secundo
2221 2402 2440 2450 digestorum

1355 2450 1459 2495 Quod
1483 2461 1606 2486 servus
1630 2450 1718 2492 eius,
1743 2448 1803 2494 qui
1826 2449 1873 2485 ab
1894 2449 2058 2484 hostibus
2078 2452 2206 2494 captus
2224 2452 2289 2490 est,
2313 2450 2442 2494 postea

1357 2496 1550 2541 stipulatus
1574 2498 1640 2537 est,
1665 2498 1728 2530 aut
1751 2494 1782 2530 si
1805 2494 1962 2539 legatum
1986 2494 2033 2529 sit
2054 2503 2155 2529 servo
2180 2492 2272 2535 eius,
2296 2497 2441 2538 postea-

1355 2551 1461 2586 quam
1484 2541 1544 2576 ille
1567 2540 1615 2575 ad
1637 2541 1759 2576 hostes
1782 2538 1960 2585 pervenit,
1991 2538 2061 2574 hoc
2084 2537 2268 2574 habebunt
2291 2537 2441 2574 heredes

1355 2587 1443 2629 eius,
1469 2586 1552 2630 quia
1576 2589 1612 2621 et
1635 2584 1907 2630 sicaptivitatis
1929 2588 2090 2630 tempore
2114 2582 2343 2628 decessisset,
2376 2582 2440 2618 ad·

1357 2631 1527 2677 quisitum
1550 2630 1645 2666 foret
1667 2629 1801 2666 heredi.

1402 2674 1427 2713 2
1452 2675 1558 2712 Imm
1578 2676 1669 2712 libro
1693 2676 1902 2722 triqensimo
1933 2685 2028 2709 nono
2043 2674 2071 2695 ¹⁹
2099 2673 2320 2719 digestorum
2365 2670 2440 2707 Na·

1356 2722 1457 2757 vibus
1480 2721 1594 2766 longis
1618 2726 1725 2766 atque
1747 2720 1919 2756 onerariis
1940 2722 2090 2772 propter
2113 2717 2197 2754 belli
2216 2727 2319 2752 usum
2339 2721 2439 2770 post-

1356 2766 1527 2802 liminium
1558 2770 1629 2810 est,
1663 2776 1735 2801 non
1765 2765 1968 2811 piscatoriis
1997 2767 2061 2799 aut
2084 2763 2115 2799 si
2146 2772 2235 2808 quas
2259 2766 2440 2798 actuarias

1360 2815 1374 2847 1
1423 2811 1616 2856 voluptatis
1657 2820 1768 2847 causa
1805 2812 2032 2863 paraverunt.
2095 2808 2222 2861 Equus
2259 2807 2343 2842 item
2377 2810 2442 2859 aut

1356 2867 1448 2903 equa
1472 2856 1564 2892 freni
1586 2856 1727 2901 patiens
1750 2855 1962 2901 recipitur²⁰
1990 2854 2226 2900 postliminio:
2258 2862 2340 2887 nain
2364 2861 2441 2887 sine

1356 2905 1376 2937 2
1425 2902 1531 2955 culpa
1554 2902 1681 2947 equitis
1712 2901 1895 2953 proripere
1919 2910 1958 2935 se
1988 2902 2195 2951 potuerunt:
2214 2943 2221 2950 .
2242 2896 2440 2949 Non-idem

1356 2948 1392 2982 iii
1416 2957 1524 2982 armis
1548 2946 1638 2982 iuris
1661 2949 1734 2988 est,
1768 2955 1900 2990 qmppe
1923 2955 1990 2980 nec
2013 2944 2088 2979 sine
2111 2942 2247 2988 flagitio
2270 2945 2439 2977 amittun-

1357 2997 1432 3027 tur:
1469 3002 1571 3027 arma
1602 2991 1694 3027 enim
1723 2989 1940 3036 postliminio
1976 2988 2106 3025 reverti
2136 2993 2305 3034 negatur,
2344 2986 2441 3033 quod

1356 3042 1395 3072 tu
1440 3037 1509 3073 iter
1531 3037 1757 3072 amittantur:

1451 3082 1679 3117 Poupomvs
1698 3081 1788 3117 libro
1810 3080 2018 3128 eriqensimo
2038 3079 2188 3126 septimo
2205 3077 2255 3113 ad
2269 3076 2439 3120 Quintum

1357 3127 1517 3163 Mucium
1562 3127 1647 3163 item
1669 3125 1827 3162 vestis²¹.

1403 3171 1468 3210 4²²
1491 3171 1744 3208 Mooesmws
1765 3171 1856 3207 libro
1881 3170 1985 3206 tertio
2008 3168 2216 3216 requlanam
2263 3165 2440 3219 Eos,·qui

1357 3218 1403 3254 ab
1434 3217 1596 3253 hostibus
1629 3216 1822 3262 capiuntur
1852 3215 1908 3252 vel
1936 3214 2100 3250 hostibus
2128 3212 2325 3254 deduntur.
2362 3220 2440 3247 iure

1356 3331 1602 3374 praeceptiones
1622 3340 1662 3362 ex
1680 3330 1749 3363 sola
1768 3341 1827 3363 sua
1843 3330 2009 3371 cautione,
2028 3326 2133 3361 solum
2154 3325 2439 3359 fideicommissum

1355 3379 1521 3419 praestare
1533 3374 1651 3408 debere
1727 3377 1772 3418 (s)
1797 3376 1869 3417 est),
1882 3374 1944 3408 etsi
1957 3373 2105 3407 nonduin
2117 3371 2187 3405 dies
2198 3369 2439 3405 fideicommissi

1356 3421 1507 3454 venisset.
1531 3419 1588 3453 sed
1599 3420 1679 3462 quia
1690 3433 1753 3453 scr.
1823 3421 1870 3462 (a)
1895 3421 1935 3464 cs.
1946 3419 1992 3453 D.
2003 3419 2175 3459 35,2,59‚i
2250 3418 2308 3456 (ιο)
2335 3415 2363 3448 is
2375 3415 2438 3448 del.

1356 3468 1411 3508 (ii)
1436 3476 1520 3508 quae
1534 3465 1585 3499 Ρ
1675 3466 1735 3508 (¹2)
1759 3464 1927 3508 quadrans
1942 3465 2052 3497 autem
2070 3462 2150 3505 quia
2164 3460 2279 3495 heredi
2294 3460 2439 3503 imponi-

1355 3514 1421 3554 tur,
1433 3511 1499 3554 ipsi
1510 3523 1571 3544 scr.
1652 3514 1710 3553 (1³)
1734 3509 1801 3543 alia
1815 3511 1873 3544 ine.
1951 3511 2010 3551 (u)
2035 3509 2167 3551 receptu
2178 3504 2363 3540 adiectione
2374 3517 2437 3538 scr.

1355 3558 1415 3599 (15)
1438 3555 1606 3599 pertinere
1620 3556 1655 3589 F
1739 3555 1802 3598 (io)
1826 3553 2043 3598 quedl-iser.

1400 3602 1461 3643 (ιτ)
1485 3600 1651 3639 Eutime:
1676 3600 1760 3644 Pap.
1776 3607 1896 3639 io...12;
1921 3599 2001 3633 Sub.
2018 3604 2138 3636 is...2·1;
2162 3597 2239 3640 App

1358 3645 1438 3678 Bas.
1450 3646 1593 3687 34‚1.—-
1606 3646 1657 3689 Cj:
1671 3645 1749 3679 Cod.
1759 3646 1791 3687 8,
1800 3652 1833 3680 si
1888 3645 1950 3687 (is)
1971 3643 2011 3677 de
2025 3656 2083 3677 om.
2098 3643 2165 3676 ind.
2179 3642 2213 3674 F
2262 3640 2333 3692 (ιο).
2345 3651 2438 3691 error

1354 3697 1401 3724 est
1417 3697 1475 3724 aue
1492 3691 1525 3724 in
1546 3702 1675 3723 numero
1695 3697 1752 3724 aut
1771 3691 1803 3724 in
1824 3690 1948 3724 nomine
1967 3690 2109 3723 auctoris
2179 3687 2244 3728 (20)
2267 3694 2436 3728 recipiun-

1353 3737 1409 3769 tur
1420 3734 1474 3769 Γ*
1565 3738 1623 3779 (21)
1649 3736 1769 3770 hiatum
1783 3735 1955 3770 indicuaeff
2037 3735 2100 3776 (τι)
2126 3733 2167 3776 cp
2182 3731 2226 3765 D.
2241 3731 2380 3773 5o‚·1,i·1
