2528 3918
159 114 371 157 XXXXII
401 118 490 158 4.5

157 239 247 274 hoc‘
272 238 518 275 adnotandum
536 242 592 274 est
606 238 750 275 celsum
774 240 975 276 consultum
999 250 1072 275 non
1095 239 1139 275 de
1163 239 1243 274 lati-

161 286 199 318 18
246 287 362 328 tante,
393 283 459 320 sed
488 284 533 320 de
564 284 725 320 absente.
771 284 871 321 Idem
894 285 1020 321 Celsus
1052 283 1242 328 existimat,

155 329 185 364 si
208 329 258 370 is,
290 339 313 364 a
336 339 408 374 quo
431 328 666 365 hereditatem
689 332 812 375 petere
834 330 956 374 velim,
985 329 1121 373 latitat,
1146 340 1242 365 com-

157 373 358 409 modissime
394 373 471 410 fieri
531 384 630 418 osse,
670 378 713 410 ut
747 375 786 411 in
823 375 1086 420 possessionem
1122 375 1244 410 mittar

155 429 284 462 rerum,
331 428 398 455 uas
447 430 489 455 ro
538 419 643 456 erede
665 420 722 456 vel
743 431 810 466 pro
834 431 1043 466 possessore
1065 419 1242 465 possidet:

156 463 219 499 sed
247 463 279 499 si
327 463 385 499 olo
424 463 513 506 ecit,
543 475 614 510 quo
644 464 761 502 minus
791 465 1008 510 possideret,
1039 466 1136 501 bona
1168 465 1243 501 eius

160 511 198 543 19
243 508 462 554 possidenda
480 513 518 545 et
533 510 719 546 vendenda
734 515 829 546 sunt.
865 511 978 546 Divus
1022 520 1141 556 uoque
1155 510 1243 546 Pius

156 554 191 588 in
221 564 376 599 persona
407 555 502 597 eius,
535 555 596 600 qui
626 555 860 591 hereditatem
888 555 988 601 possi
1013 566 1077 591 ens
1101 555 1244 601 copiam

155 598 210 633 sui
241 610 312 634 uon
342 599 519 642 faciebat,
549 600 735 646 rescripsit
762 601 799 635 in
829 601 1092 645 possessionem
1123 611 1243 636 rerum

154 643 447 679 hereditariarum
470 645 714 682 adversarium
736 646 996 681 inducendum:
1028 646 1067 681 in
1091 656 1161 692 quo
1185 656 1242 682 re-

153 689 312 741 scripto²
341 693 378 725 et
407 689 565 726 fructum
596 692 782 736 percipere
810 691 914 727 iussit
942 701 1041 734 eum,
1081 691 1144 737 qui
1177 701 1243 736 per

153 735 296 769 nimiam
316 736 578 771 contumaciam
596 736 815 782 possessoris
836 736 1055 779 hereditatis,
1080 740 1121 771 ut
1140 736 1242 772 lucro

153 779 231 815 eius
263 779 385 824 cedat,
417 781 454 815 in
478 781 740 827 possessionem
764 781 933 817 inductus
958 786 1014 818 est
1036 792 1157 817 rerum
1179 782 1241 817 he-

152 823 412 861 reditariarum.

199 866 224 907 8
248 869 358 906 lom!
375 871 466 907 libro
490 872 745 918 seoeaqensimo
770 871 820 906 ad
842 871 995 908 edictum
1041 871 1081 907 Si
1105 871 1165 906 diu
1187 872 1240 906 in-

153 919 290 950 certum
312 915 370 958 sit,
393 916 499 952 heres
522 920 709 952 extaturus
733 927 801 952 nec
820 927 866 952 ne
885 917 942 959 sit,
967 927 1078 952 causa
1099 916 1242 961 cognita

152 960 312 1005 permitti
342 962 523 1007 oportebit
554 962 648 997 bona
677 961 730 997 rei
759 962 955 997 servandae
985 972 1097 997 causa
1124 962 1240 1007 possi—

154 1006 255 1049 dere,
287 1010 341 1048 et,
374 1006 405 1041 si
433 1006 485 1041 ita
507 1017 565 1042 res
589 1010 739 1052 urgueat
762 1007 817 1042 vel
841 1007 1002 1043 condicio
1028 1008 1206 1043 bonorum
1215 1008 1240 1049 ³,

153 1051 259 1086 etiam
283 1051 353 1087 hoc
373 1052 440 1087 erit
461 1051 740 1094 concedendum,
766 1057 806 1088 ut
830 1057 976 1088 curator
1000 1052 1242 1089 constituatur

198 1094 224 1133 9
249 1096 409 1132 PAULUS
434 1097 524 1133 libro
550 1098 876 1143 quinquaqensimo
900 1099 1051 1145 septimo
1075 1098 1125 1133 ad
1147 1098 1240 1133 edic-

157 1146 170 1176 ι
220 1145 295 1177 tum
342 1153 436 1178 unus
460 1152 504 1177 ex
523 1142 767 1178 creditoribus.
806 1143 845 1178 Si
867 1143 960 1179 alter
984 1154 1027 1179 ex
1050 1143 1241 1178 heredibus

153 1187 246 1223 intra
267 1190 430 1232 tempora
453 1187 522 1223 sibi
544 1187 762 1233 praestituta
786 1188 958 1224 deliberet
981 1189 1080 1224 adire
1099 1188 1239 1224 heredi-

153 1236 282 1275 tatem,
314 1233 405 1268 alter
427 1242 510 1268 vero
535 1236 640 1277 neget
661 1242 700 1269 se
723 1233 920 1276 aditurum,
953 1234 1142 1269 videndum
1174 1237 1240 1275 est,

152 1277 238 1323 quid
261 1278 499 1313 creditoribus
524 1278 701 1323 agendum
720 1279 777 1314 sit.
813 1283 850 1314 et
872 1279 992 1331 placet
1013 1279 1155 1315 interim
1178 1289 1240 1314 eos

151 1323 188 1358 in
219 1323 481 1368 possessionem
511 1323 703 1360 mittendos
741 1324 925 1360 custodiae
961 1335 1087 1368 causa,
1125 1324 1240 1359 donec

151 1372 344 1414 appareat,
375 1368 409 1404 is
438 1368 500 1414 qui
529 1368 702 1404 deliberat
731 1373 851 1405 utrum
881 1369 1079 1415 adgnoscat
1100 1373 1240 1415 partem

152 1424 256 1449 suam
279 1423 326 1449 an
350 1424 423 1449 non
446 1413 653 1458 adgnoscat.

202 1457 252 1496 10
283 1458 479 1495 Uzpmvos
499 1459 591 1495 libro
615 1460 858 1506 octaqensimo
873 1461 997 1507 primo
1018 1459 1068 1495 ad
1085 1459 1239 1495 edictum

152 1503 190 1540 Si
213 1515 263 1549 pu
288 1504 371 1539 illus
393 1514 565 1551 praesens
588 1505 653 1547 sit,
677 1508 834 1541 tutorem
857 1509 977 1541 autem
1000 1515 1074 1540 non
1096 1505 1239 1548 habeat,

150 1560 216 1594 pro
245 1559 268 1585 a
294 1553 395 1586 sente
418 1549 605 1586 habendus
630 1554 694 1586 est.

201 1593 249 1632 11
278 1595 334 1630 ΡΑ
341 1604 437 1630 ULUS
457 1596 548 1631 libro
565 1599 690 1631 octavo
709 1595 760 1631 ad
771 1595 957 1631 Plautium
994 1595 1033 1631 Si
1047 1595 1120 1631 filio
1137 1595 1240 1630 fami-

150 1640 218 1676 lias
240 1640 396 1685 legatum
418 1640 475 1676 vel
490 1639 803 1676 fideicommissum
820 1641 888 1676 sub
908 1640 1118 1677 condicione
1136 1641 1240 1676 relic-

151 1690 226 1721 tum
250 1686 316 1728 sit,
348 1685 538 1721 dicendum
568 1689 624 1721 est
652 1690 726 1721 tam
754 1686 871 1732 ipsum
901 1697 1008 1732 quam
1037 1690 1175 1732 patrem
1204 1687 1242 1721 in

153 1730 414 1776 possessionem
436 1730 629 1767 mittendos
653 1741 751 1774 esse,
784 1732 868 1777 quia
890 1732 996 1768 ambo
1019 1742 1119 1777 spem
1144 1742 1240 1767 com-

153 1776 247 1812 modi
269 1777 414 1812 habent.

200 1819 252 1859 12
277 1821 507 1857 POMPONIUS
535 1821 626 1858 libro
649 1822 840 1858 vicensimo
866 1824 970 1858 tercio
999 1822 1050 1857 ad
1073 1822 1242 1865 Quintum

152 1866 314 1903 Mucium
361 1866 451 1902 Cum
482 1867 515 1902 le
561 1871 681 1903 torum
703 1867 766 1903 *vel
788 1867 1054 1904 fideicommissi
1078 1867 1242 1903 servandi

153 1922 282 1956 causa,
313 1912 370 1948 vel
402 1912 486 1957 quia
624 1912 633 1920 ‘
664 1912 790 1948 infecti
820 1913 926 1949 nobis
957 1923 1031 1948 non
1060 1917 1240 1955 caveatur,

152 1958 247 1994 bona
268 1957 454 2004 possidere
475 1961 623 2004 praetor
644 1957 834 2003 permittit,
865 1959 919 1994 vel
943 1958 1075 1994 ventris
1099 1958 1242 1994 nomine

151 2004 189 2039 in
210 2003 473 2049 possessionem
495 2014 562 2039 nos
585 2003 705 2046 mittit,
729 2014 802 2039 non
822 2004 1057 2049 possidemus,
1081 2004 1146 2040 sed
1165 2014 1240 2038 ma-

151 2049 204 2094 gis
229 2048 430 2084 custodiam
447 2058 569 2085 rerum
587 2052 623 2084 et
640 2049 925 2085 observationem
941 2050 1046 2085 nobis
1064 2049 1239 2086 concedit.

201 2092 250 2132 13
277 2093 523 2130 Piammws
551 2094 643 2130 libro
667 2097 800 2141 quarto
824 2094 961 2130 decimo
984 2106 1240 2141 responsorum

153 2139 210 2174 Ad
243 2139 480 2185 cognitionem
509 2139 766 2184 imperatorum
796 2150 820 2175 a
847 2140 1012 2185 praeside
1035 2139 1241 2194 provinciae

153 2185 322 2221 remissus
351 2184 421 2221 etsi
449 2185 489 2220 in
519 2184 647 2221 ceteris
678 2185 800 2220 litibus
823 2184 961 2221 Romae
987 2185 1178 2221 defendere
1202 2196 1241 2221 se

152 2241 225 2266 non
256 2230 415 2276 cogitur,
454 2234 575 2265 tamen
604 2229 644 2265 in
673 2230 859 2275 provincia
890 2230 1134 2267 defendendus
1166 2235 1239 2267 est:

152 2286 236 2311 nam
267 2280 303 2311 et
333 2276 439 2312 exilio
468 2275 686 2321 temporario
723 2276 858 2321 puniti,
898 2276 930 2312 si
967 2276 1133 2313 defensor
1168 2287 1241 2312 non

152 2321 294 2366 existat,
318 2321 415 2357 bona
437 2325 604 2356 veneunt.

202 2365 254 2404 14
284 2365 443 2402 Panos
475 2366 566 2408 libro
597 2365 755 2402 secundo
784 2401 787 2403 ,
810 2367 1038 2402 uaestionum
1091 2366 1131 2402 Si
1162 2366 1240 2411 quis

155 2411 366 2448 creditorem
389 2411 614 2457 prohibuerit
635 2411 732 2448 bona
755 2411 800 2446 de
825 2411 927 2447 iteris
949 2411 987 2446 in
1030 2411 1103 2455 edi,
1135 2411 1241 2447 datur

158 2461 168 2492 1
221 2457 259 2492 in
281 2467 362 2493 eum
387 2457 500 2500 actio,
533 2456 659 2501 quanti
681 2466 724 2492 ea
745 2467 804 2493 res
829 2457 886 2493 sit.
935 2457 981 2492 Se
1034 2461 1072 2493 et
1100 2457 1131 2493 si
1161 2457 1240 2503 quis

153 2503 166 2537 l
210 2507 350 2539 aterum
374 2502 631 2538 servandorum
649 2512 760 2538 causa
779 2502 909 2538 missus
925 2503 963 2537 in
979 2503 1240 2548 possessionem

154 2558 176 2583 a
239 2548 246 2556 '
269 2558 332 2584 sus
362 2558 434 2584 non
464 2551 535 2590 est,
568 2547 599 2582 si
628 2547 736 2592 legati
765 2547 929 2583 condicio
952 2547 1126 2593 pendeat,
1157 2548 1243 2583 licet

154 2594 268 2639 possit
301 2592 468 2635 deficere,
502 2593 712 2629 aestimatur
741 2596 860 2628 tamen
891 2593 929 2628 id
959 2593 1055 2639 quod
1086 2594 1242 2639 legatum

154 2643 173 2673 2
221 2643 294 2682 est,
325 2639 410 2684 quia
440 2639 589 2674 interest
614 2638 691 2674 eius
716 2642 862 2673 cautum
884 2638 1029 2674 habere.
1079 2638 1242 2674 Creditor

154 2688 273 2720 autem
309 2683 565 2720 condicionalis
598 2683 636 2718 in
671 2684 935 2729 possessionem
971 2695 1043 2719 non
1077 2684 1240 2726 mittitur,

154 2730 239 2775 quia
261 2730 292 2765 is
315 2730 484 2772 mittitur,
515 2729 575 2774 qui
604 2732 726 2775 potest
748 2729 844 2764 bona
868 2739 911 2764 ex
934 2729 1052 2765 edicto
1076 2730 1240 2765 vendere.

203 2773 253 2812 15
294 2774 489 2810 ULPJANUS
521 2775 612 2810 libro
642 2777 749 2810 sexto
781 2774 1139 2819 fideicommissorum
1193 2775 1240 2817 Is,

155 2820 217 2864 qui
246 2829 322 2855 rem
353 2823 593 2865 permutatam
622 2819 780 2865 accepit,
820 2820 973 2866 emptori
1009 2820 1132 2856 similis
1168 2825 1240 2856 est:

154 2866 239 2900 item
268 2865 320 2908 is,
357 2865 418 2909 qui
454 2875 528 2900 rem
565 2865 603 2900 in
641 2864 797 2901 solutum
834 2865 976 2910 accepit
1003 2865 1059 2901 vel
1091 2866 1151 2911 qui
1180 2866 1242 2901 lite

155 2909 343 2946 aestimata
374 2910 520 2945 retinuit
549 2910 606 2945 vel
634 2920 679 2946 ex
704 2920 814 2945 causa
836 2910 1077 2956 stipulationis
1100 2922 1172 2947 non
1196 2912 1242 2946 ob

155 2954 403 2991 liberalitatem
427 2959 483 2990 est
506 2960 732 2991 consecutus.

666 3092 738 3133 V‘.

157 3159 218 3192 DE
241 3158 388 3192 REBUS
411 3157 728 3192 AUGTOBITATE
753 3159 924 3193 IUDICIS
947 3161 1243 3195 POSSIDENDIS

506 3203 593 3236 SEU
616 3202 894 3238 VENDUNDIS.

205 3269 223 3307 1
255 3270 379 3306 GAIUS
404 3270 495 3306 libro
519 3270 685 3305 vicesimo
710 3271 815 3305 tertio
846 3270 897 3306 ad
918 3272 1073 3308 edictum
1091 3273 1243 3318 provin-

157 3315 247 3396 ‘clierblg
295 3314 424 3396 {lenire
448 3315 544 3351 bona
565 3314 618 3350 ibi
639 3319 799 3360 oportet,
830 3316 892 3351 ubi
920 3317 1070 3363 quisque
1101 3316 1243 3353 defendi

181 3371 200 3396 e
246 3364 274 3403 t,
298 3362 309 3396 i
358 3364 413 3396 est

202 3403 228 3443 2
253 3405 309 3442 ΡΑ
317 3415 412 3442 vws
440 3405 531 3442 libro
555 3406 622 3453 qm·
670 3406 881 3452 uaqensimo
906 3410 1039 3453 quarto
1071 3406 1122 3442 ad
1148 3407 1241 3442 edic-

158 3455 231 3486 tum
277 3451 340 3486 ubi
364 3450 580 3487 domicilium
602 3451 650 3486 ha
675 3455 723 3494 et,

203 3494 227 3534 3
256 3496 379 3533 Guvs
407 3496 499 3532 libro
522 3497 687 3533 vicesimo
711 3497 816 3532 teru'o
848 3497 897 3531 ad
919 3497 1072 3532 edictum
1091 3498 1242 3544 provin-

159 3542 248 3578 ciale
285 3545 350 3577 aut
368 3541 429 3577 ubi
447 3541 596 3587 quisque
616 3541 845 3577 contraxerit.
879 3547 1103 3577 contractum
1121 3546 1240 3578 autem

158 3659 197 3698 (ι)
221 3658 277 3691 hio
291 3657 343 3690 Γ*
433 3658 477 3696 (2)
501 3655 742 3700 rescriptum?
828 3655 871 3696 (³)
895 3654 1066 3688 bonumF

204 3705 247 3744 (4)
272 3703 336 3736 Ed.
358 3709 462 3741 1...³o;
488 3702 569 3736 Sub.
589 3708 711 3741 snas:
737 3701 822 3744 Pap.
843 3706 963 3735 ’τωο-
982 3718 1026 3725 -
1050 3700 1137 3735 Bas.
1158 3702 1192 3741 9,
1212 3707 1241 3742 τ,

159 3756 253 3784 1...a⁷.
271 3765 316 3772 -
338 3747 389 3792 cy.
411 3748 488 3781 Cod.
505 3748 538 3790 7,
557 3754 593 3782 ⁶12
722 3747 767 3789 (ε)
789 3745 835 3779 sit
849 3745 917 3789 ita,
935 3747 974 3778 ut
994 3746 1054 3788 (sic
1075 3745 1240 3788 (lusorias)

1229 114 1316 161 672
1557 125 1603 146 *k

1487 0 1558 117 ἦ
1682 46 1703 68 .

1821 130 1880 161 DE
1909 131 2050 164 REBUS
2079 130 2226 164 Auc'ro
2230 129 2390 161 nna-rr.

1313 249 1385 292 nton
1409 239 1532 286 utique
1551 252 1593 278 eo
1617 242 1697 279 loco
1721 243 1947 289 intellegitur,
1973 254 2043 289 quo
2061 244 2239 290 negotium
2259 249 2394 291 gestum

1313 288 1372 327 sit,
1396 284 1460 320 sed
1483 297 1554 332 quo
1577 287 1748 324 solvenda
1771 292 1827 325 est
1847 289 2013 334 pecunia.

1358 328 1385 366 4
1409 329 1569 383 Paphus
1596 332 1687 369 libro
1718 335 2018 381 quinquaqesimo
2042 335 2192 381 septimo
2223 335 2273 370 ad
2302 335 2395 371 educ-

1314 378 1387 410 tum
1441 375 1479 411 Si
1510 387 1633 413 servus
1664 378 1731 414 sub
1763 379 1972 415 condicione
2001 379 2105 415 heres
2135 379 2319 415 institutus
2351 380 2396 415 sit

1313 421 1400 455 aut⁵
1431 420 1579 474 dubium
1609 422 1674 465 sit,
1706 433 1754 459 an
1783 425 1815 460 is
1845 424 1949 460 heres
1978 424 2138 478 liberque
2166 424 2310 461 futurus
2339 426 2395 469 sit,

1313 475 1385 500 non
1402 470 1471 518 ‘est
1500 467 1660 519 miquum
1690 469 1957 513 postulantibus
1990 469 2225 505 creditoribus
2256 470 2308 505 ita
2335 470 2397 505 de-

1314 520 1428 563 cenn,
1460 515 1535 564 ut,·
1549 523 1581 548 s1
1608 517 1692 549 ante
1723 517 1859 550 certum
1888 520 2028 560 tempus
2057 515 2087 550 is
2112 515 2214 550 heres
2239 526 2311 551 non
2335 526 2396 551 ex-

1312 559 1436 608 titerit,
1460 557 1608 602 perinde
1632 558 1751 594 omnia
1774 560 2018 602 observentur,
2044 570 2086 595 ac
2111 559 2143 595 si
2165 561 2194 596 is
2220 560 2323 596 heres
2347 561 2398 595 ita

1311 604 1498 637 institutus
1527 613 1600 638 non
1629 607 1742 639 esset:
1775 604 1871 650 quod
1899 605 2107 651 plerumque
2137 605 2334 649 accideret,
2367 605 2397 639 si

1312 646 1380 681 sub
1411 646 1620 683 condicione
1652 648 1792 684 dandae
1824 649 1933 686 alicui
1962 651 2137 703 pecuniae
2167 650 2270 686 heres
2294 650 2395 685 insti-

1311 694 1412 727 tutus
1442 692 1490 727 sit
1520 703 1587 728 nec
1617 692 1693 729 dies
1724 693 1910 740 adpositus
1941 700 2000 731 sit.
2047 695 2109 731 sed
2132 696 2202 731 hoc
2227 700 2397 740 quantum

1312 735 1358 771 ad
1381 736 1478 772 bona
1500 737 1552 773 ita
1574 738 1854 775 observandum:
1880 744 2036 776 ceterum
2061 741 2206 776 libertas
2229 740 2265 776 ei
2284 752 2397 793 quan·

1312 781 1428 826 doque
1445 787 1624 828 competet
1639 788 1675 819 et
1691 794 1713 819 a
1728 789 1894 829 praetore
1910 786 2154 821 conservanda
2169 789 2235 828 est,
2260 786 2398 821 etiamsi

1314 830 1451 861 certum
1475 827 1522 863 sit
1544 838 1660 874 neque
1682 829 1849 865 heredem
1872 840 1916 865 ne
1941 841 1986 866 ue
2009 831 2186 866 bonorum
2212 841 2396 876 possesso-

1311 882 1386 906 rem
1409 872 1582 908 futurum.
1618 873 1650 909 si
1673 875 1751 919 quis
1775 879 1896 910 tamen
1945 875 2085 912 eredem
2109 886 2147 911 se
2166 875 2398 921 spondendo⁶

1311 917 1366 952 vel
1390 918 1550 953 actiones
1573 919 1743 964 patiendo
1768 920 1974 955 defunctum
2000 921 2182 964 defendat,
2213 922 2309 957 bona
2336 921 2397 956 de-

1311 961 1427 997 functi
1448 965 1568 999 venire
1592 974 1665 999 non
1687 969 1868 1010 poterunt.

1357 1005 1382 1044 5
1415 1007 1609 1059 ULPJANUS
1630 1010 1721 1045 libro
1744 1012 1972 1056 sexaqesinzo
1998 1011 2047 1045 ad
2069 1011 2223 1046 edictum
2270 1010 2309 1047 Si
2331 1011 2396 1045 mi-

1312 1063 1378 1087 nor
1408 1053 1530 1098 viginti
1562 1054 1719 1100 quinque
1751 1056 1872 1099 annis,
1905 1056 1968 1101 qui
1998 1056 2107 1092 habet
2140 1059 2344 1098 curatores,
2377 1067 2399 1090 a

1312 1099 1539 1135 curatoribus
1563 1110 1636 1135 non
1661 1100 1872 1135 defendatur
1890 1111 1956 1137 nec
1977 1101 2084 1136 alium
2104 1101 2325 1137 defensorem
2345 1102 2397 1136 in-

1310 1143 1438 1186 veniat,
1463 1144 1640 1180 bonorum
1665 1146 1903 1181 venditionem
1921 1146 2068 1191 patitur,
2095 1146 2162 1182 etsi
2180 1157 2252 1182 non
2271 1146 2397 1187 latitet,

1310 1188 1394 1223 licet
1416 1200 1490 1224 non
1512 1188 1751 1226 fraudationis
1777 1201 1888 1226 causa
1910 1191 2053 1228 latitare
2077 1192 2231 1234 videtur,
2256 1191 2316 1237 qui
2340 1191 2397 1227 sui

1311 1244 1382 1268 non
1406 1237 1461 1269 est
1483 1234 1633 1271 idoneus
1658 1235 1835 1272 defensor.

1356 1276 1381 1316 6
1407 1279 1566 1316 ΡΑυιυε
1588 1281 1677 1316 libro
1702 1282 1791 1327 quin
1818 1282 2002 1328 uaqesimo
2025 1285 2151 1317 octavo
2176 1282 2226 1317 ad
2243 1282 2396 1317 edictum

1310 1323 1347 1359 Si
1370 1334 1443 1359 non
1467 1325 1664 1370 expedierit
1685 1292 1824 1406 pulpillqo
1855 1326 2089 1362 hereditatem
2124 1327 2281 1372 parentis
2311 1327 2397 1362 reti-

1309 1379 1404 1413 nere,
1430 1376 1576 1415 praetor
1599 1371 1695 1407 bona
1744 1371 1879 1408 efuncti
1898 1372 2018 1407 venire
2035 1372 2218 1417 permittit,
2243 1376 2284 1407 ut
2301 1372 2397 1416 quod

1313 1418 1326 1448 1
1379 1417 1601 1462 superaverit
1624 1416 1760 1462 pupillo
1785 1418 2006 1453 restituatur.
2044 1417 2082 1452 Si
2103 1418 2272 1463 pupillus,
2297 1421 2396 1452 ante-

1310 1470 1417 1504 quam
1436 1461 1642 1504 abstineret,
1668 1462 1802 1507 aliquid
1821 1463 1982 1507 gesserit,
2006 1462 2219 1498 servandum
2238 1466 2303 1504 est,
2329 1463 2397 1497 uti-

1310 1508 1330 1539 2
1402 1516 1447 1541 ue
1472 1506 1503 1542 si
1527 1507 1622 1542 bona
1645 1507 1716 1543 fide
1762 1508 1858 1543 essit.
1895 1507 1988 1552 Quid
2012 1518 2106 1552 ergo,
2131 1508 2161 1543 si
2185 1507 2397 1553 quibusdam

1311 1561 1370 1586 cre
1399 1551 1548 1587 ‘toribus
1572 1552 1695 1595 solvit,
1753 1553 1854 1588 einde
1877 1553 1973 1588 bona
1995 1553 2191 1588 venierint?
2234 1553 2265 1588 si
2287 1562 2396 1597 quae-

1310 1599 1422 1640 ratur,
1447 1607 1494 1632 an
1516 1597 1683 1643 repetitio
1706 1598 1763 1642 sit,
1788 1608 1832 1633 ex
1857 1608 1968 1633 causa
1985 1598 2022 1633 id
2043 1597 2272 1634 statuendum
2288 1597 2396 1632 Iulia-

1312 1652 1378 1676 nus
1410 1642 1479 1685 ait,
1519 1652 1566 1678 ne
1600 1642 1746 1679 alterius
1782 1647 1846 1679 aut
1876 1643 2098 1688 neglegentia
2126 1646 2190 1678 aut
2219 1642 2396 1688 cupiditas

1310 1686 1405 1729 huic,
1432 1687 1493 1732 qui
1517 1688 1664 1733 diligens
1687 1688 1775 1731 fuit,
1807 1693 1947 1724 noceat.
1996 1688 2092 1733 quod
2114 1689 2145 1723 si
2168 1693 2321 1733 utroque
2346 1688 2393 1722 in—

1311 1735 1429 1768 stante
1451 1732 1519 1768 tibi
1541 1733 1762 1778 gratificatus
1787 1737 1885 1769 tutor
1909 1734 2031 1775 solvit,
2056 1743 2209 1779 aequum
2232 1743 2311 1769 esse
2334 1737 2398 1767 aut

1310 1777 1410 1822 prius
1440 1778 1591 1814 eandem
1616 1779 1821 1824 portionem
1850 1779 1935 1814 mihi
1988 1778 2088 1815 uaeri
2116 1783 2181 1814 aut
2204 1778 2398 1814 communi·-

1312 1822 1465 1858 candum
1490 1824 1587 1869 quod
1610 1824 1799 1870 accepisti:
1824 1828 1859 1859 et
1882 1825 1951 1860 hoc
1989 1825 2130 1859 ulianus
2150 1824 2212 1859 ait.
2247 1827 2398 1869 apparet

1310 1872 1430 1903 autem
1453 1868 1552 1914 loqui
1576 1879 1673 1912 eum,
1706 1870 1738 1905 si
1770 1880 1814 1905 ex
1846 1870 1949 1905 bonis
1975 1869 2135 1949 paternis
2159 1869 2315 1905 solutum
2338 1869 2396 1905 sit.

1312 1913 1396 1957 quid
1419 1924 1531 1960 ergo;‚
1541 1914 1572 1950 si
1596 1915 1740 1950 aliunde
1762 1915 1920 1960 pupillus
1945 1925 1985 1950 so
2000 1915 2115 1950 verit?
2155 1914 2257 1950 reddi
2280 1914 2313 1949 ei
2336 1913 2397 1949 de—

1311 1959 1410 1994 bebit
1433 1970 1500 1995 nee
1523 1961 1594 1995 ne?
1634 1964 1670 1996 et
1699 1963 1821 1996 utrum
1852 1970 1874 1995 a
1903 1960 2079 1996 creditore
2107 1970 2154 1994 an
2185 1970 2231 1995 ex
2259 1959 2396 1994 heredi-

1310 2005 1410 2039 tate?
1450 2004 1622 2041 Scaevola
1653 2009 1776 2042 noster
1807 2006 1875 2048 ait,
1915 2006 1946 2041 si
1974 2005 2107 2051 aliquid
2139 2005 2187 2041 sit
2216 2005 2253 2039 in
2282 2004 2396 2045 bonis,

1311 2049 1559 2085 deducendum
1583 2061 1627 2086 ex
1649 2051 1847 2086 hereditate
1871 2051 2025 2086 solidum
2044 2050 2205 2096 exemplo
2223 2050 2312 2090 eius,
2337 2049 2398 2093 qui

1309 2094 1420 2138 gessit
1448 2096 1609 2141 negotia:
1643 2096 1705 2132 sed
1738 2096 1769 2131 si
1798 2096 1886 2131 nihil
1917 2096 1964 2131 sit
1993 2096 2030 2130 in
2062 2095 2183 2137 bonis,
2215 2106 2287 2130 non
2320 2104 2398 2130 esse

1309 2140 1471 2184 iniquum
1504 2141 1675 2177 adversus
1712 2141 1923 2177 creditorem
1961 2141 2115 2176 dandam
2150 2140 2398 2185 repetitionem

1311 2186 1413 2230 quasi
1435 2186 1586 2222 indebiti
1608 2187 1727 2222 soluti.

1357 2229 1381 2267 7
1410 2230 1533 2267 GAws
1560 2231 1651 2268 libro
1676 2233 1841 2268 vicesimo
1867 2232 1970 2267 tertio
2002 2231 2051 2266 ad
2075 2231 2226 2266 edictum
2246 2231 2397 2277 provin-

1311 2276 1402 2312 ciale
1439 2276 1705 2312 Hereditarium
1724 2287 1786 2312 aes
1804 2277 1959 2313 alienum
1982 2276 2196 2321 intellegitur
2219 2277 2326 2311 etiam
2349 2275 2396 2318 id,

1311 2321 1354 2356 de
1370 2324 1448 2366 'quo
1473 2332 1554 2356 cum
1579 2321 1748 2358 defuncto
1772 2322 1829 2367 agi
1852 2333 1925 2358 non
1947 2321 2084 2367 potuit,
2115 2321 2223 2356 veluti
2248 2320 2344 2366 quod
2366 2321 2397 2356 is

1311 2377 1393 2402 cum
1415 2371 1615 2402 moreretur
1639 2368 1804 2402 daturum
1823 2377 1863 2403 se
1881 2366 2113 2412 promisisset,
2136 2367 2222 2402 item
2239 2366 2334 2411 quod
2354 2366 2396 2409 is,

1310 2412 1371 2457 qui
1393 2422 1458 2457 pro
1483 2411 1653 2448 defuncto
1675 2412 1868 2455 fideiussit,
1902 2416 1985 2457 post
2007 2415 2156 2447 mortem
2181 2412 2256 2447 eius
2280 2411 2395 2447 solvit.

1357 2454 1381 2495 8
1413 2456 1607 2493 ULPIANUS
1636 2458 1726 2493 libro
1751 2457 2005 2504 sexaqensimo
2022 2458 2147 2503 primo
2171 2456 2220 2491 ad
2243 2456 2395 2492 edictum

1310 2502 1353 2537 In
1383 2502 1620 2538 venditionem
1649 2503 1826 2538 bonorum
1860 2502 1968 2538 etiam
1999 2512 2086 2537 usus
2118 2501 2259 2537 fructus
2290 2501 2395 2542 venit,

1310 2547 1394 2593 quia
1424 2548 1663 2593 appellatione
1701 2548 1835 2584 domini
1873 2547 2091 2583 fructuarius
2154 2557 2271 2591 uoque
2310 2557 2396 2582 con-

1315 2596 1327 2627 1
1377 2593 1521 2628 tinetur.
1558 2593 1597 2628 Si
1621 2594 1700 2638 quis
1723 2593 1863 2629 fructus
1887 2602 1932 2628 ex
1954 2592 2100 2638 praedio
2125 2558 2296 2628 debitoris
2316 2602 2359 2627 ca
2384 2591 2396 2626 i

1310 2638 1458 2683 poterit,
1490 2638 1587 2673 hunc
1619 2639 1791 2681 creditor,
1824 2638 1886 2683 qui
1915 2638 1953 2673 in
1975 2638 2237 2683 possessionem
2260 2646 2347 2682 prae
2372 2636 2395 2671 ii

1310 2683 1440 2719 missus
1471 2687 1543 2727 est,
1574 2684 1728 2720 vendere
1758 2683 1814 2719 vel
1844 2685 1965 2719 locare
1994 2682 2118 2719 debet:
2151 2682 2215 2718 sed
2246 2683 2315 2717 hoc
2346 2682 2397 2716 ita

1311 2728 1469 2772 demum,
1502 2728 1534 2764 si
1563 2733 1648 2765 ante
1676 2731 1815 2775 neque⁷
1848 2728 1993 2764 venierit
2016 2738 2130 2773 neque
2152 2727 2292 2763 locatus
2317 2726 2394 2762 erit.

1310 2783 1393 2809 nam
1424 2774 1455 2809 si
1482 2774 1552 2809 iam
1575 2785 1599 2810 a
1622 2774 1783 2810 debitore
1807 2774 1862 2809 vel
1884 2774 2023 2809 locatus
2048 2777 2126 2809 erat
2147 2772 2204 2808 vel
2226 2772 2393 2816 venierat,

1311 2819 1467 2855 servabit
1495 2823 1642 2864 praetor
1670 2819 1907 2855 venditionem
1937 2822 1973 2853 et
2002 2819 2213 2854 locationem
2246 2828 2269 2852 a
2298 2817 2396 2852 debi-

1310 2868 1390 2900 tore
1408 2864 1554 2907 factam,
1578 2865 1646 2901 etsi
1668 2864 1814 2900 minoris
1838 2864 2050 2899 distractum
2073 2866 2129 2899 est
2149 2863 2205 2898 vel
2229 2863 2395 2906 locatum,

1311 2910 1379 2945 nisi
1409 2910 1440 2944 si
1470 2909 1507 2945 in
1538 2910 1702 2946 fraudem
1734 2909 1950 2945 creditorum
1979 2909 2049 2944 hoc
2078 2908 2160 2943 fiat:
2193 2912 2280 2942 tunc
2301 2907 2394 2942 enim

1311 2959 1457 3000 praetor
1495 2955 1680 2991 arbitrium
1716 2955 1779 2990 dat
1812 2954 2068 2996 creditoribus,
2105 2957 2146 2988 ut
2180 2963 2224 2988 ex
2259 2953 2395 2997 integro

1313 3003 1332 3035 2
1379 3000 1594 3036 locationem
1622 3000 1678 3035 vel
1706 2999 1943 3035 venditionem
1972 2998 2119 3035 faciant.
2174 2998 2229 3033 De
2259 3001 2393 3033 cetera-

1311 3056 1391 3080 rum
1415 3055 1556 3091 quoque
1578 3055 1699 3081 rerum
1722 3045 1900 3080 fructibus
1923 3044 2016 3079 idem
2034 3043 2103 3079 erit
2119 3042 2318 3084 dicendum,
2343 3045 2394 3083 ut,

1312 3090 1343 3126 si
1367 3090 1428 3135 qui
1450 3090 1561 3126 locari
1588 3091 1746 3136 possint,
1778 3091 1959 3133 locentur,
1991 3092 2082 3135 puta
2109 3088 2290 3124 mercedes
2320 3097 2394 3122 ser-

1311 3146 1435 3171 vorum
1465 3136 1521 3171 vel
1548 3135 1788 3171 iumentorum
1812 3138 2096 3179 ceterorumque,
2128 3143 2221 3179 quae
2243 3136 2396 3178 possunt

1313 3185 1332 3215 3
1380 3180 1503 3216 locari.
1543 3180 1599 3216 De
1621 3184 1782 3226 tempore
1804 3179 1994 3216 locationis
2018 3179 2105 3214 nihil
2128 3183 2273 3224 praetor
2295 3178 2393 3212 locu-

1311 3229 1370 3261 tus
1393 3229 1449 3261 est
1471 3229 1508 3261 et
1528 3225 1610 3261 ideo
1634 3226 1783 3261 liberum
1808 3224 1994 3261 arbitrium
2015 3223 2252 3259 creditoribus
2272 3222 2392 3258 datum

1312 3270 1462 3313 videtur,
1510 3275 1622 3306 uanto
1645 3275 1806 3316 tempore
1829 3271 1960 3311 locent,
1990 3268 2285 3314 quemadmodum
2308 3267 2395 3321 illud

1311 3319 1367 3351 est
1393 3316 1431 3351 in
1462 3325 1503 3351 ar
1527 3316 1608 3352 itrio
1639 3326 1781 3358 eorum,
1820 3314 1976 3351 vendant
2005 3314 2060 3349 vel
2091 3314 2227 3355 locent,
2259 3312 2396 3349 scilicet

1312 3365 1332 3396 4
1381 3360 1458 3397 sine
1480 3360 1562 3396 dolo
1587 3361 1700 3397 malo:
1728 3371 1771 3396 ex
1795 3360 1902 3406 culpa
1920 3363 2038 3394 autem
2058 3359 2111 3395 rei
2129 3369 2200 3394 non
2219 3356 2321 3393 fiunt.
2357 3356 2395 3392 Si

1310 3415 1404 3442 unus
1427 3405 1485 3449 sit,
1510 3406 1570 3451 qui
1591 3406 1777 3458 possideat
1798 3406 1905 3448 bona,
1929 3403 2134 3450 expeditum
2151 3403 2219 3439 erit
2235 3402 2279 3439 de
2297 3402 2394 3438 loca-

1311 3451 1426 3487 tionet
1474 3451 1546 3486 uod
1570 3462 1599 3486 si
1623 3462 1696 3487 non
1718 3461 1824 3493 unus,
1848 3449 1911 3486 sed
1930 3449 2051 3494 plures
2070 3449 2151 3492 sint,
2175 3448 2255 3501 quis
2273 3458 2395 3499 eorum

1312 3496 1441 3532 debeat
1477 3506 1582 3532 ocare
1605 3496 1661 3532 vel
1684 3495 1853 3537 vendere,
1884 3494 2079 3539 quaeritur.
2127 3497 2165 3529 et
2194 3503 2226 3529 si
2253 3492 2394 3538 quidem

1312 3540 1477 3577 convenit
1493 3541 1585 3577 inter
1604 3552 1677 3584 eos,
1702 3540 2004 3586 expeditissimum
2022 3542 2094 3575 est:
2120 3548 2203 3574 nam
2218 3540 2254 3574 et
2273 3546 2395 3573 omnes

1309 3654 1369 3687 din
1379 3666 1443 3687 scr.
1542 3655 1587 3696 (o)
1611 3655 1659 3688 εἰσ
1671 3653 1720 3687 F·
1732 3666 1801 3687 cun
1816 3653 1862 3692 B,
1879 3651 2108 3695 respondendo
2122 3650 2172 3684 F*
2267 3651 2312 3691 (7)
2337 3660 2393 3683 ne-

1310 3698 1386 3742 que]
1400 3708 1485 3741 quae
1497 3699 1532 3732 F
