2528 3918
153 140 370 185 XXXVI

153 269 274 307 omnia
295 280 367 306 non
390 268 508 305 minus
529 268 568 304 in
590 266 872 306 fideicommissis
902 278 1008 314 quam
1037 267 1074 302 in
1096 266 1237 302 institu-

153 315 310 352 tionibus
333 325 377 351 ac
400 313 525 360 legatis
546 312 705 350 incidere
728 314 862 350 solent:
896 317 936 348 ut
964 313 1053 348 haec
1077 311 1239 348 condicio

154 361 300 403 ‘Titiae,
324 359 356 395 si
378 358 464 395 mihi
486 357 659 395 nubserit’
689 369 764 395 non
786 358 894 395 dubie
908 357 985 396 ..nisi
1008 357 1145 393 vivente
1167 361 1239 393 tes-

152 409 270 441 tatore
282 406 304 449 ¹,
335 403 399 440 illa
428 407 548 440 autem
576 403 620 440 ‘si
641 403 690 440 ad
713 404 900 450 exsequias
929 402 1065 438 funeris
1089 401 1157 438 mei
1179 412 1238 439 ve·

155 449 269 486 ‘nerit'
294 448 365 486 nisi
387 452 472 496 post
492 451 643 485 mortem
666 449 803 495 impleri
827 460 899 485 non
922 447 1046 494 possit,
1070 447 1133 483 illa
1155 457 1238 484 vero

154 496 196 531 ‘si
220 494 294 531 filio
319 503 397 531 meo
428 491 601 531 nubserit’
624 493 680 531 vel
710 494 848 529 vivente
870 492 926 529 vel
956 496 1096 528 mortuo
1128 496 1239 528 testa-

154 546 231 577 tore
258 540 399 587 impleri
426 539 553 593 possit.
600 542 637 576 et
662 539 779 587 prima
809 538 952 585 quidem
983 548 1027 574 ac
1059 538 1167 574 tertia
1195 548 1240 573 ex

153 586 275 622 relatis
299 584 569 622 condicionibus
590 584 769 621 infinitum
794 587 864 620 tem
892 594 935 620 us
946 582 1098 619 habent:
1148 593 1238 619 nan—

154 631 270 678 doque
293 630 386 667 enim
407 630 581 674 nubserit,
605 629 771 677 impletur
795 640 863 666 con
892 629 978 665 'cioz
1011 638 1122 665 secun
1148 638 1171 664 a
1194 627 1240 664 ad

154 680 289 713 certum
313 680 456 722 tempus
478 675 661 722 adscripta
685 679 749 711 est.

198 718 253 760 92
284 720 479 757 Uaramus
509 721 601 758 libro
643 722 768 766 quinto
797 719 1155 764 fideicommissorum
1203 718 1241 754 Si

154 767 211 802 cui
233 767 388 812 legatum
411 765 520 811 fuerit
547 765 709 803 relictum
737 765 840 810 isque
861 767 1008 810 rogatus
1032 764 1079 800 sit
1108 764 1240 800 liberos

153 822 237 848 suos
261 811 400 848 emanci
425 822 506 855 are,
536 822 583 847 an
615 811 693 856 cogi
724 809 854 847 debeat
883 809 1159 846 manumittere?
1206 813 1241 844 et

153 857 289 894 retineo
309 867 366 893 me
449 856 518 893 'sse
538 855 641 892 defici
661 866 722 892 eos
738 866 761 891 a
776 854 948 908 petitione
960 854 1239 891 fideicommissi:

154 913 267 949 neque
291 903 382 939 enim
405 906 551 949 praetor
574 900 922 937 fideicommissarius
945 910 1007 936 eos
1024 900 1070 936 ad
1091 900 1240 936 liberta-

153 953 224 984 tem
247 951 370 984 tuetur
393 951 434 983 ut
457 957 587 983 servos.
611 945 666 982 Pa
691 946 849 982 inianum
862 956 1005 992 quoque
1027 945 1120 982 libro
1145 956 1239 981 nono

154 1003 406 1040 responsorum
431 992 588 1028 scribere
617 1002 656 1028 re
673 991 814 1027 erebam
844 1001 917 1027 non
940 1001 1020 1027 esse
1043 990 1241 1036 cogendum

153 1038 378 1084 emancipare
400 1037 493 1074 filios
518 1048 614 1073 suos.
640 1037 797 1072 arbitror
820 1039 940 1072 tamen
955 1040 1057 1072 extra
1080 1036 1241 1072 ordinem

152 1084 284 1120 debere
307 1083 477 1120 constitui
500 1093 582 1120 eum
606 1083 668 1128 qui
691 1082 859 1127 adgnovit
882 1081 938 1125 id,
973 1081 1069 1127 quod
1093 1081 1162 1117 sibi
1183 1092 1240 1118 re-

152 1130 277 1165 lictum
300 1132 355 1165 est
377 1128 447 1164 hac
471 1128 779 1173 contemplatione,
804 1130 845 1162 ut
866 1126 998 1162 liberos
1021 1137 1107 1163 suos
1121 1137 1240 1162 eman-

154 1174 309 1220 ciparet»,
343 1173 541 1226 cogendum
573 1172 815 1253 emancipare:
855 1181 972 1225 neque
1006 1172 1099 1226 enim
1137 1172 1244 1208 debet

153 1219 399 1255 circumvenin
437 1218 645 1255 testantium
680 1229 723 1253 vo
739 1220 863 1253 untas:
916 1227 967 1253 sic
1006 1216 1134 1254 demde
1171 1217 1242 1253 hoc

153 1264 409 1311 accipiendum,
434 1262 731 1309 quemadmodum
762 1263 794 1299 si
822 1262 889 1298 sub
922 1262 1132 1298 condicione
1153 1261 1241 1299 libe-

152 1320 274 1346 rorum
298 1308 638 1361 emancipandorum
662 1308 694 1344 ei
716 1307 845 1361 fuisset
867 1307 1023 1360 legatum
1038 1307 1095 1344 vel
1115 1308 1170 1343 ita
1185 1318 1241 1344 re-

152 1355 296 1398 lictum,
321 1358 362 1390 ut
385 1365 446 1391 eos
471 1357 724 1399 emanciparet.
773 1364 831 1389 cui
853 1363 907 1389 rei
931 1363 1152 1399 consequens
1176 1357 1241 1397 est,

152 1400 248 1446 quod
271 1400 373 1435 divus
405 1399 556 1435 Severus
585 1398 781 1444 rescripsit.
829 1408 912 1433 nam
950 1409 1032 1434 cum
1070 1398 1243 1444 quaedam

152 1445 278 1481 mulier
301 1447 450 1491 nepotes
474 1454 559 1480 suos
583 1443 731 1480 heredes
755 1443 971 1479 instituisset
994 1447 1030 1480 et
1059 1443 1176 1490 ipsum
1199 1444 1242 1479 fi-

153 1491 238 1525 lium
271 1489 482 1526 coheredem
514 1489 598 1525 filiis
626 1489 701 1525 suis
740 1488 897 1525 dedisset
925 1499 1058 1535 eosque
1093 1489 1242 1525 invicem

153 1536 397 1571 substituisset
411 1538 644 1581 rogassetque
668 1533 791 1579 filium,
815 1538 858 1569 nt
880 1534 973 1570 filios
988 1534 1242 1581 emanciparet,

151 1591 223 1616 non
240 1584 359 1617 autem
382 1583 554 1626 rogasset,
579 1583 621 1615 ut
635 1579 868 1616 hereditatem
886 1580 935 1615 eis
952 1580 1174 1616 restitueret:
1200 1590 1243 1616 ex

150 1626 366 1662 auctoritate
389 1625 460 1662 divi
475 1625 596 1662 Severi
620 1625 846 1671 emancipare
871 1635 933 1661 eos
958 1624 1164 1671 compulsus
1188 1628 1243 1661 est

152 1671 279 1717 hisque
310 1671 498 1707 restituere
528 1670 775 1707 hereditatem.
822 1673 859 1706 et
889 1669 1068 1706 adiectum
1092 1674 1165 1714 est,
1189 1674 1241 1715 ut,

153 1717 184 1752 si
206 1716 344 1752 tardius
368 1716 404 1752 id
427 1716 583 1759 faceret,
608 1715 710 1761 quasi
734 1725 779 1751 ex
800 1725 902 1751 mora
925 1725 1055 1752 usuras
1079 1719 1241 1761 praesta-

149 1765 291 1798 turum:
321 1761 434 1797 videri
467 1761 561 1797 enim
585 1771 683 1804 eum,
717 1761 780 1807 qui
802 1771 939 1796 moram
962 1759 1098 1797 faceret
1122 1771 1242 1797 eman-

149 1806 339 1887 1cipationi,
385 1817 522 1843 moram
561 1806 779 1843 restitutioni
827 1805 1094 1843 fideicommissi
1141 1809 1243 1843 eam²

164 1862 280 1888 acere.

195 1894 248 1936 93
273 1897 522 1933 Pramnos
541 1897 631 1933 libro
664 1900 790 1933 octavo
821 1907 1078 1950 responsorum
1124 1897 1243 1933 Mater

150 1942 222 1978 filio
248 1953 314 1979 suo
339 1942 532 1979 coheredes
564 1942 641 1978 sine
671 1942 747 1978 ulla
780 1942 990 1978 condicione
1012 1942 1105 1978 filias
1129 1942 1242 1989 ipsius

149 1987 247 2023 dedit
270 1998 314 2024 ac
335 1988 437 2034 petit,
462 1991 511 2035 ut,
525 1987 621 2023 filias
645 1997 731 2023 suas
756 1987 1015 2034 emanciparet‚
1040 1987 1092 2022 ita
1115 1992 1157 2023 ut
1181 1999 1241 2023 cu-

150 2037 290 2069 ratores
314 2044 337 2068 a
359 2036 527 2079 praetore
550 2032 768 2078 acciperent.
815 2031 880 2068 filii
902 2032 1012 2068 videri
1035 2032 1120 2068 fidei
1145 2043 1241 2069 com-

149 2077 289 2114 misisse
312 2078 461 2124 placuit,
485 2082 526 2113 ut
553 2088 613 2113 eas
637 2078 694 2114 sui
717 2077 805 2113 iuris
828 2077 1045 2114 constitutas
1069 2077 1116 2113 ad
1138 2078 1240 2114 here-

149 2123 296 2159 ditatem
319 2124 420 2159 aviae
442 2122 630 2169 pervenire
652 2126 848 2168 pateretur,
873 2133 940 2159 nec
964 2122 1012 2158 ad
1033 2133 1110 2158 rem
1133 2124 1241 2169 perti-

149 2178 244 2214 nere,
268 2169 300 2205 si
322 2168 523 2215 portionem
547 2167 702 2203 filiarum
722 2168 800 2204 iure
817 2168 1110 2204 substitutionis-¹³
1133 2179 1241 2214 quae-

148 2213 265 2250 sisset.

194 2256 249 2297 94
272 2257 621 2294 Heauoofflunvs
638 2258 730 2295 libro
809 2259 872 2294 ’mo
896 2258 989 2294 iuris
1003 2259 1241 2305 epitomarum

150 2303 238 2339 Cum
261 2304 314 2339 ita
337 2303 444 2355 datur
465 2303 635 2340 libertas:
660 2303 704 2339 ‘si
727 2269 835 2340 ffl’
861 2303 934 2349 (qui
956 2313 1030 2339 non
1045 2305 1100 2339 est
1122 2303 1240 2348 heres)

149 2348 283 2384 ‘decem
307 2347 464 2391 deder1t’‚
491 2352 590 2384 certa
613 2359 770 2395 persona
782 2348 1048 2384 demonstratur
1063 2358 1108 2384 ac
1129 2359 1240 2395 prop-

147 2398 247 2430 terea
269 2394 308 2430 in
330 2403 522 2439 personam
545 2393 621 2430 eius
653 2397 794 2429 tantum
819 2393 981 2430 condicio
1010 2393 1150 2439 impleri
1173 2405 1239 2439 po-

147 2443 229 2475 test.
255 2449 344 2475 sane
367 2439 397 2474 si
422 2449 503 2475 cum
527 2439 676 2475 cesserit
698 2438 797 2475 dies⁴
819 2438 1010 2486 pecuniam
1036 2439 1238 2475 condicioni

148 2484 674 2575 fflpriiiissanssonssffli?
687 2484 894 2566 nitatis
929 2484 1238 2565 iffiieriinsfflffi

148 2580 202 2611 est
224 2574 406 2621 legatarii,
438 2574 477 2610 in
507 2575 609 2610 cuius
638 2585 793 2621 persona
848 2574 961 2611 lacuit
994 2573 1237 2611 condicionem

148 2620 319 2663 deficere,
352 2620 402 2665 si,
434 2623 627 2666 antequam
651 2620 790 2656 dederit
834 2620 1014 2665 egatarius
1037 2620 1236 2665 pecuniam,

153 2669 165 2700 1
216 2665 333 2702 Titius
357 2666 541 2701 moriatur.
589 2665 648 2700 Ex
671 2665 727 2701 his
750 2665 868 2702 verbis
894 2665 935 2701 ‘si
958 2665 1093 2701 heredi'
1116 2665 1172 2702 vel
1196 2666 1238 2701 ‘si

148 2710 282 2746 ‘heredi
305 2710 400 2746 Titio
425 2709 548 2746 decem
572 2710 719 2755 dederit,
750 2710 841 2746 liber
865 2710 966 2753 esto‘,
1001 2720 1073 2746 non
1096 2712 1236 2746 tantum

147 2755 285 2800 heredi,
309 2754 371 2791 sed
395 2755 502 2791 etiam
525 2754 666 2791 heredis
697 2755 819 2791 heredi
850 2755 1162 2808 dando-pervenit
1191 2755 1238 2792 ad

147 2801 364 2837 libertatem:
389 2804 428 2835 at
451 2801 482 2836 si
505 2801 624 2836 nullus
647 2800 770 2837 heredi
794 2805 1024 2843 successerit,
1049 2800 1128 2836 iure
1152 2811 1236 2837 con-

149 2845 275 2882 stituto
300 2845 388 2881 nulli
412 2845 529 2881 dando
543 2845 589 2881 ad
612 2846 813 2882 libertatem
836 2845 1030 2900 perveniet.

194 2887 247 2929 95
272 2889 379 2926 IDEM
399 2890 490 2926 libro

148 2935 215 2971 sub
239 2934 448 2988 condicione
471 2901 633 2971 relictum
657 2939 694 2972 et
722 2936 769 2972 ad
799 2937 907 2973 ahum
941 2936 1175 2980 translatum,
1206 2937 1237 2973 si

148 2991 220 3017 non
245 2980 408 3016 condmio
431 2990 606 3026 personae
631 2982 838 3025 cohaereat,
872 2982 940 3018 sub
964 2981 1088 3017 eadem
1113 2981 1235 3018 condi-

149 3027 251 3062 cione
273 3025 486 3061 translatum
510 3026 661 3062 videtur.

194 3067 248 3109 96
272 3070 432 3107 PAUhvs
452 3071 543 3107 libro
570 3073 694 3118 primo
719 3072 769 3107 ad
792 3071 981 3107 Neratium
1028 3071 1123 3108 Titio
1147 3082 1235 3108 usus

147 3116 289 3152 fructus
312 3115 404 3152 servi
427 3115 565 3162 legatus
590 3120 644 3152 est
667 3120 720 3161 et',
745 3117 777 3153 si
800 3116 846 3152 ad
870 3127 950 3153 eum
973 3117 1151 3169 pertinere
1174 3117 1234 3153 de-

148 3162 265 3205 sisset,
288 3160 436 3198 libertas
459 3171 560 3198 servo
586 3161 670 3197 data
694 3165 759 3198 est.
809 3162 923 3198 Titius
952 3173 1031 3198 vivo
1062 3165 1235 3199 testatore

149 3206 313 3243 decessit.
360 3206 509 3242 libertas
540 3217 613 3242 non
643 3207 754 3249 valet,
785 3207 870 3252 quia
893 3206 1054 3243 condicio
1078 3218 1146 3244 nec
1168 3207 1234 3243 ini-

147 3252 237 3287 tium
262 3252 411 3298 accepit.
460 3251 517 3287 Pa
525 3261 624 3287 σιυε.
673 3262 754 3297 ergo
785 3256 822 3288 et
851 3252 882 3287 si
905 3253 1037 3288 viveret
1060 3252 1176 3289 Titius
1200 3256 1237 3289 et

148 3307 278 3343 capere
300 3307 374 3333 non
444 3299 526 3340 test,
550 3296 643 3332 idem
668 3297 857 3332 dicendum
874 3301 945 3334 est:
971 3297 1105 3334 desisse
1120 3297 1237 3334 enim⁶

153 3346 163 3377 1
215 3353 287 3378 non
311 3306 460 3385 videm,
484 3340 580 3395 quod
604 3351 670 3377 nec
694 3341 829 3387 incipit.
863 3341 961 3379 Servi
984 3353 1071 3379 usus
1095 3342 1236 3396 fructus

540 2895 648 2927 uarto
671 2892 764 2927 iuris
786 2895 1026 2945 epttomarum
1061 2891 1236 2937 Legatum

148 3387 297 3430 mulieri,
322 3386 441 3433 quoad
464 3385 571 3423 vidua
594 3390 708 3429 esset,
733 3387 888 3431 legatus,
913 3386 1006 3424 idem
1029 3398 1152 3424 servus
1206 3399 1236 3424 si

148 3442 192 3467 ea
214 3432 408 3476 nubsisset.
430 3432 522 3470 liber
544 3442 623 3469 esse
645 3432 764 3468 iussus
788 3436 843 3468 est
851 3433 877 3467 ⁰.
902 3433 933 3468 si
956 3432 1082 3469 mulier
1104 3416 1235 3470 nubse-

148 3478 220 3561 rit}³
231 3478 320 3513 liber
344 3477 422 3521 erit,
446 3477 532 3524 quia
553 3477 675 3524 potior
697 3480 753 3514 est
775 3477 892 3522 legato
916 3477 1075 3514 libertas.

222 3519 246 3559 7
272 3522 376 3557 loru
397 3522 489 3559 libro
512 3522 672 3559 secundo
695 3521 746 3558 ad
768 3520 957 3557 Neratium
980 3523 1235 3569 Municipibus,

149 3567 180 3603 si
203 3567 393 3607 iurassent,
418 3567 574 3613 legatum
598 3571 664 3604 est.
695 3567 786 3603 haec
811 3567 972 3603 condicio
998 3579 1070 3604 non
1093 3572 1148 3605 est
1169 3568 1235 3604 im-

147 3611 340 3657 possibilis.
365 3611 421 3649 ΡΔ
429 3621 529 3649 οισι
554 3611 849 3659 quemadmodum
865 3621 949 3657 ergo
973 3613 1092 3658 pareri
1115 3617 1236 3659 potest

1238 139 1323 189 506

1496 48 1555 73 r

1949 154 2011 185 DE
2041 153 2392 187 coumcmmus

1307 266 1483 345 perteos‘?
1505 265 1629 313 itaque
1651 266 1830 311 iurabunt,
1854 276 1918 312 per
1942 276 2033 312 quos
2050 266 2231 314 municipii
2253 279 2311 306 res
2332 280 2394 316 ge-

1307 322 1375 346 run
1393 321 1447 346 ur.

1354 351 1408 393 98
1432 354 1540 391 Ιυειι
1558 355 1650 394 libro
1683 358 1787 393 tertio
1818 356 1870 392 ad
1891 355 2080 392 Neratium
2125 356 2210 395 Mea
2238 369 2298 396 res
2326 361 2394 397 sub

1310 400 1521 437 condicione
1542 400 1655 448 legari
1677 401 1764 438 mihi
1784 405 1926 448 potest,
1950 401 2035 448 quia
2057 401 2095 437 in
2117 401 2320 441 huiusmodi
2343 405 2394 441 le·

1308 445 1401 491 gatis
1425 456 1498 482 non
1527 446 1731 483 testamenti
1765 446 1854 484 facti
1888 450 2046 493 tempus,
2081 447 2146 483 sed
2176 448 2393 486 condicionis

1309 501 1351 527 ex
1378 490 1471 527 letae
1494 491 1648 537 spectari
1671 495 1824 537 oportet.

1385 534 1410 573 9
1434 535 1681 572 Pamisos
1708 537 1800 574 libro
1824 540 1948 573 octavo
1980 536 2117 573 decimo
2147 539 2394 585 quaestionum

1311 580 1546 617 Condiciones
1571 581 1803 626 extrinsecus,
1828 592 1899 618 non
1917 592 1961 618 ex
1977 585 2190 619 testamento
2204 584 2394 629 venientes,

1311 626 1347 662 id
1363 629 1419 663 est
1430 636 1522 679 quae
1538 626 1646 663 tacite
1668 626 1786 664 inesse
1797 627 1995 670 videantur,
2021 638 2094 663 non
2116 627 2256 664 faciunt
2277 629 2396 675 legata

1311 671 1582 708 condicionalis.

1361 715 1439 756 100
1463 716 1572 752 lanu
1598 716 1689 754 libro
1712 719 1863 765 septimo
1895 728 2151 765 responsorum
2198 718 2333 764 Titiae,
2365 721 2394 756 si

1310 773 1382 798 non
1404 761 1585 806 nubserit,
1610 761 1782 806 ducenta,
1813 762 1843 799 si
1867 762 2043 807 nubserit,
2076 767 2218 799 centum
2247 764 2393 810 legavit:

1311 807 1433 843 nubsit
1455 806 1592 843 mulier.
1640 806 1815 851 ducenta,
1850 818 1923 844 non
1955 807 2063 844 etiam
2087 812 2230 844 centum
2253 809 2396 846 residua

1310 856 1425 898 petat:
1461 852 1652 888 ridiculum
1683 857 1738 889 est
1767 853 1861 889 enim
1893 853 2042 889 eandem
2065 857 2102 889 et
2132 857 2173 889 ut
2195 854 2337 891 viduam
2361 859 2397 891 et

1311 902 1351 933 ut
1373 909 1422 933 nu
1449 901 1523 933 tam
1546 897 1694 933 admitti.

1361 942 1410 982 10
1458 943 1565 979 Imm
1576 942 1667 979 libro
1684 948 1809 979 octavo
1828 953 2082 990 responsorum
2117 943 2226 980 Pater
2236 944 2395 981 Severia-

1311 999 1394 1024 nam
1416 987 1607 1024 Proculam
1629 987 1732 1024 Aelio
1755 987 1873 1034 Philip
1901 998 1921 1024 o
1946 991 2096 1033 cognato
2119 988 2254 1035 nuptiis
2285 994 2395 1027 testa-

1311 1037 1429 1070 mento
1463 1033 1539 1070 desi
1588 1033 1676 1069 avit:
1716 1033 1830 1069 eidem
1907 1033 1961 1068 'ae
1994 1032 2197 1079 praedium,
2234 1035 2265 1070 si
2293 1035 2395 1072 Aelio

1311 1079 1476 1125 Philippo
1493 1044 1684 1122 nuffiisset,
1708 1078 1825 1114 verbis
1837 1077 2101 1114 fideicommissi
2118 1078 2276 1125 reliquit:
2325 1081 2396 1117 uod

1313 1125 1343 1161 si
1367 1135 1441 1160 non
1463 1123 1655 1167 nubsisset‚
1680 1123 1773 1159 idem
1815 1123 1976 1159 raedium
1987 1123 2152 1169 Philippo
2168 1123 2245 1160 dari
2268 1136 2310 1162 vo
2327 1126 2395 1162 uit:

1312 1169 1470 1205 nondum
1494 1169 1690 1250 virifiotens
1713 1135 1834 1215 puelia
1857 1168 1949 1204 diem
1965 1179 2070 1204 suum
2094 1169 2191 1205 obiit.
2215 1171 2396 1217 respondi,

1313 1226 1394 1251 cum
1417 1215 1455 1250 in
1479 1225 1548 1251 con
1587 1215 1749 1251 cionibus
1773 1217 2067 1250 testamentorum
2089 1214 2309 1251 voluntatem
2330 1227 2397 1263 po-

1313 1261 1385 1296 tius
1411 1270 1517 1306 quam
1540 1260 1650 1296 verba
1674 1259 1894 1296 considerari
1917 1262 2092 1305 oporteat,
2116 1259 2218 1296 Aelio
2231 1260 2349 1308 Philip
2375 1273 2396 1298 o

1313 1305 1623 1342 fideicommissum
1647 1306 1699 1341 ita
1722 1304 1846 1341 datum
1867 1304 1996 1348 videri,
2027 1305 2058 1341 si
2089 1305 2121 1341 ei
2148 1305 2305 1342 Procula
2337 1273 2395 1343 de-

1313 1351 1427 1387 functi
1459 1351 1533 1386 filia
1561 1350 1698 1387 nubere
1726 1350 1916 1386 noluisset:
1952 1360 2062 1395 quare
2091 1361 2173 1386 cum
2209 1361 2253 1387 ea
2284 1352 2397 1405 prius,

1314 1407 1421 1443 quam
1444 1396 1636 1442 viripotens
1659 1396 1777 1438 fieret,
1809 1396 1881 1431 vita
1909 1394 2119 1440 decesserit,
2155 1395 2397 1433 condic1onem

1316 1446 1331 1478 1
1382 1442 1560 1478 exstitisse
1602 1452 1675 1477 non
1715 1440 1837 1477 videri.
1894 1440 1951 1476 Ita
1987 1439 2259 1478 fideicommisso
2295 1442 2396 1479 dato:

1315 1487 1407 1523 ‘volo
1432 1487 1612 1531 restituas,
1637 1487 1668 1523 si
1692 1487 1768 1523 sine
1790 1485 1912 1522 liberis
1937 1486 2100 1522 decedas'
2126 1487 2286 1523 condicio
2311 1486 2397 1524 defi-

1314 1532 1364 1568 cit
1402 1542 1448 1568 ex
1487 1532 1671 1568 voluntate
1704 1532 1759 1568 vel
1799 1542 1871 1567 uno
1909 1530 1982 1568 filio
2027 1532 2218 1577 superstite
2259 1532 2395 1570 relicto.

1312 1580 1334 1614 2
1382 1577 1638 1614 condicionum
1660 1577 1780 1620 verba,
1829 1587 1897 1613 uae
1920 1579 2133 1613 testamento
2146 1579 2396 1624 praescribun-

1312 1626 1383 1666 tur,
1406 1634 1474 1669 pro
1497 1623 1681 1659 voluntate
1698 1622 1797 1658 consi
1823 1625 1984 1658 erantur:
2009 1625 2046 1658 et
2067 1621 2146 1658 ideo
2163 1634 2242 1658 cum
2260 1627 2397 1661 tutores

1312 1671 1526 1704 testamento
1551 1667 1638 1712 dati,
1662 1668 1829 1714 quoniam
1851 1668 1988 1703 interea
2009 1678 2101 1713 puer
2123 1667 2336 1712 adoleverat,
2360 1669 2398 1705 id

1312 1713 1464 1794 35th
1477 1716 1543 1795 ,ἐξ
1566 1712 2215 1804 -0uffl0‘0523331p{2”⁸5{³¹¹ffi.‘ffi2·
2235 1715 2397 1751 ⁰⁰¹¹ffi⁰¹⁰

1382 1770 1416 1794 ic
1441 1770 1476 1794 m
1544 1770 1576 1795 ει
1703 1770 1727 1804 p
1934 1771 1943 1793 :
1998 1770 2012 1794 1
2204 1770 2242 1794 m
2266 1770 2396 1796 annum

1313 1807 1489 1840 ‘octavum
1513 1803 1688 1839 decimum
1735 1802 1896 1840 esserint’
1921 1802 2092 1840 defecisse
2114 1814 2186 1840 non
2209 1803 2397 1841 videbitur.

1315 1852 1334 1885 3
1382 1849 1516 1885 Socrus
1545 1849 1653 1885 nurui
1680 1848 1707 1885 fi
1732 1848 1994 1885 eioommissum
2027 1850 2080 1884 ita
2107 1848 2317 1910 refiquerat:
2355 1851 2398 1886 ‘si

1313 1896 1406 1930 ‘cum
1429 1894 1502 1931 filio
1526 1905 1604 1930 meo
1618 1895 1656 1930 in
1668 1893 1892 1930 matrimonio
1915 1895 2193 1940 perseveraverit
2211 1908 2221 1931 :
2247 1895 2396 1932 divortio

1312 1940 1390 1976 sine
1419 1940 1526 1986 culpa
1553 1939 1619 1975 viri
1652 1943 1739 1985 post
1765 1942 1914 1975 mortem
1943 1950 2070 1975 socrus
2099 1939 2195 1976 facto
2225 1939 2397 1977 defecisse

1316 1985 1561 2021 condicionem
1584 1985 1766 2031 respondi.
1812 1995 1880 2020 nec
1906 1988 1991 2021 ante
2014 1984 2106 2020 diem
2135 1984 2397 2022 fideicommissi

1313 2030 1457 2074 cedere,
1492 2041 1598 2075 quam
1628 2030 1719 2066 mori
1751 2029 1910 2076 coeperit
1939 2041 1988 2065 nu
2014 2034 2053 2065 ta
2083 2030 2138 2066 vel
2166 2031 2331 2077 maritus,
2362 2034 2398 2067 et

1311 2075 1392 2112 ideo
1422 2086 1489 2111 nec
1517 2075 1724 2112 Mucianam
1756 2075 1957 2112 cautionem
1985 2041 2104 2111 focum
2133 2076 2284 2121 hahere,
2314 2077 2398 2122 quia

1312 2124 1333 2155 4
1379 2125 1495 2157 morte
1527 2121 1594 2157 viri
1625 2120 1786 2157 condicio
1814 2121 1930 2166 possit
1959 2121 2142 2157 exsistere.
2195 2121 2394 2158 Fideicom-

1311 2165 1420 2202 missa
1448 2170 1632 2202 menstrua
1655 2170 1692 2202 et
1719 2176 1839 2202 annua
1862 2165 1929 2202 sub
1962 2176 2005 2202 ea
2029 2165 2238 2203 condicione
2266 2167 2394 2204 liberto

1310 2211 1437 2247 relicta
1461 2211 1642 2257 ‘quamdiu
1661 2222 1719 2248 res
1736 2211 1881 2258 patroni
1897 2210 1993 2247 filiae
2008 2212 2169 2257 gesserit’
2193 2211 2259 2248 etsi
2273 2223 2395 2259 praes·

1309 2256 1379 2292 tari
1402 2267 1549 2293 necesse
1572 2262 1628 2293 est
1650 2256 1724 2292 filia
1770 2257 1957 2292 rohibente
1970 2266 2028 2292 res
2044 2267 2127 2293 suas
2143 2257 2395 2303 administrari,

1309 2304 1429 2339 tamen
1458 2302 1678 2338 voluntatem
1762 2302 1796 2337 ‘a
1823 2304 1984 2337 mutante
2016 2302 2259 2339 condicionem
2295 2313 2393 2339 resu-

1308 2350 1420 2390 munt,
1445 2348 1614 2393 quoniam
1661 2347 1742 2383 lura
1753 2350 1851 2383 sunt.

1357 2389 1436 2430 102
1469 2391 1578 2428 Imm
1607 2392 1636 2428 li
1677 2404 1699 2429 o
1733 2403 1829 2428 nono
1868 2402 1927 2427 res
1954 2402 2122 2428 onsorum
2185 2393 2274 2429 Cum
2306 2404 2394 2430 avus

1307 2437 1419 2472 filium
1442 2447 1486 2473 ac
1510 2440 1676 2483 nepotem
1698 2448 1744 2474 ex
1766 2436 1879 2473 altero
1943 2437 1976 2472 ὀ
1999 2437 2148 2474 heredes
2171 2438 2393 2483 instituisset,

1307 2492 1330 2517 a
1352 2486 1483 2528 nepote
1505 2483 1608 2528 petit,
1631 2486 1683 2526 ut,
1709 2482 1741 2518 si
1762 2483 1858 2518 intra
1881 2492 2015 2518 annum
2073 2482 2081 2490 '
2148 2483 2255 2519 'mum
2279 2495 2392 2520 more—

1306 2530 1416 2570 retur,
1440 2527 1673 2564 hereditatem
1696 2531 1825 2574 patruo
1837 2538 1902 2563 suo
1925 2527 2147 2564 restitueret:
2170 2539 2282 2575 nepos
2305 2529 2391 2566 libe-

1305 2573 1356 2608 ris
1379 2573 1513 2609 relictis
1536 2574 1631 2608 intra
1654 2577 1809 2609 aetatem
1832 2582 1943 2618 supra
1956 2572 2127 2619 scriptam
2140 2574 2213 2609 vita
2229 2573 2391 2611 decessit.

1305 2617 1570 2655 fideicommissi
1583 2618 1827 2655 condicionem
1848 2617 2055 2654 coniectura
2069 2618 2212 2664 pietatis
2224 2620 2392 2665 respondi

1306 2662 1491 2716 defecisse,
1516 2663 1612 2709 quod
1626 2664 1743 2700 minus
1758 2663 1942 2709 scriptum,
1967 2673 2075 2710 quam
2087 2663 2245 2700 dictum⁷
2264 2664 2392 2709 fuerat,

1304 2709 1532 2745 mveniretur.

1355 2751 1434 2792 103
1460 2754 1620 2790 ΡΑσισε
1640 2753 1731 2789 libro
1755 2757 1886 2800 quarto
1910 2753 2047 2790 decimo
2082 2755 2331 2801 quaestionum
2355 2755 2393 2791 Si

1304 2799 1356 2834 ita
1377 2799 1534 2845 legatum
1558 2799 1606 2835 sit
1628 2798 1736 2834 ‘Titio
1759 2802 1844 2844 post
1866 2799 1989 2835 decem
2001 2810 2116 2836 annos
2131 2799 2227 2843 dato,
2251 2800 2281 2836 si
2305 2800 2391 2836 satis

1306 2844 1364 2880 ‘ab
1395 2844 1528 2881 herede
1557 2854 1632 2880 non
1660 2853 1704 2879 ex
1749 2844 1827 2879 erit'
1866 2847 1903 2880 et
1942 2844 2058 2881 Titius
2088 2845 2183 2880 intra
2216 2844 2391 2881 decimum

1305 2900 1438 2925 annum
1462 2889 1675 2933 decesserit,
1768 2889 1933 2925 heredem
1957 2900 2061 2926 suum
2094 2890 2314 2926 transmittat
2341 2890 2390 2926 le-

1304 2938 1438 2980 gatum,
1487 2935 1548 2971 uia
1573 2933 1746 2970 moriente
1770 2945 1812 2970 eo
1837 2935 1999 2971 condicio
2023 2934 2169 2971 exstitit.

1355 2978 1435 3018 104
1457 2946 1564 3016 Jvnu
1584 2978 1676 3016 libro
1690 2983 1821 3026 quarto
1845 2979 1981 3016 decimo
2005 2990 2260 3028 responsorum
2283 2979 2389 3024 Eum,

1305 3025 1367 3071 qui
1388 3029 1473 3071 post
1495 3035 1518 3061 a
1543 3028 1658 3061 ertum
1681 3027 1932 3060 testamentum
1956 3024 2223 3071 deportatuset
2245 3025 2389 3061 restitu-

1304 3074 1363 3106 tus
1388 3074 1451 3115 est,
1476 3070 1500 3105 fi
1526 3069 1786 3106 eioommissum
1809 3074 1929 3123 petere
1978 3080 2076 3114 osse,
2102 3069 2203 3106 cuius
2227 3070 2389 3123 condicio

1303 3119 1432 3161 postea
1456 3115 1604 3159 exstitit,
1629 3125 1736 3160 quam
1762 3115 1939 3151 civitatem
1997 3125 2160 3151 omanam
2183 3125 2257 3151 rem
2284 3115 2344 3151 'at.

1353 3160 1432 3200 105
1458 3160 1687 3196 Poupomvs
1707 3159 1797 3196 libro
1822 3161 1947 3208 quinto
1969 3160 2203 3207 epistularum
2272 3159 2285 3196 i
2307 3160 2388 3196 fun-

1304 3206 1389 3242 dum
1420 3216 1443 3242 a
1471 3209 1645 3242 testatore
1677 3205 1744 3241 sub
1776 3205 1983 3242 condicione
2013 3205 2168 3251 legatum
2198 3206 2301 3242 heres
2329 3205 2388 3242 alii

1304 3250 1482 3296 pendente
1506 3250 1716 3287 condicione
1739 3251 1886 3296 legavit,
1917 3253 2001 3296 post
2030 3250 2240 3287 existentem
2266 3250 2387 3287 condi—

1305 3297 1458 3339 cionem,
1494 3306 1586 3341 quae
1628 3295 1738 3341 priori
1771 3299 1984 3332 testamento
2018 3306 2105 3341 prae
2131 3295 2224 3332 osita
2257 3295 2387 3341 fuerat,

1302 3341 1642 3433 ἓεἯὲιῖεῗῖἒΡῧθὲῗ
1654 3340 2160 3423 ’ἕηῗιῖἰὲῐῖἐὲἓιῗῗὲωὲωὲεέ
2179 3341 2387 3422 ἓέἒήὲιῗὲἒ

1302 3431 1485 3477 imponere
1507 3431 1656 3477 poterit:
1681 3430 1744 3468 sed
1767 3435 1804 3467 et
1826 3430 1993 3477 imposita
2007 3431 2157 3468 servitus
2170 3431 2315 3468 finietur
2327 3442 2385 3467 ex·

1302 3478 1450 3514 sistente
1473 3476 1694 3513 condicione.

1352 3518 1431 3560 106
1455 3520 1649 3558 Ιυιιᾼινυε
1674 3521 1765 3557 libro
1802 3521 1966 3557 vicesimo
2029 3522 2129 3557 uinto
2165 3521 2385 3569 diqcstorum

1302 3566 1382 3603 Hoc
1404 3576 1516 3612 genus
1540 3567 1648 3612 legati
1673 3566 1715 3602 ‘si
1738 3565 1832 3602 Titio
1857 3577 1928 3602 non
1953 3578 2003 3602 nu
2030 3567 2127 3602 serit’
2150 3566 2299 3613 perinde
2320 3566 2385 3602 ha·

1302 3611 1458 3648 bendum
1483 3616 1548 3655 est,
1573 3623 1617 3648 ac
1640 3612 1671 3648 si
1694 3615 1778 3657 post
1800 3615 1949 3647 mortem
1963 3612 2047 3647 Titii
2069 3612 2225 3657 legatum
2247 3610 2385 3655 fuisset,

540 3686 1703 3694 *Μ*-

148 3724 189 3766 (1)
214 3725 381 3759 testator
487 3727 531 3764 (2)
556 3726 654 3758 etiam
669 3725 750 3758 Har.
869 3725 910 3767 (8)
935 3723 1157 3758 institutioni·
1167 3738 1229 3759 ncr-

149 3771 192 3811 (4)
217 3769 331 3802 sicum
344 3770 477 3803 cesserit
496 3770 576 3814 dieu]
597 3772 804 3815 requiruntur
824 3770 924 3805 talia:
948 3769 976 3803 ni
989 3769 1161 3803 decesserit
1173 3770 1229 3804 Ti·

1299 3725 1367 3758 tius
1379 3735 1486 3767 nequo
1498 3725 1550 3757 cui
1564 3725 1682 3759 offerat
1747 3727 1790 3767 (5)
1814 3727 1894 3758 etin
1909 3727 1942 3759 F
1950 3726 1972 3769 ¹,
1985 3725 2063 3759 enin
2075 3725 2128 3759 Γ,
2193 3726 2238 3769 (ο)
2262 3727 2346 3760 esset
2356 3726 2390 3759 F

1300 3774 1343 3812 (¹1)
1367 3776 1478 3803 actum
1491 3783 1552 3805 scr.
