2528 3918
195 89 376 134 xvna

193 213 294 256 stitit,
320 223 364 249 ex
389 210 568 249 communi
591 208 800 246 solvendum
823 212 895 246 est:
918 208 1071 256 ideoque
1094 210 1125 246 si
1147 208 1288 245 interim

193 259 348 295 societas
373 257 570 299 dirimatur,
596 255 783 292 cautiones
805 255 1089 301 interponendae
1113 258 1208 291 sunt.

241 301 294 342 28
319 303 428 339 Imm
455 301 547 338 libro
579 301 810 348 seaeaqesimo
833 301 884 337 ad
905 300 1059 336 edictum
1106 300 1145 336 Si
1175 299 1287 336 socii¹

194 359 317 385 sumus
342 351 378 384 et
400 357 493 383 unus
519 356 563 382 ex
586 345 644 382 die
666 346 857 392 pecuniam
880 346 1011 381 debeat
1041 348 1077 381 et
1108 345 1289 381 dividatur

193 395 364 436 societas,
399 403 473 428 non
505 391 612 427 debet
645 391 716 428 hoc
749 391 927 428 deducere
961 390 1081 427 socius
1117 390 1286 437 quemad-

193 439 336 474 modum
359 447 530 483 praesens
559 437 674 483 pure²
704 436 852 480 debet³‚
884 436 948 473 sed
978 446 1100 472 omnes
1133 436 1287 472 dividere

193 489 229 519 et
252 493 389 526 cavere,
414 493 495 519 cum
518 481 594 518 dies
617 482 764 526 venerit,
790 482 939 518 defensu
961 481 1006 516 iri
1029 481 1175 517 socium.

238 527 292 566 29
312 528 508 564 Ulmanus
523 527 615 564 libro
634 528 843 575 triqensimo
864 527 915 563 ad
933 526 1109 563 Sabinum
1156 526 1195 562 Si
1214 537 1287 563 non

191 574 327 609 fuerint
345 576 469 619 partes
489 573 654 609 societati
673 573 846 616 adiectae,
872 582 1006 618 aequas
1028 582 1089 608 eas
1101 582 1180 608 esse
1200 582 1286 608 con-

191 623 276 655 stat.
313 619 344 655 si
366 629 450 655 vero
473 618 668 665 placuerit,
700 622 743 654 ut
772 619 851 664 quis
875 618 965 653 duas
989 622 1110 664 partes
1133 618 1191 653 vel
1213 620 1286 653 tres

191 665 336 708 habeat,
351 664 443 700 alius
455 674 574 704 unam,
596 673 644 699 an
664 664 808 700 valeat?
842 663 963 709 placet
979 663 1109 706 valere,
1130 663 1161 699 si
1180 663 1285 699 modo

191 709 327 756 aliquid
348 709 432 756 plus
456 709 609 746 contulit
631 709 796 745 societati
813 709 868 744 vel
886 708 1062 754 pecuniae
1081 709 1137 744 vel
1156 718 1287 754 operae

195 759 209 791 1
258 755 314 791 vel
349 755 605 801 cuiuscumque
640 754 787 790 alterius
822 754 875 789 rei
910 763 1022 789 causa
1031 754 1057 789 ⁴.
1106 754 1163 789 Ita
1199 754 1287 790 coiri

191 801 402 836 societatem
436 810 559 846 posse,
596 804 638 836 ut
673 800 832 835 nullam⁵
866 802 1006 845 partem
1040 799 1160 834 damni
1195 799 1287 835 alter

192 846 343 890 sentiat,
378 845 518 882 lucrum
550 856 634 882 vero
667 854 855 881 commune
886 844 952 887 sit,
986 843 1131 880 Cassius
1188 848 1284 880 utat:

193 891 291 937 quod
321 892 373 927 ita
404 891 546 927 demum
576 891 725 934 valebit,
759 894 800 925 ut
830 893 867 925 et
897 889 1051 925 Sabinus
1083 890 1154 926 scri
1180 890 1226 933 it,
1256 890 1287 925 si

191 937 309 972 tanti⁶
327 937 374 973 sit
392 947 513 983 opera,
534 936 659 989 quanti
679 935 847 971 damnum
865 938 938 971 est:
963 935 1172 981 plerumque
1194 935 1287 978 enim

190 986 294 1018 tanta
317 986 372 1019 est
393 982 571 1018 industna
603 981 708 1024 socii,
741 985 782 1016 ut
811 981 894 1026 plus
926 981 1090 1016 societati
1123 980 1288 1016 conferat

192 1039 301 1074 quam
324 1028 489 1074 pecunia,
513 1028 622 1063 item⁷
646 1027 677 1062 si
700 1026 797 1062 solus
821 1026 901 1062 navi
926 1029 980 1070 et,
1006 1026 1037 1062 si
1061 1026 1158 1062 solus
1184 1036 1285 1072 pere-

194 1077 212 1109 2
260 1074 439 1119 grinetur‚
482 1072 666 1119 pericula⁸
701 1072 828 1107 subeat
862 1082 902 1107 so
918 1082 972 1107 us.
1021 1071 1142 1107 Aristo
1177 1071 1288 1108 refert

193 1118 357 1154 Cassium
377 1118 606 1164 respondisse
627 1117 835 1153 societatem
855 1117 963 1153 talem
984 1117 1071 1153 coiri
1084 1128 1157 1153 non
1168 1128 1286 1163 posse,

192 1168 232 1199 ut
256 1164 348 1200 alter
370 1164 510 1199 lucrum
535 1163 716 1206 tantum⁹,
742 1163 833 1198 alter
857 1162 1027 1198 damnum
1051 1163 1219 1207 sentiret,
1252 1167 1288 1199 et

191 1210 286 1246 hanc
311 1210 519 1245 societatem
543 1208 720 1243 leoninam
745 1207 887 1244 solitum
917 1207 1117 1254 appellare:
1151 1211 1188 1244 et
1219 1219 1286 1244 nos

191 1255 433 1291 consentimus
457 1254 565 1289 talem
589 1254 797 1289 societatem
827 1253 962 1289 nullam
993 1263 1091 1297 esse,
1124 1257 1166 1289 ut
1197 1254 1287 1289 alter

190 1299 328 1336 lucrum
352 1300 510 1343 sentiret,
535 1299 626 1334 alter
649 1309 731 1335 vero
755 1299 892 1334 nullum
914 1299 1073 1343 lucrum,
1099 1299 1162 1335 sed
1186 1299 1285 1335 dam-

190 1356 275 1382 num
298 1346 463 1381 sentiret:
487 1344 745 1390 iniquissimum
769 1345 862 1380 enim
909 1354 997 1380 enus
1017 1344 1200 1380 societatis
1220 1348 1285 1388 est,

191 1401 235 1426 ex
283 1401 330 1426 ua
354 1390 433 1436 quis
458 1390 638 1433 damnum,
663 1400 737 1426 non
761 1390 868 1426 etiam
904 1400 1031 1426 ucrum
1055 1394 1206 1436 spectet.

236 1402 289 1475 3ss
315 1435 372 1472 ΡΛ
380 1445 476 1472 Ubus
495 1436 587 1471 libro
611 1439 717 1471 sexto
739 1435 789 1471 ad
807 1434 983 1472 Sabinum
1029 1435 1173 1471 Mucius
1193 1435 1285 1471 libro

190 1485 319 1527 quarto
344 1481 480 1517 decimo
514 1480 640 1517 scribit
670 1492 741 1516 non
775 1491 882 1526 posse
894 1481 923 1502 ¹⁰
945 1481 1155 1517 societatem
1186 1481 1286 1524 coiri,

190 1531 231 1562 ut
261 1527 369 1562 aliam
402 1526 537 1569 damni,
574 1526 681 1562 aliam
715 1526 807 1562 lucri
841 1529 981 1572 partem
1017 1526 1137 1563 socius
1172 1526 1285 1562 ferat:

190 1572 331 1608 Servius
355 1572 392 1607 in
416 1572 549 1608 notatis
572 1571 684 1607 Mucii
709 1571 760 1607 ait
782 1582 850 1607 nec
872 1582 981 1617 posse
1004 1572 1213 1608 societatem
1235 1573 1287 1608 ita

190 1618 372 1660 contrahi,
405 1627 521 1663 neque
554 1617 646 1653 enim
673 1617 814 1652 lucrum
844 1617 1061 1663 intellegitur
1092 1618 1160 1653 nisi
1191 1617 1287 1654 omni

190 1663 319 1699 damno
344 1662 498 1699 deducto
513 1663 539 1684 ¹¹
564 1672 680 1708 neque
704 1662 873 1698 damnum
895 1662 965 1699 nisi
988 1663 1084 1698 omni
1104 1663 1205 1699 lucro
1224 1663 1286 1699 de-

189 1708 317 1744 ducto:
354 1707 418 1744 sed
440 1711 563 1754 potest
595 1708 684 1744 coiri
715 1708 869 1744 societas
900 1708 971 1752 ita,
1004 1712 1045 1744 ut
1075 1708 1151 1744 eius
1182 1709 1286 1751 lucri,

189 1753 286 1800 quod
318 1753 383 1789 reli
408 1764 494 1789 uum
516 1754 554 1789 in
578 1753 751 1789 societate
775 1754 822 1789 sit
845 1754 942 1790 omni
966 1753 1095 1790 damno
1120 1753 1285 1797 deducto,

188 1809 272 1845 pars
296 1799 368 1835 alia
407 1802 541 1842 eratur,
566 1802 603 1835 et
625 1799 702 1835 eius
723 1799 855 1843 damni,
881 1799 979 1845 quod
998 1799 1160 1836 similiter
1179 1799 1286 1835 relin—

189 1848 330 1890 quatur,
354 1855 440 1890 pars
464 1845 537 1880 alia
561 1844 735 1890 capiatur.

234 1887 284 1928 31
320 1889 517 1926 Ulmanus
537 1889 627 1926 libro
649 1890 859 1937 triqensimo
879 1890 930 1926 ad
948 1889 1123 1926 Sabinum
1169 1890 1220 1927 Ut
1239 1890 1286 1926 sit

188 1946 254 1981 pro
279 1935 378 1971 socio
402 1935 517 1978 actio,
542 1935 752 1971 societatem
775 1935 998 1971 intercedere
1022 1939 1183 1981 oportet:
1217 1946 1286 1971 1100

189 1981 283 2016 0111111
306 1980 442 2016 sufficit
460 1990 536 2016 rem
558 1991 637 2016 esse
655 1990 889 2023 communem,
913 1981 983 2017 nisi
1002 1981 1155 2017 societas
1175 1982 1285 2017 inter-

189 2026 333 2062 cedit¹².
372 2026 605 2062 communiter
628 2030 749 2062 autem
771 2036 829 2061 res
850 2026 908 2072 agi
924 2030 1046 2079 potest
1067 2027 1174 2063 etiam
1195 2027 1287 2063 citra

188 2071 410 2115 societatem,
435 2075 476 2107 ut
498 2075 588 2117 puta
612 2082 693 2107 cum
717 2082 791 2107 non
814 2071 1004 2108 affectione
1023 2073 1206 2109 societatis
1229 2072 1284 2108 111-

189 2116 338 2153 cidimus
361 2117 400 2152 111
424 2117 721 2160 communionem,
745 2120 788 2152 ut
811 2117 926 2153 evenit
947 2117 985 2152 in
1007 2127 1047 2153 re
1070 2117 1211 2154 duobus
1234 2118 1284 2154 le-

212 2166 291 2205 ata,
324 2162 410 2198 item
441 2162 472 2198 si
495 2173 518 2198 a
541 2161 682 2198 duobus
706 2162 812 2198 simul
836 2166 956 2208 empta
978 2173 1036 2198 res
1061 2163 1125 2206 sit,
1159 2166 1224 2199 aut
1255 2163 1286 2199 si

216 2207 370 2243 ereditas
405 2207 461 2243 vel
496 2207 643 2244 donatio
680 2208 915 2243 communiter
949 2208 1054 2244 nobis
1089 2209 1284 2251 obvenit¹³,

191 2256 255 2288 aut
278 2253 320 2334 sif
332 2263 355 2288 a
379 2252 521 2289 duobus
545 2253 740 2299 separatim
759 2253 908 2289 emimus
927 2256 1049 2299 partes
1069 2264 1192 2290 eorum
1211 2265 1284 2290 non

190 2298 279 2335 socii
319 2298 426 2334 uturi.

236 2341 291 2381 32
314 2342 424 2380 loru
440 2343 532 2380 libro
542 2344 701 2380 secundo
713 2344 763 2380 ad
773 2344 927 2381 edictum
973 2344 1066 2379 Nam
1087 2355 1170 2379 cum
1187 2347 1283 2379 trac-

187 2393 267 2424 tatu
290 2389 415 2425 habito
440 2389 596 2425 societas
629 2389 724 2425 coita
756 2393 828 2432 est,
859 2399 926 2435 pro
959 2389 1057 2425 socio
1091 2390 1186 2425 actio
1219 2393 1284 2432 est,

188 2445 270 2470 011111
293 2434 370 2470 sine
393 2437 553 2470 tractatu
576 2435 614 2470 in
636 2445 676 2470 re
698 2435 780 2480 ipsa
802 2438 840 2470 et
863 2434 1024 2480 negotio,
1050 2435 1286 2470 communiter

186 2484 328 2525 gestum
350 2479 502 2522 videtur,

235 2522 287 2563 33
312 2524 421 2561 Imm
447 2525 539 2560 libro
572 2525 624 2560 tri
647 2525 782 2560 ensimo
806 2525 932 2572 primo
963 2525 1014 2560 ad
1043 2524 1198 2561 edictum
1244 2527 1286 2560 ut

187 2570 225 2606 in
249 2569 550 2606 conductionibus
574 2581 623 2615 pu
648 2569 816 2613 licorum,
849 2570 934 2605 item
964 2570 1002 2605 111
1026 2570 1284 2616 emptionibus:

188 2626 271 2651 nam
296 2615 356 2661 qui
379 2615 509 2651 nolunt
531 2615 626 2650 inter
649 2625 688 2651 se
712 2615 940 2659 contendere,
965 2616 1081 2651 solent
1103 2625 1169 2661 per
1192 2626 1284 2651 nun-

187 2661 276 2696 tium
299 2671 375 2696 rem
399 2670 515 2696 emere
537 2660 575 2696 in
599 2671 797 2704 commune,
822 2660 919 2706 quod
942 2671 965 2696 a
989 2661 1162 2697 societate
1181 2661 1286 2706 longe

187 2709 363 2741 remotum
388 2710 452 2742 est.
490 2710 526 2741 et
547 2705 628 2742 ideo
652 2706 827 2742 societate
858 2706 936 2742 sine
966 2707 1095 2742 tutoris
1126 2706 1284 2742 auctori-

187 2755 263 2787 tate
287 2751 382 2830 c<t2ita
405 2751 562 2797 pupillus
586 2761 659 2787 non
681 2755 845 2795 tenetur,
869 2755 1028 2788 attamen
1053 2751 1287 2788 communiter

212 2800 287 2832 esto
329 2800 463 2832 enetur.

187 2807 211 2842 g
234 2838 289 2879 34
314 2841 438 2877 GAIUs
453 2841 544 2877 libro
566 2841 703 2878 decimo
715 2841 766 2877 ad
775 2841 928 2878 edictum
935 2842 1166 2889 provinciale
1199 2841 1284 2886 Qui-

187 2887 256 2923 bus
289 2886 432 2922 casibus
465 2886 496 2921 si
526 2886 611 2931 quid
641 2886 735 2923 forte
766 2897 860 2923 unus
882 2887 920 2922 in
945 2895 1024 2923 eam
1047 2897 1123 2923 rem
1146 2887 1283 2933 impen-

189 2932 282 2968 derit
316 2931 390 2967 sive
423 2931 563 2967 fructus
606 2932 833 2968 mercedesve
866 2943 960 2968 unus
995 2933 1198 2979 perceperit
1230 2932 1287 2968 vel

189 2977 400 3013 deteriorem
431 2976 559 3012 fecerit
588 2988 682 3021 rem,
716 2988 788 3013 non
820 2978 1003 3014 societatis
1026 2977 1158 3014 iudicio
1183 2977 1285 3013 locus

189 3026 254 3064 est,
278 3022 342 3058 sed
364 3022 458 3057 inter
482 3021 674 3058 coheredes
695 3022 837 3068 quidem
857 3022 1014 3059 familiae
1032 3022 1286 3059 herciscendae

190 3067 321 3106 iudicio
344 3067 472 3112 agitur,
496 3067 589 3102 inter
611 3071 747 3103 ceteros
769 3068 946 3104 communi
965 3068 1168 3105 dividundo.
1193 3067 1286 3103 inter

189 3123 251 3150 eos
283 3122 443 3158 quoque,
476 3112 606 3157 quibus
638 3113 855 3149 hereditario
885 3114 965 3150 iure
999 3113 1195 3150 communis
1226 3123 1285 3148 res

189 3162 254 3200 est,
305 3168 387 3194 osse
411 3161 448 3193 et
471 3158 650 3193 communi
674 3157 866 3195 dividundo
939 3159 959 3195 “.

235 3201 260 3242 3
322 3202 518 3240 vannos
545 3202 637 3238 libro
670 3204 854 3250 triqesimo
877 3215 901 3240 a
949 3203 1124 3240 Sabinum
1170 3203 1283 3240 Nemo

188 3252 310 3296 potest
332 3247 541 3284 societatem
559 3247 682 3283 heredi
703 3258 769 3284 suo
789 3249 841 3284 sic
860 3259 998 3295 parere,
1022 3252 1064 3284 ut
1083 3249 1160 3295 ipse
1180 3249 1284 3285 heres

188 3294 310 3331 socius
335 3293 400 3330 sit:
432 3292 470 3328 in
493 3291 659 3328 heredem
684 3297 804 3329 autem
828 3294 916 3330 socii
939 3294 1154 3341 proponitur
1176 3294 1284 3336 actio,

187 3344 230 3376 ut
253 3340 386 3376 bonam
408 3337 516 3374 fidem
539 3341 700 3383 praestet

235 3382 290 3423 36
314 3383 372 3420 ΡΑ
380 3392 476 3420 vsvs
495 3382 587 3419 libro
610 3387 716 3418 sexto
741 3383 791 3418 ad
809 3382 984 3420 Sabinum
1031 3388 1068 3420 et
1087 3383 1159 3420 acti
1172 3384 1286 3419 'etiam

188 3430 345 3477 culpam,
369 3438 477 3475 quam
499 3427 531 3464 is
554 3428 796 3473 111110810101Η
820 3428 858 3464 111
882 3429 983 3465 cuius
1006 3429 1126 3466 10011111
1141 3439 1284 3465 succes-

187 3476 247 3519 sit,
271 3475 358 3511 licet
379 3473 498 3511 socius
522 3482 596 3509 11011
609 3473 638 3495 ¹⁵
661 3473 719 3508 sit.

513 3588 560 3631 (2)
579 3597 663 3631 pure
677 3587 727 3621 Ρ*
738 3599 807 3622 cum
821 3587 867 3628 Β,
881 3600 942 3621 om.
955 3587 988 3620 F·
1100 3590 1142 3626 (3)
1168 3587 1279 3629 debet]

188 3591 228 3631 (1)
254 3588 356 3622 sociis
367 3588 404 3623 F

188 3634 339 3668 debitum
349 3646 412 3669 scr.
517 3634 562 3676 (4)
585 3643 688 3666 eausa
699 3633 763 3667 del.
776 3633 861 3666 Hal.
976 3634 1020 3675 (5)
1045 3633 1174 3667 nullam
1187 3631 1279 3674 F⁶S‚

188 3679 318 3713 nullius
330 3680 385 3713 ΙΝ
499 3679 544 3721 (θ)
569 3681 664 3711 tant·
676 3678 712 3711 F
820 3678 863 3719 (¹1)
889 3677 939 3711 ita
951 3690 1015 3713 scr.
1118 3679 1164 3720 (8)
1189 3678 1279 3721 peri·

188 3724 265 3762 culo
280 3725 324 3759 Ρ·
474 3726 519 3766 (s)
545 3726 653 3758 totum
664 3736 727 3758 scr.
739 3735 804 3759 uc.
817 3723 855 3758 B
1011 3725 1072 3765 (10)
1096 3722 1202 3767 probe
1213 3735 1276 3758 sor.

1276 82 1363 131 224

1346 3634 1405 3673 (u)
1430 3636 1599 3675 prestaret
1611 3632 1647 3665 F

1345 3689 1409 3712 scr.

1403 205 1456 246 37
1493 207 1723 246 ΡοΜΡοιησε
1752 209 1845 247 libro
1876 210 1982 246 tertz'o
2016 209 2153 247 decimo
2187 210 2238 246 ad
2270 209 2444 247 Sabinum

1356 253 1469 307 mane
1501 254 1532 289 si
1562 254 1619 298 hi,
1649 255 1711 308 qui
1733 256 1840 292 sociis
1863 255 2013 309 heredes
2037 256 2260 299 exstiterint,
2291 256 2445 293 animum

1356 302 1502 390 {ndgldmt
1531 303 1713 337 societatis
1743 301 1781 336 in
1815 311 1858 337 ea
1891 300 2108 344 hereditate,
2143 311 2235 337 novo
2268 311 2446 338 consensu

1356 399 1438 425 nem

1507 348 1618 425 dsteat
1626 346 1801 391 gesserint
1824 347 1979 383 efficitur
2001 350 2043 381 ut
2063 346 2102 382 in
2124 356 2190 392 pro
2214 346 2312 382 socio
2333 347 2444 383 actio-

1402 431 1455 473 38
1487 400 1671 472 {fxv-tgr.
1679 435 1770 472 libro
1804 440 1910 472 sexto
1942 437 1992 473 ad
2021 435 2196 472 Sabinum
2241 437 2312 474 Pro
2347 438 2445 474 socio

1356 480 1490 516 arbiter
1512 480 1718 527 prospicere
1741 480 1847 516 debet
1871 481 2098 517 cautionibus
2116 481 2154 517 in
2172 481 2295 518 futuro
2316 482 2446 519 damno

1356 526 1411 562 vel
1435 525 1536 562 lucro
1560 525 1739 572 pendente
1763 536 1808 561 ex
1831 536 1874 561 ea
1896 527 2079 563 societate.
2116 527 2213 572 quod
2232 526 2386 564 Sabinus
2409 528 2446 564 111

1356 570 1522 607 omnibus
1545 571 1662 608 bonae
1683 571 1770 607 fidei
1801 571 1942 607 iudiciis
1973 572 2206 616 existimavit,
2238 573 2311 608 sive
2340 584 2445 619 gene-

1355 617 1447 652 ralia
1477 619 1563 652 sunt
1597 616 1717 660 (veluti
1746 627 1812 662 pro
1845 616 1963 660 socio,
1998 618 2220 662 negotiorum
2254 622 2445 664 gestorum,

1355 662 1502 742 11110100)
1538 661 1612 715 sive
1646 673 1663 698 s
1691 662 1817 698 ecialia
1852 662 1973 703 (veluti
2006 663 2185 705 mandati,
2221 663 2446 707 commodati,

1356 717 1535 789 socieeggg
1536 710 1775 795 1fflimmunes,
1808 763 1915 798 quam
1946 753 2143 799 impensam
2173 753 2210 788 in
2243 764 2303 790 eas
2327 754 2445 791 fecero

1356 797 1940 880 q¹3⁰⁸33mf1531⁰1ss1³¹⁸ffl951a3³5d5⁸¹3¹5
1965 799 2236 880 533532221111V⁶2m¹
2249 799 2445 880 1185230

1356 854 1498 925 §itione
1522 889 1674 925 alteram
1698 889 1775 925 10111
1798 889 1975 924 Proculus
1999 889 2061 925 ait.
2407 856 2448 881 ra

1402 931 1456 972 39
1480 933 1712 971 Pomomvs
1732 934 1823 970 libro
1848 935 1952 970 tertio
1977 935 2113 971 decimo
2133 934 2185 970 ad
2201 933 2375 971 Sabinum
2410 935 2448 971 Si

1354 979 1489 1016 fundus
1512 980 1598 1015 mihi
1620 984 1740 1016 tecum
1764 979 1960 1016 communis
1985 980 2032 1016 sit
2055 983 2091 1016 et
2112 979 2150 1016 in
2171 990 2251 1016 eum
2270 985 2447 1017 mortuum

1356 1025 1529 1068 intuleris,
1555 1027 1658 1071 again
1682 1029 1802 1061 tecum
1826 1035 1891 1071 pro
1916 1025 2026 1062 socio.

1401 1069 1455 1109 40
1480 1070 1589 1106 IDEM
1607 1071 1699 1107 libro
1722 1071 1874 1118 septimo
1898 1071 2034 1107 decimo
2058 1070 2109 1106 ad
2127 1069 2301 1107 Sabinum
2334 1071 2447 1108 Heres

1356 1115 1444 1152 socii
1467 1116 1627 1170 quamvis
1659 1116 1779 1153 socius
1810 1127 1884 1152 non
1915 1120 1987 1160 est,
2018 1120 2138 1152 tamen
2171 1126 2231 1159 ea,
2261 1127 2353 1170 quae
2411 1128 2448 1153 er

1356 1161 1564 1197 defunctum
1593 1162 1764 1198 mohoata
1795 1165 1881 1197 sunt
1911 1172 1976 1207 per
1998 1161 2164 1198 heredem
2187 1162 2358 1207 expllcari
2407 1173 2444 1199 0-

1356 1208 1459 1242 bent:
1485 1207 1522 1242 in
1546 1207 1674 1253 quibus
1698 1207 1802 1243 dolus
1827 1207 1902 1243 eius
1927 1207 2066 1243 admitti
2088 1211 2220 1252 potest.

1402 1250 1451 1290 41
1487 1252 1684 1289 Uzmnvs
1703 1253 1794 1288 libro
1819 1254 2010 1290 vicensimo
2034 1253 2084 1288 ad
2106 1253 2260 1289 edictum
2308 1253 2344 1288 Si
2369 1253 2446 1299 quis

1357 1308 1379 1333 a
1402 1298 1500 1334 socio
1524 1308 1677 1344 poenam
1701 1298 1894 1343 stipulatus
1926 1298 1990 1341 sit,
2021 1308 2088 1344 pro
2121 1298 2220 1334 socio
2252 1309 2325 1334 11011
2357 1302 2448 1344 aget,

2352 97 2465 135 PRO?
2472 131 2475 133 ,

1674 718 1688 743 1
1717 710 1835 743 10011111
1868 707 2022 743 societas
2052 708 2138 743 mihi
2169 708 2216 743 sit
2246 713 2283 744 et
2313 719 2371 745 res
2403 719 2447 745 ex
2511 706 2517 748 ,”

2490 608 2521 686 32

2491 691 2522 779 §3¹5

2491 1150 2511 1218 Ξ

2489 749 2516 831 ἓ

2490 964 2495 971 η

2490 1017 2514 1151 i

1356 1343 1385 1379 si
1419 1343 1631 1379 tantundem
1665 1343 1703 1378 in
1736 1353 1890 1389 poenam
1925 1344 1991 1387 sit,
2024 1347 2198 1389 quantum
2230 1344 2305 1379 eius
2339 1343 2447 1380 inter-
2499 1340 2507 1374 ῗ

1355 1388 1434 1424 fuit.

1402 1432 1456 1472 42
1479 1433 1589 1470 loru
1607 1434 1698 1470 libro
1723 1433 2028 1481 quadraqensimo
2053 1435 2178 1480 quinto
2202 1434 2253 1470 ad
2274 1433 2447 1470 Sabinum
2503 1451 2506 1468 ·.

1356 1479 1459 1524 Quod
1483 1480 1514 1516 si
1538 1490 1582 1515 ex
1605 1480 1651 1515 sti
1677 1479 1780 1515 ulatu
1803 1489 1882 1515 eam
1907 1484 2120 1515 consecutus
2144 1479 2210 1523 sit,
2233 1483 2360 1525 postea
2382 1491 2447 1526 pro

1356 1525 1454 1578 socio
1487 1525 1623 1570 agendo
1673 1536 1717 1562 oc
1741 1525 1857 1561 minus
1883 1525 2037 1571 accipiet
2058 1535 2176 1571 poena
2199 1525 2232 1561 ei
2254 1525 2292 1561 in
2316 1529 2449 1561 sortem
2492 1526 2502 1568 ᾗ

1354 1582 1403 1606 1111
1429 1574 1542 1606 111010.

1432 1613 1456 1654 3
1489 1615 1599 1652 IDEM
1624 1616 1716 1653 libro
1747 1616 1941 1652 vicensimo
1973 1619 2099 1652 octavo
2131 1616 2182 1651 ad
2210 1615 2364 1652 edictum
2411 1615 2448 1651 Si

1355 1666 1476 1697 actum
1500 1661 1547 1697 sit
1570 1661 1748 1697 communi
1771 1653 1975 1704 dividundo,
2000 1671 2073 1696 non
2096 1661 2235 1697 tollitur
2256 1671 2322 1707 pro
2349 1661 2456 1696 socio

1355 1708 1461 1749 actio,
1487 1707 1655 1752 quoniam
1679 1717 1744 1752 pro
1769 1706 1867 1742 socio
1893 1710 1929 1742 et
1947 1707 2129 1742 nominum
2147 1707 2322 1742 rationem
2339 1706 2450 1742 habet

1355 1756 1392 1788 et
1424 1752 1727 1788 adiudicationem
1757 1762 1831 1788 non
1862 1751 2029 1788 admittit.
2067 1751 2131 1788 sed
2162 1753 2194 1788 si
2225 1755 2353 1797 postea
2382 1762 2448 1797 pro
2495 1755 2498 1757 ’

1355 1798 1454 1834 socio
1487 1801 1632 1843 agatur,
1664 1797 1735 1834 1100
1767 1797 1884 1833 minus
1909 1808 1953 1833 ex
1977 1807 2020 1833 ea
2042 1798 2184 1833 actione
2209 1796 2448 1843 consequitur,
2495 1800 2502 1838 'J

1356 1854 1464 1889 quam
1477 1845 1505 1865 ¹⁶
1529 1854 1573 1879 ex
1595 1843 1711 1889 prima
1734 1843 1877 1879 actione
1901 1846 2115 1879 consecutus
2140 1846 2205 1879 est.

1401 1887 1455 1926 44
1480 1888 1589 1924 Imm
1616 1889 1707 1924 libro
1740 1889 1947 1936 triqensz'mo
1972 1889 2097 1935 primo
2129 1888 2179 1924 ad
2209 1888 2364 1924 edictum
2412 1887 2449 1923 Si

1355 1935 1550 1980 margarita
1571 1934 1638 1970 tibi
1660 1933 1847 1970 vendenda
1866 1933 2010 1977 dedero,
2034 1937 2085 1977 ut,
2111 1934 2141 1969 si
2160 1944 2203 1969 ea
2222 1933 2344 1969 decem
2364 1943 2447 1968 ven-

1356 1980 1526 2023 didisses,
1550 1979 1716 2015 redderes
1740 1979 1827 2014 mihi
1850 1979 1991 2022 decem,
2016 1979 2046 2015 si
2069 1979 2201 2025 pluris,
2226 1978 2322 2024 quod
2346 1989 2448 2014 exce-
2495 1975 2505 2010 s*

1356 2026 1407 2060 dit
1429 2029 1471 2061 tu
1493 2025 1664 2068 haberes,
1688 2025 1774 2060 mihi
1797 2025 1955 2068 videtur,
1989 2024 2020 2060 si
2042 2024 2159 2060 animo
2185 2023 2450 2060 contrahendae
2494 2023 2506 2050 ὅ

1355 2071 1537 2107 societatis
1561 2071 1598 2106 id
1621 2074 1743 2106 actum
1766 2070 1832 2113 sit,
1864 2080 1929 2116 pro
1962 2070 2060 2106 socio
2085 2080 2164 2106 esse
2188 2070 2384 2111 actionem,
2418 2069 2449 2105 si
2497 2088 2505 2108 s

1355 2116 1483 2160 minus,
1508 2116 1742 2170 praescriptis
1765 2116 1892 2170 verbis.
2114 2161 2122 2169 ·
2309 2161 2316 2168 ι

1401 2159 1456 2198 45
1481 2161 1590 2198 IDEM
1609 2162 1700 2197 labro
1725 2164 1934 2208 trzqensaemo
1958 2160 2009 2196 ad
2030 2159 2206 2197 Sabmum
2251 2160 2319 2196 Re1
2351 2170 2447 2196 com-

1354 2207 1470 2242 munis
1495 2207 1638 2242 nomine
1662 2217 1744 2242 cum
1769 2206 1866 2242 socio
1890 2205 1979 2241 furti
2002 2206 2060 2252 agi
2082 2210 2213 2252 potest,
2238 2206 2269 2241 si
2292 2215 2357 2251 per
2379 2205 2447 2240 fal·
2499 2235 2503 2240 .

1354 2252 1484 2288 laciam
1517 2252 1644 2288 dolove
1674 2252 1768 2288 malo
1801 2252 1934 2288 amovit
1963 2251 2018 2287 vel
2041 2261 2115 2286 rem
2141 2262 2363 2287 communem
2388 2261 2445 2286 00-

1354 2297 1454 2333 landi
1477 2298 1595 2333 animo
1621 2300 1837 2333 contrectet:
1862 2296 1926 2332 sed
1950 2300 1986 2332 et
2009 2307 2074 2342 pro
2099 2297 2197 2332 socio
2222 2296 2364 2332 actione
2384 2295 2447 2331 ob-

1355 2343 1502 2379 strictus
1527 2346 1591 2385 est,
1617 2353 1684 2378 nec
1708 2343 1821 2378 altera
1844 2342 1938 2377 actio
1964 2342 2113 2377 alteram
2137 2342 2248 2377 tollet.
2285 2341 2450 2387 idemque

1353 2388 1391 2433 in
1414 2388 1579 2424 omnibus
1603 2388 1720 2423 bonae
1742 2387 1827 2423 fidei
1850 2387 1989 2422 iudiciis
2014 2387 2204 2422 dicendum
2228 2390 2293 2422 est.

1400 2431 1454 2471 46
1479 2432 1640 2469 mes
1659 2433 1751 2469 libro
1773 2436 1879 2468 sexto
1904 2432 1954 2468 ad
1976 2431 2151 2468 Sabinum
2196 2432 2295 2467 Idem
2326 2436 2381 2468 est
2413 2435 2448 2468 et

1354 2478 1391 2513 in
1423 2478 1550 2514 colono
1583 2482 1620 2514 et
1649 2478 1687 2513 111
1718 2488 1760 2513 eo
1793 2478 1854 2523 qui
1877 2477 2019 2530 negotia
2040 2477 2132 2523 gerit
2156 2481 2192 2513 et
2215 2478 2276 2523 qui
2299 2477 2446 2513 manda-
2504 2524 2506 2527 Υ

1354 2527 1431 2559 111111
1454 2527 1617 2559 nostrum
1641 2533 1724 2559 exse
1749 2523 1847 2559 uitur
1871 2527 1906 2558 et
1928 2534 1966 2558 111
1988 2527 2117 2559 tutore.

1400 2567 1454 2606 47
1487 2568 1684 2605 ΠιΡΙΑΝσε
1710 2569 1738 2604 l·
1759 2579 1802 2604 ro
1833 2569 2042 2615 triqensimo
2075 2568 2125 2604 ad
2156 2567 2330 2604 Sabinum
2377 2567 2447 2604 Sed

1355 2614 1386 2650 si
1397 2625 1441 2650 ex
1461 2624 1572 2650 causa
1591 2613 1724 2649 furtiva
1741 2613 1944 2656 condixero,
1966 2613 2122 2649 cessabit
2138 2624 2204 2659 pro
2222 2613 2320 2649 socio
2340 2613 2446 2656 actio,

1359 2664 1371 2694 1
1423 2660 1493 2695 nisi
1524 2659 1554 2695 si
1585 2660 1697 2704 pluris
1729 2669 1809 2695 mea
1840 2659 1990 2694 intersit.
2040 2658 2077 2694 Si
2108 2658 2278 2694 damnum
2308 2659 2346 2694 in
2368 2669 2407 2694 re
2419 2660 2446 2681 ¹⁷

1355 2705 1532 2741 communi
1563 2705 1683 2740 socius
1715 2704 1832 2747 dedit,
1856 2704 2000 2750 Aquilia
2022 2704 2136 2740 teneri
2159 2714 2240 2739 eum
2263 2707 2300 2739 et
2323 2703 2446 2740 Celsus
2498 2718 2499 2721 ¹

1355 2754 1391 2786 et
1413 2750 1573 2786 Iulianus
1598 2754 1634 2786 et
1657 2750 1877 2796 Pomponius
1903 2749 2083 2785 scribunt:

1399 2793 1454 2834 48
1488 2795 1650 2831 Panos
1677 2796 1769 2832 libro
1799 2798 1905 2831 sexto
1937 2794 1988 2830 ad
2017 2793 2192 2830 Sabinum
2238 2794 2302 2830 sed
2337 2795 2446 2830 nihilo
2499 2835 2501 2838 ¹
2526 2815 2528 2820 -

2499 2855 2507 2872 ‹

1354 2841 1470 2877 minus
1495 2844 1530 2876 et
1551 2851 1617 2886 pro
1641 2841 1738 2876 socio
1762 2843 1916 2882 tenetur,

1400 2884 1454 2924 49
1486 2886 1682 2922 Utrumne
1708 2886 1799 2922 libro
1831 2885 2040 2932 triqensimo
2064 2885 2189 2931 primo
2220 2884 2271 2920 ad
2291 2885 2444 2921 edictum
2496 2868 2503 2909 1

1354 2931 1385 2967 si
1407 2932 1477 2967 hoc
1499 2931 1598 2967 facto
1623 2931 1832 2967 societatem
1855 2930 1978 2973 laesit,
2013 2930 2044 2965 si
2074 2930 2173 2965 verbi
2195 2930 2312 2975 gratia
2335 2940 2443 2975 nego·
2499 2950 2504 2956 ·

1354 2977 1520 3012 tiatorem
1543 2986 1684 3012 servum
1706 2976 1944 3012 vulneraverit
1966 2975 2021 3011 vel
2044 2975 2185 3011 occidit.

1401 3021 1454 3060 50
1479 3021 1640 3057 Patmos
1659 3021 1752 3058 libro
1775 3025 1881 3056 sexto
1906 3021 1956 3056 ad
1978 3020 2153 3056 Sabinum
2199 3019 2271 3055 Sed
2303 3020 2446 3056 actione

1353 3077 1419 3113 pro
1452 3066 1551 3103 socio
1585 3066 1834 3112 consequitur,
1866 3070 1907 3101 ut
1937 3066 2050 3102 altera
2082 3066 2224 3101 actione
2256 3069 2445 3102 contentus

1355 3122 1433 3148 esse
1456 3112 1595 3155 debeat,
1620 3112 1704 3157 quia
1727 3115 1880 3157 utraque
1904 3111 1998 3147 actio
2023 3110 2070 3146 ad
2089 3111 2142 3147 rei
2161 3111 2444 3155 persecutionem

1353 3168 1410 3194 res
1436 3157 1510 3199 icit,
1534 3167 1608 3193 non
1630 3160 1671 3192 ut
1693 3156 1781 3192 furti
1805 3157 1852 3192 ad
1875 3167 2027 3202 poenam
2051 3156 2246 3191 dumtaxat.

1431 3201 1450 3239 1
1482 3202 1678 3239 mesmes
1693 3202 1784 3238 libro
1805 3203 2014 3249 triqensimo
2034 3200 2267 3237 adSabae'num
2313 3200 2443 3236 Merito

1353 3251 1474 3283 autem
1504 3247 1683 3283 adiectum
1716 3251 1772 3283 est
1802 3247 1853 3283 ita
1877 3247 2018 3283 demum
2040 3246 2128 3282 furti
2152 3246 2329 3281 actionem
2353 3255 2442 3288 esse,

1353 3293 1384 3329 si
1433 3303 1471 3328 er
1493 3292 1675 3328 fallaciam
1699 3296 1736 3328 et
1758 3292 1840 3329 dolo
1865 3292 1959 3328 malo
1979 3292 2120 3334 amovit,
2145 3291 2241 3336 quia,
2266 3301 2347 3327 cum
2365 3291 2442 3326 sine

1354 3304 1435 3374 (1οᾶ
1459 3338 1553 3373 111010
1577 3337 1681 3381 fecit,
1705 3338 1794 3374 furti
1815 3348 1888 3373 11011
1911 3340 2070 3373 tenetur:
2104 3339 2140 3372 et
2170 3346 2258 3389 sane
2288 3336 2442 3389 plerum·

1354 3392 1423 3428 que
1446 3382 1662 3419 credendum
1686 3386 1742 3419 est
1765 3394 1856 3426 011111,
1881 3382 1941 3428 qui
1960 3383 2073 3427 partis
2094 3381 2257 3417 dommus
2278 3385 2343 3424 est,
2368 3391 2444 3417 mre

1818 3438 1901 3463 uam
1923 3427 2012 3463 furti
2037 3426 2224 3463 consilium
2246 3426 2346 3462 inire.
2393 3426 2444 3461 Et

1356 3431 1371 3463 1
1421 3428 1542 3474 potius
1567 3439 1631 3464 suo
1655 3439 1695 3464 re
1717 3428 1770 3464 uti

1808 3473 1891 3509 abia
1912 3476 2089 3509 teneatur.
2126 3476 2163 3508 et
2184 3471 2277 3507 ratio
2302 3470 2442 3517 quidem

1352 3472 1433 3509 ideo
1457 3473 1652 3509 videbimus
1663 3500 1672 3515 ,
1704 3484 1751 3509 an

2136 3587 2195 3628 (18)
2220 3581 2441 3617 obveniatF²

2189 3631 2250 3672 (10)
2274 3631 2439 3672 quantmu

1706 3588 1765 3629 (12)
1790 3586 1978 3619 intercedat
1990 3586 2044 3619 F²

1757 3635 1814 3674 (15)
1841 3642 1908 3664 non
1922 3631 1960 3673 S,
1974 3644 2033 3665 om.
2046 3631 2082 3664 F

1349 3589 1405 3629 (11)
1430 3587 1573 3620 deducta
1585 3587 1620 3620 F

1499 3678 1558 3720 (11)
1582 3687 1651 3711 rem
1663 3678 1698 3711 F
