2528 3918
107 107 149 136 vi
180 105 398 136 nouorum
426 103 665 135 RAP'ronun
1183 83 1238 129 45

610 214 671 254 11¹

343 282 418 318 V1²
438 281 658 316 BONORUM
681 279 937 314 RAPTORUM.

147 341 247 386 8'Qui
270 350 326 376 res
350 339 485 375 alienas
508 337 614 383 rapit,
637 338 780 372 tenetur
804 334 944 380 quidem
969 333 1074 369 etiam
1097 330 1183 367 furti

103 386 203 432 ’(quis
234 385 326 422 enim
358 384 468 429 magis
501 383 652 418 alienam
682 391 757 416 rem
788 380 897 415 invito
930 379 1072 415 domino
1098 387 1182 413 con-

102 434 251 474 'trectat,
277 440 384 476 quam
408 429 469 474 qui
492 428 526 464 vi
549 427 670 472 rapit?
693 425 842 470 ideoque
862 428 959 460 recte
977 424 1109 459 dictum
1130 424 1185 457 est

101 479 189 513 'eum
222 475 422 522 improbum
456 474 571 508 furem
606 477 715 515 esse):
752 470 815 506 sed
849 473 970 506 tamen
1003 467 1185 514 propriam

100 522 285 558 'actionem
303 521 378 556 eius
398 519 518 555 delicti
537 518 678 554 nomine
697 519 843 562 praetor
861 513 1069 556 introduxit,
1094 522 1185 558 quae

100 567 310 613 'appellatur
339 566 373 601 vi
396 565 569 600 bonorum
592 566 776 608 raptorum
800 564 835 595 et
858 564 913 596 est
934 560 1030 594 intra
1053 568 1185 593 annum

100 611 310 658 'quadrupli,
334 614 418 656 post
441 620 573 645 annum
597 607 724 653 simpli.
762 616 854 658 quae
877 606 971 641 actio
997 603 1092 639 utilis
1119 606 1183 645 est,

100 657 247 694 'etiamsi
271 656 349 702 quis
372 666 480 691 unam
498 665 573 690 rem
591 654 675 689 licet
694 653 873 687 mimmam
891 649 1071 695 rapuerit.⁴
1096 658 1183 694 qua-

100 703 264 748 druplum
297 704 416 737 autem
447 711 519 736 non
550 703 665 735 totum
696 707 813 743 poena
837 700 891 732 est
915 701 950 731 et
974 698 1076 730 extra
1124 703 1183 728 oe-

99 759 182 784 nam
204 747 256 783 rei
279 746 499 793 persecutio,
532 745 625 780 sicut
654 743 692 778 in
722 743 864 778 actione
894 740 982 776 furti
1005 750 1063 775 ma
1091 739 1099 746 '
1118 738 1185 774 esti

100 793 268 829 diximus:
292 792 355 828 sed
377 792 414 826 in
438 789 635 836 quadruplo
659 789 752 824 inest
776 791 811 822 et
833 786 885 822 rei
908 785 1120 831 persecutio,
1144 786 1186 819 ut

99 849 213 884 poena
236 837 332 890 tripli
355 836 419 879 sit,
453 836 526 871 sive
557 832 877 880 comprehendatur
899 834 1024 876 raptor
1045 830 1083 865 in
1105 829 1183 874 ipso

99 884 227 920 delicto
262 893 335 921 eive
369 893 452 918 non.
507 880 695 916 ridiculum
725 881 781 913 est
811 877 904 912 enim
935 875 1075 912 levioris
1108 884 1185 910 esse

99 928 317 966 condicionis
341 938 421 964 eum
445 926 506 972 qui
528 926 562 961 vi
584 925 689 970 rapit,
715 933 821 969 quam
841 922 901 967 qui
922 922 1013 957 clam
1033 922 1183 956 amovet.

102 978 116 1010 1
166 973 257 1018 Quia
279 977 398 1009 tamen
420 972 471 1007 ita
495 970 664 1016 competit
686 970 776 1004 haec
800 968 906 1010 actio,
932 967 963 1002 si
986 966 1067 1002 dolo
1092 965 1185 1000 malo

99 1020 248 1065 quisque
279 1018 455 1063 rapuerit:
491 1016 551 1062 qui
582 1015 701 1068 aliquo
735 1023 854 1049 errore
884 1012 1052 1048 inductus
1082 1020 1185 1047 suam

97 1076 173 1100 rem
197 1074 274 1100 esse
297 1068 333 1099 et
354 1062 559 1108 imprudens
582 1061 669 1096 iur1s
694 1069 735 1096 eo
760 1059 876 1095 animo
909 1057 1049 1103 rapuit,
1082 1055 1184 1101 quasi

100 1110 242 1146 domino
273 1109 380 1145 liceat
402 1117 477 1143 rem
500 1117 603 1142 suam
626 1105 733 1142 etiam
756 1114 820 1149 per
842 1103 912 1139 vim
936 1102 1078 1138 auferre
1100 1111 1183 1146 pos-

99 1155 315 1197 sessoribus,
340 1152 476 1191 absolvi
500 1152 616 1187 debet.
653 1150 712 1186 cui
735 1149 872 1186 scilicet
895 1147 1107 1184 conveniens
1132 1149 1186 1181 est

99 1211 164 1236 nec
187 1200 275 1235 furti
297 1198 409 1234 teneri
433 1209 530 1240 eum,
563 1196 624 1242 qui
655 1195 778 1231 eodem
808 1194 879 1230 hoc
910 1194 1028 1229 animo
1052 1191 1183 1236 rapuit.

98 1246 162 1282 sed
184 1256 248 1289 ne,
281 1244 365 1281 dum
389 1243 476 1279 talia
500 1242 763 1288 excogitentur,
795 1239 994 1275 inveniatur
1017 1238 1092 1280 via,
1122 1246 1186 1282 per

99 1301 205 1337 quam
246 1293 407 1336 raptores
441 1289 584 1334 impune
619 1297 721 1322 suam
756 1288 947 1321 exerceant
981 1283 1183 1319 avaritiam:

99 1337 222 1372 melius
253 1335 428 1371 divalibus
460 1331 769 1370 constitutionibus
793 1341 858 1376 pro
882 1331 952 1365 hac
975 1332 1078 1375 parte
1101 1337 1184 1372 pro-

99 1385 260 1427 spectum
284 1385 349 1423 est,
373 1383 415 1416 ut
436 1378 567 1415 nemini
589 1378 695 1413 liceat
717 1377 752 1412 vi
774 1385 901 1421 rapere
924 1385 998 1410 rem
1021 1373 1186 1409 mobilem

98 1428 153 1463 vel
176 1437 215 1463 se
238 1428 453 1468 moventem,
484 1424 569 1460 licet
598 1433 699 1459 suam
723 1421 870 1457 eandem
893 1431 966 1456 rem
991 1418 1184 1455 existimet:

99 1472 162 1509 sed
186 1472 216 1508 si
239 1471 341 1518 quis⁴
366 1474 493 1507 contra
514 1472 652 1506 statuta
674 1467 817 1509 fecerit,
849 1466 901 1502 rei
932 1465 1075 1511 quidem
1099 1473 1186 1499 suae

100 1518 253 1554 dominio
278 1517 418 1559 cadere,
441 1516 497 1551 sin
521 1518 639 1550 autem
663 1513 780 1549 aliena
804 1512 860 1556 sit,
884 1514 967 1557 post
989 1509 1185 1547 restitutio-

100 1565 202 1599 nem⁵
222 1562 328 1599 etiam
347 1561 629 1598 aestimationem
639 1558 795 1594 eiusdem
807 1557 858 1593 rei
870 1559 1065 1602 praestare.
1090 1554 1186 1600 quod

100 1620 172 1645 non
203 1609 317 1644 solum
347 1608 384 1644 in
414 1606 603 1643 mobilibus
633 1605 760 1646 rebus,
793 1613 885 1648 quae
914 1601 995 1647 rapi
1023 1603 1185 1646 possunt,

100 1654 371 1691 constitutiones
395 1652 555 1698 optinere
579 1652 812 1691 censuerunt,
847 1647 911 1684 sed
942 1647 1049 1682 etiam
1071 1646 1108 1681 in
1131 1645 1185 1680 in-

99 1700 313 1742 vasionibus,
337 1708 429 1751 quae
453 1697 550 1733 circa
572 1706 629 1732 res
653 1694 720 1731 soli
741 1693 843 1737 fiunt,
868 1696 910 1728 ut
925 1703 969 1728 ex
987 1692 1057 1727 hac
1077 1700 1188 1726 causa

100 1748 120 1781 2
167 1744 262 1781 omni
285 1754 412 1789 rapma
430 1742 590 1779 homines
610 1740 823 1777 abstineant.
873 1738 938 1774 “In
956 1738 1026 1773 hac
1046 1736 1187 1772 actione

101 1801 173 1827 non
207 1790 330 1836 utique
365 1791 593 1841 exspectatur
623 1797 696 1822 rem
727 1785 765 1821 in
796 1784 899 1820 bonis
931 1782 1064 1819 actoris
1089 1791 1184 1817 esse:

101 1846 182 1872 nam
206 1835 278 1871 sive
300 1835 338 1871 in
360 1835 462 1870 bonis
486 1833 532 1869 sit
555 1832 628 1868 sive
651 1842 724 1867 non
746 1830 804 1873 sit,
829 1829 860 1865 si
878 1833 999 1864 tamen
1018 1837 1063 1863 ex
1083 1826 1186 1863 bonis

100 1882 157 1924 sit,
181 1881 299 1917 locum
322 1881 411 1916 haec
431 1879 524 1914 actio
544 1877 702 1913 habebit.
739 1884 850 1921 quare
869 1875 942 1910 sive
963 1872 1188 1909 commodata

100 1927 174 1962 sive
194 1926 315 1963 locata
333 1925 407 1962 sive
427 1924 533 1960 etiam
550 1923 737 1975 pignerata
755 1921 828 1957 sive
846 1919 1007 1965 deposita
1027 1918 1074 1954 sit
1093 1928 1115 1953 a
1142 1917 1188 1953 ud

101 1972 235 2007 Titium
264 1971 335 2014 sic,
367 1973 409 2006 ut
437 1970 577 2005 intersit
600 1967 676 2003 eius
699 1977 779 2003 eam
802 1976 875 2002 non
898 1963 1049 2007 auferri,
1081 1973 1123 1999 ve
1137 1962 1189 1998 uti

101 2018 131 2054 si
154 2018 191 2053 in
214 2027 254 2053 re
278 2015 438 2062 deposita
462 2014 604 2060 culpam
628 2021 769 2059 quoque
793 2010 972 2057 promisit,
997 2009 1071 2045 sive
1093 2009 1189 2045 bona

101 2063 170 2098 fide
193 2062 394 2108 possideat,
426 2060 499 2096 sive
520 2070 625 2096 usum
647 2058 806 2094 fructum
828 2056 865 2092 in
888 2066 932 2092 ea
954 2054 1033 2101 quis
1056 2054 1190 2090 habeat

100 2108 155 2144 vel
178 2107 275 2153 quod
298 2106 394 2142 aliud
417 2106 491 2149 ius,
515 2108 557 2141 ut
578 2103 719 2140 intersit
742 2102 818 2139 eius
841 2112 914 2138 non
937 2100 1034 2146 rapi:
1067 2099 1187 2135 dicen-

101 2154 184 2189 dum
208 2156 262 2189 est
286 2155 487 2198 competere
509 2150 542 2186 ei
563 2150 658 2185 hanc
681 2148 876 2190 actionem,
908 2150 950 2183 ut
980 2156 1053 2182 non
1077 2144 1188 2181 domi-

102 2199 198 2234 nium
222 2197 394 2243 accipiat,
427 2195 491 2233 sed
512 2195 600 2231 illud
623 2194 756 2236 solum,
789 2192 886 2238 quod
917 2202 961 2228 ex
984 2191 1088 2227 bonis
1113 2190 1188 2226 eius

102 2244 163 2290 qui
193 2243 355 2289 rapinam
385 2252 513 2288 passus
544 2243 617 2283 est,
647 2239 685 2275 id
716 2242 770 2274 est
801 2237 897 2283 quod
921 2248 965 2273 ex
988 2235 1190 2272 substantia

102 2290 178 2325 eius
208 2289 369 2325 ablatum
400 2297 479 2324 esse
507 2288 740 2333 proponatur.
778 2287 814 2319 et
835 2282 1044 2336 generaliter
1068 2281 1187 2317 dicen-

103 2335 187 2370 dum
210 2337 276 2377 est,
300 2344 344 2370 ex
367 2333 497 2380 quibus
521 2331 640 2368 causis
663 2330 751 2365 furti
775 2332 870 2365 actio
897 2339 976 2364 com
1004 2327 1067 2362 etit
1090 2327 1127 2362 in
1150 2337 1189 2362 re

103 2381 195 2416 clam
228 2379 347 2423 facta,
390 2389 434 2415 ex
468 2377 581 2414 isdem
616 2375 735 2413 causis
770 2384 892 2411 omnes
927 2373 975 2409 ha
1002 2382 1061 2409 ere
1095 2372 1189 2408 hanc

103 2426 289 2462 actionem.
671 2468 687 2489 ⁷

426 2538 487 2570 DE
512 2537 637 2570 LEGE
661 2535 862 2572 AQUILIA.

150 2594 312 2630 ⁸'Damni
333 2592 483 2628 iniuriae
502 2591 597 2627 actio
619 2589 849 2627 constituitur
865 2599 929 2634 per
946 2588 1056 2633 legem
1077 2587 1110 2622 A
1135 2587 1189 2622 ui-

105 2641 205 2676 'liam.
243 2638 344 2675 cuius
367 2638 482 2683 primo
507 2636 623 2682 capite
647 2638 792 2671 cautum
816 2638 880 2676 est,
904 2637 946 2669 ut
969 2634 999 2670 si
1023 2632 1101 2678 quis
1112 2598 1188 2667 (iio-

105 2686 242 2721 'minem
274 2684 429 2720 alienum
459 2682 653 2718 alienamve
677 2678 942 2733 quadrupedem
965 2688 1057 2724 quae
1079 2687 1188 2723 pecu-

105 2731 197 2766 'dum
221 2739 368 2765 numero
393 2728 440 2764 sit
462 2727 592 2763 iniuria
614 2725 802 2767 occlderit,
835 2724 959 2769 quanti
991 2733 1034 2759 ea
1063 2733 1121 2759 res
1151 2722 1189 2758 in

105 2778 156 2812 'eo
181 2785 274 2811 anno
299 2773 442 2820 plurimi
463 2770 550 2816 fuit,
581 2775 721 2807 tantum
752 2769 893 2806 domino
926 2769 1013 2805 dare
1044 2768 1188 2804 damne-

108 2825 122 2856 1
173 2821 262 2856 'tur.¹
309 2819 412 2864 Quod
442 2821 560 2854 autem
591 2827 664 2853 non
719 2815 855 2851 raecise
879 2814 923 2851 de
947 2813 1189 2860 quadrupede,

104 2866 167 2902 sed
190 2866 234 2901 de
258 2875 301 2901 ea
322 2867 462 2900 tantum
485 2873 575 2909 quae
594 2872 686 2908 pecu
712 2872 772 2896 um
792 2870 939 2896 numero
960 2862 1015 2895 est
1033 2862 1189 2900 cavetur,

107 2922 149 2947 eo
172 2910 339 2957 pertinet,
363 2913 404 2945 ut
426 2918 541 2954 neque
565 2908 608 2943 de
630 2906 715 2942 feris
738 2905 861 2942 bestiis
886 2915 1001 2950 neque
1024 2903 1068 2939 de
1092 2903 1189 2939 cani-

109 2957 178 2992 bus
203 2958 348 2993 cautum
380 2964 458 2990 esse
488 2953 752 2998 intellegamus,
782 2950 846 2987 sed
877 2950 921 2987 de
951 2950 1007 2985 his
1039 2952 1190 2990 tantum,

106 3012 197 3047 quae
218 3000 362 3082 proprie
384 2999 484 3044 pasci
509 2999 694 3040 dicuntur,
727 2996 848 3042 quales
881 2999 964 3031 sunt
996 3005 1014 3030 e
1039 2994 1077 3029 ui
1106 2993 1191 3028 muli

105 3046 196 3083 asini
244 3055 326 3082 oves
350 3055 433 3081 oves
458 3053 599 3089 caprae.
636 3042 680 3078 de
699 3042 822 3078 suibus
845 3040 1014 3086 quoquei
1040 3050 1094 3074 em
1112 3039 1190 3084 pla·

107 3092 198 3128 cuit:
223 3102 306 3127 nam
330 3093 366 3126 et
388 3099 470 3125 sues
494 3099 664 3134 pecorum
688 3087 926 3134 appellatione
950 3085 1189 3126 continentur,

106 3138 190 3182 quia
221 3139 257 3173 et
285 3135 323 3171 hi
344 3135 515 3180 gregatim
538 3136 754 3179 pascuntur:
788 3132 840 3167 sic
873 3130 1025 3176 denique
1056 3133 1093 3165 et
1115 3129 1189 3164 Ho-

106 3193 223 3220 merus
253 3181 292 3216 in
324 3180 505 3226 Odyssea⁹
537 3179 605 3221 ait,
642 3178 734 3214 sicut
763 3177 885 3213 Aelius
916 3175 1123 3211 Marcianus
1153 3174 1190 3209 in

107 3227 180 3263 suis
204 3225 484 3262 institutionibus
498 3226 526 3246 ¹⁰
548 3223 675 3260 refert:

168 3281 262 3324 δήεις
284 3279 351 3316 τόν
372 3294 413 3328 γε
437 3280 556 3315 σύεσσι
578 3277 804 3324 παρήμενον·
831 3277 871 3312 αἱ
893 3275 933 3312 δὲ
955 3279 1123 3322 νέμονται

165 3327 238 3372 πὰρ
262 3325 424 3373 Κόρακος
446 3329 568 3372 πέτρῃ,
594 3327 656 3359 ἐπί
676 3337 717 3359 τε
741 3321 851 3370 κρήνῃ
871 3319 1070 3370 Ἀρεθούσῃ
1084 3322 1123 3356 ¹¹.

108 3387 129 3419 2
219 3383 354 3419 Iniuria
388 3385 506 3418 autem
540 3381 702 3417 occidere
731 3379 962 3424 intellegitur,
998 3378 1059 3423 qui
1093 3377 1191 3413 nullo

108 3429 185 3465 iure
208 3428 349 3465 occidit.
384 3428 505 3472 itaque
528 3426 589 3472 qui
611 3426 786 3461 latronem
809 3424 957 3466 occidit,
990 3434 1062 3459 non
1092 3425 1191 3458 tene-

1940 77 2086 121 INs'r.
2119 77 2217 129 1111,
2250 78 2288 116 2.
2313 78 2335 117 3

1252 209 1332 248 tur,
1364 204 1487 250 utique
1518 203 1549 239 si
1582 203 1684 238 aliter
1714 202 1913 248 periculum
1937 201 2091 246 effugere
2114 210 2186 235 non
2208 202 2336 245 potest.

1253 254 1273 287 3
1320 251 1375 286 Ac
1398 260 1444 285 ne
1466 249 1497 284 is
1522 247 1664 293 quidem
1687 248 1755 283 hac
1778 247 1853 292 lege
1876 249 2036 289 tenetur,
2068 245 2128 291 qui
2159 255 2246 280 casu
2278 255 2337 279 oc-

1253 296 1350 337 cidit,
1375 294 1406 330 si
1429 293 1534 330 modo
1560 292 1666 338 culpa
1690 293 1765 328 eius
1789 293 1887 328 nulla
1910 291 2104 327 invenitur:
2137 300 2220 325 nam
2251 290 2337 325 alio-

1253 342 1336 386 quin
1360 351 1432 375 non
1455 339 1572 374 minus
1596 347 1639 373 ex
1665 337 1747 373 dolo
1775 348 1879 382 quam
1903 347 1946 372 ex
1971 337 2077 381 culpa
2100 336 2248 388 quisque
2270 335 2339 370 hac

1252 390 1273 421 4
1320 386 1396 430 lege
1426 387 1577 420 tenetur.
1626 383 1753 427 Itaque
1784 383 1815 417 si
1847 383 1943 427 quis,
1977 382 2061 418 dum
2090 381 2217 417 iaculis
2249 380 2340 415 ludit

1252 431 1307 467 vel
1331 430 1567 472 exercitatur,
1592 431 1837 463 transeuntem
1861 438 2001 463 servum
2024 431 2124 463 tuum
2147 425 2339 467 traiecerit,

1253 475 1491 520 distinguitur.
1527 484 1611 509 nam
1642 473 1672 509 si
1702 473 1740 508 id
1771 482 1793 507 a
1816 473 1923 507 milite
1948 472 2129 517 quidem¹²
2151 472 2189 507 in
2214 481 2291 506 cam
2319 481 2339 506 o

1253 532 1294 557 eo
1321 531 1377 564 ue,
1402 520 1464 556 ubi
1483 519 1626 556 solitum
1646 522 1701 554 est
1720 517 1919 560 exercitari,
1945 517 2137 553 admissum
2156 520 2221 559 est,
2242 527 2291 551 nu
2319 526 2341 550 a

1254 533 1360 612 cuipa
1395 565 1470 601 eius
1504 563 1736 608 intellegitur:
1774 562 1805 598 si
1838 562 1929 597 alius
1964 563 2035 598 tale
2068 562 2153 615 quid
2187 561 2339 603 admisit,

1254 612 1380 657 culpae
1403 620 1484 646 reus
1510 613 1574 645 est.
1617 609 1712 644 idem
1742 608 1829 643 iuris
1862 611 1915 642 est
1947 607 1989 642 de
2020 608 2148 650 milite,
2182 607 2212 643 si
2242 607 2272 642 is
2303 607 2338 641 in

1254 658 1323 693 alio
1347 657 1440 698 loco,
1465 666 1572 701 quam
1596 654 1657 707 qui
1681 652 1922 689 exercitandis
1946 652 2116 688 militibus
2143 653 2340 688 destinatus

1254 706 1273 737 5
1322 706 1394 745 est,
1425 701 1462 736 id
1493 700 1644 736 admifflt.
1692 699 1782 734 Item
1813 698 1843 734 si
1872 701 2018 743 putator
2050 708 2092 732 ex
2123 698 2250 733 arbore
2280 698 2339 732 de-

1253 749 1345 784 iecto
1377 757 1476 782 ramo
1508 755 1648 781 servum
1683 748 1784 780 tuum
1815 746 2059 778 transeuntem
2091 743 2279 785 occiderit,
2312 742 2341 777 si

1253 802 1366 839 prope
1396 792 1489 828 viam
1523 791 1706 836 publicam
1740 793 1804 825 aut
1834 788 2020 824 vicinalem
2051 787 2089 823 id
2118 787 2255 823 factum
2288 791 2341 823 est

1253 848 1369 883 neque
1406 836 1679 882 praeclamavit‚
1714 839 1754 870 ut
1789 844 1895 870 casus
1931 833 2054 869 evitari
2096 833 2229 877 possit,
2267 833 2341 868 cul-

1253 894 1321 929 pae
1338 893 1422 919 reus
1443 886 1515 918 est:
1549 882 1579 917 si
1602 880 1857 926 praeclamavit
1879 889 1994 924 neque
2022 878 2082 913 ille
2114 878 2251 914 curavit
2282 888 2341 913 ca-

1253 939 1356 972 vere,
1388 931 1489 963 extra
1521 927 1664 971 culpam
1698 929 1752 961 est
1783 928 1941 971 putator.
1986 933 2101 968 aeque
2133 926 2233 959 extra
2268 923 2341 958 cul-

1253 985 1338 1020 pam
1369 983 1447 1009 esse
1477 972 1576 1008 intell
1623 971 1712 1014 'tur,
1743 971 1773 1006 si
1804 980 1962 1006 seorsum
1986 979 2009 1004 a
2031 969 2089 1004 via
2111 967 2205 1004 forte
2229 968 2283 1004 vel
2306 968 2343 1002 in

1254 1019 1368 1055 medio
1392 1018 1504 1053 fundo
1530 1027 1593 1053 cae
1621 1017 1722 1059 ebat,
1754 1016 1837 1051 licet
1860 1026 1933 1051 non
1957 1013 2228 1059 praeclamavit‚
2262 1014 2344 1059 quia

1254 1068 1275 1101 6
1322 1075 1364 1100 eo
1388 1064 1468 1099 loco
1492 1063 1580 1098 nulli
1604 1066 1773 1098 extraneo
1796 1061 1852 1097 ius
1875 1060 1994 1095 fuerat
2016 1059 2192 1095 versandi.
2235 1058 2343 1093 Prae-

1253 1115 1353 1146 terea
1384 1109 1414 1145 si
1446 1108 1624 1150 medicus,
1656 1107 1717 1152 qui
1748 1117 1888 1142 servum
1918 1109 2020 1141 tuum
2053 1104 2185 1147 secuit,
2219 1103 2343 1139 dereli-

1254 1155 1371 1201 querit
1395 1154 1616 1190 curationem
1639 1157 1747 1198 atque
1771 1151 1817 1188 ob
1841 1151 1878 1186 id
1902 1154 2064 1186 mortuus
2083 1149 2193 1185 fuerit
2212 1159 2343 1190 servus,

1256 1205 1273 1236 7
1323 1200 1449 1245 culpae
1485 1209 1569 1235 reus
1605 1202 1669 1234 est.
1728 1196 1910 1250 Imperitia
1944 1205 2086 1241 quoque
2121 1195 2247 1240 culpae
2282 1194 2343 1229 ad-

1255 1249 1482 1288 numeratur,
1513 1244 1623 1280 veluti
1652 1244 1683 1279 si
1706 1242 1865 1278 medlcus
1888 1241 1968 1277 ideo
1993 1251 2134 1276 servum
2158 1244 2260 1275 tuum
2284 1250 2343 1275 oc-

1256 1291 1398 1333 ciderit,
1435 1290 1531 1336 quod
1566 1300 1647 1325 eum
1681 1289 1774 1324 male
1809 1287 1966 1323 secuerit
1999 1289 2063 1322 aut
2095 1295 2282 1331 perperam
2315 1284 2346 1319 ei

1256 1340 1275 1372 8
1322 1336 1617 1372 medicamentum
1641 1334 1786 1370 dederit.
1834 1333 1974 1378 Impetu
1999 1342 2139 1377 quoque
2159 1330 2345 1373 mularum,

1255 1393 1343 1428 quas
1368 1381 1476 1417 mulio
1500 1384 1647 1426 propter
1669 1378 1882 1424 imperitiam
1905 1377 2058 1413 retinere
2081 1387 2153 1413 non
2177 1375 2344 1422 potuerit,

1256 1428 1286 1463 si
1310 1437 1433 1463 servus
1457 1430 1540 1462 tuus
1564 1435 1757 1471 oppressus
1780 1423 1907 1466 fuerit,
1933 1423 2061 1468 culpae
2082 1432 2165 1458 reus
2190 1424 2245 1458 est
2267 1431 2345 1456 mu-

1255 1473 1313 1509 lio.
1351 1473 1414 1508 sed
1438 1476 1474 1508 et
1497 1471 1528 1507 si
1551 1474 1698 1516 propter
1728 1469 1970 1505 infirmitatem
1999 1468 2151 1503 retinere
2179 1477 2240 1503 eas
2274 1477 2347 1502 non

1255 1518 1431 1564 potuerit,
1456 1528 1537 1553 cum
1561 1516 1653 1552 alius
1676 1515 1811 1551 firmior
1833 1514 1986 1550 retinere
2010 1513 2203 1559 potuisset,
2235 1522 2347 1558 aeque

1256 1564 1383 1609 culpae
1406 1566 1557 1598 tenetur.
1595 1561 1719 1597 eadem
1738 1561 1951 1606 placuerunt
1971 1559 2014 1594 de
2034 1568 2076 1594 eo
2098 1568 2249 1604 quoque,
2276 1557 2346 1603 qui,

1256 1620 1336 1646 cum
1360 1619 1450 1654 equo
1475 1608 1681 1649 veheretur,
1713 1606 1885 1651 impetum
1916 1605 1991 1641 eius
2022 1607 2087 1639 aut
2115 1606 2262 1649 propter
2292 1603 2346 1638 in-

1254 1654 1458 1691 firmitatem
1481 1656 1545 1689 aut
1592 1656 1714 1698 ropter
1735 1650 1948 1696 imperitiam
1973 1660 2074 1685 suam
2097 1649 2249 1684 retinere
2272 1658 2346 1683 non

1255 1703 1276 1736 9
1322 1699 1491 1746 potuerit.
1586 1709 1603 1733 s
1635 1701 1755 1733 autem
1784 1696 1900 1732 verbis
1932 1695 2018 1740 legis
2043 1694 2180 1740 ‘quanti
2210 1693 2247 1729 id
2261 1694 2288 1715 ¹³
2311 1693 2347 1728 in

1256 1749 1309 1782 ‘eo
1334 1755 1428 1781 anno
1452 1743 1596 1789 plurimi
1618 1742 1736 1779 fuerit'
1761 1742 1823 1778 illa
1846 1741 2022 1777 sententia
2046 1739 2273 1785 exprimitur,
2306 1741 2346 1773 ut

1256 1792 1287 1827 si
1310 1790 1389 1836 quis
1412 1789 1589 1826 hominem
1614 1792 1726 1830 tuum,
1752 1787 1812 1833 qui
1835 1785 1941 1822 hodie
1966 1784 2114 1821 claudus
2140 1788 2204 1820 aut
2226 1784 2348 1820 luscus

1256 1840 1320 1872 aut
1343 1845 1491 1871 mancus
1515 1834 1599 1876 erit,
1632 1832 1821 1875 occiderit,
1855 1831 1915 1876 qui
1945 1831 1982 1866 in
2014 1841 2055 1866 eo
2093 1840 2187 1865 anno
2212 1830 2348 1874 integer

1256 1885 1320 1917 aut
1350 1880 1528 1927 pretiosus
1560 1879 1685 1922 fuerit,
1718 1889 1791 1914 non
1822 1876 1914 1912 tanti
1945 1878 2126 1918 teneatur,
2161 1875 2285 1920 quanti
2316 1875 2347 1909 is

1256 1927 1361 1963 hodie
1385 1926 1462 1969 erit,
1487 1925 1549 1961 sed
1573 1924 1698 1970 quanti
1720 1923 1758 1959 in
1782 1933 1824 1959 eo
1845 1932 1939 1958 anno
1959 1921 2102 1967 plurimi
2120 1920 2239 1956 fuerit.
2276 1930 2348 1964 qua

1255 1972 1394 2008 ratione
1418 1971 1590 2007 creditum
1614 1973 1668 2006 est
1691 1969 1876 2014 poenalem
1901 1977 1978 2003 esse
2001 1966 2107 2001 huius
2127 1966 2213 2011 legis
2236 1965 2346 2001 actio-

1257 2028 1357 2060 nem,
1383 2016 1466 2062 quia
1489 2027 1562 2052 non
1585 2015 1702 2051 solum
1724 2013 1817 2050 tanti
1841 2013 1990 2058 quisque
2013 2011 2209 2056 obligatur,
2234 2021 2347 2062 quan-

1256 2067 1334 2098 tum
1357 2062 1476 2098 damni
1499 2061 1646 2104 dederit,
1671 2059 1734 2096 sed
1757 2057 1948 2104 aliquando
1972 2057 2077 2102 longe
2095 2056 2225 2102 pluris:
2250 2055 2347 2091 ideo-

1258 2118 1326 2154 que
1358 2110 1501 2144 constat
1530 2107 1568 2142 in
1591 2105 1758 2142 heredem
1782 2114 1861 2140 eam
1883 2103 2063 2139 actionem
2086 2112 2158 2137 non
2182 2100 2348 2143 transire,

1257 2164 1348 2199 quae
1371 2152 1569 2188 transitura
1590 2151 1736 2193 fuisset,
1769 2149 1800 2185 si
1832 2149 1928 2185 ultra
1960 2147 2128 2183 damnum
2152 2156 2347 2191 numquam

1261 2202 1300 2234 10
1347 2198 1390 2235 lis
1420 2197 1679 2234 aestimaretur.
1727 2194 1821 2230 Illud
1843 2205 1917 2230 non
1941 2204 1985 2229 ex
2007 2192 2124 2229 verbis
2148 2191 2253 2237 legis,
2286 2191 2349 2226 sed

1258 2255 1301 2280 ex
1333 2243 1627 2289 interpretatione
1684 2240 1795 2276 lacuit
1827 2250 1902 2276 non
1932 2238 2047 2275 solum
2070 2237 2244 2283 perempti
2269 2247 2347 2272 cor-

1257 2289 1354 2335 poris
1367 2288 1650 2325 aestimationem
1688 2285 1863 2322 abendam
1884 2295 1962 2321 esse
1981 2282 2176 2320 secundum
2197 2292 2238 2318 ea
2258 2291 2348 2327 quae

1258 2335 1421 2377 diximus,
1446 2333 1510 2370 sed
1534 2343 1575 2370 eo
1597 2332 1749 2377 amplius
1769 2331 1853 2376 quid
1878 2329 1940 2366 uid
1959 2332 2146 2375 praeterea
2164 2330 2347 2373 perempto

1259 2391 1300 2417 eo
1334 2389 1484 2426 corpore
1515 2378 1636 2414 damni
1649 2379 1675 2399 ¹⁴
1699 2377 1801 2413 vobis
1833 2386 1854 2411 a
1894 2379 1992 2410 atum
2022 2374 2148 2416 fuerit,
2180 2372 2288 2408 veluti
2319 2372 2349 2407 si

1258 2436 1398 2463 servum
1422 2429 1522 2460 tuum
1545 2423 1712 2459 heredem
1735 2422 1781 2458 ab
1806 2421 1923 2466 aliquo
1944 2420 2146 2455 institutum
2165 2421 2249 2453 ante
2269 2418 2349 2462 quis

1259 2471 1450 2513 occiderit,
1476 2480 1583 2522 quam
1605 2469 1636 2504 is
1658 2468 1758 2504 iussu
1782 2471 1843 2502 tuo
1869 2466 2001 2501 adiret:
2034 2474 2117 2500 nam
2139 2461 2348 2499 hereditatis

1259 2526 1400 2562 quoque
1435 2525 1587 2552 amlssae
1619 2514 1794 2549 rationem
1828 2521 1906 2547 esse
1948 2509 2152 2545 habendam
2195 2511 2347 2544 constat.

1258 2563 1343 2597 item
1366 2561 1397 2597 si
1421 2571 1465 2596 ex
1488 2560 1568 2606 pari
1591 2559 1767 2594 mularum
1784 2567 1892 2592 unam
1911 2555 1966 2592 vel
1986 2565 2029 2590 ex
2049 2554 2221 2600 quadriga
2240 2563 2348 2599 equo-

1259 2618 1338 2644 rum
1369 2616 1479 2642 unum
1511 2604 1700 2646 occiderit,
1736 2603 1791 2638 vel
1823 2611 1867 2636 ex
1897 2599 2076 2636 comoedis
2107 2610 2201 2635 unus
2224 2608 2348 2634 servus

1258 2652 1367 2688 fuerit
1390 2651 1551 2687 occisus:
1583 2660 1657 2685 non
1688 2648 1803 2684 solum
1836 2645 1945 2682 occisi
1969 2645 2010 2680 fit
2033 2644 2253 2686 aestimatio,
2286 2643 2350 2679 sed

1260 2708 1301 2734 eo
1327 2697 1478 2742 amplius
1501 2695 1539 2731 id
1562 2704 1704 2740 quoque
1728 2694 1976 2737 computatur,
2001 2693 2135 2736 quanto
2159 2689 2350 2741 depretiati

1263 2748 1302 2778 11
1352 2745 1437 2778 sunt
1449 2741 1510 2786 qui
1528 2741 1731 2785 supersunt.
1778 2737 1949 2773 Liberum
1970 2740 2025 2771 est
2043 2738 2162 2771 autem
2184 2745 2227 2778 ei,
2248 2734 2348 2770 cuius

1260 2798 1382 2824 servus
1406 2786 1515 2822 fuerit
1538 2785 1697 2827 occisus,
1729 2787 1766 2819 et
1795 2783 1933 2828 privato
1964 2781 2096 2816 iudicio
2127 2780 2213 2825 legis
2236 2779 2348 2825 Aqui-

1259 2834 1327 2914 {iae
1351 2832 1520 2868 damnum
1542 2828 1708 2876 persequi
1733 2832 1769 2865 et
1792 2826 1955 2874 capitalis
1975 2825 2130 2863 criminis
2151 2836 2230 2862 eum
2249 2834 2347 2860 reum

1276 2888 1391 2915 acere.

1262 2926 1303 2959 12
1397 2922 1515 2966 Caput
1538 2919 1735 2956 secundum
1757 2917 1844 2970 legis
1864 2917 2028 2962 Aquiliae
2047 2916 2084 2952 in
2104 2926 2171 2952 usu
2190 2926 2263 2950 non
2283 2917 2347 2950 est.

1262 2972 1302 3004 13
1355 2969 1382 2989 ¹⁵
1392 2967 1527 3012 'Capite
1538 2965 1643 3001 tertio
1656 2964 1700 3000 de
1711 2974 1807 3000 omni
1821 2967 1938 2999 cetero
1953 2962 2081 2998 damno
2096 2963 2250 2997 cavetur.
2276 2960 2348 2995 Ita-

1260 3015 1338 3059 'que
1371 3013 1401 3048 si
1433 3012 1511 3057 quis
1543 3020 1683 3046 servum
1705 3009 1761 3045 vel
1784 3019 1863 3044 eam
1887 3007 2150 3061 quadrupedem
2174 3015 2265 3051 quae
2288 3015 2349 3050 pe-

1261 3059 1402 3095 'cudum
1426 3066 1574 3092 numero
1606 3059 1661 3091 est
1689 3055 1944 3096 vulneraverit,
1977 3053 2050 3089 sive
2083 3063 2162 3088 eam
2194 3050 2349 3097 quadru-

1261 3104 1394 3150 'pedem
1419 3112 1511 3147 quae
1534 3101 1712 3147 pecudum
1735 3110 1880 3136 numero
1905 3109 1978 3135 non
2001 3101 2067 3141 est,
2090 3096 2200 3133 veluti
2225 3106 2350 3132 canem

1261 3150 1334 3185 'aut
1355 3148 1470 3185 feram
1493 3146 1662 3189 bestiam,
1693 3144 1930 3181 vulneraverit
1960 3147 2024 3179 aut
2054 3141 2245 3184 occiderit,
2280 3141 2350 3176 hoc

1262 3194 1390 3247 'capite
1414 3192 1508 3228 actio
1534 3191 1772 3228 constituitur.
1806 3190 1845 3225 in
1868 3189 1996 3226 ceteris
2021 3197 2163 3234 quoque
2187 3186 2349 3222 omnibus

1262 3238 1503 3280 animalibus,
1534 3237 1619 3273 item
1648 3236 1686 3272 in
1710 3235 1873 3272 omnibus
1897 3234 2006 3270 rebus
2030 3243 2123 3279 quae
2146 3232 2265 3268 anima
2289 3241 2348 3266 ca-

1261 3286 1352 3321 'rent
1375 3284 1543 3319 damnum
1564 3282 1694 3318 iniuria
1718 3281 1842 3317 datum
1864 3280 1933 3316 hac
1949 3282 2053 3325 parte
2070 3277 2283 3314 vindicatur.
2319 3275 2350 3310 si

1262 3329 1358 3375 'quid
1393 3328 1487 3365 enim
1520 3331 1641 3364 ustum
1677 3330 1741 3363 aut
1775 3329 1921 3371 ruptum
1952 3327 2016 3360 aut
2045 3323 2200 3359 fractum
2230 3321 2349 3361 fuerit,

1261 3375 1366 3411 'actio
1391 3384 1435 3410 ex
1458 3374 1527 3410 hoc
1550 3373 1669 3453 caipite
1699 3370 1946 3408 constituitur:
1976 3378 2190 3415 quamquam
2246 3365 2351 3402 oterit

1261 3420 1350 3456 'sola
1373 3418 1468 3464 rupti
1491 3428 1583 3464 appe
1611 3417 1683 3453 atio
1706 3417 1744 3452 in
1767 3426 1889 3452 omnes
1908 3416 1997 3450 istas
2019 3423 2147 3450 causas
2165 3422 2207 3447 su
2224 3411 2348 3445 ficere:

110 3485 2342 3511 Μ

156 3543 195 3584 (1)
224 3542 275 3585 Cf.
288 3542 369 3586 Diy.
382 3542 436 3581 47,
447 3547 463 3574 8
493 3541 570 3574 cod.
584 3541 615 3582 9,
625 3547 661 3574 33
761 3540 804 3581 (2)
829 3539 875 3580 vi]
888 3538 930 3579 A,
945 3538 984 3570 de
997 3538 1031 3570 vi
1044 3538 1080 3570 B
1092 3544 1154 3570 utr.
1168 3536 1189 3569 l.

111 3588 153 3628 (3)
182 3586 258 3620 Gai.
272 3587 304 3628 3,
314 3593 371 3620 209
463 3585 505 3626 (4)
531 3585 621 3627 quis]
633 3585 664 3617 A
676 3586 722 3625 W,
736 3584 817 3627 quid
831 3585 876 3624 B,
890 3583 1025 3625 quidem
1036 3582 1071 3616 E
1146 3582 1188 3619 (5)

111 3631 371 3672 restitutionem]
384 3630 425 3670 A,
437 3632 516 3663 rest.
530 3630 603 3663 eius
615 3630 651 3663 Β
661 3630 705 3664 W
813 3630 857 3671 (ὅ)
885 3633 901 3668 5
917 3635 934 3661 2
947 3640 986 3661 ex
997 3628 1077 3671 Diq.
1091 3627 1146 3667 47,
1160 3633 1188 3666 8,

111 3684 139 3717 2,
149 3683 195 3710 22.
207 3682 242 3709 23
257 3676 268 3715 (
276 3675 351 3718 Ulp.
366 3675 385 3708 1.
398 3682 435 3709 5⁶
449 3676 496 3708 ad
505 3675 569 3716 ed.)

157 3723 200 3763 (7)
229 3721 280 3764 Cs.
297 3720 373 3754 Gai.
388 3721 419 3762 3,
433 3726 562 3754 210..219
587 3720 668 3763 Diq.
683 3720 714 3760 9,
728 3726 746 3753 2
774 3719 852 3753 Cod.
862 3719 893 3759 3,
903 3725 938 3752 35
1039 3717 1084 3757 (8)
1113 3715 1189 3749 Gai.

1259 3536 1354 3575 3,210
1424 3534 1468 3575 (9)
1498 3533 1560 3567 od.
1575 3533 1688 3573 13,407
1702 3543 1750 3574 sq.
1830 3531 1890 3571 (ιο)
1915 3529 2149 3572 Di9.32,65,4
2232 3524 2286 3564 (11)
2314 3524 2350 3556 id

1258 3586 1327 3613 est.-
1340 3579 1490 3612 invenies
1502 3588 1576 3610 eum
1590 3577 1680 3619 apud
1693 3586 1768 3609 sues
1781 3575 1959 3607 sedentem.
1985 3573 2047 3604 hae
2065 3581 2142 3603 vero
2163 3571 2349 3612 pascuntur

1258 3624 1304 3657 ad
1316 3623 1452 3657 Coi-acis
1464 3623 1587 3657 clivum
1601 3625 1634 3655 et
1645 3621 1736 3664 apud
1748 3620 1875 3653 fontem
1886 3618 2087 3651 Arethusam

1259 3669 1350 3710 dem]
1366 3670 1451 3709 deta,
1465 3669 1525 3711 qui
1539 3668 1618 3701 libri
1674 3667 1733 3707 (13)
1745 3665 1794 3706 id]
1809 3665 1884 3703 ΑΘ,
1899 3676 1956 3696 om.
1970 3663 2004 3694 Β
2017 3662 2089 3695 WE
2148 3615 2347 3700 (iigiffarffnh

1269 3715 1320 3755 PV,
1334 3714 1365 3747 d.
1382 3714 1463 3757 quid
1475 3713 1585 3753 ABG,
1599 3712 1629 3744 d.
1645 3711 1734 3754 quod
1746 3712 1781 3745 E
1871 3709 1929 3750 (15)
1959 3707 2035 3740 Gai.
2049 3707 2080 3746 3,
2093 3712 2143 3740 217
