2528 3918
127 126 181 155 ET
211 122 572 155 FIDEICOMMISSIS

1203 108 1291 155 437

2235 113 2383 156 XXXI

126 236 264 280 quidem
289 234 404 268 minus
436 237 531 268 esset
561 234 597 267 in
629 233 717 267 virili
742 234 925 278 portione,
958 245 1064 279 quam
1096 234 1218 270 fratris

125 279 302 315 hereditas
327 278 463 320 habuit,
500 278 588 313 nihil
612 278 763 322 amplius
795 279 870 323 peti
900 289 1026 323 posse,
1060 279 1156 325 quod
1187 280 1218 315 si

124 325 216 370 plus,
241 324 346 358 etiam
371 323 563 364 fructuum,
589 333 678 367 quos
695 328 847 367 patruus
867 325 1029 369 percepit
1045 326 1111 368 vel,
1137 336 1218 361 cum

123 369 307 414 percipere
331 369 505 413 potuerit,
543 368 624 403 dolo
658 379 730 403 non
763 369 876 414 cepit,
912 370 1116 406 habendam
1141 379 1219 406 esse

124 415 296 449 rationem
320 423 530 458 responsum
555 418 621 455 est,
654 424 726 448 non
750 424 855 450 secus
880 425 987 460 quam
1020 416 1049 450 si
1075 420 1219 451 centum

124 458 264 494 milibus
279 461 289 480 ¹
313 459 438 504 legatis
463 465 608 503 rogetur
632 463 714 503 post
738 463 879 504 tempus
908 461 1078 496 maiorem
1128 471 1217 496 uan-

125 508 143 540 3
191 504 330 538 titatem
354 505 552 539 restituere.
603 504 691 538 Cum
716 508 834 539 autem
858 510 1016 549 rogatus,
1047 507 1107 551 qui
1134 506 1219 552 quid

124 561 168 585 ex
192 549 391 584 hereditate
415 549 601 593 supererit,
626 553 710 594 post
732 555 883 585 mortem
907 562 1009 586 suam
1029 552 1218 587 restituere

124 595 168 630 de
191 595 305 639 pretio
330 604 450 629 rerum
482 594 705 629 venditarum
740 595 828 630 alias
865 601 1070 641 comparat,
1108 597 1217 632 demi-

121 640 241 676 nuisse
265 650 357 685 quae
381 639 536 675 vendidit
559 650 632 675 non
656 640 807 682 videtur,

168 683 216 722 71
246 685 355 720 IDEM
374 685 465 721 libro
491 688 616 720 octavo
632 696 888 731 responsorum
936 687 999 722 sed
1017 685 1114 732 quod
1136 686 1219 722 inde

122 741 199 766 com
228 735 368 766 aratum
394 734 458 772 est,
483 730 559 765 vice
582 731 776 776 permutati
794 730 941 766 dominii
957 733 1217 768 restitueretur.

168 741 225 812 7ss
246 775 354 810 IDEM
364 776 455 811 libro
474 776 639 811 vicesimo
657 777 908 821 quaestionum
954 777 1054 812 Idem
1073 787 1217 813 servan-

121 821 204 856 dum
230 822 295 856 erit
320 824 355 856 et
378 820 406 856 si
431 821 595 866 proprios
621 820 815 856 creditores
852 832 895 857 ex
920 833 962 857 ea
985 823 1139 867 pecunia
1164 822 1216 857 di·

120 866 272 902 miserit:
300 877 371 901 non
396 866 489 901 enim
513 866 723 909 absumitur,
748 866 844 912 quod
866 867 905 902 in
929 879 1080 913 corpore
1102 868 1217 914 patri-

120 912 229 947 monii
253 912 438 947 retinetur.

168 955 219 994 73
246 957 353 992 IDEM
361 956 451 992 libro
470 956 636 992 vicesimo
654 958 759 992 tertio
776 959 1027 1003 quaestionum
1071 958 1108 993 Si
1121 958 1217 1004 quod

120 1013 165 1038 ex
197 1002 385 1047 Pamphila
415 1006 587 1037 nascetur
625 1002 781 1046 legatum
812 1003 899 1038 mihi
933 1004 1043 1038 fuerit
1079 1007 1115 1038 et
1151 1013 1216 1048 ego

120 1048 345 1093 Pamphilam
371 1057 484 1082 emam
510 1057 623 1092 eaque
647 1047 743 1092 apud
767 1059 823 1083 me
848 1048 894 1082 sit
919 1050 1041 1091 enixa,
1078 1050 1217 1084 ratione

120 1103 258 1129 summa
281 1103 494 1138 responsum
518 1097 572 1128 est
589 1103 660 1128 non
679 1103 722 1128 ex
746 1104 857 1128 causa
880 1094 1056 1130 lucrativa
1072 1098 1217 1139 partum

119 1139 278 1183 intellegi
310 1148 428 1173 meum
454 1137 590 1173 factum
621 1138 773 1183 ideoque
804 1139 996 1183 petendum
1030 1151 1073 1175 ex
1106 1144 1215 1175 testa-

120 1188 252 1226 mento,
289 1187 471 1228 tamquam
507 1183 615 1218 istum
647 1184 828 1226 emissem,
868 1189 910 1219 ut
945 1186 1082 1220 scilicet
1111 1185 1217 1230 pretii

122 1229 390 1264 contributione
414 1228 512 1263 facta
530 1239 730 1274 consequar
749 1233 902 1272 tantum,
928 1231 1052 1275 quanti
1064 1241 1216 1282 puerum

120 1275 276 1309 deducta
299 1274 423 1309 matris
447 1274 693 1309 aestimatione
727 1275 956 1311 constitisse²
989 1276 1074 1310 mihi
1109 1275 1216 1311 iudex

119 1320 157 1355 in
182 1330 292 1354 causa
316 1319 423 1364 legati
447 1319 552 1354 datus
577 1320 824 1355 aestimaverit.

168 1363 220 1401 74
246 1365 351 1400 IDEM
362 1365 452 1399 libro
466 1365 649 1399 vicessimo
661 1367 811 1411 septimo
825 1367 1075 1411 quaestionum
1109 1367 1215 1402 ‘Titio

122 1414 277 1445 ‘centum
301 1419 428 1444 aureos
453 1410 554 1445 heres
579 1420 749 1454 praesens
774 1411 889 1447 dato':
915 1411 1042 1447 deinde
1066 1412 1218 1458 protulit

119 1455 212 1490 diem
237 1456 445 1499 legatorum.
496 1465 569 1489 non
603 1459 658 1490 est
681 1466 822 1499 verum,
849 1457 944 1501 quod
967 1457 1119 1492 Alfenus
1143 1461 1216 1492 ret-

118 1500 211 1581 }lulli?
237 1504 379 1536 centum
402 1500 607 1545 praesenti³
631 1499 768 1544 deberi,
801 1503 884 1547 quia
915 1503 1008 1538 diem
1031 1503 1216 1548 proprium

145 1556 166 1580 a
193 1549 332 1580 uerunt.

168 1589 220 1628 75
245 1590 353 1626 IDEM
363 1590 454 1626 libro
466 1593 572 1626 sexto
585 1602 841 1637 responsorum
877 1593 981 1628 Miles
999 1593 1044 1628 ad
1058 1604 1217 1629 sororem

120 1636 320 1681 epistulam,
346 1645 453 1680 quam
476 1639 560 1680 post
577 1641 728 1671 mortem
745 1647 846 1672 suam
871 1638 1001 1683 aperiri
1024 1639 1216 1682 mandavit,

118 1682 226 1717 talem
250 1682 412 1726 scripsit:
448 1681 552 1716 ‘scire
576 1685 612 1716 te
635 1682 714 1717 volo
740 1682 876 1719 donare
906 1694 962 1719 me
986 1684 1052 1719 tibi
1087 1695 1216 1730 aureos

120 1727 378 1772 ‘octingentos'.
427 1726 741 1762 fideicommissum
767 1728 888 1764 deberi
917 1730 1031 1764 sorori
1057 1730 1218 1765 constitit

119 1783 184 1807 nec
205 1772 303 1807 aliud
323 1771 548 1816 probandum
567 1773 604 1806 in
621 1773 810 1808 cuiuslibet
827 1785 994 1819 suprema
1013 1775 1216 1811 voluntate:

118 1818 238 1863 placet
261 1818 355 1852 enim
381 1817 577 1852 consistere
596 1817 910 1854 fideicommissum
934 1821 994 1855 et⁴
1018 1821 1049 1855 si
1066 1820 1216 1856 defunc-

117 1868 176 1898 tus
210 1874 291 1897 cum
326 1873 367 1897 eo
399 1862 585 1907 loquatur,
622 1874 727 1908 quem
758 1865 922 1909 precario
955 1870 1215 1901 remuneratur.

122 1912 135 1942 1
187 1909 256 1943 Pro
282 1912 385 1953 parte
409 1908 512 1942 heres
529 1908 725 1951 institutus,
751 1910 808 1944 cui
824 1911 1094 1955 praeceptiones
1113 1915 1217 1947 erant

118 1953 277 1995 relictae,
303 1956 386 1998 post
411 1953 501 1987 diem
525 1953 726 1997 legatorum
757 1955 943 1991 cedentem
974 1960 1058 1991 ante
1082 1956 1216 1992 aditam

118 1999 353 2034 hereditatem
379 1998 449 2033 vita
474 1998 639 2034 decessit.
687 2004 826 2044 partem
849 2001 1058 2037 hereditatis
1082 2002 1130 2037 ad
1155 2013 1215 2037 co-

117 2044 265 2079 heredes
291 2043 504 2079 substitutos
528 2045 709 2089 pertinere
739 2046 888 2090 placuit,
920 2047 1215 2092 praeceptionum

118 2093 238 2124 autem
261 2089 465 2134 portiones,
500 2099 592 2133 quae
615 2101 680 2134 pro
713 2095 817 2135 parte
841 2092 1056 2127 coheredum
1081 2093 1215 2129 consti-

119 2137 251 2176 terunt,
278 2134 324 2169 ad
348 2134 498 2169 heredes
524 2135 598 2169 eius
627 2136 827 2174 transmitti.

166 2177 218 2216 76
243 2179 352 2214 IDEM
387 2179 478 2214 libro
509 2181 660 2226 septimo
691 2192 949 2227 responsorum
998 2182 1087 2218 Cum
1121 2183 1214 2219 filius

119 2225 240 2260 divisis
281 2224 520 2260 tribunalibus
565 2225 743 2261 actionem
784 2226 976 2263 inofficiosi
1012 2229 1215 2264 testamenti

120 2270 243 2304 matris
286 2270 491 2315 pertulisset
525 2274 632 2315 atque
674 2271 725 2306 ita
762 2272 883 2307 variae
922 2274 1122 2309 sententiae
1160 2274 1214 2309 iu-

119 2316 238 2350 dicum
264 2315 493 2356 exstitissent,
518 2315 705 2358 heredem,
743 2317 804 2362 qui
827 2317 939 2353 filium
962 2319 1116 2362 vicerat,
1148 2331 1214 2365 pro

117 2360 294 2441 partibus,
328 2370 417 2405 quas
442 2360 521 2395 aliis
547 2361 784 2398 coheredibus
814 2363 964 2398 abstulit
995 2364 1108 2407 filius,
1142 2376 1215 2401 non

145 2406 325 2440 abiturum
350 2406 622 2450 praeceptiones
646 2406 715 2442 sibi
738 2407 853 2450 datas,
879 2419 952 2444 non
971 2410 1083 2454 magis
1108 2421 1215 2455 quam

119 2454 257 2486 ceteros
281 2451 473 2495 legatarios
499 2452 671 2494 actiones,
709 2453 879 2488 constitit.
937 2455 1000 2490 sed
1031 2455 1215 2492 libertates

117 2506 163 2531 ex
187 2500 401 2531 testamento
419 2501 621 2540 competere
640 2498 788 2542 placuit,
815 2510 896 2534 cum
914 2511 980 2544 pro
998 2504 1102 2545 parte
1118 2501 1213 2537 filius

119 2541 163 2576 de
186 2544 402 2576 testamento
427 2542 551 2576 matris
576 2542 759 2587 litigasset.
809 2545 905 2588 quod
937 2556 1008 2580 non
1041 2546 1110 2581 erit
1141 2550 1213 2582 tra-

118 2586 275 2621 hendum
300 2586 347 2620 ad
372 2587 569 2629 servitutes,
595 2598 688 2632 quae
704 2599 769 2633 pro
793 2594 898 2634 parte
913 2590 1025 2626 minui
1041 2601 1114 2626 non
1128 2602 1213 2637 pos-

118 2635 222 2667 sunt:
247 2631 354 2676 plane
377 2635 521 2676 petetur
544 2632 683 2677 integra
707 2635 858 2669 servitus
883 2635 928 2669 ab
954 2646 996 2671 eo
1022 2637 1082 2681 qui
1102 2637 1215 2672 filium

119 2677 213 2719 vicit,
238 2677 351 2722 partis
377 2681 494 2711 autem
520 2678 716 2713 aestimatio
734 2680 995 2723 praestabitur:
1022 2685 1085 2716 aut
1101 2682 1132 2717 si
1148 2693 1213 2728 pa-

120 2726 221 2757 ratus
245 2723 314 2757 erit
336 2722 431 2757 filius
462 2723 578 2767 pretio
611 2728 758 2768 accepto
792 2725 998 2761 servitutem
1029 2727 1214 2778 praebere,

119 2767 192 2802 doli
217 2767 498 2802 summovebitur
523 2769 731 2813 exceptione
762 2769 974 2814 legatarius,
1008 2782 1039 2806 si
1062 2783 1134 2807 non
1159 2773 1214 2808 of-

119 2812 212 2847 ferat
261 2812 347 2847 artis
373 2813 667 2857 aestimationem,
693 2815 852 2860 exemplo
871 2816 1009 2852 scilicet
1024 2817 1111 2862 legis
1129 2818 1213 2853 Fal-

124 2861 137 2891 1
190 2858 223 2892 ci
249 2858 314 2892 iae.
357 2858 481 2893 ‘Lucio
501 2858 710 2904 Sempronio
728 2860 805 2904 lego
824 2871 964 2896 omnem
981 2862 1215 2898 hereditatem

119 2902 249 2937 ‘Publii
274 2903 426 2937 Maevii’.
481 2903 711 2949 Sempronius
738 2916 780 2940 ea
812 2906 953 2941 demum
989 2918 1099 2942 onera
1135 2919 1213 2944 sus-

119 2948 237 2993 cipiet,
264 2958 355 2993 quae
379 2948 589 2984 Maevianae
611 2950 820 2986 hereditatis
838 2951 986 2987 fuerunt
1009 2953 1097 2987 etin
1123 2953 1215 2989 diem

119 2993 242 3028 mortis
260 2994 347 3034 eius,
373 2994 434 3038 qui
449 2994 553 3029 heres
571 2995 701 3030 Maevii
720 2996 865 3039 exstitit,
883 3003 1214 3042 perseveraverunt,

119 3038 212 3073 sicut
234 3039 311 3073 vice
335 3043 460 3074 mutua
483 3041 766 3084 praestabuntur
790 3043 961 3085 actiones,
995 3054 1087 3088 quae
1109 3055 1214 3089 prae-

121 3086 140 3117 2
196 3084 285 3118 stari
319 3087 516 3128 potuerunt
527 3086 551 3120 ⁵.
616 3085 790 3122 Dominus
836 3088 968 3123 herede
1014 3089 1213 3125 fructuario

120 3128 254 3172 scripto
287 3128 436 3163 fundum
469 3130 535 3164 sub
573 3131 783 3167 condicione
821 3132 963 3177 legavit.
1020 3135 1214 3170 voluntatis

119 3173 211 3207 ratio
237 3184 309 3208 non
332 3175 479 3219 patitur,
512 3178 553 3210 ut
576 3176 679 3211 heres
705 3187 748 3212 ex
773 3188 883 3214 causa
907 3179 1047 3214 fructus
1079 3180 1213 3215 emolu-

119 3223 277 3253 mentum
316 3220 488 3255 retineat:
538 3220 715 3256 diversum
749 3222 785 3256 in
823 3225 950 3259 ceteris
987 3225 1214 3269 praediorum

121 3264 361 3306 servitutibus,
387 3275 477 3309 quas
503 3266 606 3301 heres
631 3266 769 3309 habuit,
793 3279 1004 3313 responsum
1028 3275 1100 3305 est:
1127 3282 1214 3315 quo-

122 3311 141 3342 3
189 3309 283 3344 niam
299 3309 438 3345 fructus
454 3311 630 3356 portionis
647 3312 762 3347 instar
778 3315 924 3358 optinet.
974 3315 1098 3351 ‘Heres
1114 3326 1213 3351 meus

122 3353 229 3404 ‘Titio
255 3354 358 3394 dato,
395 3355 490 3400 quod
515 3366 558 3391 ex
581 3360 795 3394 testamento
830 3359 1029 3404 Sempronii
1065 3361 1215 3396 debetur

122 3398 241 3433 ‘mihi'.
291 3410 371 3434 cum
387 3401 466 3436 iure
481 3402 691 3444 novationis,
717 3414 824 3448 quam
841 3404 1034 3449 legatarius
1051 3406 1144 3441 idem
1169 3416 1214 3441 ue

121 3445 271 3478 testator
295 3448 379 3479 ante
401 3445 549 3489 fecerat,
573 3447 730 3492 legatum
755 3459 798 3484 ex
821 3453 1036 3486 testamento
1056 3462 1127 3486 non
1147 3418 1213 3486 (de-

124 3487 259 3531 beatur,
283 3490 420 3532 placuit
443 3491 571 3526 falsam
592 3492 932 3530 demonstrationem
947 3495 1121 3540 legatario
1140 3508 1213 3531 non

122 3532 259 3575 obesse,
291 3544 358 3569 nec
381 3535 418 3569 in
453 3540 567 3571 totum
598 3537 728 3573 falsum
760 3539 891 3583 videri,
925 3541 1021 3586 quod
1052 3542 1211 3577 veritatis

123 3646 162 3683 (ι)
188 3646 324 3679 milibus
337 3648 398 3681 del.
414 3648 465 3680 F²
557 3652 600 3691 (2)
626 3652 843 3684 constituisse
856 3653 890 3684 F

125 3692 166 3727 (4)
193 3700 230 3722 ac
245 3691 296 3723 F2
410 3695 450 3732 (5)
476 3697 636 3736 poterunt
647 3709 709 3730 scr.

124 3732 199 3774 plus
213 3736 304 3768 virili
318 3740 412 3777 parte
426 3739 603 3778 procedere
615 3753 677 3773 scr.

810 3699 853 3737 (6)
879 3699 1079 3731 restituendi
1094 3700 1210 3742 nepoti

750 3745 794 3784 (7)
819 3743 917 3775 datur
931 3744 980 3776 F2
1051 3748 1096 3786 (s)
1121 3746 1210 3777 inter

973 3657 1014 3696 (3)
1041 3655 1095 3686 die
1109 3656 1168 3688 ins.
1185 3655 1220 3687 F

1288 237 1309 269 4
1358 235 1553 280 primordio
1579 234 1820 273 adiuvaretur.
1870 236 1999 271 Servus
2024 247 2114 282 pure
2134 236 2386 278 manumissus,

1289 280 1347 315 cui
1372 280 1520 315 libertas
1545 283 1693 325 propter
1720 279 2011 324 impedimentum
2034 282 2121 318 iuris
2145 286 2229 328 post
2251 281 2385 317 aditam

1287 325 1524 361 hereditatem
1549 335 1622 361 non
1647 326 1835 370 competit,
1874 327 1969 370 quod
2002 331 2117 362 status
2149 328 2225 363 eius
2250 327 2385 363 extrin-

1288 381 1393 407 secus
1406 370 1638 416 suspenditur
1653 369 1756 411 (forte
1774 375 1923 415 propter
1936 372 2102 408 adulterii
2115 373 2385 418 quaestionem),

1288 426 1333 451 ex
1356 415 1482 452 eodem
1506 420 1721 451 testamento
1756 426 1870 460 neque
1906 417 2024 461 legata
2056 429 2100 452 ne
2126 429 2170 453 ue
2202 418 2385 453 fideicom-

1288 461 1400 496 missa
1424 472 1514 506 pure
1538 461 1623 496 data
1648 471 1794 505 sperare
1818 466 1956 506 potest,
1989 464 2073 506 quia
2130 465 2180 499 ies
2213 463 2387 498 inutiliter

1289 510 1308 540 5
1358 506 1463 541 cedit.
1511 506 1620 541 Pater
1646 517 1726 541 cum
1750 506 1825 540 filia
1849 517 1914 551 pro
1948 508 2093 543 semisse
2117 509 2247 544 herede
2283 508 2369 544 insti

1288 556 1368 586 tuta
1392 552 1446 587 sic
1470 555 1684 587 testamento
1717 551 1860 586 locutus
1886 552 2021 588 fuerat:
2056 557 2170 598 ‘peto,
2204 565 2285 589 cum
2308 564 2385 589 mo-

1290 597 1416 639 ‘rieris,
1443 597 1528 632 licet
1551 597 1641 632 alios
1666 607 1809 642 quoque
1833 596 1923 632 filios
1948 599 2160 643 susceperis,
2175 599 2385 644 Sempronio

1289 642 1423 687 ‘nepoti
1446 652 1524 677 meo
1557 642 1639 687 plus
1672 642 1811 677 tribuas
1844 642 1881 676 in
1905 643 2077 678 honorem
2110 645 2260 679 nominis
2291 644 2384 679 mei'.

1288 687 1485 722 necessitas
1511 688 1654 732 quidem
1678 687 1890 723 restituendi
1914 689 2104 732 nepotibus
2122 690 2238 725 viriles
2262 694 2385 735 partes

1287 732 1505 778 praecedere
1515 735 1528 753 ‘¹'
1540 732 1739 775 videbatur,
1754 732 1817 768 sed
1828 733 2068 769 moderandae
2082 735 2265 778 portionis,
2280 745 2386 780 quam

1288 778 1458 813 maiorem
1482 777 1519 812 in
1550 779 1655 813 unius
1680 778 1821 822 nepotis
1856 789 2049 824 personam
2083 780 2237 815 conferri
2262 781 2385 822 voluit,

1288 826 1308 858 6
1356 823 1546 858 arbitrium
1577 822 1674 858 filiae
1706 823 1830 858 datum
1840 825 1865 858 ⁷.
1926 824 2009 859 Non
2044 824 2122 860 iure
2156 826 2268 860 tutori
2301 826 2384 861 dato

1287 872 1403 903 mater
1419 868 1571 913 legavit:
1597 868 1627 903 si
1648 869 1861 911 consentiat,
1887 873 1928 904 ut
1944 869 2087 905 decreto
2105 871 2282 914 praetoris
2301 881 2385 906 con-

1286 913 1459 955 firmetur,
1483 917 1520 949 et
1544 917 1691 959 praetor
1715 925 1788 949 non
1812 914 1980 950 idoneum
2005 915 2192 958 existimet,
2218 916 2312 951 actio
2335 917 2385 951 le-

1287 962 1305 994 7
1354 959 1429 1004 gati
1453 970 1526 994 non
1559 959 1805 1004 denegabitur.
1854 959 1921 1004 Qui
1946 961 2152 995 Mucianam
2185 962 2388 996 cautionem

1287 1004 1439 1040 alicuius
1464 1015 1537 1039 non
1560 1004 1718 1040 faciendi
1743 1015 1853 1040 causa
1877 1006 2104 1050 interposuit,
2130 1007 2160 1041 si
2183 1010 2310 1052 postea
2334 1007 2386 1042 fe-

1288 1050 1387 1092 cerit,
1412 1051 1552 1085 fructus
1578 1061 1720 1095 quoque
1743 1050 1941 1095 legatorum
1976 1056 2078 1096 (quos
2103 1052 2277 1096 principio
2302 1063 2388 1098 pro-

1289 1098 1307 1130 8
1356 1095 1448 1129 mitti
1472 1106 1620 1131 necesse
1643 1099 1710 1136 est)
1735 1096 1926 1132 restituere
1952 1096 2068 1132 debet.
2130 1097 2249 1133 Variis
2274 1098 2388 1132 actio-

1286 1141 1392 1176 nibus
1417 1140 1616 1185 legatorum
1639 1141 1744 1176 simul
1767 1140 1960 1186 legatarius
1977 1142 2029 1177 uti
2054 1153 2126 1177 non
2150 1146 2280 1188 potest,
2306 1142 2391 1187 quia

1286 1186 1445 1230 legatum
1470 1186 1592 1221 datum
1617 1186 1653 1220 in
1671 1190 1794 1231 partes
1819 1187 1927 1221 dividi
1952 1198 2024 1222 non
2041 1191 2179 1233 potest:
2206 1199 2278 1223 non
2295 1188 2389 1223 enim

1287 1241 1331 1267 ea
1355 1235 1473 1267 mente
1499 1232 1622 1266 datum
1641 1237 1696 1267 est
1719 1232 1901 1276 legatariis
1918 1232 2083 1278 pluribus
2102 1233 2306 1268 actionibus
2323 1233 2387 1275 uti,

1287 1276 1350 1312 sed
1374 1281 1414 1311 ut
1437 1277 1553 1312 laxior
1570 1277 1620 1312 eis
1639 1277 1768 1322 agendi
1786 1277 1942 1313 facultas
1970 1279 2026 1321 sit,
2052 1288 2097 1313 ex
2113 1289 2197 1321 una,
2222 1279 2389 1314 interim⁸

1287 1326 1307 1357 9
1357 1333 1449 1367 quae
1472 1323 1594 1357 fuerat
1624 1322 1759 1365 electa,
1796 1322 1953 1367 legatum
1978 1328 2111 1369 petere.
2160 1323 2388 1369 Repetendo-

1286 1379 1367 1403 rum
1391 1368 1590 1412 legatorum
1614 1367 1771 1404 facultas
1796 1379 1843 1403 ex
1867 1379 1908 1404 eo
1941 1373 2155 1404 testamento
2189 1370 2389 1405 solutorum

1287 1412 1407 1448 danda
1430 1417 1495 1455 est,
1523 1413 1619 1458 quod
1633 1413 1774 1448 irritum
1796 1423 1875 1449 esse
1899 1419 1982 1459 post
2007 1414 2166 1450 defuncti
2182 1415 2388 1450 memoriam

1287 1458 1494 1494 damnatam
1507 1459 1686 1503 apparuit,
1711 1459 1817 1494 modo
1831 1460 1862 1495 si
1874 1460 1945 1494 iam
1960 1459 2087 1505 legatis
2109 1460 2236 1495 solutis
2255 1461 2389 1496 crimen

1286 1503 1543 1550 perduellionis
1568 1504 1707 1539 illatum
1731 1509 1796 1540 est.

1335 1547 1387 1586 77
1415 1548 1547 1584 9ΙυΕΜ
1574 1550 1664 1585 libro
1698 1555 1824 1585 octavo
1857 1561 2115 1596 responsorum
2164 1550 2252 1585 Cum
2284 1555 2389 1596 pater

1287 1594 1378 1630 filios
1417 1605 1611 1640 eorumque
1646 1598 1797 1630 matrem
1811 1596 1838 1617 ¹⁰
1872 1595 2033 1631 vheredes
2067 1596 2300 1638 instituisset,
2337 1597 2388 1632 ita

1287 1640 1450 1685 scripsit:
1485 1643 1580 1685 ‘peto
1615 1650 1637 1675 a
1660 1644 1707 1683 te,
1732 1641 1818 1683 filia,
1851 1645 1892 1675 ut
1917 1642 2075 1686 acceptis
2112 1651 2155 1676 ex
2189 1641 2388 1677 hereditate

1288 1689 1380 1720 ‘mea
1410 1686 1447 1720 in
1481 1686 1682 1730 portionem
1714 1689 1814 1720 tuam
1847 1689 1991 1721 centum
2017 1687 2140 1722 'aureis
2173 1691 2209 1722 et
2238 1687 2387 1732 praedio

1288 1731 1509 1766 ‘Tusculano
1534 1735 1674 1776 partem
1705 1731 1914 1766 hereditatis
1950 1732 2119 1767 restituas
2151 1733 2256 1767 matri
2280 1733 2387 1768 tuae'.

1288 1776 1458 1821 respondi
1482 1775 1667 1821 praedium
1693 1776 1834 1830 quidem
1865 1777 2120 1812 hereditarium
2143 1777 2274 1813 iudicio
2301 1778 2388 1813 divi-

1287 1822 1397 1857 sionis
1424 1821 1468 1856 de
1493 1821 1672 1856 communi
1696 1822 1806 1856 filiam
1819 1822 2035 1865 habituram,
2061 1823 2250 1867 pecuniam
2267 1827 2387 1858 autem

1295 1871 1300 1898 1
1357 1867 1401 1902 de
1452 1870 1530 1902 arte
1555 1877 1621 1901 sua
1645 1870 1877 1902 retenturam.
1925 1868 2074 1911 Eorum,
2109 1869 2238 1913 quibus
2262 1869 2388 1904 mortis

1288 1922 1400 1947 causa
1449 1916 1598 1947 enatum
1622 1916 1695 1954 est,
1729 1912 1812 1947 fidei
1845 1913 2018 1948 committi
2051 1924 2194 1958 quoquo
2227 1917 2389 1959 tempore

1286 1961 1424 2002 potest:
1450 1957 1547 2002 quod
1571 1957 1884 1993 fideicommissum
1908 1958 2057 1993 heredes
2083 1959 2183 1994 salva
2204 1958 2389 1995 Falcidiae

1286 2003 1445 2044 ratione,
1484 2013 1590 2048 quam
1613 2003 1651 2037 in
1675 2003 1730 2038 his
1767 2013 1910 2048 quoque
1946 2003 2200 2039 donationibus
2224 2005 2387 2050 exemplo

1285 2048 1487 2092 legatorum
1510 2048 1631 2083 locum
1648 2048 1782 2083 habere
1799 2049 1946 2093 placuit,
1965 2051 2213 2094 praestabunt.
2256 2050 2286 2085 si
2302 2060 2388 2095 pars

1286 2093 1490 2128 donationis
1531 2093 1807 2129 fideicommisso
1847 2098 2032 2137 teneatur,
2073 2095 2388 2130 fideicommissum

1286 2149 1428 2184 quoque
1446 2149 1593 2174 munere
1610 2139 1796 2174 Falcidiae
1812 2139 1991 2184 fungetur.
2035 2140 2065 2174 si
2081 2144 2201 2176 tamen
2219 2140 2389 2176 alimenta

1284 2184 1462 2229 praestari
1493 2184 1628 2227 voluit,
1666 2184 1869 2220 collationis
1901 2188 2018 2220 totum
2049 2196 2140 2221 onus
2174 2186 2210 2220 in
2242 2186 2386 2221 residuo

1286 2229 1490 2264 donationis
1515 2240 1594 2265 esse
1618 2230 1908 2275 respondendum
1932 2232 2000 2265 erit
2016 2241 2066 2269 ex,
2085 2231 2244 2266 defuncti
2262 2231 2386 2266 volun-

1284 2278 1371 2317 tate,
1398 2275 1458 2320 qui
1484 2274 1528 2310 de
1552 2275 1687 2310 maiore
1711 2276 1867 2320 pecunia
1889 2277 2069 2321 praestari
2094 2288 2166 2311 non
2192 2277 2299 2312 dubie
2325 2288 2385 2312 vo-

1286 2323 1305 2355 2
1353 2320 1422 2355 luit
1444 2321 1595 2365 integra.
1643 2321 1763 2356 Mater
1787 2320 1869 2356 filiis
1895 2321 1969 2356 suis
1993 2322 2097 2367 vulgo
2124 2322 2307 2367 conceptis
2325 2323 2386 2357 do·

1284 2369 1357 2401 tem
1381 2375 1484 2400 suam
1509 2366 1632 2400 mortis
1658 2376 1770 2401 causa
1806 2366 1973 2402 donando
2007 2367 2173 2412 stipulari
2204 2367 2385 2412 permisit:

1286 2422 1367 2446 cum
1392 2411 1472 2446 aliis
1496 2411 1688 2446 heredibus
1713 2411 1885 2447 institutis
1909 2413 2059 2457 petisset
2076 2423 2098 2447 a
2122 2412 2203 2447 filiis
2221 2413 2296 2448 viro
2322 2413 2385 2448 do-

1285 2460 1357 2491 tem
1381 2456 1532 2498 restitui,
1558 2460 1675 2491 totum
1700 2457 1775 2492 viro
1794 2457 2108 2492 fideicommissum
2132 2458 2225 2493 dotis
2250 2458 2385 2500 deberi,

1284 2501 1315 2537 si
1339 2501 1522 2537 Falcidiae
1546 2502 1638 2536 ratio
1664 2513 1736 2537 non
1760 2502 2008 2538 intervenerit:
2044 2502 2123 2538 ideo
2149 2503 2385 2539 retentionem

1284 2546 1377 2582 dotis
1402 2547 1514 2582 virum
1530 2547 1663 2582 habere
1675 2548 1833 2592 placuit:
1860 2548 2019 2592 alioquin
2043 2548 2227 2584 Falcidiae
2246 2552 2385 2594 partem

1283 2592 1477 2628 heredibus
1501 2603 1524 2627 a
1547 2592 1629 2627 filiis
1654 2603 1698 2627 ex
1723 2593 1898 2637 stipulatu
1924 2604 2004 2628 cum
2029 2594 2103 2628 viro
2129 2594 2316 2638 agentibus
2341 2605 2386 2630 ex

1285 2640 1304 2673 3
1342 2638 1425 2673 dote
1438 2648 1517 2673 esse
1529 2648 1595 2682 per
1606 2638 1643 2672 in
1656 2637 1793 2673 factum
1812 2638 1989 2673 actionem
2001 2638 2231 2674 reddendam.
2268 2639 2383 2675 Surdo

1285 2686 1320 2718 et
1344 2687 1457 2725 muto,
1483 2683 1543 2728 qui
1566 2683 1722 2728 legatum
1754 2683 1904 2728 accipit,
1940 2688 1981 2717 ut
2014 2695 2094 2718 cum
2125 2685 2297 2720 morietur
2330 2695 2383 2720 re-

1284 2728 1422 2770 stituat,
1446 2733 1546 2764 recte
1570 2728 1779 2763 mandatur:
1813 2738 1897 2763 nam
1922 2733 1957 2764 et
1987 2729 2193 2774 ignorantes
2228 2730 2384 2765 adstrin-

1284 2777 1418 2818 guntur
1443 2773 1729 2816 fideicommisso,
1755 2774 1884 2819 quibus
1900 2774 2150 2819 ignorantibus
2167 2776 2383 2811 emolumen-

1284 2822 1304 2853 4
1352 2823 1429 2853 tum
1454 2829 1498 2853 ex
1522 2822 1736 2854 testamento
1770 2819 1965 2864 quaeritur.
2013 2820 2257 2856 Hereditatem
2289 2821 2384 2856 filius

1285 2874 1366 2898 cum
1390 2868 1591 2899 moreretur
1615 2864 1696 2899 filiis
1721 2864 1794 2899 suis
1819 2864 1875 2899 vel
1899 2865 1956 2899 cui
1980 2876 2023 2900 ex
2055 2866 2110 2901 his
2134 2866 2305 2901 voluisset
2327 2877 2383 2902 re-

1284 2909 1432 2943 stituere
1447 2909 1566 2943 fuerat
1578 2913 1744 2953 rogatus:
1771 2920 1842 2954 quo
1860 2909 1997 2945 interea
2020 2911 2057 2946 in
2081 2911 2236 2947 insulam
2254 2912 2382 2957 depor-

1283 2957 1360 2989 tato
1386 2953 1537 2998 eligendi
1560 2954 1770 2989 facultatem
1795 2966 1867 2990 non
1900 2966 1979 2991 esse
2011 2967 2129 3001 poena
2160 2962 2383 3002 peremptam

1283 2999 1421 3078 placuit
1444 3009 1511 3034 nec
1535 2998 1798 3035 fideicommissi
1835 3001 2081 3037 condicionem
2114 3006 2198 3038 ante
2233 3007 2382 3038 mortem

1298 3044 1346 3078 'lii
1379 3043 1519 3079 heredis
1552 3044 1740 3080 exsistere:
1774 3046 1890 3081 viriles
1924 3050 2044 3082 autem
2075 3048 2170 3082 inter
2202 3058 2262 3083 eos
2295 3047 2382 3090 fieri,

1285 3089 1345 3134 qui
1371 3100 1411 3124 eo
1437 3094 1597 3134 tempore
1621 3090 1782 3132 vixerint,
1809 3091 1958 3127 cum'de
1982 3093 2060 3128 aliis
2086 3093 2237 3136 eligendi
2260 3097 2381 3137 potes-

1285 3138 1303 3169 5
1352 3139 1408 3169 tas
1434 3144 1507 3169 non
1530 3134 1648 3170 fuerit.
1699 3135 1767 3180 Qui
1783 3136 1903 3172 dotale
1923 3138 2108 3182 praedium
2127 3142 2252 3173 contra
2268 3138 2380 3181 legem

1283 3180 1409 3214 Iuliam
1433 3179 1602 3222 vendidit,
1629 3182 1733 3216 uxori
1757 3182 1911 3227 legatum
1937 3183 2034 3217 dedit
2051 3187 2086 3218 et
2111 3183 2279 3227 emptoris
2298 3182 2380 3216 fidei

1285 3225 1471 3267 commisit,
1496 3228 1537 3259 ut
1552 3227 1575 3245 ¹¹
1602 3227 1755 3271 amplius
1781 3228 1812 3262 ei
1838 3228 1991 3272 pretium
2015 3229 2192 3263 restituat.
2242 3231 2378 3271 empto-

1283 3281 1356 3305 rem
1382 3270 1688 3306 fideicommissi¹²
1720 3283 1792 3308 non
1816 3273 1929 3308 teneri
1954 3274 2162 3308 constabat:
2197 3273 2225 3307 si
2259 3276 2379 3306 tamen

1283 3320 1433 3360 accepto
1471 3315 1588 3360 legato
1625 3317 1752 3352 mulier
1786 3318 2026 3353 venditionem
2062 3319 2197 3352 irritam
2233 3317 2378 3358 faceret,

1283 3371 1361 3396 eam
1386 3360 1507 3395 oblato
1557 3361 1647 3397 retio
1673 3362 1746 3398 doli
1769 3364 1905 3408 placuit
1929 3364 2139 3407 exceptione
2156 3362 2379 3397 summoveri.

1285 3409 1305 3441 6
1353 3406 1493 3440 Maevio
1545 3406 1672 3442 ebitori
1697 3418 1762 3443 suo
1787 3419 1869 3443 reus
1894 3409 2089 3453 stipulandi
2114 3407 2304 3448 mandavit,
2339 3413 2379 3441 ut

1284 3451 1391 3492 Titio,
1417 3451 1475 3486 cui
1498 3452 1623 3486 mortis
1650 3463 1761 3488 causa
1786 3454 1964 3495 donabat,
2000 3453 2187 3498 pecuniam
2222 3452 2378 3487 debitam

1283 3496 1445 3531 solveret.
1495 3507 1576 3531 cum
1600 3498 1716 3533 sciens
1749 3499 1929 3533 dominum
1962 3499 2034 3532 vita
2059 3497 2254 3532 decessisse
2279 3497 2378 3532 Mae-

1283 3542 1359 3577 vius
1377 3541 1567 3586 pecuniam
1585 3543 1751 3585 dedisset,
1770 3555 1842 3579 non
1861 3554 1939 3578 esse
1954 3543 2199 3577 liberationem
2217 3547 2377 3577 secutam

1281 3665 1335 3687 eas
1348 3667 1410 3687 scr.
1491 3656 1535 3695 (9)
1563 3660 1580 3695 5
1595 3664 1611 3689 4
1625 3658 1746 3690 citatur
1758 3657 1804 3688 D.
1820 3658 2016 3696 36,1,1s,6;
2034 3661 2048 3694 §
2066 3663 2096 3688 13
2110 3657 2325 3696 D.36,1,1s,
2340 3663 2377 3694 43

1283 3702 1328 3732 ad
1342 3705 1356 3739 ἓ
1374 3707 1409 3733 26
1425 3701 1525 3743 cffr.
1550 3701 1622 3734 Vat.
1639 3706 1654 3740 ἕ
1672 3709 1759 3736 252α.
1879 3708 1938 3739 (10)
1965 3711 2144 3741 eorumque
2159 3704 2297 3732 matrem
2312 3701 2378 3734 del.

1280 3747 1336 3784 (11)
1363 3755 1401 3777 eo
1415 3746 1476 3778 ins.
1572 3748 1629 3786 (12)
1655 3745 1979 3779 fideicomcommissi
1994 3747 2030 3785 F,
2046 3746 2303 3778 fideicommisso
2316 3746 2347 3777 S
