2528 3918
225 114 304 157 XV
334 116 414 156 3.4

224 235 378 271 fundum
409 233 502 280 patri
534 233 722 269 dominove
752 232 837 269 emit
866 243 990 269 servus
1014 233 1067 269 vel
1091 233 1185 268 filius
1208 233 1311 268 fami-

224 281 301 320 lias,
324 290 463 315 versum
488 277 629 324 quidem
653 288 732 313 esse
753 277 904 321 videtur,
928 278 979 314 ita
1001 282 1140 319 tamen,
1165 282 1216 320 ut,
1241 279 1314 314 sive

225 325 371 360 minoris
395 324 461 365 sit,
497 333 603 368 quam
635 328 691 358 est
721 328 879 369 emptus,
914 327 1053 358 tantum
1084 323 1245 358 videatur
1276 324 1312 357 in

224 381 299 405 rem
324 379 463 404 versum
488 367 614 414 quanti
638 367 765 414 dignus
796 368 862 410 sit,
895 369 967 404 sive
996 368 1107 413 pluris
1139 368 1203 408 sit,
1239 378 1311 403 non

223 415 304 460 plus
328 414 490 449 videatur
511 413 549 448 in
571 423 645 448 rem
667 423 808 449 versum
831 424 937 459 quam
962 418 1101 458 emptus
1125 416 1190 447 est.

274 456 323 496 13
355 458 551 494 mmm
571 457 663 494 libro
686 459 878 495 vicensimo
902 469 997 493 nono
1017 458 1067 492 ad
1085 457 1238 493 edictum
1274 456 1313 492 Si

222 504 260 539 in
281 514 356 539 rem
380 503 526 538 alterius
550 513 593 538 ex
613 502 763 538 dominis
783 514 923 538 versum
943 503 1001 544 sit,
1026 506 1144 537 utrum
1162 502 1194 537 is
1214 502 1311 538 solus

222 548 260 584 in
284 548 386 584 cuius
409 558 483 584 rem
506 558 646 584 versum
670 552 725 584 est
748 558 794 583 an
819 553 855 583 et
886 548 1005 583 socius
1037 547 1150 592 possit
1183 557 1310 582 conve-

223 593 310 636 niri,
334 593 526 638 quaeritur.
564 597 600 629 et
623 593 782 628 Iulianus
813 593 938 628 scribit
968 603 1048 627 eum
1079 592 1194 627 solum
1225 602 1310 627 con-

222 638 334 674 veniri
356 638 393 674 in
418 638 520 674 cuius
542 648 617 674 rem
640 648 779 674 versum
804 642 869 679 est,
893 637 998 672 sicuti
1018 647 1098 672 cum
1119 637 1217 672 solus
1237 637 1310 672 ius-

223 684 287 719 sit:
313 693 419 728 quam
442 683 654 719 sententiam
677 688 765 729 puto
789 693 917 718 veram.

272 727 323 766 14
347 727 559 764 IULIANUS¹
584 728 676 764 libro
705 729 891 763 undecimo
924 726 965 761 di
989 730 1155 762 estornm.
1203 725 1311 762 MAR-

227 783 371 810 onzvs
387 778 510 809 notat:
533 773 715 808 Interdum
741 778 776 808 et
798 775 945 818 propter
994 782 1037 807 oc
1062 772 1156 817 quod
1179 771 1216 807 in
1235 782 1310 807 rem

222 819 369 855 alteiius
393 819 482 854 socii
506 829 645 854 versum
670 824 723 853 est
747 818 790 852 de
812 818 849 852 in
872 827 946 852 rem
971 827 1072 852 verso
1098 827 1179 852 cum
1197 817 1309 852 altero

222 864 279 909 agi
301 867 431 930 potest,
456 863 516 910 qui
540 867 735 899 conventus
759 873 782 897 a
805 862 902 897 socio
927 865 1049 907 petere
1071 866 1191 906 potest
1213 862 1250 897 id
1273 862 1309 897 in

223 919 293 962 quo
343 909 532 945 damnatus
555 908 674 944 fuerit.
712 907 796 952 quid
822 908 913 942 enim
938 906 1116 948 dicemus,
1148 907 1178 942 si
1201 917 1310 952 pecu·

222 954 308 990 hum
327 964 430 990 servo
452 954 498 989 ab
517 954 628 988 altero
648 952 850 1004 ademptum
870 952 1004 986 fuerit?
1039 951 1206 987 Faunus:
1228 962 1309 997 ergo

222 1000 312 1035 haec
345 999 507 1045 quaestio
538 999 589 1034 ita
620 998 799 1043 procedit,
836 997 865 1032 si
902 997 945 1032 de
980 997 1119 1041 peculio
1151 997 1207 1041 agi
1238 1007 1309 1032 non

248 1048 352 1080 otest.

221 1056 246 1091 p
271 1088 322 1127 15
343 1088 539 1125 Urmmvs
556 1088 646 1123 libro
667 1087 825 1123 secundo
839 1086 895 1122 dis
921 1088 1122 1122 utationum
1158 1086 1195 1122 Si
1215 1087 1309 1122 filius

221 1134 374 1170 familias
399 1133 622 1169 constituerit
642 1132 737 1178 quod
755 1136 859 1178 pater
903 1132 1012 1174 ebuit,
1036 1132 1223 1167 videndum
1245 1137 1309 1174 est,

221 1190 268 1215 an
299 1179 342 1215 de
372 1180 408 1214 in
439 1189 512 1214 rem
544 1188 645 1213 verso
678 1178 772 1212 actio
805 1177 883 1212 dari
914 1177 1052 1212 debeat.
1090 1177 1214 1222 atquin
1238 1188 1310 1212 non

220 1224 384 1260 liberavit
407 1228 562 1269 patrem:
588 1233 669 1258 nam
694 1222 753 1302 <hui
779 1223 974 1264 constituit,
999 1233 1038 1258 se
1058 1222 1198 1268 quidem
1218 1223 1308 1258 obli-

221 1275 301 1314 gat,
359 1273 470 1304 atrem
502 1278 584 1303 vero
610 1278 681 1303 non
720 1268 844 1303 ’berat.
882 1268 989 1313 plane
1013 1268 1042 1303 si
1067 1268 1205 1303 solvat¹¹
1227 1272 1311 1313 post

224 1319 475 1355 consumtum,
507 1313 590 1349 licet
614 1323 678 1358 pro
704 1322 742 1348 se
766 1312 930 1348 videatur
959 1313 1138 1355 solvisse„
1156 1313 1226 1348 hoc
1256 1318 1311 1348 est

221 1360 267 1395 ob
291 1359 327 1394 id
352 1358 447 1404 quod
472 1358 676 1399 constituit,
708 1358 744 1392 in
778 1368 851 1392 rem
881 1362 1000 1393 tamen
1024 1358 1170 1393 vertisse
1197 1358 1308 1403 patris

221 1405 347 1440 merito
371 1404 519 1439 dicetur.

270 1447 320 1486 16
356 1451 539 1485 ALFENUS
571 1447 662 1483 libro
696 1447 855 1484 secundo
890 1447 1111 1495 digestorum
1159 1447 1309 1492 Quidam

219 1494 368 1530 fundum
401 1493 587 1529 colendum
618 1503 720 1528 servo
751 1503 816 1528 suo
848 1493 979 1529 locavit
1002 1497 1037 1529 et
1060 1494 1168 1528 boves
1193 1494 1225 1529 ei
1249 1494 1309 1529 de-

221 1539 339 1575 derat:
374 1550 454 1574 cum
478 1539 515 1574 hi
538 1538 647 1573 boves
671 1549 744 1573 non
768 1543 887 1573 essent
909 1538 1047 1581 idonei,
1071 1539 1226 1574 iusserat
1249 1549 1309 1574 eos

219 1585 336 1620 venire
366 1590 402 1619 et
432 1584 488 1619 his
519 1583 670 1619 nummis
702 1583 762 1628 qui
795 1593 876 1619 rece
901 1584 928 1618 ti
952 1587 1071 1619 essent
1094 1584 1182 1620 alios
1206 1594 1309 1629 repa-

218 1630 308 1665 rari:
334 1639 455 1665 servus
480 1629 588 1664 boves
611 1628 829 1670 vendiderat,
855 1595 943 1664 afios
967 1629 1182 1671 redemerat,
1207 1640 1309 1665 num-

219 1685 295 1710 mos
333 1674 507 1710 venditori
542 1684 615 1709 non
646 1674 820 1717 solverat,
857 1679 984 1719 postea
1015 1675 1310 1710 conturbaverat:

219 1720 278 1772 qui
309 1720 417 1756 boves
451 1719 658 1755 vendiderat
682 1729 844 1754 nummos
868 1730 891 1754 a
915 1719 1056 1755 domino
1080 1720 1226 1772 petebat
1249 1730 1309 1755 ac-

217 1770 315 1801 tione
350 1765 395 1800 de
429 1765 568 1810 peculio
605 1768 668 1799 aut
700 1764 795 1809 quod
826 1764 863 1799 in
895 1775 970 1799 rem
1003 1765 1135 1800 dommi
1170 1775 1309 1800 versum

219 1815 324 1852 esset,
350 1821 430 1846 cum
456 1810 563 1844 boves
587 1820 652 1854 pro
679 1809 808 1854 quibus
828 1810 982 1854 pecunia
1002 1814 1183 1854 peteretur
1200 1821 1309 1856 penes

219 1855 398 1891 dominum
431 1858 559 1890 essent.
597 1853 781 1906 respondit
812 1866 883 1889 non
915 1855 1024 1890 videri
1082 1855 1185 1890 eculii
1209 1856 1307 1900 quic-

219 1911 324 1946 quam
349 1911 438 1942 esse,
462 1900 530 1936 nisi
554 1900 584 1935 si
608 1899 693 1945 quid
719 1899 873 1935 deducto
899 1910 953 1942 eo,
979 1866 1079 1945 quod)
1099 1910 1220 1935 servus
1244 1900 1308 1936 do-

218 1946 313 1981 mino
327 1946 518 1986 debuisset,
539 1944 714 1989 reliquum
734 1945 854 1980 fieret:
875 1945 963 1980 illud
984 1945 1051 1981 sibi
1070 1945 1179 1981 videri
1201 1946 1308 1981 boves

218 1991 359 2036 quidem
383 1991 420 2026 in
444 2001 518 2026 rem
550 1990 682 2025 domini
714 2000 834 2025 versos
869 2000 966 2032 esse,
1002 1990 1065 2026 sed
1098 2001 1163 2036 pro
1196 2001 1239 2026 ea
1269 2001 1309 2026 re

218 2036 363 2072 solvisse
385 2039 546 2077 tantum,
580 2035 704 2080 quanti
734 2035 873 2080 priores
904 2036 1013 2071 boves
1044 2036 1240 2071 venissent:
1278 2036 1308 2072 si

218 2092 288 2126 quo
315 2081 494 2126 amplioris
518 2080 692 2127 pecuniae
712 2081 928 2125 posteriores
948 2081 1056 2116 boves
1076 2085 1206 2122 essent,
1232 2081 1307 2116 eius

218 2130 382 2171 oportere
406 2126 585 2161 dominum
611 2125 850 2160 condemnari.

267 2169 316 2208 17
349 2172 576 2207 AFRICANUS
603 2170 694 2206 libro
725 2175 850 2206 octavo
881 2171 1128 2216 quaestionum
1177 2170 1306 2207 Servus

217 2216 253 2251 in
284 2227 358 2251 rem
390 2216 523 2251 domini
555 2215 743 2261 pecuniam
773 2219 957 2250 mutuatus
989 2216 1065 2251 sine
1097 2216 1204 2261 culpa
1228 2227 1305 2251 eam

217 2261 389 2306 perdidit:
421 2261 531 2296 nihilo
564 2260 679 2295 minus
703 2271 810 2306 posse
834 2271 913 2296 cum
939 2261 1080 2296 domino
1106 2261 1149 2296 de
1172 2262 1208 2296 in
1230 2272 1304 2296 rem

216 2316 318 2342 verso
343 2306 399 2351 agi
423 2306 645 2341 existimavit.
690 2316 772 2340 nam
797 2309 833 2341 et
856 2306 887 2341 si
909 2310 1123 2351 procurator
1146 2317 1246 2341 meus
1269 2307 1305 2341 in

216 2351 359 2397 negotia
369 2361 448 2386 mea
459 2352 684 2396 impensurus
697 2351 886 2396 pecuniam
899 2355 1083 2386 mutuatus
1105 2351 1182 2386 sine
1200 2352 1304 2396 culpa

217 2407 295 2432 eam
318 2396 554 2442 perdiderit&
586 2400 684 2431 recte
707 2406 786 2431 eum
810 2396 879 2431 hoc
905 2396 1047 2431 nomine
1070 2396 1228 2431 mandati
1251 2397 1305 2432 vel

219 2444 231 2476 1
285 2442 503 2487 negotiorum
526 2445 706 2486 gestorum
731 2445 905 2476 acturum.
954 2441 1042 2476 Cum
1063 2440 1184 2477 Sticho
1208 2441 1304 2476 vica-

216 2486 269 2522 rio
293 2487 383 2522 servi
407 2487 459 2522 tui
483 2486 571 2521 Pam
598 2486 658 2521 hili
684 2487 865 2521 contraxi:
901 2486 995 2521 actio
1027 2486 1071 2521 de
1130 2487 1243 2522 eculio
1269 2492 1304 2522 et

216 2531 252 2566 in
275 2542 350 2567 rem
373 2542 475 2567 verso
498 2532 550 2567 ita
597 2531 649 2566 ari
681 2531 804 2572 debet,
836 2536 894 2573 ut,
951 2531 1023 2566 uod
1054 2542 1096 2566 ve
1137 2532 1175 2567 in
1205 2536 1304 2567 tuam

216 2577 326 2621 ipsius
347 2586 421 2611 rem
440 2577 495 2611 vel
514 2577 550 2611 in
570 2576 748 2621 peculium
767 2576 943 2621 Pamphili
964 2586 1103 2611 versum
1124 2577 1181 2619 sit,
1207 2587 1303 2612 com-

217 2621 468 2666 prehendatur,
489 2621 625 2656 scilicet
643 2621 780 2656 etiamsi
792 2626 933 2656 mortuo
946 2621 1001 2656 vel
1014 2621 1167 2657 alienato
1181 2621 1303 2657 Sticho

218 2670 353 2710 agatur.
390 2666 484 2711 quod
509 2667 539 2701 si
562 2666 748 2711 Pamphilo
773 2671 914 2701 mortuo
939 2676 1061 2711 agam,
1093 2667 1204 2712 magis
1236 2672 1301 2709 est,

217 2715 268 2751 ut,
293 2712 451 2756 quamvis
476 2711 618 2746 Stichus
642 2711 746 2752 vivat,
771 2715 890 2746 tamen
914 2711 958 2746 de
982 2722 1034 2752 eo,
1061 2712 1156 2757 quod
1180 2712 1216 2747 in
1240 2723 1301 2757 pe-

218 2756 309 2791 culio
341 2756 517 2801 Pamphili
553 2767 691 2791 versum
727 2760 800 2798 est,
837 2767 908 2791 non
944 2757 1011 2792 nisi
1044 2757 1140 2791 intra
1172 2767 1303 2792 annum

218 2810 323 2846 quam
348 2800 378 2835 is
403 2801 555 2836 decessit
578 2802 671 2836 actio
697 2801 773 2836 dari
797 2801 945 2836 debeat:
980 2802 1107 2838 etenim
1157 2802 1303 2837 nodam·

217 2845 322 2880 modo
347 2845 390 2880 de
413 2846 551 2891 peculio
576 2846 752 2891 Pamphili
776 2851 851 2881 tum
876 2847 1027 2891 experiri
1059 2846 1138 2882 vide
1165 2858 1224 2890 or,
1256 2848 1303 2882 si-

217 2890 290 2925 cuti
314 2891 363 2931 si,
387 2891 481 2935 quod
505 2892 602 2926 iussu
628 2892 702 2926 eius
729 2891 973 2933 credidissem,
1008 2893 1204 2936 experirer:
1238 2903 1303 2927 nec

217 2945 283 2970 nos
305 2946 444 2970 movere
467 2936 581 2977 debet,
607 2936 701 2981 quod
722 2936 865 2971 Stichus
886 2936 930 2971 de
949 2937 1051 2971 cuius
1071 2937 1210 2982 peculio
1230 2938 1303 2982 agi-

216 2984 276 3015 tur
307 2982 419 3021 vivat,
452 2981 593 3025 quando
626 2992 697 3015 non
728 2982 832 3016 aliter
855 2991 898 3016 ea
920 2991 977 3016 res
1001 2982 1038 3016 in
1062 2982 1201 3027 peculio
1227 2983 1301 3018 eius

217 3034 295 3060 esse
317 3029 446 3070 potest,
496 3036 575 3059 uam
601 3026 629 3060 si
653 3026 826 3071 Pamphili
876 3027 1029 3061 eculium
1054 3033 1207 3062 maneat.
1244 3037 1302 3062 ea·

217 3069 295 3105 dem
318 3070 411 3122 ratio
435 3036 583 3121 εΐὲοἰθῐ,
615 3075 656 3105 ut
684 3071 742 3112 id,
774 3082 843 3116 quo
899 3071 934 3106 in
959 3071 1099 3116 peculio
1123 3072 1300 3116 Pamphili

216 3124 354 3150 versum
379 3119 443 3155 sit,
473 3120 525 3149 ita
554 3116 727 3159 praestari
760 3115 890 3151 debere
922 3116 1099 3157 dicamus,
1131 3120 1172 3152 ut
1203 3117 1302 3162 prius

217 3159 311 3200 eius,
346 3159 442 3205 quod
473 3159 538 3194 tibi
570 3160 775 3204 Pamphilus
811 3161 991 3203 debuerit,
1029 3161 1192 3197 deductio
1228 3162 1302 3203 fiat,

216 3203 311 3250 quod
342 3214 425 3240 vero
459 3204 495 3239 in
531 3209 627 3239 tuam
659 3215 731 3240 rem
764 3216 902 3240 versum
938 3205 1066 3248 fuerit,
1100 3211 1303 3251 praestetur

216 3250 322 3285 etiam
346 3259 417 3284 non
442 3248 595 3284 deducto
621 3260 662 3284 eo
686 3250 780 3294 quod
803 3251 1010 3295 Pamphilus
1034 3251 1098 3286 tibi
1123 3252 1237 3286 debet.

265 3291 315 3332 18
339 3293 546 3330 Ntmrlvs
567 3294 657 3329 libro
676 3296 826 3340 septimo
847 3296 1133 3331 membranarum
1171 3295 1301 3340 Quam-

215 3339 268 3375 vis
289 3339 326 3375 in
350 3349 427 3375 eam
451 3349 524 3374 rem
548 3349 612 3391 pro
638 3349 738 3374 servo
763 3350 840 3374 meo
865 3340 1080 3376 fideiusseris
1095 3367 1104 3383 ,
1137 3351 1228 3386 quae
1251 3341 1302 3376 ita

216 3389 401 3420 contracta
425 3388 491 3425 eet,
515 3387 557 3419 ut
578 3394 613 3418 in
638 3394 711 3418 rem
735 3394 848 3419 meam
872 3387 1096 3420 versaretur⁶
1121 3386 1240 3428 (veluti
1259 3386 1300 3427 si,

217 3440 297 3464 cum
330 3438 453 3465 servus
482 3428 698 3463 frumentum
723 3429 863 3464 emisset
886 3440 955 3474 quo
979 3430 1113 3465 familia
1136 3431 1300 3471 aleretur,

216 3474 389 3510 venditori
411 3473 579 3509 frumenti
597 3473 839 3515 fideiusseris),
863 3475 1010 3519 propius
1032 3480 1087 3510 est
1105 3480 1236 3518 tamen,
1260 3480 1300 3510 ut

216 3519 260 3554 de
288 3519 427 3565 peculio
458 3528 500 3554 eo
531 3518 690 3558 nomine,
725 3528 796 3553 non
830 3518 874 3553 de
904 3519 941 3553 in
974 3530 1048 3554 rem
1072 3531 1172 3555 verso
1197 3530 1300 3565 agere

216 3634 256 3671 (ι)
281 3631 403 3664 iuliani
419 3630 468 3664 F'
598 3634 642 3672 (2)
667 3630 756 3673 quod
772 3631 920 3664 Breuem.
1061 3634 1103 3671 (3)
1128 3632 1229 3663 solvit
1242 3631 1294 3664 F*

216 3677 257 3715 (4)
282 3676 473 3718 perdiderat
487 3676 528 3709 F·
644 3677 689 3717 (ο)
713 3679 897 3708 verteretur
912 3675 990 3708 Hal.
1114 3678 1158 3716 (e)
1183 3686 1254 3708 esse
1268 3676 1300 3708 F

215 3723 259 3763 (7)
286 3721 403 3755 =-1.²¹
421 3721 450 3754 Ιι.
466 3728 485 3755 t.
558 3722 603 3763 (s)
628 3719 718 3755 ab?
794 3723 838 3760 (9)
864 3720 925 3751 etsi
941 3733 1001 3752 m.
1087 3723 1146 3758 (no)
1171 3723 1249 3753 actu
1265 3721 1298 3753 F

1291 108 1379 181 {⁰⁴

1363 3633 1419 3674 (ιι)
1443 3648 1488 3660 =
1501 3633 1562 3666 l.2o
1577 3632 1606 3665 Ιι.
1623 3639 1644 3665 t.

1363 3721 1422 3762 (14)
1448 3721 1500 3754 ius
1521 3732 1617 3754 suum
1633 3720 1683 3754 F’

2378 0 2424 39 ql

2187 125 2311 165 quon
2338 126 2462 159 mssu

2474 0 2528 183 3

1381 233 1516 286 possis,
1545 236 1586 269 ut
1615 233 1720 286 unius
1752 234 1939 270 dumtaxat
1967 234 2005 270 in
2037 245 2178 280 quoquo
2209 238 2396 272 contractu
2419 236 2464 273 de

1379 289 1417 313 in
1440 288 1515 314 rem
1537 288 1640 314 verso
1662 283 1710 315 sit
1731 280 1839 322 actio,
1863 281 1925 326 qui
1946 279 1984 316 id
2006 280 2124 325 ipsum
2147 280 2296 316 credidit
2313 281 2408 327 quod
2426 282 2461 317 in
2512 311 2521 325 ,.

1379 333 1454 358 rem
1478 323 1611 358 domini
1633 333 1773 359 venum
1798 328 1863 360 est.

1431 365 1480 405 19
1505 367 1562 404 ΡΑ
1570 377 1664 404 mas
1691 368 1781 405 libro
1814 373 1945 415 quarto
1978 371 2227 415 quaestionum
2272 370 2385 406 Filius
2407 370 2462 407 fa-

1380 413 1495 448 milias
1518 417 1636 458 togam
1660 413 1759 449 emit:
1795 419 1935 450 mortuo
1959 414 2086 450 deinde
2109 425 2150 450 eo
2169 419 2276 467 pater
2296 416 2462 461 ignorans

1381 463 1416 494 et
1446 462 1578 503 putans
1611 468 1711 493 suam
1743 469 1821 494 esse
1852 459 2027 495 dedicavit
2058 469 2136 494 eam
2166 471 2203 495 m
2234 459 2344 496 funus
2375 461 2461 496 eius.

1379 502 1548 538 Neratius
1571 503 1661 538 libro
1684 514 1935 549 responsorum
1959 504 2010 539 ait
2032 504 2069 539 in
2092 514 2166 539 rem
2189 506 2301 550 patris
2325 516 2461 542 versum

1379 548 1508 583 videri:
1541 548 1578 583 in
1610 548 1750 583 actione
1781 553 1899 584 autem
1930 549 1975 584 de
2005 550 2144 594 peculio
2193 550 2264 585 uod
2287 550 2324 585 in
2346 561 2461 586 rerum

1379 597 1508 627 natura
1530 603 1603 628 non
1627 597 1720 628 esset
1743 604 1814 629 uno
1839 593 1942 629 modo
1967 594 2146 629 aestimari
2191 595 2306 636 ebere,
2331 595 2361 631 si
2381 596 2462 631 dolo

1379 638 1472 672 malo
1505 638 1580 673 eius
1612 648 1765 684 quocum
1798 644 1927 683 agatur
1957 638 2093 674 factum
2116 644 2211 675 esset
2221 641 2245 675 ⁶.
2282 641 2405 685 atquin
2434 641 2462 676 si

1379 682 1451 718 filio
1483 688 1587 728 pater
1617 687 1734 728 togam
1767 694 1881 719 emere
1912 683 2053 726 debuit,
2087 684 2125 719 in
2159 694 2233 720 rem
2265 686 2375 730 patris
2407 697 2463 721 res

1378 738 1481 763 versa
1504 732 1558 763 est
1581 739 1652 764 non
1676 739 1771 763 nunc
1802 739 1871 774 quo
1903 728 2144 772 funerabitur,
2177 729 2239 765 sed
2273 740 2343 782 quo
2374 735 2462 765 tem-

1378 783 1467 852 pore
1491 773 1574 808 emit
1599 773 1719 814 (funus
1743 773 1835 809 enim
1858 773 1920 808 filii
1943 784 2003 809 aes
2027 774 2179 809 alienum
2198 779 2310 820 patris
2332 779 2402 811 est:
2429 781 2463 811 et

1405 828 1449 852 oc
1473 818 1643 854 Neratius
1667 829 1829 863 quoque,
1862 819 1923 864 qui
1953 818 1997 854 de
2029 819 2065 854 in
2096 829 2170 854 rem
2201 829 2302 855 verso
2326 825 2461 866 patrem

1377 862 1490 898 teneri
1521 863 1678 908 putavit,
1710 863 1866 899 ostendit
1889 864 2065 908 negotium
2089 864 2176 906 hoc,
2207 865 2243 899 id
2269 869 2323 900 est
2346 876 2384 900 se
2409 866 2462 900 ul-

1378 912 1495 942 turam
1517 912 1552 943 et
1570 908 1678 943 funus
1698 907 1760 943 filii
1778 909 1891 953 patris
1915 919 1994 944 esse
2013 919 2074 944 aes
2093 909 2257 950 alienum,
2277 920 2348 945 non
2368 910 2392 945 fi
2407 911 2461 952 ii):
2514 931 2516 936 ι

1377 952 1496 988 factus
1521 957 1575 988 est
1598 964 1679 998 ergo
1705 953 1843 989 debitor
1891 954 2012 996 eculii,
2045 955 2202 999 quamvis
2226 965 2283 990 res
2307 965 2378 990 non
2403 966 2462 991 ex-

1380 1002 1468 1040 stet,
1499 1002 1541 1033 ut
1573 999 1677 1033 etiam
1702 998 1746 1033 de
1769 1008 1860 1044 pecu
1875 999 1908 1034 io
1933 999 2047 1043 possit
2070 999 2267 1042 conveniri,
2296 1000 2334 1035 in
2357 1011 2461 1045 quam

1379 1043 1555 1078 actionem
1579 1044 1675 1079 venit
1698 1048 1734 1079 et
1757 1043 1851 1088 quod
1875 1044 1911 1079 in
1935 1054 2008 1079 rem
2032 1054 2172 1079 versum
2196 1049 2267 1080 est:
2293 1055 2385 1090 quae
2407 1050 2461 1080 ta-

1378 1099 1459 1123 men
1482 1088 1636 1123 adiectio
1660 1094 1747 1124 tune
1778 1089 1981 1124 necessaria
2012 1093 2085 1131 est,
2121 1100 2201 1125 cum
2235 1100 2350 1126 annus
2381 1095 2463 1136 post

1378 1138 1527 1168 mortem
1551 1133 1612 1168 filii
1637 1134 1799 1169 excessit.

1426 1176 1478 1216 20
1511 1178 1714 1214 SCAEVOLA
1750 1179 1843 1214 libro
1869 1180 1992 1226 primo
2027 1181 2305 1226 responsorum⁷
2356 1180 2463 1216 Pater

1379 1235 1443 1269 pro
1468 1224 1542 1259 filia
1565 1223 1683 1259 dotem
1707 1224 1869 1269 promisit
1893 1228 1928 1259 et
1960 1225 2142 1267 convenit,
2178 1229 2219 1260 ut
2248 1226 2324 1271 ipse
2355 1225 2461 1260 filiam

1379 1269 1508 1304 aleret:
1533 1279 1605 1304 non
1629 1273 1835 1314 praestante
1858 1273 1961 1315 patre
1984 1269 2057 1304 filia
2080 1279 2102 1304 a
2125 1270 2199 1306 viro
2224 1274 2380 1305 mutuam
2400 1281 2462 1316 pe-

1379 1314 1519 1349 cuniam
1552 1324 1638 1349 acce
1663 1315 1691 1349 it
1721 1318 1755 1349 et
1785 1319 1926 1349 mortua
1958 1318 2012 1350 est
2041 1315 2077 1350 in
2111 1315 2345 1351 matrimonio.
2388 1327 2462 1350 res-

1378 1359 1507 1404 pondi,
1547 1360 1578 1395 si
1611 1369 1632 1394 a
1668 1360 1681 1380 ⁸
1711 1369 1754 1394 ea
1785 1359 1822 1394 id
1853 1359 1947 1405 quod
1979 1359 2151 1395 creditum
2185 1364 2239 1395 est
2281 1365 2460 1405 erogatum

1379 1409 1491 1446 esset,
1525 1404 1600 1440 sine
1632 1404 1761 1449 quibus
1794 1408 1857 1439 aut
1888 1415 1927 1440 se
1949 1405 2041 1439 tueri
2065 1410 2127 1440 aut
2151 1415 2270 1441 servos
2294 1411 2461 1451 paternos

1379 1450 1545 1484 exhibere
1568 1460 1640 1484 non
1660 1454 1792 1495 posset,
1817 1449 1968 1484 dandam
1994 1450 2037 1485 de
2060 1450 2096 1485 in
2120 1460 2192 1485 rem
2214 1461 2316 1486 verso
2340 1451 2461 1486 utilem

1383 1499 1392 1529 1
1447 1495 1633 1530 actionem.
1682 1494 1810 1530 Servus
1834 1495 1991 1530 absentis
2010 1495 2062 1530 rei
2080 1496 2244 1541 publicae
2264 1506 2375 1531 causa
2395 1507 2460 1542 pu-

1379 1540 1452 1585 pilli
1477 1540 1586 1575 servis
1608 1539 1796 1585 pecuniam
1821 1540 1971 1575 credidit
1993 1541 2239 1576 subscribente
2262 1545 2381 1576 tutore
2399 1541 2461 1576 sti-

1378 1585 1561 1630 pulatione
1593 1585 1629 1620 in
1661 1595 1849 1630 personam
1882 1586 2010 1620 tutoris
2034 1586 2229 1621 translata:
2263 1587 2460 1632 quaesitum

1380 1635 1452 1672 est,
1477 1641 1523 1666 an
1546 1630 1717 1666 adversus
1740 1642 1789 1676 pu
1816 1631 1912 1666 illum
1939 1634 2118 1676 competat
2140 1631 2246 1666 actio.
2283 1631 2460 1677 respondi.

1378 1675 1427 1717 si,
1453 1686 1533 1711 cum
1555 1676 1593 1711 in
1616 1685 1688 1711 rem
1713 1687 1787 1721 pup
1814 1676 1837 1710 li
1861 1675 2023 1718 daretur,
2055 1675 2091 1711 id
2120 1676 2157 1711 in
2188 1686 2262 1711 rem
2286 1677 2360 1712 eius
2384 1687 2460 1712 ver·

1379 1731 1456 1756 sum
1474 1725 1528 1756 est
1546 1724 1581 1756 et
1591 1721 1616 1764 ⁹,
1642 1731 1711 1766 quo
1735 1721 1846 1765 magis
1870 1725 1973 1756 actus
1987 1722 2013 1742 ¹⁰
2036 1730 2215 1756 servorum
2234 1722 2461 1757 confirmare-

1378 1770 1457 1808 tur,
1488 1770 1589 1801 tutor
1619 1766 1831 1811 spopondit,
1863 1776 1969 1810 posse
1991 1766 2101 1801 nihilo
2125 1766 2241 1801 minus
2265 1767 2334 1801 dici
2357 1767 2402 1802 de
2424 1767 2459 1801 in

1377 1821 1451 1846 rem
1474 1821 1575 1846 verso
1601 1821 1681 1846 cum
1703 1811 1839 1856 pupillo
1863 1811 2039 1846 actionem
2062 1811 2150 1846 fore.

1424 1854 1473 1893 21
1502 1855 1611 1891 IDEM
1636 1857 1727 1892 libro
1751 1857 1877 1902 quinto
1901 1857 2121 1902 diqestorum
2135 1858 2160 1878 ¹¹
2208 1856 2334 1891 Filiam
2357 1856 2459 1892 fami-

1377 1901 1443 1936 lias
1476 1901 1577 1936 duxit
1605 1912 1750 1937 uxorem
1782 1906 1885 1947 patre
1915 1901 2034 1936 dotem
2065 1902 2292 1947 promittente
2317 1907 2352 1937 et
2375 1913 2458 1937 con-

1377 1947 1473 1981 venit
1494 1947 1587 1981 inter
1611 1957 1732 1982 omnes
1756 1956 1947 1992 personas,
1980 1947 2033 1981 uti
2065 1957 2141 1982 eam
2173 1952 2275 1992 pater
2299 1952 2361 1982 aut
2383 1948 2460 1992 ipsa

1377 2002 1416 2027 se
1439 1996 1618 2027 tueretur:
1651 1992 1800 2026 maritus
1824 1991 1855 2027 ei
1879 1995 2022 2027 mutuos
2045 2003 2206 2028 nummos
2231 1992 2346 2034 dedit,
2381 2003 2459 2027 cum

1376 2037 1469 2072 iuste
1501 2041 1646 2082 putaret
1677 2042 1814 2082 patrem
1839 2037 1913 2072 eius
1937 2037 2217 2072 ministraturum
2241 2043 2379 2072 tantum
2403 2048 2460 2072 sa-

1375 2082 1520 2124 larium,
1557 2086 1728 2128 quantum
1764 2081 1850 2117 dare
1883 2082 1978 2117 filiae
2012 2092 2099 2117 suae
2133 2082 2355 2118 instituerat:
2400 2093 2460 2118 eos

1377 2137 1539 2162 nummos
1573 2127 1634 2162 illa
1667 2127 1704 2162 in
1737 2137 1823 2162 usus
1855 2128 2075 2162 necessarios
2105 2127 2172 2163 sibi
2204 2132 2239 2163 et
2270 2128 2306 2162 in
2340 2138 2459 2163 servos

1377 2182 1466 2217 quos
1490 2182 1610 2208 secum
1633 2172 1790 2207 habebat
1814 2173 2043 2217 consumpsit,
2069 2172 2288 2217 aliquantum
2307 2177 2342 2207 et
2366 2177 2458 2213 (cum

1377 2218 1407 2252 ei
1431 2227 1488 2252 res
1511 2217 1703 2252 familiares
1728 2217 1884 2252 creditae
1908 2218 2076 2255 essent¹²i
2102 2228 2144 2253 ex
2167 2218 2320 2270 pecunia
2343 2218 2459 2252 mariti

1374 2263 1410 2297 in
1436 2262 1577 2297 easdem
1602 2273 1729 2298 causas
1756 2262 1946 2298 convertit:
1979 2262 2105 2298 deinde
2127 2273 2334 2308 priusquam
2357 2269 2460 2308 pater

1375 2308 1542 2342 salarium
1568 2308 1742 2352 expleret,
1766 2307 1916 2342 moritur
1938 2306 2027 2342 filia:
2059 2313 2163 2353 pater
2185 2308 2378 2352 impensam
2402 2318 2457 2342 re·

1376 2357 1496 2387 cusat:
1521 2352 1669 2387 maritus
1692 2362 1748 2387 res
1772 2352 1928 2387 mulieris
1951 2353 2096 2387 retinet:
2122 2363 2264 2398 quaero,
2289 2363 2335 2387 an
2358 2353 2400 2388 de
2419 2353 2455 2387 in

1373 2407 1447 2432 rem
1478 2407 1580 2432 verso
1611 2397 1780 2432 adversus
1803 2402 1940 2442 patrem
1965 2398 2058 2433 actio
2084 2402 2273 2442 competat.
2310 2408 2457 2443 respon-

1374 2443 1442 2484 dit,
1477 2442 1507 2478 si
1540 2442 1586 2477 ad
1621 2452 1663 2477 ea
1694 2442 1730 2477 id
1754 2442 1849 2487 quod
1874 2443 2044 2478 creditum
2069 2447 2122 2478 est
2147 2448 2326 2487 erogatum
2352 2448 2456 2485 esset,

1374 2488 1450 2522 sine
1482 2487 1610 2533 quibus
1642 2491 1705 2523 aut
1738 2498 1778 2523 se
1808 2487 1900 2523 tueri
1933 2493 1996 2523 aut
2023 2498 2142 2523 servos
2166 2492 2335 2533 paternos
2359 2488 2457 2523 exhi-

1374 2533 1458 2567 bere
1487 2543 1559 2567 non
1594 2537 1735 2578 posset,
1770 2532 1921 2568 dandam
1953 2533 1998 2568 de
2030 2533 2066 2568 in
2098 2543 2171 2568 rem
2203 2543 2305 2568 verso
2336 2533 2455 2568 utilem

1374 2578 1559 2612 actionem.

1848 2624 1975 2664 1111¹³.

1770 2691 1890 2727 QUOD
1915 2690 2058 2723 IUSSU.

1423 2756 1438 2793 1
1475 2756 1670 2793 ULPIANUS
1690 2758 1782 2793 libro
1801 2758 1990 2793 vicensimo
2009 2767 2104 2791 nono
2123 2756 2173 2791 ad
2192 2756 2343 2792 edictum
2378 2756 2454 2791 Me-

1372 2803 1440 2837 rito
1466 2812 1508 2837 ex
1532 2802 1630 2837 iussu
1655 2802 1785 2837 domini
1809 2803 1845 2837 in
1877 2802 2027 2838 solidum
2060 2801 2229 2836 adversus
2254 2811 2332 2836 eum
2364 2801 2450 2836 iudi-

1373 2848 1466 2882 cium
1489 2847 1605 2887 datur,
1627 2857 1708 2882 nam
1730 2847 1988 2893 quodammodo
2009 2857 2087 2881 cum
2101 2857 2142 2882 eo
2162 2846 2383 2881 contrahitur
2396 2847 2453 2891 qui

1376 2897 1386 2926 1
1439 2893 1547 2927 iubet.
1583 2893 1722 2927 Iussum
1735 2894 1761 2914 ¹⁴
1775 2897 1892 2927 autem
1903 2891 2147 2936 accipiendum
2162 2895 2226 2932 est,
2240 2891 2312 2926 sive
2323 2896 2453 2926 testato

1373 2938 1451 2982 quis
1483 2937 1556 2972 sive
1587 2947 1652 3016 per
1675 2937 1861 2982 epistulam
1886 2937 1957 2972 sive
1981 2936 2096 2971 verbis
2119 2940 2183 2971 aut
2205 2947 2269 2988 per
2292 2936 2452 2970 nuntium

1372 2983 1444 3017 sive
1475 2982 1596 3027 specia
1611 2982 1676 3017 iter
1707 2982 1743 3017 in
1776 2992 1846 3016 uno
1880 2986 2067 3016 contractu
2090 2982 2233 3016 iusserit
2255 2981 2327 3016 sive
2349 2991 2453 3026 gene-

1371 3027 1511 3062 raliter:
1536 3031 1570 3062 et
1594 3027 1673 3061 ideo
1697 3032 1733 3062 et
1757 3027 1786 3062 si
1811 3027 1862 3061 sic
1887 3031 2107 3061 contestatus
2132 3026 2196 3061 sit:
2223 3025 2335 3070 ‘Quod
2359 3026 2453 3061 voles

1372 3077 1464 3107 ‘cum
1478 3071 1600 3107 Sticho
1613 3081 1712 3107 servo
1732 3081 1810 3106 meo
1831 3072 2010 3116 negotium
2031 3081 2114 3116 gere
2129 3072 2156 3092 ¹¹⁵
2174 3071 2331 3116 periculo
2352 3071 2453 3112 meo',

1369 3116 1510 3152 videtur
1532 3116 1577 3151 ad
1602 3116 1720 3151 omnia
1741 3116 1897 3157 iussisse,
1922 3116 1989 3151 nisi
2013 3120 2110 3151 certa
2133 3116 2189 3151 lex
2213 3115 2346 3160 aliquid
2369 3126 2451 3161 pro-

1372 3164 1390 3196 2
1438 3162 1546 3197 hibet.
1596 3160 1666 3196 Sed
1690 3171 1754 3206 ego
1787 3171 1936 3206 quaero,
1969 3171 2015 3196 an
2038 3171 2205 3196 revocare
2227 3161 2295 3196 hoc
2318 3161 2451 3195 iussum

1371 3211 1560 3252 antequam
1586 3206 1752 3241 credatur
1775 3206 1906 3251 possit:
1940 3210 1975 3240 et
2005 3210 2092 3250 puto
2124 3215 2248 3251 posse,
2283 3205 2451 3250 quemad-

1370 3251 1512 3286 modum
1537 3252 1566 3286 si
1590 3251 1794 3286 mandasset
1817 3256 1852 3286 et
1875 3255 2001 3295 postea
2020 3255 2102 3285 ante
2122 3254 2346 3285 contractum
2367 3261 2451 3285 con-

1370 3297 1480 3331 traria
1511 3297 1693 3331 voluntate
1723 3295 1927 3331 mandatum
1959 3300 2161 3330 revocasset
2185 3299 2220 3331 et
2243 3305 2299 3330 me
2323 3295 2450 3330 certio-

1370 3344 1389 3375 3
1437 3346 1560 3376 rasset.
1609 3340 1679 3376 Sed
1714 3345 1751 3376 et
1784 3340 1814 3376 si
1847 3340 2065 3375 mandaverit
2099 3344 2202 3385 pater
2236 3339 2451 3379 dominusve,

1370 3390 1387 3419 4
1436 3386 1576 3421 videtur
1597 3386 1753 3421 iussisse.
1802 3384 1870 3420 Sed
1895 3389 1930 3420 et
1952 3386 1981 3420 si
2002 3385 2091 3420 servi
2112 3385 2274 3429 chirogra
2300 3385 2346 3419 ho
2366 3385 2450 3420 sub-

1370 3434 1389 3465 5
1437 3431 1619 3475 scripserit
1641 3430 1813 3470 dominus.
1832 3434 1973 3464 tenetur
1992 3429 2085 3475 quod
2106 3430 2217 3465 iussu.
2298 3429 2357 3464 uid
2370 3439 2450 3474 ergo

1370 3476 1399 3511 si
1430 3475 1643 3510 fideiusserit
1673 3486 1738 3520 pro
1770 3475 1897 3510 servo?
1932 3475 1982 3509 ait
2013 3474 2204 3509 Marcellus
2234 3485 2306 3510 non
2338 3474 2448 3509 teneri

1369 3520 1463 3566 quod
1493 3522 1612 3555 iussu:
1646 3520 1747 3565 quasi
1771 3524 1960 3555 extraneus
1985 3519 2075 3554 enim
2098 3519 2303 3554 intervenit:
2337 3528 2450 3564 neque
2494 3528 2501 3542 ³

1738 3632 1796 3672 (12)
1821 3631 1950 3664 credita
1963 3635 2049 3664 esset
2064 3631 2113 3664 F²

1409 3678 1469 3718 (η)
1493 3676 1674 3715 Sab.1...s;
1698 3677 1764 3710 Ed.
1778 3683 1805 3710 4.
1818 3683 1844 3711 a
1858 3694 1902 3701 —-
1923 3677 2008 3709 Βω.
2026 3677 2077 3717 18,
2093 3684 2120 3711 s.
2140 3695 2185 3701 —
2206 3676 2256 3719 Cf
2274 3676 2351 3709 cod.
2366 3678 2446 3716 4‚2o

1866 3722 1925 3759 (15)
1949 3722 1998 3755 sic
2017 3722 2090 3755 deu.
2105 3733 2173 3755 cum
2189 3721 2242 3754 B.-
2261 3730 2376 3762 gerere
2390 3719 2448 3752 Fs
