<?xml version="1.0" encoding="UTF-8"?>
<!DOCTYPE html PUBLIC "-//W3C//DTD XHTML 1.0 Transitional//EN"
    "http://www.w3.org/TR/xhtml1/DTD/xhtml1-transitional.dtd">
<html xmlns="http://www.w3.org/1999/xhtml" xml:lang="en" lang="en">
 <head>
  <title>
</title>
<meta http-equiv="Content-Type" content="text/html;charset=utf-8" />
  <meta name='ocr-system' content='tesseract 3.04.00' />
  <meta name='ocr-capabilities' content='ocr_page ocr_carea ocr_par ocr_line ocrx_word'/>
</head>
<body>
  <div class='ocr_page' id='page_1' title='image "./corpusjuriscivil01krueuoft_0536.png"; bbox 0 0 2528 3918; ppageno 0'>
   <div class='ocr_carea' id='block_1_1' title="bbox 174 98 303 142">
    <p class='ocr_par' dir='ltr' id='par_1_1' title="bbox 174 98 303 142">
     <span class='ocr_line' id='line_1_1' title="bbox 174 98 303 142; baseline 0 0"><span class='ocrx_word' id='word_1_1' title='bbox 174 98 303 142; x_wconf 87' lang='lat' dir='ltr'>XXX</span> 
     </span>
    </p>
   </div>
   <div class='ocr_carea' id='block_1_2' title="bbox 168 218 1266 3505">
    <p class='ocr_par' dir='ltr' id='par_1_2' title="bbox 170 218 1264 1209">
     <span class='ocr_line' id='line_1_2' title="bbox 172 218 1258 266; baseline -0.004 -9"><span class='ocrx_word' id='word_1_2' title='bbox 172 220 312 266; x_wconf 85' lang='lat' dir='ltr'>legavit,</span> <span class='ocrx_word' id='word_1_3' title='bbox 345 218 499 254; x_wconf 80' lang='lat' dir='ltr'>dubitari</span> <span class='ocrx_word' id='word_1_4' title='bbox 522 219 672 264; x_wconf 89' lang='lat' dir='ltr'>poterit,</span> <span class='ocrx_word' id='word_1_5' title='bbox 705 228 751 254; x_wconf 88' lang='lat' dir='ltr'>an</span> <span class='ocrx_word' id='word_1_6' title='bbox 775 219 910 255; x_wconf 83' lang='lat' dir='ltr'>valeat:</span> <span class='ocrx_word' id='word_1_7' title='bbox 945 223 982 255; x_wconf 90' lang='lat' dir='ltr'>et</span> <span class='ocrx_word' id='word_1_8' title='bbox 1010 222 1098 265; x_wconf 77' lang='lat' dir='ltr'>puto</span> <span class='ocrx_word' id='word_1_9' title='bbox 1130 218 1258 254; x_wconf 88' lang='lat' dir='ltr'>valere.</span> 
     </span>
     <span class='ocr_line' id='line_1_3' title="bbox 177 263 1261 308; baseline -0.003 -7"><span class='ocrx_word' id='word_1_10' title='bbox 177 268 218 301; x_wconf 82' lang='grc'>15</span> <span class='ocrx_word' id='word_1_11' title='bbox 266 264 337 301; x_wconf 88' lang='lat' dir='ltr'>Sed</span> <span class='ocrx_word' id='word_1_12' title='bbox 360 264 390 299; x_wconf 91' lang='lat' dir='ltr'>si</span> <span class='ocrx_word' id='word_1_13' title='bbox 413 273 457 299; x_wconf 91' lang='lat' dir='ltr'>ea</span> <span class='ocrx_word' id='word_1_14' title='bbox 479 272 573 308; x_wconf 88' lang='lat' dir='ltr'>quae</span> <span class='ocrx_word' id='word_1_15' title='bbox 594 263 606 297; x_wconf 93' lang='lat' dir='ltr'>l</span> <span class='ocrx_word' id='word_1_16' title='bbox 672 263 724 298; x_wconf 89' lang='lat' dir='ltr'>vit</span> <span class='ocrx_word' id='word_1_17' title='bbox 741 263 890 301; x_wconf 89' lang='lat' dir='ltr'>aedibus</span> <span class='ocrx_word' id='word_1_18' title='bbox 913 264 1039 307; x_wconf 85' lang='lat' dir='ltr'>iunxit,</span> <span class='ocrx_word' id='word_1_19' title='bbox 1065 263 1261 300; x_wconf 83' lang='lat' dir='ltr'>extinctum</span> 
     </span>
     <span class='ocr_line' id='line_1_4' title="bbox 179 273 1262 361; baseline 0 -17"><span class='ocrx_word' id='word_1_20' title='bbox 179 314 217 346; x_wconf 83' lang='lat'>16</span> <span class='ocrx_word' id='word_1_21' title='bbox 256 309 523 361; x_wconf 39' lang='lat' dir='ltr'>,erit-legatum.</span> <span class='ocrx_word' id='word_1_22' title='bbox 570 273 673 343; x_wconf 49' lang='grc' dir='ltr'>ὃθῗ</span> <span class='ocrx_word' id='word_1_23' title='bbox 663 308 695 344; x_wconf 88' lang='lat' dir='ltr'>si</span> <span class='ocrx_word' id='word_1_24' title='bbox 716 308 820 345; x_wconf 86' lang='lat' dir='ltr'>heres</span> <span class='ocrx_word' id='word_1_25' title='bbox 844 319 888 345; x_wconf 89' lang='lat' dir='ltr'>ea</span> <span class='ocrx_word' id='word_1_26' title='bbox 909 310 1041 352; x_wconf 86' lang='lat' dir='ltr'>iunxit,</span> <span class='ocrx_word' id='word_1_27' title='bbox 1076 312 1166 355; x_wconf 87' lang='lat' dir='ltr'>puto</span> <span class='ocrx_word' id='word_1_28' title='bbox 1189 319 1262 345; x_wconf 92' lang='lat' dir='ltr'>non</span> 
     </span>
     <span class='ocr_line' id='line_1_5' title="bbox 174 358 1261 452; baseline -0.002 -16"><span class='ocrx_word' id='word_1_29' title='bbox 174 358 508 452; x_wconf 25' lang='lat' dir='ltr'>&amp;afflet-libro</span> <span class='ocrx_word' id='word_1_30' title='bbox 522 397 680 434; x_wconf 78' lang='lat' dir='ltr'>secundo</span> <span class='ocrx_word' id='word_1_31' title='bbox 695 397 1054 444; x_wconf 54' lang='lat' dir='ltr'>fideicommissorum</span> <span class='ocrx_word' id='word_1_32' title='bbox 1090 399 1164 435; x_wconf 87' lang='lat' dir='ltr'>sive</span> <span class='ocrx_word' id='word_1_33' title='bbox 1181 399 1261 442; x_wconf 86' lang='lat' dir='ltr'>scit,</span> 
     </span>
     <span class='ocr_line' id='line_1_6' title="bbox 173 446 1261 541; baseline -0.003 -15"><span class='ocrx_word' id='word_1_34' title='bbox 173 446 516 540; x_wconf 50' lang='grc' dir='ltr'>ῃνὲὃιεῖἓὲἳιῖἓὺνο</span> <span class='ocrx_word' id='word_1_35' title='bbox 539 487 704 523; x_wconf 75' lang='lat' dir='ltr'>vicesimo</span> <span class='ocrx_word' id='word_1_36' title='bbox 722 487 1104 541; x_wconf 50' lang='lat' dir='ltr'>primqadSabimfm</span> <span class='ocrx_word' id='word_1_37' title='bbox 1152 487 1261 541; x_wconf 76' lang='lat' dir='ltr'>Sena-</span> 
     </span>
     <span class='ocr_line' id='line_1_7' title="bbox 172 532 1262 579; baseline 0 -10"><span class='ocrx_word' id='word_1_38' title='bbox 172 538 232 569; x_wconf 89' lang='lat' dir='ltr'>tus</span> <span class='ocrx_word' id='word_1_39' title='bbox 255 543 348 569; x_wconf 90' lang='lat' dir='ltr'>enim</span> <span class='ocrx_word' id='word_1_40' title='bbox 371 542 425 574; x_wconf 86' lang='lat' dir='ltr'>ea,</span> <span class='ocrx_word' id='word_1_41' title='bbox 449 541 542 578; x_wconf 83' lang='lat' dir='ltr'>quae</span> <span class='ocrx_word' id='word_1_42' title='bbox 563 533 659 568; x_wconf 85' lang='lat' dir='ltr'>non¹</span> <span class='ocrx_word' id='word_1_43' title='bbox 684 536 770 567; x_wconf 90' lang='lat' dir='ltr'>sunt</span> <span class='ocrx_word' id='word_1_44' title='bbox 784 532 935 575; x_wconf 90' lang='lat' dir='ltr'>aedium,</span> <span class='ocrx_word' id='word_1_45' title='bbox 959 533 1068 579; x_wconf 85' lang='lat' dir='ltr'>legari</span> <span class='ocrx_word' id='word_1_46' title='bbox 1090 537 1262 579; x_wconf 88' lang='lat' dir='ltr'>permisit,</span> 
     </span>
     <span class='ocr_line' id='line_1_8' title="bbox 173 577 1263 622; baseline -0.001 -8"><span class='ocrx_word' id='word_1_47' title='bbox 173 578 263 614; x_wconf 86' lang='lat' dir='ltr'>haec</span> <span class='ocrx_word' id='word_1_48' title='bbox 283 581 403 613; x_wconf 88' lang='lat' dir='ltr'>autem</span> <span class='ocrx_word' id='word_1_49' title='bbox 419 577 542 613; x_wconf 87' lang='lat' dir='ltr'>mortis</span> <span class='ocrx_word' id='word_1_50' title='bbox 555 581 717 622; x_wconf 88' lang='lat' dir='ltr'>tempore</span> <span class='ocrx_word' id='word_1_51' title='bbox 729 578 869 613; x_wconf 90' lang='lat' dir='ltr'>aedium</span> <span class='ocrx_word' id='word_1_52' title='bbox 886 588 958 613; x_wconf 91' lang='lat' dir='ltr'>non</span> <span class='ocrx_word' id='word_1_53' title='bbox 970 578 1134 614; x_wconf 85' lang='lat' dir='ltr'>fuerunt:</span> <span class='ocrx_word' id='word_1_54' title='bbox 1158 578 1263 614; x_wconf 89' lang='lat' dir='ltr'>heres</span> 
     </span>
     <span class='ocr_line' id='line_1_9' title="bbox 173 622 1264 668; baseline -0.002 -9"><span class='ocrx_word' id='word_1_55' title='bbox 173 633 257 668; x_wconf 85' lang='lat' dir='ltr'>ergo</span> <span class='ocrx_word' id='word_1_56' title='bbox 281 623 564 659; x_wconf 85' lang='lat' dir='ltr'>aestimationem</span> <span class='ocrx_word' id='word_1_57' title='bbox 598 623 807 668; x_wconf 72' lang='lat' dir='ltr'><strong>praestabit.</strong></span> <span class='ocrx_word' id='word_1_58' title='bbox 855 622 919 658; x_wconf 90' lang='lat' dir='ltr'>sed</span> <span class='ocrx_word' id='word_1_59' title='bbox 941 623 972 658; x_wconf 91' lang='lat' dir='ltr'>si</span> <span class='ocrx_word' id='word_1_60' title='bbox 996 623 1193 659; x_wconf 75' lang='lat' dir='ltr'><strong>detraxerit</strong></span> <span class='ocrx_word' id='word_1_61' title='bbox 1223 627 1264 659; x_wconf 91' lang='lat' dir='ltr'>ut</span> 
     </span>
     <span class='ocr_line' id='line_1_10' title="bbox 171 667 1262 749; baseline 0.001 -2"><span class='ocrx_word' id='word_1_62' title='bbox 171 667 1131 749; x_wconf 48' lang='lat' dir='ltr'>imi&#39;i‘timimwsssssssii‘ssss‘zfflssss’iviimfflssssiissss</span> <span class='ocrx_word' id='word_1_63' title='bbox 1140 669 1262 748; x_wconf 55' lang='lat' dir='ltr'>&#39;2312&#39;ss</span> 
     </span>
     <span class='ocr_line' id='line_1_11' title="bbox 312 739 886 756; baseline -0.002 0"><span class='ocrx_word' id='word_1_64' title='bbox 312 739 323 756; x_wconf 73' lang='lat' dir='ltr'><em>v</em></span> <span class='ocrx_word' id='word_1_65' title='bbox 517 739 526 755; x_wconf 64' lang='grc' dir='ltr'><em>ν</em></span> <span class='ocrx_word' id='word_1_66' title='bbox 878 739 886 748; x_wconf 89' lang='grc'>·</span> 
     </span>
     <span class='ocr_line' id='line_1_12' title="bbox 172 757 1264 804; baseline 0 -10"><span class='ocrx_word' id='word_1_67' title='bbox 172 758 333 801; x_wconf 82' lang='lat' dir='ltr'>scribit⁴,</span> <span class='ocrx_word' id='word_1_68' title='bbox 357 757 389 794; x_wconf 86' lang='lat' dir='ltr'>si</span> <span class='ocrx_word' id='word_1_69' title='bbox 410 758 562 793; x_wconf 87' lang='lat' dir='ltr'>maritus</span> <span class='ocrx_word' id='word_1_70' title='bbox 586 757 739 792; x_wconf 87' lang='lat' dir='ltr'>diaetam</span> <span class='ocrx_word' id='word_1_71' title='bbox 761 757 799 792; x_wconf 93' lang='lat' dir='ltr'>in</span> <span class='ocrx_word' id='word_1_72' title='bbox 822 757 945 794; x_wconf 87' lang='lat' dir='ltr'>uxoris</span> <span class='ocrx_word' id='word_1_73' title='bbox 961 757 1088 800; x_wconf 89' lang='lat' dir='ltr'>hortis,</span> <span class='ocrx_word' id='word_1_74' title='bbox 1113 768 1203 804; x_wconf 87' lang='lat' dir='ltr'>quos</span> <span class='ocrx_word' id='word_1_75' title='bbox 1226 758 1264 793; x_wconf 91' lang='lat' dir='ltr'>iii</span> 
     </span>
     <span class='ocr_line' id='line_1_13' title="bbox 173 802 1263 856; baseline 0.001 -18"><span class='ocrx_word' id='word_1_76' title='bbox 173 803 292 839; x_wconf 89' lang='lat' dir='ltr'>dotem</span> <span class='ocrx_word' id='word_1_77' title='bbox 315 806 517 856; x_wconf 82' lang='lat' dir='ltr'>acceperat,</span> <span class='ocrx_word' id='word_1_78' title='bbox 540 802 675 845; x_wconf 85' lang='lat' dir='ltr'>fecerit,</span> <span class='ocrx_word' id='word_1_79' title='bbox 707 811 814 847; x_wconf 88' lang='lat' dir='ltr'>posse</span> <span class='ocrx_word' id='word_1_80' title='bbox 837 813 918 838; x_wconf 88' lang='lat' dir='ltr'>eum</span> <span class='ocrx_word' id='word_1_81' title='bbox 948 802 1038 839; x_wconf 87' lang='lat' dir='ltr'>haec</span> <span class='ocrx_word' id='word_1_82' title='bbox 1060 802 1263 846; x_wconf 73' lang='lat' dir='ltr'>detrahere,</span> 
     </span>
     <span class='ocr_line' id='line_1_14' title="bbox 172 847 1262 939; baseline 0 -10"><span class='ocrx_word' id='word_1_83' title='bbox 172 847 804 929; x_wconf 51' lang='lat' dir='ltr'>awfffliffiess‘fflfflffl</span> <span class='ocrx_word' id='word_1_84' title='bbox 812 847 1262 939; x_wconf 54' lang='lat' dir='ltr'>ssffitffifflffl’</span> 
     </span>
     <span class='ocr_line' id='line_1_15' title="bbox 173 936 1262 984; baseline 0.001 -10"><span class='ocrx_word' id='word_1_85' title='bbox 173 948 258 984; x_wconf 86' lang='lat' dir='ltr'>ergo</span> <span class='ocrx_word' id='word_1_86' title='bbox 282 939 313 974; x_wconf 88' lang='lat' dir='ltr'>si</span> <span class='ocrx_word' id='word_1_87' title='bbox 334 949 408 974; x_wconf 89' lang='lat' dir='ltr'>non</span> <span class='ocrx_word' id='word_1_88' title='bbox 439 941 495 973; x_wconf 90' lang='lat' dir='ltr'>est</span> <span class='ocrx_word' id='word_1_89' title='bbox 517 938 549 973; x_wconf 91' lang='lat' dir='ltr'>ei</span> <span class='ocrx_word' id='word_1_90' title='bbox 573 936 801 980; x_wconf 78' lang='lat' dir='ltr'>obfuturum,</span> <span class='ocrx_word' id='word_1_91' title='bbox 835 948 905 983; x_wconf 88' lang='lat' dir='ltr'>quo</span> <span class='ocrx_word' id='word_1_92' title='bbox 937 939 1054 974; x_wconf 89' lang='lat' dir='ltr'>minus</span> <span class='ocrx_word' id='word_1_93' title='bbox 1084 938 1262 981; x_wconf 86' lang='lat' dir='ltr'>detrahat,</span> 
     </span>
     <span class='ocr_line' id='line_1_16' title="bbox 172 981 1263 1029; baseline 0 -10"><span class='ocrx_word' id='word_1_94' title='bbox 172 983 243 1019; x_wconf 90' lang='lat' dir='ltr'>dici</span> <span class='ocrx_word' id='word_1_95' title='bbox 266 983 448 1029; x_wconf 81' lang='lat' dir='ltr'>oportebit</span> <span class='ocrx_word' id='word_1_96' title='bbox 468 992 575 1029; x_wconf 88' lang='lat' dir='ltr'>posse</span> <span class='ocrx_word' id='word_1_97' title='bbox 598 991 678 1017; x_wconf 91' lang='lat' dir='ltr'>eum</span> <span class='ocrx_word' id='word_1_98' title='bbox 700 982 791 1018; x_wconf 85' lang='lat' dir='ltr'>haec</span> <span class='ocrx_word' id='word_1_99' title='bbox 812 981 827 1017; x_wconf 93' lang='lat'>1</span> <span class='ocrx_word' id='word_1_100' title='bbox 913 993 943 1026; x_wconf 94' lang='lat' dir='ltr'>e,</span> <span class='ocrx_word' id='word_1_101' title='bbox 967 993 1061 1029; x_wconf 88' lang='lat' dir='ltr'>quae</span> <span class='ocrx_word' id='word_1_102' title='bbox 1077 984 1263 1020; x_wconf 78' lang='lat' dir='ltr'>detrahere</span> 
     </span>
     <span class='ocr_line' id='line_1_17' title="bbox 173 1026 1263 1082; baseline 0 -18"><span class='ocrx_word' id='word_1_103' title='bbox 173 1031 194 1064; x_wconf 84' lang='grc'><strong>2</strong></span> <span class='ocrx_word' id='word_1_104' title='bbox 240 1031 372 1082; x_wconf 86' lang='lat' dir='ltr'>potest.</span> <span class='ocrx_word' id='word_1_105' title='bbox 419 1028 593 1073; x_wconf 80' lang='lat' dir='ltr'>Legatum</span> <span class='ocrx_word' id='word_1_106' title='bbox 616 1026 654 1062; x_wconf 87' lang='lat' dir='ltr'>in</span> <span class='ocrx_word' id='word_1_107' title='bbox 676 1026 793 1062; x_wconf 88' lang='lat' dir='ltr'>aliena</span> <span class='ocrx_word' id='word_1_108' title='bbox 813 1038 859 1063; x_wconf 93' lang='lat' dir='ltr'>vo</span> <span class='ocrx_word' id='word_1_109' title='bbox 874 1031 999 1064; x_wconf 90' lang='lat' dir='ltr'>untate</span> <span class='ocrx_word' id='word_1_110' title='bbox 1022 1029 1109 1074; x_wconf 91' lang='lat' dir='ltr'>poni</span> <span class='ocrx_word' id='word_1_111' title='bbox 1130 1031 1263 1074; x_wconf 88' lang='lat' dir='ltr'>potest,</span> 
     </span>
     <span class='ocr_line' id='line_1_18' title="bbox 172 1071 1263 1119; baseline 0 -10"><span class='ocrx_word' id='word_1_112' title='bbox 172 1077 192 1109; x_wconf 87' lang='grc'><strong>3</strong></span> <span class='ocrx_word' id='word_1_113' title='bbox 239 1084 278 1109; x_wconf 90' lang='grc' dir='ltr'>ιιι</span> <span class='ocrx_word' id='word_1_114' title='bbox 293 1073 435 1109; x_wconf 89' lang='lat' dir='ltr'>heredis</span> <span class='ocrx_word' id='word_1_115' title='bbox 460 1083 533 1108; x_wconf 90' lang='lat' dir='ltr'>non</span> <span class='ocrx_word' id='word_1_116' title='bbox 551 1075 681 1117; x_wconf 88' lang='lat' dir='ltr'>potest.</span> <span class='ocrx_word' id='word_1_117' title='bbox 728 1071 797 1116; x_wconf 80' lang='lat' dir='ltr'>Qui</span> <span class='ocrx_word' id='word_1_118' title='bbox 813 1073 859 1108; x_wconf 93' lang='lat' dir='ltr'>ab</span> <span class='ocrx_word' id='word_1_119' title='bbox 875 1073 1041 1110; x_wconf 79' lang='lat' dir='ltr'><strong>hostibus</strong></span> <span class='ocrx_word' id='word_1_120' title='bbox 1057 1073 1263 1119; x_wconf 88' lang='lat' dir='ltr'>redemptus</span> 
     </span>
     <span class='ocr_line' id='line_1_19' title="bbox 175 1116 1263 1164; baseline 0 -10"><span class='ocrx_word' id='word_1_121' title='bbox 175 1122 230 1154; x_wconf 89' lang='lat' dir='ltr'>est</span> <span class='ocrx_word' id='word_1_122' title='bbox 251 1118 363 1164; x_wconf 87' lang='lat' dir='ltr'>legari</span> <span class='ocrx_word' id='word_1_123' title='bbox 386 1118 454 1153; x_wconf 87' lang='lat' dir='ltr'>sibi</span> <span class='ocrx_word' id='word_1_124' title='bbox 476 1117 618 1163; x_wconf 89' lang='lat' dir='ltr'>poterit,</span> <span class='ocrx_word' id='word_1_125' title='bbox 643 1120 679 1152; x_wconf 90' lang='lat' dir='ltr'>et</span> <span class='ocrx_word' id='word_1_126' title='bbox 699 1116 866 1162; x_wconf 85' lang='lat' dir='ltr'>proficiet</span> <span class='ocrx_word' id='word_1_127' title='bbox 884 1118 897 1152; x_wconf 97' lang='lat' dir='ltr'>l</span> <span class='ocrx_word' id='word_1_128' title='bbox 962 1122 1040 1154; x_wconf 91' lang='lat' dir='ltr'>tum</span> <span class='ocrx_word' id='word_1_129' title='bbox 1063 1119 1110 1154; x_wconf 90' lang='lat' dir='ltr'>ad</span> <span class='ocrx_word' id='word_1_130' title='bbox 1133 1119 1263 1154; x_wconf 89' lang='lat' dir='ltr'>libera-</span> 
     </span>
     <span class='ocr_line' id='line_1_20' title="bbox 170 1161 1263 1209; baseline -0.002 -9"><span class='ocrx_word' id='word_1_131' title='bbox 170 1164 305 1200; x_wconf 84' lang='lat' dir='ltr'>tionem</span> <span class='ocrx_word' id='word_1_132' title='bbox 320 1163 452 1199; x_wconf 85' lang='lat' dir='ltr'>vinculi</span> <span class='ocrx_word' id='word_1_133' title='bbox 467 1162 636 1208; x_wconf 91' lang='lat' dir='ltr'>pignoris,</span> <span class='ocrx_word' id='word_1_134' title='bbox 654 1161 751 1207; x_wconf 89' lang='lat' dir='ltr'>quod</span> <span class='ocrx_word' id='word_1_135' title='bbox 769 1162 806 1197; x_wconf 90' lang='lat' dir='ltr'>in</span> <span class='ocrx_word' id='word_1_136' title='bbox 822 1172 865 1198; x_wconf 92' lang='lat' dir='ltr'>eo</span> <span class='ocrx_word' id='word_1_137' title='bbox 882 1162 929 1198; x_wconf 91' lang='lat' dir='ltr'>ha</span> <span class='ocrx_word' id='word_1_138' title='bbox 956 1164 1010 1198; x_wconf 89' lang='lat' dir='ltr'>uit</span> <span class='ocrx_word' id='word_1_139' title='bbox 1026 1164 1087 1209; x_wconf 88' lang='lat' dir='ltr'>qui</span> <span class='ocrx_word' id='word_1_140' title='bbox 1102 1163 1263 1199; x_wconf 80' lang='lat' dir='ltr'>redemit.</span> 
     </span>
    </p>

    <p class='ocr_par' dir='ltr' id='par_1_3' title="bbox 168 1207 1266 2966">
     <span class='ocr_line' id='line_1_21' title="bbox 217 1207 1262 1246; baseline -0.001 -1"><span class='ocrx_word' id='word_1_141' title='bbox 217 1207 272 1246; x_wconf 89' lang='grc'>44</span> <span class='ocrx_word' id='word_1_142' title='bbox 297 1208 405 1244; x_wconf 66' lang='lat' dir='ltr'>loru</span> <span class='ocrx_word' id='word_1_143' title='bbox 424 1208 515 1244; x_wconf 83' lang='lat' dir='ltr'>libro</span> <span class='ocrx_word' id='word_1_144' title='bbox 530 1208 695 1243; x_wconf 74' lang='lat' dir='ltr'>vicesimo</span> <span class='ocrx_word' id='word_1_145' title='bbox 713 1207 872 1242; x_wconf 80' lang='lat' dir='ltr'>secundo</span> <span class='ocrx_word' id='word_1_146' title='bbox 895 1208 946 1243; x_wconf 86' lang='lat' dir='ltr'>ad</span> <span class='ocrx_word' id='word_1_147' title='bbox 959 1207 1134 1244; x_wconf 69' lang='lat' dir='ltr'>Sabinum</span> <span class='ocrx_word' id='word_1_148' title='bbox 1180 1208 1262 1244; x_wconf 88' lang='lat' dir='ltr'>Ser-</span> 
     </span>
     <span class='ocr_line' id='line_1_22' title="bbox 171 1251 1263 1304; baseline -0.001 -14"><span class='ocrx_word' id='word_1_149' title='bbox 171 1264 255 1290; x_wconf 87' lang='lat' dir='ltr'>vum</span> <span class='ocrx_word' id='word_1_150' title='bbox 276 1253 340 1289; x_wconf 87' lang='lat' dir='ltr'>filii</span> <span class='ocrx_word' id='word_1_151' title='bbox 363 1252 420 1288; x_wconf 88' lang='lat' dir='ltr'>sui</span> <span class='ocrx_word' id='word_1_152' title='bbox 443 1251 635 1288; x_wconf 88' lang='lat' dir='ltr'>castrensis</span> <span class='ocrx_word' id='word_1_153' title='bbox 658 1251 789 1304; x_wconf 86' lang='lat' dir='ltr'>peculii</span> <span class='ocrx_word' id='word_1_154' title='bbox 811 1251 931 1297; x_wconf 84' lang='lat' dir='ltr'>legare</span> <span class='ocrx_word' id='word_1_155' title='bbox 953 1257 1058 1298; x_wconf 89' lang='lat' dir='ltr'>pater</span> <span class='ocrx_word' id='word_1_156' title='bbox 1072 1256 1193 1299; x_wconf 87' lang='lat' dir='ltr'>potest</span> <span class='ocrx_word' id='word_1_157' title='bbox 1216 1257 1263 1296; x_wconf 90' lang='lat' dir='ltr'>et,</span> 
     </span>
     <span class='ocr_line' id='line_1_23' title="bbox 170 1296 1264 1386; baseline -0.001 -6"><span class='ocrx_word' id='word_1_158' title='bbox 170 1296 818 1386; x_wconf 45' lang='lat' dir='ltr'>{semeias-{effla</span> <span class='ocrx_word' id='word_1_159' title='bbox 826 1298 1264 1379; x_wconf 50' lang='lat' dir='ltr'>assisiensis</span> 
     </span>
     <span class='ocr_line' id='line_1_24' title="bbox 171 1387 1263 1432; baseline -0.001 -7"><span class='ocrx_word' id='word_1_160' title='bbox 171 1400 237 1425; x_wconf 91' lang='lat' dir='ltr'>suo</span> <span class='ocrx_word' id='word_1_161' title='bbox 262 1398 335 1424; x_wconf 90' lang='lat' dir='ltr'>non</span> <span class='ocrx_word' id='word_1_162' title='bbox 346 1388 470 1429; x_wconf 90' lang='lat' dir='ltr'>utitur,</span> <span class='ocrx_word' id='word_1_163' title='bbox 494 1391 591 1423; x_wconf 90' lang='lat' dir='ltr'>retro</span> <span class='ocrx_word' id='word_1_164' title='bbox 608 1387 766 1422; x_wconf 85' lang='lat' dir='ltr'>creditur</span> <span class='ocrx_word' id='word_1_165' title='bbox 780 1391 885 1432; x_wconf 89' lang='lat' dir='ltr'>pater</span> <span class='ocrx_word' id='word_1_166' title='bbox 902 1387 1096 1424; x_wconf 89' lang='lat' dir='ltr'>dominium</span> <span class='ocrx_word' id='word_1_167' title='bbox 1106 1389 1146 1424; x_wconf 89' lang='lat' dir='ltr'>in</span> <span class='ocrx_word' id='word_1_168' title='bbox 1160 1398 1263 1424; x_wconf 89' lang='lat' dir='ltr'>servo</span> 
     </span>
     <span class='ocr_line' id='line_1_25' title="bbox 174 1432 1265 1479; baseline -0.001 -9"><span class='ocrx_word' id='word_1_169' title='bbox 174 1438 191 1469; x_wconf 88' lang='lat'>1</span> <span class='ocrx_word' id='word_1_170' title='bbox 239 1433 413 1479; x_wconf 81' lang='lat' dir='ltr'>peculiari</span> <span class='ocrx_word' id='word_1_171' title='bbox 446 1432 628 1468; x_wconf 86' lang='lat' dir='ltr'>habuisse.</span> <span class='ocrx_word' id='word_1_172' title='bbox 685 1432 726 1468; x_wconf 90' lang='lat' dir='ltr'>Si</span> <span class='ocrx_word' id='word_1_173' title='bbox 760 1432 840 1478; x_wconf 84' lang='lat' dir='ltr'>quis</span> <span class='ocrx_word' id='word_1_174' title='bbox 875 1442 971 1475; x_wconf 89' lang='lat' dir='ltr'>rem,</span> <span class='ocrx_word' id='word_1_175' title='bbox 1007 1434 1076 1470; x_wconf 92' lang='lat' dir='ltr'>sibi</span> <span class='ocrx_word' id='word_1_176' title='bbox 1110 1434 1265 1479; x_wconf 79' lang='lat' dir='ltr'>legatam</span> 
     </span>
     <span class='ocr_line' id='line_1_26' title="bbox 170 1477 1263 1525; baseline 0.001 -11"><span class='ocrx_word' id='word_1_177' title='bbox 170 1479 337 1525; x_wconf 86' lang='lat' dir='ltr'>ignorans</span> <span class='ocrx_word' id='word_1_178' title='bbox 361 1478 492 1520; x_wconf 87' lang='lat' dir='ltr'>adhuc,</span> <span class='ocrx_word' id='word_1_179' title='bbox 516 1477 705 1522; x_wconf 80' lang='lat' dir='ltr'>legaverit,</span> <span class='ocrx_word' id='word_1_180' title='bbox 736 1480 865 1522; x_wconf 87' lang='lat' dir='ltr'>postea</span> <span class='ocrx_word' id='word_1_181' title='bbox 896 1478 1103 1524; x_wconf 89' lang='lat' dir='ltr'>cognoverit</span> <span class='ocrx_word' id='word_1_182' title='bbox 1135 1484 1170 1515; x_wconf 91' lang='lat' dir='ltr'>et</span> <span class='ocrx_word' id='word_1_183' title='bbox 1200 1489 1263 1515; x_wconf 92' lang='lat' dir='ltr'>vo-</span> 
     </span>
     <span class='ocr_line' id='line_1_27' title="bbox 170 1522 1263 1576; baseline -0.001 -16"><span class='ocrx_word' id='word_1_184' title='bbox 170 1524 278 1560; x_wconf 84' lang='lat' dir='ltr'>luerit</span> <span class='ocrx_word' id='word_1_185' title='bbox 301 1523 348 1559; x_wconf 90' lang='lat' dir='ltr'>ad</span> <span class='ocrx_word' id='word_1_186' title='bbox 371 1533 410 1559; x_wconf 88' lang='lat' dir='ltr'>se</span> <span class='ocrx_word' id='word_1_187' title='bbox 432 1522 620 1568; x_wconf 89' lang='lat' dir='ltr'>pertinere,</span> <span class='ocrx_word' id='word_1_188' title='bbox 643 1522 802 1568; x_wconf 84' lang='lat' dir='ltr'>legatum</span> <span class='ocrx_word' id='word_1_189' title='bbox 825 1523 975 1566; x_wconf 85' lang='lat' dir='ltr'>valebit,</span> <span class='ocrx_word' id='word_1_190' title='bbox 1007 1524 1102 1576; x_wconf 81' lang='lat' dir='ltr'>quia,</span> <span class='ocrx_word' id='word_1_191' title='bbox 1126 1524 1191 1559; x_wconf 91' lang='lat' dir='ltr'>ubi</span> <span class='ocrx_word' id='word_1_192' title='bbox 1212 1524 1263 1559; x_wconf 90' lang='lat' dir='ltr'>le-</span> 
     </span>
     <span class='ocr_line' id='line_1_28' title="bbox 168 1567 1264 1615; baseline 0 -11"><span class='ocrx_word' id='word_1_193' title='bbox 168 1569 329 1615; x_wconf 84' lang='lat' dir='ltr'>gatarius</span> <span class='ocrx_word' id='word_1_194' title='bbox 351 1578 426 1604; x_wconf 91' lang='lat' dir='ltr'>non</span> <span class='ocrx_word' id='word_1_195' title='bbox 459 1567 676 1613; x_wconf 89' lang='lat' dir='ltr'>repudiavit,</span> <span class='ocrx_word' id='word_1_196' title='bbox 707 1571 805 1603; x_wconf 90' lang='lat' dir='ltr'>retro</span> <span class='ocrx_word' id='word_1_197' title='bbox 835 1568 949 1613; x_wconf 88' lang='lat' dir='ltr'>ipsius</span> <span class='ocrx_word' id='word_1_198' title='bbox 980 1568 1091 1605; x_wconf 88' lang='lat' dir='ltr'>fuisse</span> <span class='ocrx_word' id='word_1_199' title='bbox 1113 1568 1264 1608; x_wconf 86' lang='lat' dir='ltr'>videtur,</span> 
     </span>
     <span class='ocr_line' id='line_1_29' title="bbox 169 1613 1264 1660; baseline -0.001 -10"><span class='ocrx_word' id='word_1_200' title='bbox 169 1624 216 1650; x_wconf 86' lang='lat' dir='ltr'>ex</span> <span class='ocrx_word' id='word_1_201' title='bbox 228 1624 299 1660; x_wconf 89' lang='lat' dir='ltr'>quo</span> <span class='ocrx_word' id='word_1_202' title='bbox 312 1613 494 1649; x_wconf 84' lang='lat' dir='ltr'>hereditas</span> <span class='ocrx_word' id='word_1_203' title='bbox 507 1613 606 1648; x_wconf 89' lang='lat' dir='ltr'>adita</span> <span class='ocrx_word' id='word_1_204' title='bbox 614 1613 629 1635; x_wconf 82' lang='lat'><strong>⁶</strong></span> <span class='ocrx_word' id='word_1_205' title='bbox 653 1615 725 1648; x_wconf 85' lang='lat' dir='ltr'>est:</span> <span class='ocrx_word' id='word_1_206' title='bbox 750 1613 781 1648; x_wconf 91' lang='lat' dir='ltr'>si</span> <span class='ocrx_word' id='word_1_207' title='bbox 795 1622 878 1648; x_wconf 91' lang='lat' dir='ltr'>vero</span> <span class='ocrx_word' id='word_1_208' title='bbox 891 1613 1142 1659; x_wconf 88' lang='lat' dir='ltr'>repudiaverit,</span> <span class='ocrx_word' id='word_1_209' title='bbox 1166 1617 1264 1650; x_wconf 89' lang='lat' dir='ltr'>retro</span> 
     </span>
     <span class='ocr_line' id='line_1_30' title="bbox 170 1657 1265 1704; baseline 0 -10"><span class='ocrx_word' id='word_1_210' title='bbox 170 1662 191 1695; x_wconf 82' lang='lat'><strong>2</strong></span> <span class='ocrx_word' id='word_1_211' title='bbox 237 1658 379 1694; x_wconf 91' lang='lat' dir='ltr'>videtur</span> <span class='ocrx_word' id='word_1_212' title='bbox 410 1668 469 1694; x_wconf 89' lang='lat' dir='ltr'>res</span> <span class='ocrx_word' id='word_1_213' title='bbox 499 1657 690 1703; x_wconf 86' lang='lat' dir='ltr'>repudiata</span> <span class='ocrx_word' id='word_1_214' title='bbox 720 1657 831 1693; x_wconf 86' lang='lat' dir='ltr'>fuisse</span> <span class='ocrx_word' id='word_1_215' title='bbox 862 1658 1016 1694; x_wconf 89' lang='lat' dir='ltr'>heredis.</span> <span class='ocrx_word' id='word_1_216' title='bbox 1063 1658 1103 1694; x_wconf 90' lang='lat' dir='ltr'>Si</span> <span class='ocrx_word' id='word_1_217' title='bbox 1133 1659 1265 1704; x_wconf 91' lang='lat' dir='ltr'>pocula</span> 
     </span>
     <span class='ocr_line' id='line_1_31' title="bbox 194 1702 1265 1749; baseline 0 -9"><span class='ocrx_word' id='word_1_218' title='bbox 194 1704 250 1740; x_wconf 90' lang='lat' dir='ltr'>uis</span> <span class='ocrx_word' id='word_1_219' title='bbox 273 1703 405 1749; x_wconf 88' lang='lat' dir='ltr'>legavit</span> <span class='ocrx_word' id='word_1_220' title='bbox 435 1707 473 1739; x_wconf 86' lang='lat' dir='ltr'>et</span> <span class='ocrx_word' id='word_1_221' title='bbox 492 1712 613 1738; x_wconf 86' lang='lat' dir='ltr'>massa</span> <span class='ocrx_word' id='word_1_222' title='bbox 642 1702 742 1738; x_wconf 81' lang='lat' dir='ltr'>facta</span> <span class='ocrx_word' id='word_1_223' title='bbox 774 1706 831 1738; x_wconf 88' lang='lat' dir='ltr'>est</span> <span class='ocrx_word' id='word_1_224' title='bbox 859 1703 915 1739; x_wconf 90' lang='lat' dir='ltr'>vel</span> <span class='ocrx_word' id='word_1_225' title='bbox 947 1707 1094 1747; x_wconf 85' lang='lat' dir='ltr'>contra,</span> <span class='ocrx_word' id='word_1_226' title='bbox 1125 1704 1211 1739; x_wconf 92' lang='lat' dir='ltr'>item</span> <span class='ocrx_word' id='word_1_227' title='bbox 1234 1703 1265 1740; x_wconf 91' lang='lat' dir='ltr'>si</span> 
     </span>
     <span class='ocr_line' id='line_1_32' title="bbox 169 1715 1265 1794; baseline 0 -9"><span class='ocrx_word' id='word_1_228' title='bbox 169 1715 254 1785; x_wconf 56' lang='lat' dir='ltr'>fana</span> <span class='ocrx_word' id='word_1_229' title='bbox 275 1748 416 1794; x_wconf 85' lang='lat' dir='ltr'>legetur</span> <span class='ocrx_word' id='word_1_230' title='bbox 438 1751 476 1784; x_wconf 89' lang='lat' dir='ltr'>et</span> <span class='ocrx_word' id='word_1_231' title='bbox 496 1748 747 1783; x_wconf 85' lang='lat' dir='ltr'>vestimentum</span> <span class='ocrx_word' id='word_1_232' title='bbox 770 1758 815 1783; x_wconf 87' lang='lat' dir='ltr'>ex</span> <span class='ocrx_word' id='word_1_233' title='bbox 831 1757 875 1784; x_wconf 92' lang='lat' dir='ltr'>ea</span> <span class='ocrx_word' id='word_1_234' title='bbox 894 1748 970 1791; x_wconf 86' lang='lat' dir='ltr'>fiat,</span> <span class='ocrx_word' id='word_1_235' title='bbox 994 1748 1156 1785; x_wconf 86' lang='lat' dir='ltr'>Iulianus</span> <span class='ocrx_word' id='word_1_236' title='bbox 1171 1749 1265 1785; x_wconf 91' lang='lat' dir='ltr'>libro</span> 
     </span>
     <span class='ocr_line' id='line_1_33' title="bbox 169 1792 1266 1840; baseline 0 -10"><span class='ocrx_word' id='word_1_237' title='bbox 169 1794 351 1839; x_wconf 82' lang='lat' dir='ltr'>trigesimo</span> <span class='ocrx_word' id='word_1_238' title='bbox 376 1793 558 1829; x_wconf 89' lang='lat' dir='ltr'>secundo⁷</span> <span class='ocrx_word' id='word_1_239' title='bbox 582 1793 727 1838; x_wconf 83' lang='lat' dir='ltr'>scripsit</span> <span class='ocrx_word' id='word_1_240' title='bbox 741 1792 898 1838; x_wconf 86' lang='lat' dir='ltr'>legatum</span> <span class='ocrx_word' id='word_1_241' title='bbox 912 1794 950 1829; x_wconf 90' lang='lat' dir='ltr'>iii</span> <span class='ocrx_word' id='word_1_242' title='bbox 973 1794 1138 1830; x_wconf 90' lang='lat' dir='ltr'>omnibus</span> <span class='ocrx_word' id='word_1_243' title='bbox 1154 1804 1266 1840; x_wconf 88' lang='lat' dir='ltr'>supra</span> 
     </span>
     <span class='ocr_line' id='line_1_34' title="bbox 170 1837 1266 1930; baseline 0.001 -11"><span class='ocrx_word' id='word_1_244' title='bbox 170 1840 320 1920; x_wconf 56' lang='lat' dir='ltr'>{21¹3ss</span> <span class='ocrx_word' id='word_1_245' title='bbox 341 1839 460 1930; x_wconf 49' lang='lat' dir='ltr'>{ime</span> <span class='ocrx_word' id='word_1_246' title='bbox 453 1842 597 1919; x_wconf 49' lang='lat' dir='ltr'>,siff</span> <span class='ocrx_word' id='word_1_247' title='bbox 610 1837 866 1919; x_wconf 56' lang='grc' dir='ltr'>εἳῖῗῗὲὶὲἓὲἓ</span> <span class='ocrx_word' id='word_1_248' title='bbox 889 1842 1266 1920; x_wconf 49' lang='grc' dir='ltr'>ῗξέιῗξὲὲέωὲεὲἳὲἑ</span> 
     </span>
     <span class='ocr_line' id='line_1_35' title="bbox 172 1927 1266 1974; baseline 0.001 -9"><span class='ocrx_word' id='word_1_249' title='bbox 172 1934 192 1965; x_wconf 88' lang='grc'>3</span> <span class='ocrx_word' id='word_1_250' title='bbox 239 1930 471 1965; x_wconf 88' lang='lat' dir='ltr'>voluntatem.</span> <span class='ocrx_word' id='word_1_251' title='bbox 517 1927 590 1964; x_wconf 88' lang='lat' dir='ltr'>Sed</span> <span class='ocrx_word' id='word_1_252' title='bbox 613 1929 674 1964; x_wconf 82' lang='lat' dir='ltr'>et⁸</span> <span class='ocrx_word' id='word_1_253' title='bbox 697 1928 728 1963; x_wconf 91' lang='lat' dir='ltr'>si</span> <span class='ocrx_word' id='word_1_254' title='bbox 743 1928 882 1964; x_wconf 87' lang='lat' dir='ltr'>lancem</span> <span class='ocrx_word' id='word_1_255' title='bbox 905 1929 1035 1974; x_wconf 84' lang='lat' dir='ltr'>legavit</span> <span class='ocrx_word' id='word_1_256' title='bbox 1050 1933 1087 1965; x_wconf 93' lang='lat' dir='ltr'>et</span> <span class='ocrx_word' id='word_1_257' title='bbox 1109 1939 1266 1966; x_wconf 83' lang='lat' dir='ltr'>massam</span> 
     </span>
     <span class='ocr_line' id='line_1_36' title="bbox 170 1973 1264 2018; baseline 0 -8"><span class='ocrx_word' id='word_1_258' title='bbox 170 1974 268 2017; x_wconf 79' lang='lat' dir='ltr'>fecit,</span> <span class='ocrx_word' id='word_1_259' title='bbox 292 1985 377 2010; x_wconf 88' lang='lat' dir='ltr'>mox</span> <span class='ocrx_word' id='word_1_260' title='bbox 449 1973 579 2016; x_wconf 90' lang='lat' dir='ltr'>culum,</span> <span class='ocrx_word' id='word_1_261' title='bbox 604 1973 791 2009; x_wconf 89' lang='lat' dir='ltr'>debebitur</span> <span class='ocrx_word' id='word_1_262' title='bbox 813 1974 993 2018; x_wconf 91' lang='lat' dir='ltr'>poculum,</span> <span class='ocrx_word' id='word_1_263' title='bbox 1018 1974 1171 2011; x_wconf 86' lang='lat' dir='ltr'>durante</span> <span class='ocrx_word' id='word_1_264' title='bbox 1194 1974 1264 2010; x_wconf 88' lang='lat' dir='ltr'>sci-</span> 
     </span>
     <span class='ocr_line' id='line_1_37' title="bbox 171 2018 1266 2071; baseline 0.001 -16"><span class='ocrx_word' id='word_1_265' title='bbox 171 2023 194 2055; x_wconf 85' lang='lat'>4</span> <span class='ocrx_word' id='word_1_266' title='bbox 241 2019 328 2055; x_wconf 91' lang='lat' dir='ltr'>licet</span> <span class='ocrx_word' id='word_1_267' title='bbox 349 2030 393 2055; x_wconf 88' lang='lat' dir='ltr'>vo</span> <span class='ocrx_word' id='word_1_268' title='bbox 408 2022 545 2054; x_wconf 85' lang='lat' dir='ltr'>untate.</span> <span class='ocrx_word' id='word_1_269' title='bbox 591 2018 631 2054; x_wconf 92' lang='lat' dir='ltr'>Si</span> <span class='ocrx_word' id='word_1_270' title='bbox 655 2029 761 2071; x_wconf 80' lang='lat' dir='ltr'>areae</span> <span class='ocrx_word' id='word_1_271' title='bbox 783 2019 924 2064; x_wconf 85' lang='lat' dir='ltr'>legatae</span> <span class='ocrx_word' id='word_1_272' title='bbox 947 2019 1074 2055; x_wconf 89' lang='lat' dir='ltr'>domus</span> <span class='ocrx_word' id='word_1_273' title='bbox 1097 2020 1266 2066; x_wconf 85' lang='lat' dir='ltr'>imposita</span> 
     </span>
     <span class='ocr_line' id='line_1_38' title="bbox 171 2064 1264 2108; baseline -0.001 -7"><span class='ocrx_word' id='word_1_274' title='bbox 171 2065 232 2108; x_wconf 83' lang='lat' dir='ltr'>sit,</span> <span class='ocrx_word' id='word_1_275' title='bbox 255 2064 444 2100; x_wconf 88' lang='lat' dir='ltr'>debebitur</span> <span class='ocrx_word' id='word_1_276' title='bbox 465 2064 659 2108; x_wconf 85' lang='lat' dir='ltr'>legatario,</span> <span class='ocrx_word' id='word_1_277' title='bbox 690 2064 760 2099; x_wconf 92' lang='lat' dir='ltr'>nisi</span> <span class='ocrx_word' id='word_1_278' title='bbox 781 2067 936 2100; x_wconf 87' lang='lat' dir='ltr'>testator</span> <span class='ocrx_word' id='word_1_279' title='bbox 965 2065 1116 2101; x_wconf 90' lang='lat' dir='ltr'>mutavit</span> <span class='ocrx_word' id='word_1_280' title='bbox 1138 2065 1264 2101; x_wconf 88' lang='lat' dir='ltr'>volun-</span> 
     </span>
     <span class='ocr_line' id='line_1_39' title="bbox 172 2109 1266 2155; baseline 0 -9"><span class='ocrx_word' id='word_1_281' title='bbox 172 2113 193 2145; x_wconf 82' lang='grc'>5</span> <span class='ocrx_word' id='word_1_282' title='bbox 240 2113 362 2146; x_wconf 89' lang='lat' dir='ltr'>tatem.</span> <span class='ocrx_word' id='word_1_283' title='bbox 419 2109 535 2153; x_wconf 90' lang='lat' dir='ltr'>Eum,</span> <span class='ocrx_word' id='word_1_284' title='bbox 567 2109 627 2154; x_wconf 86' lang='lat' dir='ltr'>qui</span> <span class='ocrx_word' id='word_1_285' title='bbox 657 2109 932 2154; x_wconf 88' lang='lat' dir='ltr'>chirographum</span> <span class='ocrx_word' id='word_1_286' title='bbox 962 2110 1075 2155; x_wconf 88' lang='lat' dir='ltr'>legat,</span> <span class='ocrx_word' id='word_1_287' title='bbox 1107 2110 1266 2146; x_wconf 87' lang='lat' dir='ltr'>debitum</span> 
     </span>
     <span class='ocr_line' id='line_1_40' title="bbox 171 2154 1264 2200; baseline 0 -9"><span class='ocrx_word' id='word_1_288' title='bbox 171 2155 310 2200; x_wconf 87' lang='lat' dir='ltr'>legare,</span> <span class='ocrx_word' id='word_1_289' title='bbox 342 2165 416 2190; x_wconf 94' lang='lat' dir='ltr'>non</span> <span class='ocrx_word' id='word_1_290' title='bbox 439 2155 555 2190; x_wconf 90' lang='lat' dir='ltr'>solum</span> <span class='ocrx_word' id='word_1_291' title='bbox 585 2154 728 2189; x_wconf 87' lang='lat' dir='ltr'>tabulas</span> <span class='ocrx_word' id='word_1_292' title='bbox 760 2158 970 2198; x_wconf 84' lang='lat' dir='ltr'>argumento</span> <span class='ocrx_word' id='word_1_293' title='bbox 1002 2159 1057 2190; x_wconf 89' lang='lat' dir='ltr'>est</span> <span class='ocrx_word' id='word_1_294' title='bbox 1089 2155 1264 2191; x_wconf 86' lang='lat' dir='ltr'>venditio:</span> 
     </span>
     <span class='ocr_line' id='line_1_41' title="bbox 171 2199 1266 2244; baseline 0 -8"><span class='ocrx_word' id='word_1_295' title='bbox 171 2210 256 2236; x_wconf 86' lang='lat' dir='ltr'>nam</span> <span class='ocrx_word' id='word_1_296' title='bbox 280 2200 386 2236; x_wconf 84' lang='lat' dir='ltr'>cum⁹</span> <span class='ocrx_word' id='word_1_297' title='bbox 409 2199 648 2244; x_wconf 87' lang='lat' dir='ltr'>chirographa</span> <span class='ocrx_word' id='word_1_298' title='bbox 670 2203 836 2241; x_wconf 91' lang='lat' dir='ltr'>veneunt,</span> <span class='ocrx_word' id='word_1_299' title='bbox 861 2209 991 2235; x_wconf 91' lang='lat' dir='ltr'>nomen</span> <span class='ocrx_word' id='word_1_300' title='bbox 1013 2200 1153 2236; x_wconf 89' lang='lat' dir='ltr'>venisse</span> <span class='ocrx_word' id='word_1_301' title='bbox 1170 2200 1266 2236; x_wconf 86' lang='lat' dir='ltr'>vide-</span> 
     </span>
     <span class='ocr_line' id='line_1_42' title="bbox 173 2244 1264 2290; baseline 0 -9"><span class='ocrx_word' id='word_1_302' title='bbox 173 2249 194 2281; x_wconf 85' lang='lat'><strong>6</strong></span> <span class='ocrx_word' id='word_1_303' title='bbox 240 2249 310 2281; x_wconf 87' lang='lat' dir='ltr'>tur.</span> <span class='ocrx_word' id='word_1_304' title='bbox 358 2244 430 2281; x_wconf 88' lang='lat' dir='ltr'>Sed</span> <span class='ocrx_word' id='word_1_305' title='bbox 448 2248 484 2280; x_wconf 90' lang='lat' dir='ltr'>et</span> <span class='ocrx_word' id='word_1_306' title='bbox 506 2245 537 2279; x_wconf 90' lang='lat' dir='ltr'>si</span> <span class='ocrx_word' id='word_1_307' title='bbox 552 2254 682 2279; x_wconf 89' lang='lat' dir='ltr'>nomen</span> <span class='ocrx_word' id='word_1_308' title='bbox 697 2244 846 2289; x_wconf 87' lang='lat' dir='ltr'>legetur,</span> <span class='ocrx_word' id='word_1_309' title='bbox 862 2244 1015 2290; x_wconf 85' lang='lat' dir='ltr'>benigne</span> <span class='ocrx_word' id='word_1_310' title='bbox 1030 2245 1068 2280; x_wconf 89' lang='lat' dir='ltr'>id</span> <span class='ocrx_word' id='word_1_311' title='bbox 1092 2245 1188 2290; x_wconf 92' lang='lat' dir='ltr'>quod</span> <span class='ocrx_word' id='word_1_312' title='bbox 1204 2245 1264 2281; x_wconf 92' lang='lat' dir='ltr'>de-</span> 
     </span>
     <span class='ocr_line' id='line_1_43' title="bbox 171 2289 1265 2335; baseline -0.002 -8"><span class='ocrx_word' id='word_1_313' title='bbox 171 2290 280 2327; x_wconf 88' lang='lat' dir='ltr'>betur</span> <span class='ocrx_word' id='word_1_314' title='bbox 294 2289 543 2335; x_wconf 88' lang='lat' dir='ltr'>accipiendum</span> <span class='ocrx_word' id='word_1_315' title='bbox 559 2292 624 2332; x_wconf 90' lang='lat' dir='ltr'>est,</span> <span class='ocrx_word' id='word_1_316' title='bbox 647 2292 690 2324; x_wconf 92' lang='lat' dir='ltr'>ut</span> <span class='ocrx_word' id='word_1_317' title='bbox 704 2289 864 2325; x_wconf 89' lang='lat' dir='ltr'>actiones</span> <span class='ocrx_word' id='word_1_318' title='bbox 881 2289 1052 2325; x_wconf 86' lang='lat' dir='ltr'>adversus</span> <span class='ocrx_word' id='word_1_319' title='bbox 1069 2290 1265 2326; x_wconf 90' lang='lat' dir='ltr'>debitorem</span> 
     </span>
     <span class='ocr_line' id='line_1_44' title="bbox 173 2333 1266 2379; baseline -0.001 -8"><span class='ocrx_word' id='word_1_320' title='bbox 173 2339 193 2371; x_wconf 81' lang='lat'><strong>7</strong></span> <span class='ocrx_word' id='word_1_321' title='bbox 242 2335 426 2371; x_wconf 85' lang='lat' dir='ltr'>cedantur.</span> <span class='ocrx_word' id='word_1_322' title='bbox 473 2334 513 2370; x_wconf 90' lang='lat' dir='ltr'>Si</span> <span class='ocrx_word' id='word_1_323' title='bbox 535 2333 630 2370; x_wconf 91' lang='lat' dir='ltr'>idem</span> <span class='ocrx_word' id='word_1_324' title='bbox 651 2344 775 2370; x_wconf 88' lang='lat' dir='ltr'>servus</span> <span class='ocrx_word' id='word_1_325' title='bbox 799 2337 836 2369; x_wconf 90' lang='lat' dir='ltr'>et</span> <span class='ocrx_word' id='word_1_326' title='bbox 857 2333 997 2379; x_wconf 86' lang='lat' dir='ltr'>legatus</span> <span class='ocrx_word' id='word_1_327' title='bbox 1022 2339 1058 2370; x_wconf 88' lang='lat' dir='ltr'>et</span> <span class='ocrx_word' id='word_1_328' title='bbox 1073 2335 1165 2371; x_wconf 92' lang='lat' dir='ltr'>liber</span> <span class='ocrx_word' id='word_1_329' title='bbox 1187 2345 1266 2371; x_wconf 89' lang='lat' dir='ltr'>esse</span> 
     </span>
     <span class='ocr_line' id='line_1_45' title="bbox 171 2378 1266 2425; baseline -0.001 -9"><span class='ocrx_word' id='word_1_330' title='bbox 171 2380 292 2417; x_wconf 88' lang='lat' dir='ltr'>iussus</span> <span class='ocrx_word' id='word_1_331' title='bbox 305 2381 362 2423; x_wconf 91' lang='lat' dir='ltr'>sit,</span> <span class='ocrx_word' id='word_1_332' title='bbox 377 2379 555 2416; x_wconf 87' lang='lat' dir='ltr'>interdum</span> <span class='ocrx_word' id='word_1_333' title='bbox 568 2379 764 2424; x_wconf 88' lang='lat' dir='ltr'>procedere</span> <span class='ocrx_word' id='word_1_334' title='bbox 775 2378 893 2414; x_wconf 90' lang='lat' dir='ltr'>solum</span> <span class='ocrx_word' id='word_1_335' title='bbox 904 2380 914 2414; x_wconf 90' lang='lat' dir='ltr'>l</span> <span class='ocrx_word' id='word_1_336' title='bbox 982 2383 1059 2415; x_wconf 89' lang='lat' dir='ltr'>tum</span> <span class='ocrx_word' id='word_1_337' title='bbox 1070 2380 1212 2425; x_wconf 90' lang='lat' dir='ltr'>poterit,</span> <span class='ocrx_word' id='word_1_338' title='bbox 1225 2383 1266 2415; x_wconf 89' lang='lat' dir='ltr'>ut</span> 
     </span>
     <span class='ocr_line' id='line_1_46' title="bbox 171 2424 1265 2472; baseline -0.001 -11"><span class='ocrx_word' id='word_1_339' title='bbox 171 2429 262 2472; x_wconf 90' lang='lat' dir='ltr'>puta</span> <span class='ocrx_word' id='word_1_340' title='bbox 283 2425 313 2461; x_wconf 92' lang='lat' dir='ltr'>si</span> <span class='ocrx_word' id='word_1_341' title='bbox 330 2426 368 2461; x_wconf 92' lang='lat' dir='ltr'>iii</span> <span class='ocrx_word' id='word_1_342' title='bbox 380 2424 544 2461; x_wconf 83' lang='lat' dir='ltr'>fraudem</span> <span class='ocrx_word' id='word_1_343' title='bbox 557 2424 743 2460; x_wconf 89' lang='lat' dir='ltr'>creditoris</span> <span class='ocrx_word' id='word_1_344' title='bbox 758 2424 843 2459; x_wconf 87' lang='lat' dir='ltr'>data</span> <span class='ocrx_word' id='word_1_345' title='bbox 856 2424 925 2459; x_wconf 92' lang='lat' dir='ltr'>erit</span> <span class='ocrx_word' id='word_1_346' title='bbox 952 2424 1104 2461; x_wconf 75' lang='lat' dir='ltr'>&#39;bertasz</span> <span class='ocrx_word' id='word_1_347' title='bbox 1118 2425 1173 2461; x_wconf 88' lang='lat' dir='ltr'>vel</span> <span class='ocrx_word' id='word_1_348' title='bbox 1193 2425 1224 2460; x_wconf 93' lang='lat' dir='ltr'>si</span> <span class='ocrx_word' id='word_1_349' title='bbox 1234 2425 1265 2461; x_wconf 89' lang='lat' dir='ltr'>is</span> 
     </span>
     <span class='ocr_line' id='line_1_47' title="bbox 173 2469 1266 2521; baseline -0.002 -14"><span class='ocrx_word' id='word_1_350' title='bbox 173 2470 221 2507; x_wconf 88' lang='lat' dir='ltr'>sit</span> <span class='ocrx_word' id='word_1_351' title='bbox 243 2480 379 2514; x_wconf 86' lang='lat' dir='ltr'>servus,</span> <span class='ocrx_word' id='word_1_352' title='bbox 403 2471 463 2516; x_wconf 89' lang='lat' dir='ltr'>qui</span> <span class='ocrx_word' id='word_1_353' title='bbox 483 2471 522 2505; x_wconf 93' lang='lat' dir='ltr'>in</span> <span class='ocrx_word' id='word_1_354' title='bbox 543 2474 755 2515; x_wconf 88' lang='lat' dir='ltr'>perpetuam</span> <span class='ocrx_word' id='word_1_355' title='bbox 770 2469 975 2521; x_wconf 77' lang='lat' dir='ltr'>servitutem</span> <span class='ocrx_word' id='word_1_356' title='bbox 994 2470 1154 2512; x_wconf 88' lang='lat' dir='ltr'>venierit,</span> <span class='ocrx_word' id='word_1_357' title='bbox 1171 2470 1266 2506; x_wconf 93' lang='lat' dir='ltr'>idem</span> 
     </span>
     <span class='ocr_line' id='line_1_48' title="bbox 174 2514 1264 2560; baseline 0 -9"><span class='ocrx_word' id='word_1_358' title='bbox 174 2518 194 2551; x_wconf 89' lang='grc'>8</span> <span class='ocrx_word' id='word_1_359' title='bbox 241 2515 327 2551; x_wconf 89' lang='lat' dir='ltr'>erit:</span> <span class='ocrx_word' id='word_1_360' title='bbox 351 2515 408 2552; x_wconf 92' lang='lat' dir='ltr'>vel</span> <span class='ocrx_word' id='word_1_361' title='bbox 430 2515 462 2552; x_wconf 90' lang='lat' dir='ltr'>si</span> <span class='ocrx_word' id='word_1_362' title='bbox 484 2525 609 2551; x_wconf 91' lang='lat' dir='ltr'>servus</span> <span class='ocrx_word' id='word_1_363' title='bbox 633 2515 680 2550; x_wconf 90' lang='lat' dir='ltr'>sit</span> <span class='ocrx_word' id='word_1_364' title='bbox 694 2514 787 2550; x_wconf 80' lang='lat' dir='ltr'>forte</span> <span class='ocrx_word' id='word_1_365' title='bbox 809 2525 847 2560; x_wconf 89' lang='lat' dir='ltr'>pi</span> <span class='ocrx_word' id='word_1_366' title='bbox 895 2514 950 2550; x_wconf 88' lang='lat' dir='ltr'>ori</span> <span class='ocrx_word' id='word_1_367' title='bbox 965 2514 1082 2552; x_wconf 88' lang='lat' dir='ltr'>datus.</span> <span class='ocrx_word' id='word_1_368' title='bbox 1129 2515 1167 2551; x_wconf 90' lang='lat' dir='ltr'>Si</span> <span class='ocrx_word' id='word_1_369' title='bbox 1190 2519 1264 2551; x_wconf 89' lang='lat' dir='ltr'>sta-</span> 
     </span>
     <span class='ocr_line' id='line_1_49' title="bbox 173 2559 1265 2606; baseline 0 -10"><span class='ocrx_word' id='word_1_370' title='bbox 173 2560 366 2596; x_wconf 88' lang='lat' dir='ltr'>tuliberuin</span> <span class='ocrx_word' id='word_1_371' title='bbox 395 2561 501 2597; x_wconf 91' lang='lat' dir='ltr'>heres</span> <span class='ocrx_word' id='word_1_372' title='bbox 532 2559 721 2605; x_wconf 82' lang='lat' dir='ltr'>legaverit,</span> <span class='ocrx_word' id='word_1_373' title='bbox 756 2569 846 2605; x_wconf 84' lang='lat' dir='ltr'>expe</span> <span class='ocrx_word' id='word_1_374' title='bbox 874 2559 922 2595; x_wconf 86' lang='lat' dir='ltr'>&#39;et</span> <span class='ocrx_word' id='word_1_375' title='bbox 934 2561 964 2582; x_wconf 85' lang='lat'>¹⁰</span> <span class='ocrx_word' id='word_1_376' title='bbox 994 2560 1117 2596; x_wconf 90' lang='lat' dir='ltr'>heredi</span> <span class='ocrx_word' id='word_1_377' title='bbox 1147 2561 1265 2606; x_wconf 89' lang='lat' dir='ltr'>ipsum</span> 
     </span>
     <span class='ocr_line' id='line_1_50' title="bbox 173 2605 1264 2652; baseline -0.001 -10"><span class='ocrx_word' id='word_1_378' title='bbox 173 2606 424 2642; x_wconf 86' lang='lat' dir='ltr'>statuliberum</span> <span class='ocrx_word' id='word_1_379' title='bbox 462 2609 649 2652; x_wconf 85' lang='lat' dir='ltr'>praestare</span> <span class='ocrx_word' id='word_1_380' title='bbox 686 2605 798 2650; x_wconf 88' lang='lat' dir='ltr'>magis</span> <span class='ocrx_word' id='word_1_381' title='bbox 829 2614 937 2650; x_wconf 86' lang='lat' dir='ltr'>quam</span> <span class='ocrx_word' id='word_1_382' title='bbox 971 2606 1264 2641; x_wconf 80' lang='lat' dir='ltr'>aestimationem.</span> 
     </span>
     <span class='ocr_line' id='line_1_51' title="bbox 174 2650 1264 2696; baseline 0.001 -10"><span class='ocrx_word' id='word_1_383' title='bbox 174 2651 304 2686; x_wconf 81' lang='lat' dir='ltr'>etenim</span> <span class='ocrx_word' id='word_1_384' title='bbox 327 2651 608 2687; x_wconf 85' lang='lat' dir='ltr'>aestimationem</span> <span class='ocrx_word' id='word_1_385' title='bbox 637 2660 759 2686; x_wconf 88' lang='lat' dir='ltr'>veram</span> <span class='ocrx_word' id='word_1_386' title='bbox 789 2650 1006 2695; x_wconf 84' lang='lat' dir='ltr'>praestabit:</span> <span class='ocrx_word' id='word_1_387' title='bbox 1038 2650 1157 2696; x_wconf 91' lang='lat' dir='ltr'>ipsum</span> <span class='ocrx_word' id='word_1_388' title='bbox 1180 2661 1264 2687; x_wconf 92' lang='lat' dir='ltr'>vero</span> 
     </span>
     <span class='ocr_line' id='line_1_52' title="bbox 174 2695 1264 2738; baseline 0 -7"><span class='ocrx_word' id='word_1_389' title='bbox 174 2697 206 2731; x_wconf 89' lang='lat' dir='ltr'>si</span> <span class='ocrx_word' id='word_1_390' title='bbox 230 2695 375 2738; x_wconf 86' lang='lat' dir='ltr'>dederit,</span> <span class='ocrx_word' id='word_1_391' title='bbox 413 2696 588 2732; x_wconf 85' lang='lat' dir='ltr'>existente</span> <span class='ocrx_word' id='word_1_392' title='bbox 612 2695 822 2731; x_wconf 87' lang='lat' dir='ltr'>condicione</span> <span class='ocrx_word' id='word_1_393' title='bbox 852 2695 989 2730; x_wconf 88' lang='lat' dir='ltr'>nullum</span> <span class='ocrx_word' id='word_1_394' title='bbox 1012 2696 1142 2731; x_wconf 85' lang='lat' dir='ltr'>sentiet</span> <span class='ocrx_word' id='word_1_395' title='bbox 1165 2695 1264 2731; x_wconf 85' lang='lat' dir='ltr'>dam-</span> 
     </span>
     <span class='ocr_line' id='line_1_53' title="bbox 174 2741 1264 2785; baseline 0.002 -10"><span class='ocrx_word' id='word_1_396' title='bbox 174 2752 279 2776; x_wconf 89' lang='lat' dir='ltr'>num:</span> <span class='ocrx_word' id='word_1_397' title='bbox 313 2741 384 2775; x_wconf 90' lang='lat' dir='ltr'>iam</span> <span class='ocrx_word' id='word_1_398' title='bbox 408 2741 500 2776; x_wconf 89' lang='lat' dir='ltr'>enim</span> <span class='ocrx_word' id='word_1_399' title='bbox 523 2741 724 2776; x_wconf 84' lang='lat' dir='ltr'>aestimatio</span> <span class='ocrx_word' id='word_1_400' title='bbox 747 2743 874 2785; x_wconf 88' lang='lat' dir='ltr'>postea</span> <span class='ocrx_word' id='word_1_401' title='bbox 896 2750 970 2775; x_wconf 92' lang='lat' dir='ltr'>non</span> <span class='ocrx_word' id='word_1_402' title='bbox 1019 2741 1128 2776; x_wconf 90' lang='lat' dir='ltr'>etitur</span> <span class='ocrx_word' id='word_1_403' title='bbox 1151 2741 1197 2777; x_wconf 88' lang='lat' dir='ltr'>ab</span> <span class='ocrx_word' id='word_1_404' title='bbox 1221 2750 1264 2777; x_wconf 90' lang='lat' dir='ltr'>eo</span> 
     </span>
     <span class='ocr_line' id='line_1_54' title="bbox 175 2784 1266 2823; baseline 0 -2"><span class='ocrx_word' id='word_1_405' title='bbox 175 2789 197 2820; x_wconf 83' lang='grc'><strong>9</strong></span> <span class='ocrx_word' id='word_1_406' title='bbox 243 2785 396 2821; x_wconf 89' lang='lat' dir='ltr'>hominis</span> <span class='ocrx_word' id='word_1_407' title='bbox 425 2785 540 2821; x_wconf 90' lang='lat' dir='ltr'>liberi.</span> <span class='ocrx_word' id='word_1_408' title='bbox 596 2785 634 2821; x_wconf 93' lang='lat' dir='ltr'>Si</span> <span class='ocrx_word' id='word_1_409' title='bbox 665 2785 756 2821; x_wconf 88' lang='lat' dir='ltr'>duos</span> <span class='ocrx_word' id='word_1_410' title='bbox 787 2784 919 2820; x_wconf 84' lang='lat' dir='ltr'>fundos</span> <span class='ocrx_word' id='word_1_411' title='bbox 949 2785 999 2820; x_wconf 90' lang='lat' dir='ltr'>ha</span> <span class='ocrx_word' id='word_1_412' title='bbox 1024 2796 1088 2821; x_wconf 91' lang='lat' dir='ltr'>ens</span> <span class='ocrx_word' id='word_1_413' title='bbox 1110 2788 1266 2823; x_wconf 86' lang='lat' dir='ltr'>testator</span> 
     </span>
     <span class='ocr_line' id='line_1_55' title="bbox 176 2829 1264 2876; baseline 0.001 -11"><span class='ocrx_word' id='word_1_414' title='bbox 176 2830 323 2866; x_wconf 81' lang='lat' dir='ltr'>alterius</span> <span class='ocrx_word' id='word_1_415' title='bbox 348 2830 433 2865; x_wconf 91' lang='lat' dir='ltr'>mihi</span> <span class='ocrx_word' id='word_1_416' title='bbox 455 2842 561 2866; x_wconf 87' lang='lat' dir='ltr'>usum</span> <span class='ocrx_word' id='word_1_417' title='bbox 584 2830 753 2873; x_wconf 81' lang='lat' dir='ltr'>fructum,</span> <span class='ocrx_word' id='word_1_418' title='bbox 778 2830 929 2865; x_wconf 88' lang='lat' dir='ltr'>alterum</span> <span class='ocrx_word' id='word_1_419' title='bbox 953 2829 1049 2866; x_wconf 85' lang='lat' dir='ltr'>Titio</span> <span class='ocrx_word' id='word_1_420' title='bbox 1073 2831 1177 2876; x_wconf 91' lang='lat' dir='ltr'>leget,</span> <span class='ocrx_word' id='word_1_421' title='bbox 1201 2831 1264 2866; x_wconf 89' lang='lat' dir='ltr'>ad-</span> 
     </span>
     <span class='ocr_line' id='line_1_56' title="bbox 174 2874 1266 2922; baseline 0.001 -11"><span class='ocrx_word' id='word_1_422' title='bbox 174 2876 264 2912; x_wconf 88' lang='lat' dir='ltr'>itum</span> <span class='ocrx_word' id='word_1_423' title='bbox 286 2875 372 2910; x_wconf 92' lang='lat' dir='ltr'>mihi</span> <span class='ocrx_word' id='word_1_424' title='bbox 395 2875 588 2920; x_wconf 84' lang='lat' dir='ltr'>legatarius</span> <span class='ocrx_word' id='word_1_425' title='bbox 611 2886 685 2911; x_wconf 93' lang='lat' dir='ltr'>non</span> <span class='ocrx_word' id='word_1_426' title='bbox 708 2875 869 2911; x_wconf 71' lang='lat' dir='ltr'>debebitz</span> <span class='ocrx_word' id='word_1_427' title='bbox 904 2874 968 2911; x_wconf 90' lang='lat' dir='ltr'>sed</span> <span class='ocrx_word' id='word_1_428' title='bbox 991 2876 1096 2912; x_wconf 89' lang='lat' dir='ltr'>heres</span> <span class='ocrx_word' id='word_1_429' title='bbox 1125 2876 1266 2922; x_wconf 80' lang='lat' dir='ltr'>cogitur</span> 
     </span>
     <span class='ocr_line' id='line_1_57' title="bbox 175 2920 787 2966; baseline -0.002 -9"><span class='ocrx_word' id='word_1_430' title='bbox 175 2920 350 2957; x_wconf 84' lang='lat' dir='ltr'>redimere</span> <span class='ocrx_word' id='word_1_431' title='bbox 373 2920 509 2955; x_wconf 86' lang='lat' dir='ltr'>aditum</span> <span class='ocrx_word' id='word_1_432' title='bbox 531 2925 569 2957; x_wconf 92' lang='lat' dir='ltr'>et</span> <span class='ocrx_word' id='word_1_433' title='bbox 589 2924 787 2966; x_wconf 87' lang='lat' dir='ltr'>praestare.</span> 
     </span>
    </p>

    <p class='ocr_par' dir='ltr' id='par_1_4' title="bbox 176 2964 1266 3317">
     <span class='ocr_line' id='line_1_58' title="bbox 223 2964 1264 3003; baseline -0.002 0"><span class='ocrx_word' id='word_1_434' title='bbox 223 2964 277 3003; x_wconf 88' lang='grc'>45</span> <span class='ocrx_word' id='word_1_435' title='bbox 302 2964 531 3001; x_wconf 72' lang='lat' dir='ltr'>Poupomvs</span> <span class='ocrx_word' id='word_1_436' title='bbox 551 2966 642 3001; x_wconf 83' lang='lat' dir='ltr'>libro</span> <span class='ocrx_word' id='word_1_437' title='bbox 657 2970 764 3001; x_wconf 81' lang='lat' dir='ltr'>sexto</span> <span class='ocrx_word' id='word_1_438' title='bbox 788 2965 839 3001; x_wconf 84' lang='lat' dir='ltr'>ad</span> <span class='ocrx_word' id='word_1_439' title='bbox 856 2964 1030 3001; x_wconf 82' lang='lat' dir='ltr'>Sabinum</span> <span class='ocrx_word' id='word_1_440' title='bbox 1077 2964 1115 3002; x_wconf 89' lang='lat' dir='ltr'>Si</span> <span class='ocrx_word' id='word_1_441' title='bbox 1133 2975 1156 3001; x_wconf 92' lang='lat' dir='ltr'>a</span> <span class='ocrx_word' id='word_1_442' title='bbox 1179 2966 1264 3002; x_wconf 92' lang='lat' dir='ltr'>sub-</span> 
     </span>
     <span class='ocr_line' id='line_1_59' title="bbox 177 3010 1264 3064; baseline -0.001 -17"><span class='ocrx_word' id='word_1_443' title='bbox 177 3011 302 3064; x_wconf 76' lang='lat' dir='ltr'>stituto</span> <span class='ocrx_word' id='word_1_444' title='bbox 326 3010 451 3063; x_wconf 78' lang='lat' dir='ltr'>pupilli</span> <span class='ocrx_word' id='word_1_445' title='bbox 475 3010 622 3046; x_wconf 85' lang='lat' dir='ltr'>ancillas</span> <span class='ocrx_word' id='word_1_446' title='bbox 645 3011 711 3047; x_wconf 91' lang='lat' dir='ltr'>tibi</span> <span class='ocrx_word' id='word_1_447' title='bbox 734 3011 908 3063; x_wconf 77' lang='lat' dir='ltr'>legassem</span> <span class='ocrx_word' id='word_1_448' title='bbox 932 3020 1064 3063; x_wconf 81' lang='lat' dir='ltr'>easque</span> <span class='ocrx_word' id='word_1_449' title='bbox 1087 3014 1128 3046; x_wconf 86' lang='lat' dir='ltr'>tu</span> <span class='ocrx_word' id='word_1_450' title='bbox 1152 3021 1175 3046; x_wconf 92' lang='lat' dir='ltr'>a</span> <span class='ocrx_word' id='word_1_451' title='bbox 1197 3022 1264 3056; x_wconf 89' lang='lat' dir='ltr'>pu-</span> 
     </span>
     <span class='ocr_line' id='line_1_60' title="bbox 176 3055 1266 3153; baseline 0.001 -17"><span class='ocrx_word' id='word_1_452' title='bbox 176 3056 518 3153; x_wconf 56' lang='lat' dir='ltr'>i&#39;ffiffifffflufiiss</span> <span class='ocrx_word' id='word_1_453' title='bbox 540 3055 987 3153; x_wconf 56' lang='grc' dir='ltr'>ιῖἓζῖἳέἲῖεεῗὲῗῃὲἓέ</span> <span class='ocrx_word' id='word_1_454' title='bbox 1018 3056 1266 3137; x_wconf 58' lang='lat' dir='ltr'>ss‘zssffiffzss</span> 
     </span>
     <span class='ocr_line' id='line_1_61' title="bbox 181 3145 1264 3192; baseline 0 -11"><span class='ocrx_word' id='word_1_455' title='bbox 181 3150 196 3181; x_wconf 88' lang='lat'><em>1</em></span> <span class='ocrx_word' id='word_1_456' title='bbox 247 3145 373 3182; x_wconf 85' lang='lat' dir='ltr'>Ofilius</span> <span class='ocrx_word' id='word_1_457' title='bbox 395 3145 564 3191; x_wconf 89' lang='lat' dir='ltr'>probant.</span> <span class='ocrx_word' id='word_1_458' title='bbox 610 3146 721 3181; x_wconf 88' lang='lat' dir='ltr'>Heres</span> <span class='ocrx_word' id='word_1_459' title='bbox 736 3145 949 3192; x_wconf 79' lang='lat' dir='ltr'>generaliter</span> <span class='ocrx_word' id='word_1_460' title='bbox 972 3145 1059 3181; x_wconf 88' lang='lat' dir='ltr'>dare</span> <span class='ocrx_word' id='word_1_461' title='bbox 1075 3146 1264 3182; x_wconf 90' lang='lat' dir='ltr'>damnatus</span> 
     </span>
     <span class='ocr_line' id='line_1_62' title="bbox 181 3190 1266 3235; baseline 0 -9"><span class='ocrx_word' id='word_1_462' title='bbox 181 3191 345 3226; x_wconf 80' lang='lat' dir='ltr'>¹¹sanum</span> <span class='ocrx_word' id='word_1_463' title='bbox 369 3199 450 3226; x_wconf 89' lang='lat' dir='ltr'>eum</span> <span class='ocrx_word' id='word_1_464' title='bbox 468 3200 547 3225; x_wconf 86' lang='lat' dir='ltr'>esse</span> <span class='ocrx_word' id='word_1_465' title='bbox 561 3191 767 3235; x_wconf 88' lang='lat' dir='ltr'>promittere</span> <span class='ocrx_word' id='word_1_466' title='bbox 783 3201 856 3226; x_wconf 92' lang='lat' dir='ltr'>non</span> <span class='ocrx_word' id='word_1_467' title='bbox 879 3190 995 3233; x_wconf 89' lang='lat' dir='ltr'>debet,</span> <span class='ocrx_word' id='word_1_468' title='bbox 1020 3191 1084 3227; x_wconf 92' lang='lat' dir='ltr'>sed</span> <span class='ocrx_word' id='word_1_469' title='bbox 1105 3191 1212 3226; x_wconf 83' lang='lat' dir='ltr'>furtis</span> <span class='ocrx_word' id='word_1_470' title='bbox 1230 3195 1266 3227; x_wconf 92' lang='lat' dir='ltr'>et</span> 
     </span>
     <span class='ocr_line' id='line_1_63' title="bbox 177 3235 1265 3317; baseline 0.001 -2"><span class='ocrx_word' id='word_1_471' title='bbox 177 3236 293 3317; x_wconf 54' lang='lat'>333¹}</span> <span class='ocrx_word' id='word_1_472' title='bbox 315 3235 473 3316; x_wconf 50' lang='lat'>{2¹23</span> <span class='ocrx_word' id='word_1_473' title='bbox 486 3235 981 3316; x_wconf 51' lang='lat' dir='ltr'>ssffl‘ffimsssfflffi</span> <span class='ocrx_word' id='word_1_474' title='bbox 1005 3236 1090 3316; x_wconf 46' lang='grc' dir='ltr'>ἓξ</span> <span class='ocrx_word' id='word_1_475' title='bbox 1102 3236 1265 3316; x_wconf 53' lang='lat' dir='ltr'>{mg</span> 
     </span>
    </p>

    <p class='ocr_par' dir='ltr' id='par_1_5' title="bbox 177 3292 1263 3505">
     <span class='ocr_line' id='line_1_64' title="bbox 284 3292 1005 3323; baseline 0 -7"><span class='ocrx_word' id='word_1_476' title='bbox 284 3308 295 3323; x_wconf 92' lang='lat'>,</span> <span class='ocrx_word' id='word_1_477' title='bbox 756 3294 765 3316; x_wconf 73' lang='lat' dir='ltr'>z</span> <span class='ocrx_word' id='word_1_478' title='bbox 981 3292 1005 3316; x_wconf 94' lang='lat' dir='ltr'>u</span> 
     </span>
     <span class='ocr_line' id='line_1_65' title="bbox 177 3325 1263 3423; baseline 0.001 -17"><span class='ocrx_word' id='word_1_479' title='bbox 177 3325 1263 3423; x_wconf 39' lang='lat' dir='ltr'>&amp;tvisstasseis2321113‘3‘102312113‘,aasz</span> 
     </span>
     <span class='ocr_line' id='line_1_66' title="bbox 179 3414 1263 3461; baseline 0.001 -11"><span class='ocrx_word' id='word_1_480' title='bbox 179 3425 259 3450; x_wconf 88' lang='lat' dir='ltr'>euin</span> <span class='ocrx_word' id='word_1_481' title='bbox 282 3416 415 3451; x_wconf 89' lang='lat' dir='ltr'>habere</span> <span class='ocrx_word' id='word_1_482' title='bbox 438 3415 581 3451; x_wconf 90' lang='lat' dir='ltr'>domino</span> <span class='ocrx_word' id='word_1_483' title='bbox 604 3414 721 3457; x_wconf 88' lang='lat' dir='ltr'>hceat,</span> <span class='ocrx_word' id='word_1_484' title='bbox 759 3418 864 3450; x_wconf 87' lang='lat' dir='ltr'>sicuti</span> <span class='ocrx_word' id='word_1_485' title='bbox 887 3415 934 3450; x_wconf 95' lang='lat' dir='ltr'>ob</span> <span class='ocrx_word' id='word_1_486' title='bbox 957 3415 1013 3458; x_wconf 92' lang='lat' dir='ltr'>id,</span> <span class='ocrx_word' id='word_1_487' title='bbox 1045 3416 1142 3461; x_wconf 87' lang='lat' dir='ltr'>quod</span> <span class='ocrx_word' id='word_1_488' title='bbox 1173 3416 1263 3452; x_wconf 89' lang='lat' dir='ltr'>obli-</span> 
     </span>
     <span class='ocr_line' id='line_1_67' title="bbox 178 3459 1261 3505; baseline 0.001 -9"><span class='ocrx_word' id='word_1_489' title='bbox 178 3464 282 3504; x_wconf 83' lang='lat' dir='ltr'>gatus</span> <span class='ocrx_word' id='word_1_490' title='bbox 306 3464 362 3496; x_wconf 86' lang='lat' dir='ltr'>est</span> <span class='ocrx_word' id='word_1_491' title='bbox 382 3460 528 3503; x_wconf 83' lang='lat' dir='ltr'>fundus,</span> <span class='ocrx_word' id='word_1_492' title='bbox 552 3459 715 3496; x_wconf 87' lang='lat' dir='ltr'>accidere</span> <span class='ocrx_word' id='word_1_493' title='bbox 729 3459 853 3505; x_wconf 86' lang='lat' dir='ltr'>possit,</span> <span class='ocrx_word' id='word_1_494' title='bbox 878 3463 920 3495; x_wconf 90' lang='lat' dir='ltr'>ut</span> <span class='ocrx_word' id='word_1_495' title='bbox 942 3470 1023 3496; x_wconf 90' lang='lat' dir='ltr'>euni</span> <span class='ocrx_word' id='word_1_496' title='bbox 1041 3461 1175 3496; x_wconf 90' lang='lat' dir='ltr'>habere</span> <span class='ocrx_word' id='word_1_497' title='bbox 1198 3461 1261 3497; x_wconf 88' lang='lat' dir='ltr'>do-</span> 
     </span>
    </p>
   </div>
   <div class='ocr_carea' id='block_1_3' title="bbox 180 3617 1262 3751">
    <p class='ocr_par' dir='ltr' id='par_1_6' title="bbox 180 3617 1262 3751">
     <span class='ocr_line' id='line_1_68' title="bbox 180 3617 1261 3661; baseline -0.001 -10"><span class='ocrx_word' id='word_1_498' title='bbox 180 3620 220 3658; x_wconf 91' lang='grc' dir='ltr'>(ι)</span> <span class='ocrx_word' id='word_1_499' title='bbox 245 3627 313 3651; x_wconf 87' lang='lat' dir='ltr'>non</span> <span class='ocrx_word' id='word_1_500' title='bbox 326 3629 385 3651; x_wconf 78' lang='lat' dir='ltr'>om.</span> <span class='ocrx_word' id='word_1_501' title='bbox 399 3618 435 3651; x_wconf 75' lang='lat' dir='ltr'><em>F</em></span> <span class='ocrx_word' id='word_1_502' title='bbox 494 3619 537 3659; x_wconf 76' lang='lat'>(2)</span> <span class='ocrx_word' id='word_1_503' title='bbox 562 3620 601 3650; x_wconf 88' lang='lat' dir='ltr'>ut</span> <span class='ocrx_word' id='word_1_504' title='bbox 612 3619 771 3661; x_wconf 82' lang='lat' dir='ltr'>praestet.</span> <span class='ocrx_word' id='word_1_505' title='bbox 783 3617 849 3650; x_wconf 83' lang='lat' dir='ltr'>erit</span> <span class='ocrx_word' id='word_1_506' title='bbox 860 3619 979 3659; x_wconf 82' lang='lat' dir='ltr'>poenis</span> <span class='ocrx_word' id='word_1_507' title='bbox 991 3630 1053 3652; x_wconf 75' lang='lat' dir='ltr'>cer.</span> <span class='ocrx_word' id='word_1_508' title='bbox 1125 3620 1168 3660; x_wconf 75' lang='grc'>(3)</span> <span class='ocrx_word' id='word_1_509' title='bbox 1193 3627 1261 3650; x_wconf 89' lang='lat' dir='ltr'>non</span> 
     </span>
     <span class='ocr_line' id='line_1_69' title="bbox 181 3661 1262 3706; baseline 0.003 -13"><span class='ocrx_word' id='word_1_510' title='bbox 181 3662 260 3695; x_wconf 83' lang='lat' dir='ltr'>utS</span> <span class='ocrx_word' id='word_1_511' title='bbox 373 3664 416 3703; x_wconf 77' lang='grc'>(4)</span> <span class='ocrx_word' id='word_1_512' title='bbox 439 3664 483 3705; x_wconf 64' lang='grc' dir='ltr'>ιφ.</span> <span class='ocrx_word' id='word_1_513' title='bbox 504 3662 667 3706; x_wconf 72' lang='lat' dir='ltr'>Ulpianus</span> <span class='ocrx_word' id='word_1_514' title='bbox 679 3662 724 3695; x_wconf 91' lang='lat' dir='ltr'>D.</span> <span class='ocrx_word' id='word_1_515' title='bbox 737 3663 793 3703; x_wconf 79' lang='lat'>24,</span> <span class='ocrx_word' id='word_1_516' title='bbox 807 3669 832 3703; x_wconf 88' lang='lat' dir='ltr'>i,</span> <span class='ocrx_word' id='word_1_517' title='bbox 845 3669 880 3695; x_wconf 77' lang='lat'>⁴⁵</span> <span class='ocrx_word' id='word_1_518' title='bbox 1020 3667 1063 3699; x_wconf 74' lang='lat' dir='ltr'>‹s›</span> <span class='ocrx_word' id='word_1_519' title='bbox 1087 3661 1192 3696; x_wconf 67' lang='lat' dir='ltr'>siim.</span> <span class='ocrx_word' id='word_1_520' title='bbox 1207 3662 1262 3696; x_wconf 79' lang='lat' dir='ltr'>F²</span> 
     </span>
     <span class='ocr_line' id='line_1_70' title="bbox 181 3707 1262 3751; baseline 0.001 -12"><span class='ocrx_word' id='word_1_521' title='bbox 181 3710 226 3747; x_wconf 77' lang='lat' dir='ltr'>(e)</span> <span class='ocrx_word' id='word_1_522' title='bbox 250 3707 343 3739; x_wconf 80' lang='lat' dir='ltr'>adita</span> <span class='ocrx_word' id='word_1_523' title='bbox 351 3707 520 3740; x_wconf 74' lang='lat' dir='ltr'>hereditas</span> <span class='ocrx_word' id='word_1_524' title='bbox 535 3708 608 3740; x_wconf 67' lang='grc' dir='ltr'>ΡΜ·</span> <span class='ocrx_word' id='word_1_525' title='bbox 686 3710 729 3749; x_wconf 77' lang='lat'>(7)</span> <span class='ocrx_word' id='word_1_526' title='bbox 754 3707 961 3750; x_wconf 76' lang='lat' dir='ltr'>digestorum</span> <span class='ocrx_word' id='word_1_527' title='bbox 973 3709 1032 3740; x_wconf 73' lang='lat' dir='ltr'>i’ns.</span> <span class='ocrx_word' id='word_1_528' title='bbox 1049 3707 1099 3740; x_wconf 65' lang='grc' dir='ltr'>Γ*</span> <span class='ocrx_word' id='word_1_529' title='bbox 1169 3709 1216 3751; x_wconf 84' lang='grc'>(8)</span> <span class='ocrx_word' id='word_1_530' title='bbox 1228 3710 1262 3741; x_wconf 83' lang='lat' dir='ltr'>et</span> 
     </span>
    </p>
   </div>
   <div class='ocr_carea' id='block_1_4' title="bbox 1251 92 1334 141">
    <p class='ocr_par' dir='ltr' id='par_1_7' title="bbox 1251 92 1334 141">
     <span class='ocr_line' id='line_1_71' title="bbox 1251 92 1334 141; baseline 0 0"><span class='ocrx_word' id='word_1_531' title='bbox 1251 92 1334 141; x_wconf 68' lang='lat'>421)</span> 
     </span>
    </p>
   </div>
   <div class='ocr_carea' id='block_1_5' title="bbox 1157 3558 1306 3563">
    <p class='ocr_par' dir='ltr' id='par_1_8' title="bbox 1157 3558 1306 3563">
     <span class='ocr_line' id='line_1_72' title="bbox 1157 3558 1306 3563; baseline 0 0"><span class='ocrx_word' id='word_1_532' title='bbox 1157 3558 1306 3563; x_wconf 95' lang='lat' dir='ltr'> </span> 
     </span>
    </p>
   </div>
   <div class='ocr_carea' id='block_1_6' title="bbox 1516 33 1585 92">
    <p class='ocr_par' dir='ltr' id='par_1_9' title="bbox 1516 33 1585 92">
     <span class='ocr_line' id='line_1_73' title="bbox 1516 33 1585 92; baseline 0 0"><span class='ocrx_word' id='word_1_533' title='bbox 1516 33 1585 92; x_wconf 33' lang='grc' dir='ltr'>Ἣ</span> 
     </span>
    </p>
   </div>
   <div class='ocr_carea' id='block_1_7' title="bbox 2134 109 2414 145">
    <p class='ocr_par' dir='ltr' id='par_1_10' title="bbox 2134 109 2414 145">
     <span class='ocr_line' id='line_1_74' title="bbox 2134 109 2414 145; baseline 0.014 -5"><span class='ocrx_word' id='word_1_534' title='bbox 2134 109 2196 140; x_wconf 78' lang='grc' dir='ltr'>ΒΕ</span> <span class='ocrx_word' id='word_1_535' title='bbox 2225 110 2414 145; x_wconf 62' lang='lat' dir='ltr'>manns</span> 
     </span>
    </p>
   </div>
   <div class='ocr_carea' id='block_1_8' title="bbox 1328 217 2423 3504">
    <p class='ocr_par' dir='ltr' id='par_1_11' title="bbox 1328 217 2414 310">
     <span class='ocr_line' id='line_1_75' title="bbox 1331 217 2414 266; baseline 0 -12"><span class='ocrx_word' id='word_1_536' title='bbox 1331 221 1351 254; x_wconf 86' lang='lat'><strong>2</strong></span> <span class='ocrx_word' id='word_1_537' title='bbox 1397 218 1493 256; x_wconf 88' lang='lat' dir='ltr'>mino</span> <span class='ocrx_word' id='word_1_538' title='bbox 1517 229 1589 256; x_wconf 89' lang='lat' dir='ltr'>non</span> <span class='ocrx_word' id='word_1_539' title='bbox 1609 218 1729 255; x_wconf 88' lang='lat' dir='ltr'>liceat.</span> <span class='ocrx_word' id='word_1_540' title='bbox 1776 217 1814 254; x_wconf 89' lang='lat' dir='ltr'>Si</span> <span class='ocrx_word' id='word_1_541' title='bbox 1832 228 1915 254; x_wconf 82' lang='lat' dir='ltr'>vero</span> <span class='ocrx_word' id='word_1_542' title='bbox 1936 221 2055 253; x_wconf 90' lang='lat' dir='ltr'>certus</span> <span class='ocrx_word' id='word_1_543' title='bbox 2070 217 2175 255; x_wconf 90' lang='lat' dir='ltr'>homo</span> <span class='ocrx_word' id='word_1_544' title='bbox 2195 219 2332 266; x_wconf 75' lang='lat' dir='ltr'>legatus</span> <span class='ocrx_word' id='word_1_545' title='bbox 2348 227 2414 266; x_wconf 76' lang='lat' dir='ltr'>est,</span> 
     </span>
     <span class='ocr_line' id='line_1_76' title="bbox 1328 263 1880 310; baseline -0.002 -11"><span class='ocrx_word' id='word_1_546' title='bbox 1328 263 1412 299; x_wconf 87' lang='lat' dir='ltr'>talis</span> <span class='ocrx_word' id='word_1_547' title='bbox 1436 264 1515 300; x_wconf 90' lang='lat' dir='ltr'>dari</span> <span class='ocrx_word' id='word_1_548' title='bbox 1537 264 1654 306; x_wconf 87' lang='lat' dir='ltr'>debet,</span> <span class='ocrx_word' id='word_1_549' title='bbox 1676 263 1791 310; x_wconf 82' lang='lat' dir='ltr'>qualis</span> <span class='ocrx_word' id='word_1_550' title='bbox 1814 267 1880 299; x_wconf 89' lang='lat' dir='ltr'>est.</span> 
     </span>
    </p>

    <p class='ocr_par' dir='ltr' id='par_1_12' title="bbox 1331 306 2414 451">
     <span class='ocr_line' id='line_1_77' title="bbox 1377 306 2413 356; baseline 0.003 -11"><span class='ocrx_word' id='word_1_551' title='bbox 1377 306 1431 346; x_wconf 88' lang='grc'>46</span> <span class='ocrx_word' id='word_1_552' title='bbox 1455 308 1562 345; x_wconf 70' lang='grc' dir='ltr'>Ιιιιι(</span> <span class='ocrx_word' id='word_1_553' title='bbox 1581 309 1672 346; x_wconf 79' lang='lat' dir='ltr'>libro</span> <span class='ocrx_word' id='word_1_554' title='bbox 1694 319 1792 344; x_wconf 80' lang='lat' dir='ltr'>nono</span> <span class='ocrx_word' id='word_1_555' title='bbox 1869 308 2057 343; x_wconf 68' lang='lat' dir='ltr'>mularum</span> <span class='ocrx_word' id='word_1_556' title='bbox 2106 308 2206 354; x_wconf 81' lang='lat' dir='ltr'>Quae</span> <span class='ocrx_word' id='word_1_557' title='bbox 2229 309 2275 345; x_wconf 89' lang='lat' dir='ltr'>de</span> <span class='ocrx_word' id='word_1_558' title='bbox 2296 311 2413 356; x_wconf 83' lang='lat' dir='ltr'>legato</span> 
     </span>
     <span class='ocr_line' id='line_1_78' title="bbox 1331 352 2414 401; baseline 0.005 -13"><span class='ocrx_word' id='word_1_559' title='bbox 1331 353 1428 388; x_wconf 87' lang='lat' dir='ltr'>dicta</span> <span class='ocrx_word' id='word_1_560' title='bbox 1450 358 1546 397; x_wconf 89' lang='lat' dir='ltr'>sunt,</span> <span class='ocrx_word' id='word_1_561' title='bbox 1569 353 1692 390; x_wconf 86' lang='lat' dir='ltr'>eadem</span> <span class='ocrx_word' id='word_1_562' title='bbox 1715 357 1817 389; x_wconf 90' lang='lat' dir='ltr'>trans</span> <span class='ocrx_word' id='word_1_563' title='bbox 1834 362 1912 388; x_wconf 85' lang='lat' dir='ltr'>erre</span> <span class='ocrx_word' id='word_1_564' title='bbox 1934 352 2057 388; x_wconf 87' lang='lat' dir='ltr'>licebit</span> <span class='ocrx_word' id='word_1_565' title='bbox 2078 353 2126 388; x_wconf 88' lang='lat' dir='ltr'>ad</span> <span class='ocrx_word' id='word_1_566' title='bbox 2149 364 2240 397; x_wconf 85' lang='lat' dir='ltr'>eum,</span> <span class='ocrx_word' id='word_1_567' title='bbox 2275 356 2335 401; x_wconf 87' lang='lat' dir='ltr'>qui</span> <span class='ocrx_word' id='word_1_568' title='bbox 2358 357 2414 393; x_wconf 82' lang='lat' dir='ltr'>vel</span> 
     </span>
     <span class='ocr_line' id='line_1_79' title="bbox 1331 397 2108 451; baseline 0 -18"><span class='ocrx_word' id='word_1_569' title='bbox 1331 398 1494 433; x_wconf 90' lang='lat' dir='ltr'>Stichum</span> <span class='ocrx_word' id='word_1_570' title='bbox 1516 398 1573 435; x_wconf 86' lang='lat' dir='ltr'>vel</span> <span class='ocrx_word' id='word_1_571' title='bbox 1594 398 1772 434; x_wconf 87' lang='lat' dir='ltr'>hominem</span> <span class='ocrx_word' id='word_1_572' title='bbox 1795 398 1873 433; x_wconf 89' lang='lat' dir='ltr'>dari</span> <span class='ocrx_word' id='word_1_573' title='bbox 1894 397 2108 451; x_wconf 83' lang='lat' dir='ltr'>promiserit.</span> 
     </span>
    </p>

    <p class='ocr_par' dir='ltr' id='par_1_13' title="bbox 1330 441 2423 2595">
     <span class='ocr_line' id='line_1_80' title="bbox 1377 441 2415 481; baseline 0.002 -1"><span class='ocrx_word' id='word_1_574' title='bbox 1377 441 1430 480; x_wconf 90' lang='grc'>47</span> <span class='ocrx_word' id='word_1_575' title='bbox 1462 443 1657 480; x_wconf 65' lang='lat' dir='ltr'>Uzmnvs</span> <span class='ocrx_word' id='word_1_576' title='bbox 1675 444 1767 480; x_wconf 76' lang='lat' dir='ltr'>libro</span> <span class='ocrx_word' id='word_1_577' title='bbox 1790 444 1955 479; x_wconf 51' lang='lat' dir='ltr'>vicesimo</span> <span class='ocrx_word' id='word_1_578' title='bbox 1988 443 2146 478; x_wconf 80' lang='lat' dir='ltr'>secundo</span> <span class='ocrx_word' id='word_1_579' title='bbox 2169 443 2220 480; x_wconf 76' lang='lat' dir='ltr'>aa</span> <span class='ocrx_word' id='word_1_580' title='bbox 2240 443 2415 481; x_wconf 65' lang='lat' dir='ltr'>sabaium</span> 
     </span>
     <span class='ocr_line' id='line_1_81' title="bbox 1332 487 2415 534; baseline 0.004 -11"><span class='ocrx_word' id='word_1_581' title='bbox 1332 488 1421 524; x_wconf 90' lang='lat' dir='ltr'>Cum</span> <span class='ocrx_word' id='word_1_582' title='bbox 1443 498 1501 524; x_wconf 90' lang='lat' dir='ltr'>res</span> <span class='ocrx_word' id='word_1_583' title='bbox 1524 489 1643 534; x_wconf 87' lang='lat' dir='ltr'>legata</span> <span class='ocrx_word' id='word_1_584' title='bbox 1664 492 1730 531; x_wconf 89' lang='lat' dir='ltr'>est,</span> <span class='ocrx_word' id='word_1_585' title='bbox 1753 488 1784 524; x_wconf 88' lang='lat' dir='ltr'>si</span> <span class='ocrx_word' id='word_1_586' title='bbox 1807 487 1948 533; x_wconf 87' lang='lat' dir='ltr'>quidem</span> <span class='ocrx_word' id='word_1_587' title='bbox 1972 488 2120 533; x_wconf 86' lang='lat' dir='ltr'>propria</span> <span class='ocrx_word' id='word_1_588' title='bbox 2141 487 2212 524; x_wconf 80' lang='lat' dir='ltr'>fuit</span> <span class='ocrx_word' id='word_1_589' title='bbox 2233 490 2415 527; x_wconf 88' lang='lat' dir='ltr'>testatoris</span> 
     </span>
     <span class='ocr_line' id='line_1_82' title="bbox 1331 532 2414 579; baseline 0.002 -10"><span class='ocrx_word' id='word_1_590' title='bbox 1331 537 1368 569; x_wconf 89' lang='lat' dir='ltr'>et</span> <span class='ocrx_word' id='word_1_591' title='bbox 1390 534 1531 579; x_wconf 87' lang='lat' dir='ltr'>copiam</span> <span class='ocrx_word' id='word_1_592' title='bbox 1554 533 1630 570; x_wconf 87' lang='lat' dir='ltr'>eius</span> <span class='ocrx_word' id='word_1_593' title='bbox 1652 533 1773 575; x_wconf 88' lang='lat' dir='ltr'>habet,</span> <span class='ocrx_word' id='word_1_594' title='bbox 1798 534 1899 568; x_wconf 67' lang='lat' dir='ltr'>heres</span> <span class='ocrx_word' id='word_1_595' title='bbox 1915 543 2051 568; x_wconf 89' lang='lat' dir='ltr'>moram</span> <span class='ocrx_word' id='word_1_596' title='bbox 2073 532 2195 569; x_wconf 82' lang='lat' dir='ltr'>facere</span> <span class='ocrx_word' id='word_1_597' title='bbox 2210 545 2283 571; x_wconf 91' lang='lat' dir='ltr'>non</span> <span class='ocrx_word' id='word_1_598' title='bbox 2296 534 2414 579; x_wconf 85' lang='lat' dir='ltr'>debet,</span> 
     </span>
     <span class='ocr_line' id='line_1_83' title="bbox 1330 578 2415 632; baseline 0.002 -18"><span class='ocrx_word' id='word_1_599' title='bbox 1330 578 1401 631; x_wconf 47' lang='lat' dir='ltr'>sed·</span> <span class='ocrx_word' id='word_1_600' title='bbox 1427 588 1506 614; x_wconf 88' lang='lat' dir='ltr'>eam</span> <span class='ocrx_word' id='word_1_601' title='bbox 1536 582 1728 632; x_wconf 59' lang='lat' dir='ltr'>praestare:</span> <span class='ocrx_word' id='word_1_602' title='bbox 1787 578 1851 614; x_wconf 86' lang='lat' dir='ltr'>sed</span> <span class='ocrx_word' id='word_1_603' title='bbox 1881 578 1912 613; x_wconf 89' lang='lat' dir='ltr'>si</span> <span class='ocrx_word' id='word_1_604' title='bbox 1942 588 1999 630; x_wconf 75' lang='lat' dir='ltr'>res</span> <span class='ocrx_word' id='word_1_605' title='bbox 2027 578 2118 630; x_wconf 31' lang='lat' dir='ltr'>‘alibi</span> <span class='ocrx_word' id='word_1_606' title='bbox 2148 579 2196 614; x_wconf 90' lang='lat' dir='ltr'>sit</span> <span class='ocrx_word' id='word_1_607' title='bbox 2225 590 2331 625; x_wconf 86' lang='lat' dir='ltr'>quam</span> <span class='ocrx_word' id='word_1_608' title='bbox 2354 581 2415 616; x_wconf 87' lang='lat' dir='ltr'>ubi</span> 
     </span>
     <span class='ocr_line' id='line_1_84' title="bbox 1330 622 2417 720; baseline 0.003 -17"><span class='ocrx_word' id='word_1_609' title='bbox 1330 622 2417 720; x_wconf 50' lang='grc' dir='ltr'>Ξῖῗῗὲιοῖιωεέῖἐέᾱὲἧῗᾙὲἑοέ”ὲῗὲῗ9,,ῒῖῐὲἲῖῗέἒί</span> 
     </span>
     <span class='ocr_line' id='line_1_85' title="bbox 1330 712 2418 759; baseline 0.003 -11"><span class='ocrx_word' id='word_1_610' title='bbox 1330 713 1454 755; x_wconf 90' lang='lat' dir='ltr'>voluit,</span> <span class='ocrx_word' id='word_1_611' title='bbox 1477 713 1529 749; x_wconf 93' lang='lat' dir='ltr'>ibi</span> <span class='ocrx_word' id='word_1_612' title='bbox 1550 712 1768 759; x_wconf 87' lang='lat' dir='ltr'>praestanda</span> <span class='ocrx_word' id='word_1_613' title='bbox 1790 716 1855 754; x_wconf 88' lang='lat' dir='ltr'>est,</span> <span class='ocrx_word' id='word_1_614' title='bbox 1882 713 1946 748; x_wconf 86' lang='lat' dir='ltr'>ubi</span> <span class='ocrx_word' id='word_1_615' title='bbox 1969 717 2121 749; x_wconf 89' lang='lat' dir='ltr'>testator</span> <span class='ocrx_word' id='word_1_616' title='bbox 2143 713 2256 749; x_wconf 88' lang='lat' dir='ltr'>voluit</span> <span class='ocrx_word' id='word_1_617' title='bbox 2277 715 2332 750; x_wconf 93' lang='lat' dir='ltr'>vel</span> <span class='ocrx_word' id='word_1_618' title='bbox 2355 716 2418 751; x_wconf 92' lang='lat' dir='ltr'>ubi</span> 
     </span>
     <span class='ocr_line' id='line_1_86' title="bbox 1331 758 2419 796; baseline 0.002 -3"><span class='ocrx_word' id='word_1_619' title='bbox 1331 758 1519 794; x_wconf 88' lang='lat' dir='ltr'>verisimile</span> <span class='ocrx_word' id='word_1_620' title='bbox 1549 761 1605 794; x_wconf 91' lang='lat' dir='ltr'>est</span> <span class='ocrx_word' id='word_1_621' title='bbox 1634 768 1715 794; x_wconf 89' lang='lat' dir='ltr'>eum</span> <span class='ocrx_word' id='word_1_622' title='bbox 1744 758 1916 794; x_wconf 83' lang='lat' dir='ltr'>voluisse:</span> <span class='ocrx_word' id='word_1_623' title='bbox 1949 762 1985 792; x_wconf 90' lang='lat' dir='ltr'>et</span> <span class='ocrx_word' id='word_1_624' title='bbox 2016 758 2069 793; x_wconf 90' lang='lat' dir='ltr'>ita</span> <span class='ocrx_word' id='word_1_625' title='bbox 2090 758 2250 795; x_wconf 91' lang='lat' dir='ltr'>Iulianus</span> <span class='ocrx_word' id='word_1_626' title='bbox 2274 761 2346 795; x_wconf 91' lang='lat' dir='ltr'>scri</span> <span class='ocrx_word' id='word_1_627' title='bbox 2371 761 2419 796; x_wconf 88' lang='lat' dir='ltr'>sit</span> 
     </span>
     <span class='ocr_line' id='line_1_87' title="bbox 1331 802 2419 849; baseline 0.003 -11"><span class='ocrx_word' id='word_1_628' title='bbox 1331 807 1405 839; x_wconf 79' lang='lat' dir='ltr'>tam</span> <span class='ocrx_word' id='word_1_629' title='bbox 1427 803 1466 838; x_wconf 92' lang='lat' dir='ltr'>in</span> <span class='ocrx_word' id='word_1_630' title='bbox 1489 803 1644 849; x_wconf 86' lang='lat' dir='ltr'>propriis</span> <span class='ocrx_word' id='word_1_631' title='bbox 1668 813 1774 849; x_wconf 88' lang='lat' dir='ltr'>quam</span> <span class='ocrx_word' id='word_1_632' title='bbox 1797 803 1835 838; x_wconf 91' lang='lat' dir='ltr'>in</span> <span class='ocrx_word' id='word_1_633' title='bbox 1858 802 1982 837; x_wconf 87' lang='lat' dir='ltr'>alienis</span> <span class='ocrx_word' id='word_1_634' title='bbox 2005 802 2141 848; x_wconf 85' lang='lat' dir='ltr'>legatis.</span> <span class='ocrx_word' id='word_1_635' title='bbox 2190 804 2254 840; x_wconf 89' lang='lat' dir='ltr'>sed</span> <span class='ocrx_word' id='word_1_636' title='bbox 2277 805 2308 840; x_wconf 90' lang='lat' dir='ltr'>si</span> <span class='ocrx_word' id='word_1_637' title='bbox 2369 806 2419 841; x_wconf 92' lang='lat' dir='ltr'>ibi</span> 
     </span>
     <span class='ocr_line' id='line_1_88' title="bbox 1331 847 2415 891; baseline 0.002 -7"><span class='ocrx_word' id='word_1_638' title='bbox 1331 848 1458 884; x_wconf 88' lang='lat' dir='ltr'>relicta</span> <span class='ocrx_word' id='word_1_639' title='bbox 1481 852 1547 891; x_wconf 87' lang='lat' dir='ltr'>est,</span> <span class='ocrx_word' id='word_1_640' title='bbox 1572 848 1659 884; x_wconf 91' lang='lat' dir='ltr'>alibi</span> <span class='ocrx_word' id='word_1_641' title='bbox 1682 852 1800 884; x_wconf 89' lang='lat' dir='ltr'>autem</span> <span class='ocrx_word' id='word_1_642' title='bbox 1825 847 1871 882; x_wconf 89' lang='lat' dir='ltr'>ab</span> <span class='ocrx_word' id='word_1_643' title='bbox 1894 847 2026 883; x_wconf 88' lang='lat' dir='ltr'>herede</span> <span class='ocrx_word' id='word_1_644' title='bbox 2055 848 2234 884; x_wconf 86' lang='lat' dir='ltr'>translata</span> <span class='ocrx_word' id='word_1_645' title='bbox 2256 854 2311 885; x_wconf 89' lang='lat' dir='ltr'>est</span> <span class='ocrx_word' id='word_1_646' title='bbox 2334 850 2415 886; x_wconf 91' lang='lat' dir='ltr'>dolo</span> 
     </span>
     <span class='ocr_line' id='line_1_89' title="bbox 1331 893 2417 946; baseline 0.003 -18"><span class='ocrx_word' id='word_1_647' title='bbox 1331 893 1426 929; x_wconf 92' lang='lat' dir='ltr'>malo</span> <span class='ocrx_word' id='word_1_648' title='bbox 1451 893 1544 929; x_wconf 89' lang='lat' dir='ltr'>eius:</span> <span class='ocrx_word' id='word_1_649' title='bbox 1570 893 1638 929; x_wconf 91' lang='lat' dir='ltr'>nisi</span> <span class='ocrx_word' id='word_1_650' title='bbox 1659 893 1710 928; x_wconf 91' lang='lat' dir='ltr'>ibi</span> <span class='ocrx_word' id='word_1_651' title='bbox 1728 896 1937 946; x_wconf 76' lang='lat' dir='ltr'>praestetur</span> <span class='ocrx_word' id='word_1_652' title='bbox 1955 893 2017 928; x_wconf 94' lang='lat' dir='ltr'>ubi</span> <span class='ocrx_word' id='word_1_653' title='bbox 2040 893 2186 938; x_wconf 89' lang='lat' dir='ltr'>petitur,</span> <span class='ocrx_word' id='word_1_654' title='bbox 2209 894 2313 930; x_wconf 86' lang='lat' dir='ltr'>heres</span> <span class='ocrx_word' id='word_1_655' title='bbox 2331 906 2417 931; x_wconf 90' lang='lat' dir='ltr'>con-</span> 
     </span>
     <span class='ocr_line' id='line_1_90' title="bbox 1332 938 2417 981; baseline 0.003 -8"><span class='ocrx_word' id='word_1_656' title='bbox 1332 938 1557 974; x_wconf 90' lang='lat' dir='ltr'>demnabitur</span> <span class='ocrx_word' id='word_1_657' title='bbox 1587 938 1659 974; x_wconf 90' lang='lat' dir='ltr'>doli</span> <span class='ocrx_word' id='word_1_658' title='bbox 1682 948 1738 974; x_wconf 88' lang='lat' dir='ltr'>sui</span> <span class='ocrx_word' id='word_1_659' title='bbox 1769 938 1929 973; x_wconf 89' lang='lat' dir='ltr'>nomine:</span> <span class='ocrx_word' id='word_1_660' title='bbox 1966 941 2123 973; x_wconf 83' lang='lat' dir='ltr'>ceterum</span> <span class='ocrx_word' id='word_1_661' title='bbox 2153 938 2185 974; x_wconf 87' lang='lat' dir='ltr'>si</span> <span class='ocrx_word' id='word_1_662' title='bbox 2216 939 2294 975; x_wconf 91' lang='lat' dir='ltr'>sine</span> <span class='ocrx_word' id='word_1_663' title='bbox 2323 940 2417 981; x_wconf 77' lang='lat' dir='ltr'>dolo,</span> 
     </span>
     <span class='ocr_line' id='line_1_91' title="bbox 1335 982 2419 1030; baseline 0.002 -12"><span class='ocrx_word' id='word_1_664' title='bbox 1335 987 1349 1018; x_wconf 83' lang='lat'>1</span> <span class='ocrx_word' id='word_1_665' title='bbox 1399 983 1450 1020; x_wconf 90' lang='lat' dir='ltr'>ibi</span> <span class='ocrx_word' id='word_1_666' title='bbox 1472 984 1725 1029; x_wconf 84' lang='lat' dir='ltr'>praestabitur,</span> <span class='ocrx_word' id='word_1_667' title='bbox 1750 993 1821 1028; x_wconf 87' lang='lat' dir='ltr'>quo</span> <span class='ocrx_word' id='word_1_668' title='bbox 1836 982 2032 1018; x_wconf 84' lang='lat' dir='ltr'>transtulit.</span> <span class='ocrx_word' id='word_1_669' title='bbox 2080 982 2152 1018; x_wconf 89' lang='lat' dir='ltr'>Sed</span> <span class='ocrx_word' id='word_1_670' title='bbox 2167 983 2199 1019; x_wconf 91' lang='lat' dir='ltr'>si</span> <span class='ocrx_word' id='word_1_671' title='bbox 2220 983 2258 1019; x_wconf 91' lang='lat' dir='ltr'>id</span> <span class='ocrx_word' id='word_1_672' title='bbox 2275 988 2419 1030; x_wconf 89' lang='lat' dir='ltr'>petatur</span> 
     </span>
     <span class='ocr_line' id='line_1_92' title="bbox 1330 1028 2419 1075; baseline 0.001 -11"><span class='ocrx_word' id='word_1_673' title='bbox 1330 1028 1427 1074; x_wconf 86' lang='lat' dir='ltr'>quod</span> <span class='ocrx_word' id='word_1_674' title='bbox 1449 1028 1608 1074; x_wconf 90' lang='lat' dir='ltr'>pondere</span> <span class='ocrx_word' id='word_1_675' title='bbox 1630 1038 1778 1064; x_wconf 89' lang='lat' dir='ltr'>numero</span> <span class='ocrx_word' id='word_1_676' title='bbox 1802 1037 1970 1062; x_wconf 86' lang='lat' dir='ltr'>mensura</span> <span class='ocrx_word' id='word_1_677' title='bbox 1986 1028 2198 1071; x_wconf 88' lang='lat' dir='ltr'>continetur,</span> <span class='ocrx_word' id='word_1_678' title='bbox 2223 1028 2254 1063; x_wconf 91' lang='lat' dir='ltr'>si</span> <span class='ocrx_word' id='word_1_679' title='bbox 2277 1030 2419 1075; x_wconf 83' lang='lat' dir='ltr'>quidem</span> 
     </span>
     <span class='ocr_line' id='line_1_93' title="bbox 1331 1071 2419 1119; baseline 0.002 -10"><span class='ocrx_word' id='word_1_680' title='bbox 1331 1077 1469 1109; x_wconf 89' lang='lat' dir='ltr'>certum</span> <span class='ocrx_word' id='word_1_681' title='bbox 1492 1084 1622 1119; x_wconf 91' lang='lat' dir='ltr'>corpus</span> <span class='ocrx_word' id='word_1_682' title='bbox 1645 1073 1802 1119; x_wconf 87' lang='lat' dir='ltr'>legatum</span> <span class='ocrx_word' id='word_1_683' title='bbox 1831 1076 1896 1116; x_wconf 90' lang='lat' dir='ltr'>est,</span> <span class='ocrx_word' id='word_1_684' title='bbox 1919 1072 2029 1108; x_wconf 87' lang='lat' dir='ltr'>veluti</span> <span class='ocrx_word' id='word_1_685' title='bbox 2051 1071 2267 1109; x_wconf 87' lang='lat' dir='ltr'>frumentum</span> <span class='ocrx_word' id='word_1_686' title='bbox 2291 1083 2336 1109; x_wconf 85' lang='lat' dir='ltr'>ex</span> <span class='ocrx_word' id='word_1_687' title='bbox 2357 1075 2419 1111; x_wconf 92' lang='lat' dir='ltr'>illo</span> 
     </span>
     <span class='ocr_line' id='line_1_94' title="bbox 1330 1117 2422 1163; baseline 0.001 -9"><span class='ocrx_word' id='word_1_688' title='bbox 1330 1118 1460 1154; x_wconf 88' lang='lat' dir='ltr'>horreo</span> <span class='ocrx_word' id='word_1_689' title='bbox 1482 1118 1541 1154; x_wconf 91' lang='lat' dir='ltr'>vel</span> <span class='ocrx_word' id='word_1_690' title='bbox 1562 1118 1682 1154; x_wconf 90' lang='lat' dir='ltr'>vinum</span> <span class='ocrx_word' id='word_1_691' title='bbox 1712 1128 1756 1154; x_wconf 84' lang='lat' dir='ltr'>ex</span> <span class='ocrx_word' id='word_1_692' title='bbox 1788 1117 1965 1162; x_wconf 86' lang='lat' dir='ltr'>apotheca</span> <span class='ocrx_word' id='word_1_693' title='bbox 1986 1117 2066 1159; x_wconf 90' lang='lat' dir='ltr'>illa,</span> <span class='ocrx_word' id='word_1_694' title='bbox 2097 1118 2148 1153; x_wconf 91' lang='lat' dir='ltr'>ibi</span> <span class='ocrx_word' id='word_1_695' title='bbox 2177 1119 2422 1163; x_wconf 86' lang='lat' dir='ltr'>praestabitur</span> 
     </span>
     <span class='ocr_line' id='line_1_95' title="bbox 1331 1162 2419 1206; baseline 0.002 -7"><span class='ocrx_word' id='word_1_696' title='bbox 1331 1163 1394 1199; x_wconf 91' lang='lat' dir='ltr'>ubi</span> <span class='ocrx_word' id='word_1_697' title='bbox 1415 1163 1582 1199; x_wconf 91' lang='lat' dir='ltr'>relictum</span> <span class='ocrx_word' id='word_1_698' title='bbox 1597 1167 1662 1206; x_wconf 88' lang='lat' dir='ltr'>est,</span> <span class='ocrx_word' id='word_1_699' title='bbox 1686 1163 1756 1199; x_wconf 91' lang='lat' dir='ltr'>nisi</span> <span class='ocrx_word' id='word_1_700' title='bbox 1769 1162 1840 1198; x_wconf 89' lang='lat' dir='ltr'>alia</span> <span class='ocrx_word' id='word_1_701' title='bbox 1857 1172 1956 1198; x_wconf 90' lang='lat' dir='ltr'>mens</span> <span class='ocrx_word' id='word_1_702' title='bbox 1969 1162 2038 1198; x_wconf 85' lang='lat' dir='ltr'>fuit</span> <span class='ocrx_word' id='word_1_703' title='bbox 2054 1164 2239 1199; x_wconf 83' lang='lat' dir='ltr'>testantis:</span> <span class='ocrx_word' id='word_1_704' title='bbox 2265 1164 2321 1200; x_wconf 89' lang='lat' dir='ltr'>sin</span> <span class='ocrx_word' id='word_1_705' title='bbox 2335 1175 2419 1201; x_wconf 83' lang='lat' dir='ltr'>vero</span> 
     </span>
     <span class='ocr_line' id='line_1_96' title="bbox 1331 1207 2419 1254; baseline 0.003 -11"><span class='ocrx_word' id='word_1_706' title='bbox 1331 1219 1405 1244; x_wconf 91' lang='lat' dir='ltr'>non</span> <span class='ocrx_word' id='word_1_707' title='bbox 1426 1208 1497 1245; x_wconf 87' lang='lat' dir='ltr'>fuit</span> <span class='ocrx_word' id='word_1_708' title='bbox 1520 1212 1621 1244; x_wconf 89' lang='lat' dir='ltr'>certa</span> <span class='ocrx_word' id='word_1_709' title='bbox 1643 1208 1791 1254; x_wconf 88' lang='lat' dir='ltr'>species,</span> <span class='ocrx_word' id='word_1_710' title='bbox 1815 1207 1865 1243; x_wconf 92' lang='lat' dir='ltr'>ibi</span> <span class='ocrx_word' id='word_1_711' title='bbox 1888 1207 1958 1243; x_wconf 89' lang='lat' dir='ltr'>erit</span> <span class='ocrx_word' id='word_1_712' title='bbox 2017 1208 2248 1244; x_wconf 86' lang='lat' dir='ltr'>raestandum</span> <span class='ocrx_word' id='word_1_713' title='bbox 2271 1209 2334 1245; x_wconf 83' lang='lat' dir='ltr'>ubi</span> <span class='ocrx_word' id='word_1_714' title='bbox 2382 1220 2419 1246; x_wconf 88' lang='lat' dir='ltr'>e-</span> 
     </span>
     <span class='ocr_line' id='line_1_97' title="bbox 1332 1221 2418 1305; baseline 0.001 -16"><span class='ocrx_word' id='word_1_715' title='bbox 1332 1257 1352 1289; x_wconf 87' lang='lat'>2</span> <span class='ocrx_word' id='word_1_716' title='bbox 1399 1254 1500 1290; x_wconf 90' lang='lat' dir='ltr'>titur.</span> <span class='ocrx_word' id='word_1_717' title='bbox 1546 1253 1674 1299; x_wconf 87' lang='lat' dir='ltr'>Itaque</span> <span class='ocrx_word' id='word_1_718' title='bbox 1704 1253 1735 1289; x_wconf 89' lang='lat' dir='ltr'>si</span> <span class='ocrx_word' id='word_1_719' title='bbox 1759 1253 1904 1305; x_wconf 82' lang='lat' dir='ltr'>Stichus</span> <span class='ocrx_word' id='word_1_720' title='bbox 1927 1252 1983 1305; x_wconf 45' lang='lat' dir='ltr'>sit·</span> <span class='ocrx_word' id='word_1_721' title='bbox 2009 1256 2134 1298; x_wconf 86' lang='lat' dir='ltr'>egatus</span> <span class='ocrx_word' id='word_1_722' title='bbox 2169 1257 2206 1289; x_wconf 88' lang='lat' dir='ltr'>et</span> <span class='ocrx_word' id='word_1_723' title='bbox 2228 1254 2335 1300; x_wconf 87' lang='lat' dir='ltr'>culpa</span> <span class='ocrx_word' id='word_1_724' title='bbox 2357 1221 2418 1290; x_wconf 62' lang='lat' dir='ltr'>fle-</span> 
     </span>
     <span class='ocr_line' id='line_1_98' title="bbox 1331 1298 2420 1344; baseline 0.001 -10"><span class='ocrx_word' id='word_1_725' title='bbox 1331 1298 1428 1334; x_wconf 89' lang='lat' dir='ltr'>redis</span> <span class='ocrx_word' id='word_1_726' title='bbox 1451 1309 1524 1334; x_wconf 92' lang='lat' dir='ltr'>non</span> <span class='ocrx_word' id='word_1_727' title='bbox 1557 1302 1696 1344; x_wconf 89' lang='lat' dir='ltr'>pareat,</span> <span class='ocrx_word' id='word_1_728' title='bbox 1721 1298 1865 1334; x_wconf 79' lang='lat' dir='ltr'>debebit</span> <span class='ocrx_word' id='word_1_729' title='bbox 1894 1298 2177 1334; x_wconf 81' lang='lat' dir='ltr'>aestimationem</span> <span class='ocrx_word' id='word_1_730' title='bbox 2208 1299 2285 1335; x_wconf 88' lang='lat' dir='ltr'>eius</span> <span class='ocrx_word' id='word_1_731' title='bbox 2339 1310 2420 1335; x_wconf 91' lang='lat' dir='ltr'>rae-</span> 
     </span>
     <span class='ocr_line' id='line_1_99' title="bbox 1332 1342 2421 1389; baseline 0.002 -10"><span class='ocrx_word' id='word_1_732' title='bbox 1332 1348 1447 1379; x_wconf 90' lang='lat' dir='ltr'>stare:</span> <span class='ocrx_word' id='word_1_733' title='bbox 1481 1343 1545 1380; x_wconf 88' lang='lat' dir='ltr'>sed</span> <span class='ocrx_word' id='word_1_734' title='bbox 1579 1344 1610 1380; x_wconf 87' lang='lat' dir='ltr'>si</span> <span class='ocrx_word' id='word_1_735' title='bbox 1645 1344 1753 1389; x_wconf 89' lang='lat' dir='ltr'>culpa</span> <span class='ocrx_word' id='word_1_736' title='bbox 1783 1342 1882 1378; x_wconf 89' lang='lat' dir='ltr'>nulla</span> <span class='ocrx_word' id='word_1_737' title='bbox 1913 1342 2121 1386; x_wconf 87' lang='lat' dir='ltr'>intervenit,</span> <span class='ocrx_word' id='word_1_738' title='bbox 2161 1354 2286 1380; x_wconf 89' lang='lat' dir='ltr'>cavere</span> <span class='ocrx_word' id='word_1_739' title='bbox 2343 1354 2421 1381; x_wconf 89' lang='lat' dir='ltr'>eres</span> 
     </span>
     <span class='ocr_line' id='line_1_100' title="bbox 1332 1387 2421 1435; baseline 0.002 -11"><span class='ocrx_word' id='word_1_740' title='bbox 1332 1388 1439 1425; x_wconf 91' lang='lat' dir='ltr'>debet</span> <span class='ocrx_word' id='word_1_741' title='bbox 1461 1388 1506 1425; x_wconf 92' lang='lat' dir='ltr'>de</span> <span class='ocrx_word' id='word_1_742' title='bbox 1527 1388 1755 1425; x_wconf 83' lang='lat' dir='ltr'>restitutione</span> <span class='ocrx_word' id='word_1_743' title='bbox 1777 1387 1879 1431; x_wconf 85' lang='lat' dir='ltr'>servi,</span> <span class='ocrx_word' id='word_1_744' title='bbox 1911 1397 1983 1424; x_wconf 91' lang='lat' dir='ltr'>non</span> <span class='ocrx_word' id='word_1_745' title='bbox 2013 1388 2294 1425; x_wconf 86' lang='lat' dir='ltr'>aestimationem</span> <span class='ocrx_word' id='word_1_746' title='bbox 2316 1401 2421 1435; x_wconf 87' lang='lat' dir='ltr'>prae-</span> 
     </span>
     <span class='ocr_line' id='line_1_101' title="bbox 1332 1433 2422 1480; baseline 0 -10"><span class='ocrx_word' id='word_1_747' title='bbox 1332 1437 1440 1470; x_wconf 88' lang='lat' dir='ltr'>stare.</span> <span class='ocrx_word' id='word_1_748' title='bbox 1486 1434 1551 1470; x_wconf 91' lang='lat' dir='ltr'>sed</span> <span class='ocrx_word' id='word_1_749' title='bbox 1574 1438 1611 1470; x_wconf 88' lang='lat' dir='ltr'>et</span> <span class='ocrx_word' id='word_1_750' title='bbox 1633 1434 1664 1469; x_wconf 91' lang='lat' dir='ltr'>si</span> <span class='ocrx_word' id='word_1_751' title='bbox 1687 1434 1825 1470; x_wconf 88' lang='lat' dir='ltr'>alienus</span> <span class='ocrx_word' id='word_1_752' title='bbox 1841 1442 1964 1468; x_wconf 88' lang='lat' dir='ltr'>servus</span> <span class='ocrx_word' id='word_1_753' title='bbox 1986 1433 2025 1469; x_wconf 90' lang='lat' dir='ltr'>in</span> <span class='ocrx_word' id='word_1_754' title='bbox 2046 1433 2133 1478; x_wconf 84' lang='lat' dir='ltr'>fuga</span> <span class='ocrx_word' id='word_1_755' title='bbox 2157 1434 2204 1469; x_wconf 91' lang='lat' dir='ltr'>sit</span> <span class='ocrx_word' id='word_1_756' title='bbox 2218 1434 2295 1470; x_wconf 90' lang='lat' dir='ltr'>sine</span> <span class='ocrx_word' id='word_1_757' title='bbox 2314 1435 2422 1480; x_wconf 87' lang='lat' dir='ltr'>culpa</span> 
     </span>
     <span class='ocr_line' id='line_1_102' title="bbox 1330 1478 2422 1526; baseline 0 -11"><span class='ocrx_word' id='word_1_758' title='bbox 1330 1479 1495 1523; x_wconf 87' lang='lat' dir='ltr'>heredis,</span> <span class='ocrx_word' id='word_1_759' title='bbox 1524 1478 1618 1515; x_wconf 90' lang='lat' dir='ltr'>idem</span> <span class='ocrx_word' id='word_1_760' title='bbox 1649 1479 1719 1515; x_wconf 94' lang='lat' dir='ltr'>dici</span> <span class='ocrx_word' id='word_1_761' title='bbox 1776 1482 1888 1514; x_wconf 87' lang='lat' dir='ltr'>otest:</span> <span class='ocrx_word' id='word_1_762' title='bbox 1923 1488 2007 1513; x_wconf 87' lang='lat' dir='ltr'>naui</span> <span class='ocrx_word' id='word_1_763' title='bbox 2037 1482 2074 1514; x_wconf 90' lang='lat' dir='ltr'>et</span> <span class='ocrx_word' id='word_1_764' title='bbox 2106 1479 2144 1513; x_wconf 91' lang='lat' dir='ltr'>in</span> <span class='ocrx_word' id='word_1_765' title='bbox 2175 1479 2290 1514; x_wconf 83' lang='lat' dir='ltr'>alieno</span> <span class='ocrx_word' id='word_1_766' title='bbox 2315 1481 2422 1526; x_wconf 92' lang='lat' dir='ltr'>culpa</span> 
     </span>
     <span class='ocr_line' id='line_1_103' title="bbox 1333 1523 2421 1570; baseline 0.001 -11"><span class='ocrx_word' id='word_1_767' title='bbox 1333 1524 1473 1559; x_wconf 88' lang='lat' dir='ltr'>admitti</span> <span class='ocrx_word' id='word_1_768' title='bbox 1495 1528 1634 1570; x_wconf 89' lang='lat' dir='ltr'>potest:</span> <span class='ocrx_word' id='word_1_769' title='bbox 1661 1533 1747 1559; x_wconf 91' lang='lat' dir='ltr'>cave</span> <span class='ocrx_word' id='word_1_770' title='bbox 1772 1524 1802 1558; x_wconf 94' lang='lat' dir='ltr'>it</span> <span class='ocrx_word' id='word_1_771' title='bbox 1824 1527 1944 1558; x_wconf 89' lang='lat' dir='ltr'>autem</span> <span class='ocrx_word' id='word_1_772' title='bbox 1974 1523 2047 1566; x_wconf 88' lang='lat' dir='ltr'>sic,</span> <span class='ocrx_word' id='word_1_773' title='bbox 2077 1527 2142 1567; x_wconf 92' lang='lat' dir='ltr'>ut,</span> <span class='ocrx_word' id='word_1_774' title='bbox 2174 1523 2205 1559; x_wconf 89' lang='lat' dir='ltr'>si</span> <span class='ocrx_word' id='word_1_775' title='bbox 2227 1524 2336 1560; x_wconf 79' lang='lat' dir='ltr'>fuerit</span> <span class='ocrx_word' id='word_1_776' title='bbox 2358 1525 2421 1560; x_wconf 89' lang='lat' dir='ltr'>ad-</span> 
     </span>
     <span class='ocr_line' id='line_1_104' title="bbox 1332 1568 2422 1614; baseline 0.001 -10"><span class='ocrx_word' id='word_1_777' title='bbox 1332 1569 1542 1614; x_wconf 89' lang='lat' dir='ltr'>prehensus,</span> <span class='ocrx_word' id='word_1_778' title='bbox 1566 1573 1631 1604; x_wconf 88' lang='lat' dir='ltr'>aut</span> <span class='ocrx_word' id='word_1_779' title='bbox 1651 1569 1730 1614; x_wconf 89' lang='lat' dir='ltr'>ipse</span> <span class='ocrx_word' id='word_1_780' title='bbox 1753 1571 1817 1604; x_wconf 88' lang='lat' dir='ltr'>aut</span> <span class='ocrx_word' id='word_1_781' title='bbox 1838 1568 2038 1604; x_wconf 88' lang='lat' dir='ltr'>aestimatio</span> <span class='ocrx_word' id='word_1_782' title='bbox 2071 1573 2292 1614; x_wconf 86' lang='lat' dir='ltr'>praestetur:</span> <span class='ocrx_word' id='word_1_783' title='bbox 2349 1570 2422 1605; x_wconf 91' lang='lat' dir='ltr'>uod</span> 
     </span>
     <span class='ocr_line' id='line_1_105' title="bbox 1334 1613 2422 1658; baseline 0.002 -9"><span class='ocrx_word' id='word_1_784' title='bbox 1334 1618 1353 1649; x_wconf 89' lang='lat'><strong>3</strong></span> <span class='ocrx_word' id='word_1_785' title='bbox 1401 1617 1438 1650; x_wconf 89' lang='lat' dir='ltr'>et</span> <span class='ocrx_word' id='word_1_786' title='bbox 1466 1614 1504 1649; x_wconf 91' lang='lat' dir='ltr'>in</span> <span class='ocrx_word' id='word_1_787' title='bbox 1535 1624 1637 1650; x_wconf 90' lang='lat' dir='ltr'>servo</span> <span class='ocrx_word' id='word_1_788' title='bbox 1669 1614 1714 1649; x_wconf 92' lang='lat' dir='ltr'>ab</span> <span class='ocrx_word' id='word_1_789' title='bbox 1746 1613 1910 1649; x_wconf 90' lang='lat' dir='ltr'>hostibus</span> <span class='ocrx_word' id='word_1_790' title='bbox 1945 1618 2052 1658; x_wconf 90' lang='lat' dir='ltr'>capto</span> <span class='ocrx_word' id='word_1_791' title='bbox 2086 1617 2239 1649; x_wconf 86' lang='lat' dir='ltr'>constat.</span> <span class='ocrx_word' id='word_1_792' title='bbox 2287 1614 2312 1650; x_wconf 89' lang='lat' dir='ltr'>S</span> <span class='ocrx_word' id='word_1_793' title='bbox 2391 1616 2422 1651; x_wconf 90' lang='lat' dir='ltr'>si</span> 
     </span>
     <span class='ocr_line' id='line_1_106' title="bbox 1332 1658 2421 1703; baseline 0.002 -9"><span class='ocrx_word' id='word_1_794' title='bbox 1332 1658 1478 1694; x_wconf 90' lang='lat' dir='ltr'>Stichus</span> <span class='ocrx_word' id='word_1_795' title='bbox 1501 1662 1566 1694; x_wconf 89' lang='lat' dir='ltr'>aut</span> <span class='ocrx_word' id='word_1_796' title='bbox 1588 1658 1677 1694; x_wconf 89' lang='lat' dir='ltr'>Pam</span> <span class='ocrx_word' id='word_1_797' title='bbox 1703 1659 1796 1694; x_wconf 88' lang='lat' dir='ltr'>hilus</span> <span class='ocrx_word' id='word_1_798' title='bbox 1827 1658 1965 1703; x_wconf 88' lang='lat' dir='ltr'>legetur</span> <span class='ocrx_word' id='word_1_799' title='bbox 1987 1662 2024 1693; x_wconf 92' lang='lat' dir='ltr'>et</span> <span class='ocrx_word' id='word_1_800' title='bbox 2046 1658 2139 1694; x_wconf 90' lang='lat' dir='ltr'>alter</span> <span class='ocrx_word' id='word_1_801' title='bbox 2161 1668 2206 1694; x_wconf 82' lang='lat' dir='ltr'>ex</span> <span class='ocrx_word' id='word_1_802' title='bbox 2227 1659 2284 1695; x_wconf 86' lang='lat' dir='ltr'>his</span> <span class='ocrx_word' id='word_1_803' title='bbox 2306 1660 2362 1696; x_wconf 91' lang='lat' dir='ltr'>vel</span> <span class='ocrx_word' id='word_1_804' title='bbox 2385 1661 2421 1695; x_wconf 94' lang='lat' dir='ltr'>in</span> 
     </span>
     <span class='ocr_line' id='line_1_107' title="bbox 1331 1703 2421 1750; baseline 0.002 -11"><span class='ocrx_word' id='word_1_805' title='bbox 1331 1703 1417 1749; x_wconf 84' lang='lat' dir='ltr'>fuga</span> <span class='ocrx_word' id='word_1_806' title='bbox 1440 1704 1487 1739; x_wconf 91' lang='lat' dir='ltr'>sit</span> <span class='ocrx_word' id='word_1_807' title='bbox 1508 1703 1565 1739; x_wconf 92' lang='lat' dir='ltr'>vel</span> <span class='ocrx_word' id='word_1_808' title='bbox 1587 1714 1659 1750; x_wconf 91' lang='lat' dir='ltr'>apu</span> <span class='ocrx_word' id='word_1_809' title='bbox 1714 1704 1855 1746; x_wconf 87' lang='lat' dir='ltr'>hostes,</span> <span class='ocrx_word' id='word_1_810' title='bbox 1888 1703 2077 1739; x_wconf 90' lang='lat' dir='ltr'>dicendum</span> <span class='ocrx_word' id='word_1_811' title='bbox 2100 1703 2169 1739; x_wconf 87' lang='lat' dir='ltr'>erit</span> <span class='ocrx_word' id='word_1_812' title='bbox 2197 1709 2421 1749; x_wconf 85' lang='lat' dir='ltr'>praesentem</span> 
     </span>
     <span class='ocr_line' id='line_1_108' title="bbox 1331 1748 2422 1839; baseline 0.001 -10"><span class='ocrx_word' id='word_1_813' title='bbox 1331 1748 2422 1839; x_wconf 33' lang='lat' dir='ltr'>gesseris&amp;{zffisffiffifflgggffaeffim²322</span> 
     </span>
     <span class='ocr_line' id='line_1_109' title="bbox 1333 1819 2423 1890; baseline 0.002 -16"><span class='ocrx_word' id='word_1_814' title='bbox 1333 1842 1389 1874; x_wconf 91' lang='lat' dir='ltr'>est</span> <span class='ocrx_word' id='word_1_815' title='bbox 1410 1838 1574 1874; x_wconf 84' lang='lat' dir='ltr'>facturus</span> <span class='ocrx_word' id='word_1_816' title='bbox 1589 1839 1774 1885; x_wconf 87' lang='lat' dir='ltr'>legatario.</span> <span class='ocrx_word' id='word_1_817' title='bbox 1818 1848 1890 1890; x_wconf 74' lang='lat' dir='ltr'>qua</span> <span class='ocrx_word' id='word_1_818' title='bbox 1905 1819 2046 1874; x_wconf 74' lang='lat' dir='ltr'>ratione</span> <span class='ocrx_word' id='word_1_819' title='bbox 2059 1838 2198 1884; x_wconf 88' lang='lat' dir='ltr'>placuit</span> <span class='ocrx_word' id='word_1_820' title='bbox 2219 1843 2266 1882; x_wconf 87' lang='lat' dir='ltr'>et,</span> <span class='ocrx_word' id='word_1_821' title='bbox 2284 1840 2315 1875; x_wconf 91' lang='lat' dir='ltr'>si</span> <span class='ocrx_word' id='word_1_822' title='bbox 2332 1840 2423 1876; x_wconf 87' lang='lat' dir='ltr'>alter</span> 
     </span>
     <span class='ocr_line' id='line_1_110' title="bbox 1333 1883 2421 1929; baseline 0.002 -10"><span class='ocrx_word' id='word_1_823' title='bbox 1333 1884 1537 1927; x_wconf 87' lang='lat' dir='ltr'>decesserit,</span> <span class='ocrx_word' id='word_1_824' title='bbox 1561 1884 1713 1920; x_wconf 89' lang='lat' dir='ltr'>alterum</span> <span class='ocrx_word' id='word_1_825' title='bbox 1737 1883 1940 1920; x_wconf 90' lang='lat' dir='ltr'>ommmodo</span> <span class='ocrx_word' id='word_1_826' title='bbox 1963 1883 2231 1929; x_wconf 90' lang='lat' dir='ltr'>praestandum,</span> <span class='ocrx_word' id='word_1_827' title='bbox 2257 1883 2421 1921; x_wconf 87' lang='lat' dir='ltr'>fortassis</span> 
     </span>
     <span class='ocr_line' id='line_1_111' title="bbox 1332 1928 2423 1975; baseline 0.002 -11"><span class='ocrx_word' id='word_1_828' title='bbox 1332 1929 1390 1964; x_wconf 92' lang='lat' dir='ltr'>vel</span> <span class='ocrx_word' id='word_1_829' title='bbox 1410 1929 1543 1965; x_wconf 88' lang='lat' dir='ltr'>mortui</span> <span class='ocrx_word' id='word_1_830' title='bbox 1565 1929 1730 1975; x_wconf 91' lang='lat' dir='ltr'>pretium.</span> <span class='ocrx_word' id='word_1_831' title='bbox 1778 1928 1841 1965; x_wconf 89' lang='lat' dir='ltr'>sed</span> <span class='ocrx_word' id='word_1_832' title='bbox 1864 1929 1895 1965; x_wconf 89' lang='lat' dir='ltr'>si</span> <span class='ocrx_word' id='word_1_833' title='bbox 1919 1929 2024 1964; x_wconf 88' lang='lat' dir='ltr'>ambo</span> <span class='ocrx_word' id='word_1_834' title='bbox 2059 1930 2132 1964; x_wconf 89' lang='lat' dir='ltr'>sint</span> <span class='ocrx_word' id='word_1_835' title='bbox 2153 1930 2191 1964; x_wconf 92' lang='lat' dir='ltr'>in</span> <span class='ocrx_word' id='word_1_836' title='bbox 2214 1929 2319 1975; x_wconf 86' lang='lat' dir='ltr'>fuga,</span> <span class='ocrx_word' id='word_1_837' title='bbox 2350 1941 2423 1966; x_wconf 88' lang='lat' dir='ltr'>non</span> 
     </span>
     <span class='ocr_line' id='line_1_112' title="bbox 1332 1974 2423 2019; baseline 0.002 -10"><span class='ocrx_word' id='word_1_838' title='bbox 1332 1974 1385 2009; x_wconf 90' lang='lat' dir='ltr'>ita</span> <span class='ocrx_word' id='word_1_839' title='bbox 1409 1974 1617 2017; x_wconf 87' lang='lat' dir='ltr'>cavendum,</span> <span class='ocrx_word' id='word_1_840' title='bbox 1641 1978 1693 2017; x_wconf 90' lang='lat' dir='ltr'>ut,</span> <span class='ocrx_word' id='word_1_841' title='bbox 1719 1974 1761 2010; x_wconf 90' lang='lat' dir='ltr'>‘si</span> <span class='ocrx_word' id='word_1_842' title='bbox 1783 1974 1821 2009; x_wconf 93' lang='lat' dir='ltr'>iii</span> <span class='ocrx_word' id='word_1_843' title='bbox 1836 1977 2017 2019; x_wconf 86' lang='lat' dir='ltr'>potestate</span> <span class='ocrx_word' id='word_1_844' title='bbox 2034 1974 2139 2010; x_wconf 90' lang='lat' dir='ltr'>ambo</span> <span class='ocrx_word' id='word_1_845' title='bbox 2154 1974 2336 2018; x_wconf 88' lang='lat' dir='ltr'>redirent’,</span> <span class='ocrx_word' id='word_1_846' title='bbox 2360 1976 2423 2011; x_wconf 86' lang='lat' dir='ltr'>sed</span> 
     </span>
     <span class='ocr_line' id='line_1_113' title="bbox 1334 2019 2422 2065; baseline 0 -10"><span class='ocrx_word' id='word_1_847' title='bbox 1334 2019 1377 2055; x_wconf 90' lang='lat' dir='ltr'>‘si</span> <span class='ocrx_word' id='word_1_848' title='bbox 1399 2019 1456 2055; x_wconf 91' lang='lat' dir='ltr'>vel</span> <span class='ocrx_word' id='word_1_849' title='bbox 1478 2019 1592 2062; x_wconf 88' lang='lat' dir='ltr'>alter’,</span> <span class='ocrx_word' id='word_1_850' title='bbox 1616 2023 1654 2055; x_wconf 90' lang='lat' dir='ltr'>et</span> <span class='ocrx_word' id='word_1_851' title='bbox 1670 2019 1737 2056; x_wconf 88' lang='lat' dir='ltr'>‘vel</span> <span class='ocrx_word' id='word_1_852' title='bbox 1754 2019 1871 2065; x_wconf 91' lang='lat' dir='ltr'>ipsum</span> <span class='ocrx_word' id='word_1_853' title='bbox 1890 2019 1946 2055; x_wconf 89' lang='lat' dir='ltr'>vel</span> <span class='ocrx_word' id='word_1_854' title='bbox 1964 2019 2123 2055; x_wconf 88' lang='lat' dir='ltr'>absentis</span> <span class='ocrx_word' id='word_1_855' title='bbox 2142 2019 2422 2056; x_wconf 87' lang='lat' dir='ltr'>aestimationem</span> 
     </span>
     <span class='ocr_line' id='line_1_114' title="bbox 1333 2063 2423 2110; baseline 0.001 -10"><span class='ocrx_word' id='word_1_856' title='bbox 1333 2068 1355 2099; x_wconf 83' lang='lat'>4</span> <span class='ocrx_word' id='word_1_857' title='bbox 1402 2064 1688 2110; x_wconf 82' lang='lat' dir='ltr'>‘praestandam’.</span> <span class='ocrx_word' id='word_1_858' title='bbox 1742 2064 1832 2100; x_wconf 89' lang='lat' dir='ltr'>Item</span> <span class='ocrx_word' id='word_1_859' title='bbox 1855 2064 1887 2100; x_wconf 88' lang='lat' dir='ltr'>si</span> <span class='ocrx_word' id='word_1_860' title='bbox 1908 2074 1966 2100; x_wconf 89' lang='lat' dir='ltr'>res</span> <span class='ocrx_word' id='word_1_861' title='bbox 1990 2063 2107 2099; x_wconf 87' lang='lat' dir='ltr'>aliena</span> <span class='ocrx_word' id='word_1_862' title='bbox 2128 2065 2184 2100; x_wconf 88' lang='lat' dir='ltr'>vel</span> <span class='ocrx_word' id='word_1_863' title='bbox 2206 2064 2423 2101; x_wconf 86' lang='lat' dir='ltr'>hereditaria</span> 
     </span>
     <span class='ocr_line' id='line_1_115' title="bbox 1333 2109 2423 2155; baseline 0.002 -11"><span class='ocrx_word' id='word_1_864' title='bbox 1333 2109 1410 2145; x_wconf 87' lang='lat' dir='ltr'>sine</span> <span class='ocrx_word' id='word_1_865' title='bbox 1434 2109 1542 2155; x_wconf 91' lang='lat' dir='ltr'>culpa</span> <span class='ocrx_word' id='word_1_866' title='bbox 1563 2109 1704 2146; x_wconf 89' lang='lat' dir='ltr'>heredis</span> <span class='ocrx_word' id='word_1_867' title='bbox 1734 2109 1881 2155; x_wconf 88' lang='lat' dir='ltr'>perierit</span> <span class='ocrx_word' id='word_1_868' title='bbox 1902 2109 1958 2145; x_wconf 87' lang='lat' dir='ltr'>vel</span> <span class='ocrx_word' id='word_1_869' title='bbox 1981 2119 2054 2145; x_wconf 92' lang='lat' dir='ltr'>non</span> <span class='ocrx_word' id='word_1_870' title='bbox 2077 2113 2304 2155; x_wconf 83' lang='lat' dir='ltr'>compareat,</span> <span class='ocrx_word' id='word_1_871' title='bbox 2335 2110 2423 2146; x_wconf 92' lang='lat' dir='ltr'>nihil</span> 
     </span>
     <span class='ocr_line' id='line_1_116' title="bbox 1333 2154 2423 2246; baseline 0.002 -12"><span class='ocrx_word' id='word_1_872' title='bbox 1333 2154 1625 2235; x_wconf 55' lang='lat' dir='ltr'>{mifflssssassussss</span> <span class='ocrx_word' id='word_1_873' title='bbox 1647 2164 1898 2245; x_wconf 42' lang='lat'>32:122&amp;</span> <span class='ocrx_word' id='word_1_874' title='bbox 1926 2154 2285 2235; x_wconf 45' lang='lat' dir='ltr'>timim?</span> <span class='ocrx_word' id='word_1_875' title='bbox 2308 2155 2423 2246; x_wconf 58' lang='lat'>633:</span> 
     </span>
     <span class='ocr_line' id='line_1_117' title="bbox 1334 2243 2421 2290; baseline 0.002 -11"><span class='ocrx_word' id='word_1_876' title='bbox 1334 2247 1454 2280; x_wconf 86' lang='lat' dir='ltr'>autem</span> <span class='ocrx_word' id='word_1_877' title='bbox 1477 2245 1631 2290; x_wconf 87' lang='lat' dir='ltr'>qualiter</span> <span class='ocrx_word' id='word_1_878' title='bbox 1653 2245 1700 2280; x_wconf 88' lang='lat' dir='ltr'>sit</span> <span class='ocrx_word' id='word_1_879' title='bbox 1723 2243 1956 2287; x_wconf 85' lang='lat' dir='ltr'>aestimanda,</span> <span class='ocrx_word' id='word_1_880' title='bbox 1979 2244 2173 2287; x_wconf 88' lang='lat' dir='ltr'>videamus,</span> <span class='ocrx_word' id='word_1_881' title='bbox 2196 2254 2245 2280; x_wconf 91' lang='lat' dir='ltr'>an</span> <span class='ocrx_word' id='word_1_882' title='bbox 2267 2255 2340 2281; x_wconf 90' lang='lat' dir='ltr'>non</span> <span class='ocrx_word' id='word_1_883' title='bbox 2363 2256 2421 2281; x_wconf 91' lang='lat' dir='ltr'>so-</span> 
     </span>
     <span class='ocr_line' id='line_1_118' title="bbox 1333 2288 2423 2342; baseline 0.002 -18"><span class='ocrx_word' id='word_1_884' title='bbox 1333 2290 1407 2324; x_wconf 90' lang='lat' dir='ltr'>lum</span> <span class='ocrx_word' id='word_1_885' title='bbox 1439 2299 1483 2325; x_wconf 90' lang='lat' dir='ltr'>ea</span> <span class='ocrx_word' id='word_1_886' title='bbox 1516 2299 1609 2335; x_wconf 88' lang='lat' dir='ltr'>quae</span> <span class='ocrx_word' id='word_1_887' title='bbox 1640 2289 1721 2326; x_wconf 91' lang='lat' dir='ltr'>dolo</span> <span class='ocrx_word' id='word_1_888' title='bbox 1751 2290 1917 2342; x_wconf 83' lang='lat' dir='ltr'>proxima</span> <span class='ocrx_word' id='word_1_889' title='bbox 1946 2288 1994 2324; x_wconf 91' lang='lat' dir='ltr'>sit</span> <span class='ocrx_word' id='word_1_890' title='bbox 2009 2315 2018 2332; x_wconf 94' lang='lat'>,</span> <span class='ocrx_word' id='word_1_891' title='bbox 2053 2299 2177 2325; x_wconf 90' lang='lat' dir='ltr'>verum</span> <span class='ocrx_word' id='word_1_892' title='bbox 2199 2290 2307 2325; x_wconf 87' lang='lat' dir='ltr'>etiam</span> <span class='ocrx_word' id='word_1_893' title='bbox 2330 2301 2423 2336; x_wconf 89' lang='lat' dir='ltr'>quae</span> 
     </span>
     <span class='ocr_line' id='line_1_119' title="bbox 1334 2333 2423 2380; baseline 0.002 -11"><span class='ocrx_word' id='word_1_894' title='bbox 1334 2334 1420 2370; x_wconf 89' lang='lat' dir='ltr'>levis</span> <span class='ocrx_word' id='word_1_895' title='bbox 1444 2335 1525 2370; x_wconf 77' lang='lat' dir='ltr'>est?</span> <span class='ocrx_word' id='word_1_896' title='bbox 1556 2344 1604 2369; x_wconf 91' lang='lat' dir='ltr'>an</span> <span class='ocrx_word' id='word_1_897' title='bbox 1626 2335 1799 2380; x_wconf 86' lang='lat' dir='ltr'>numquid</span> <span class='ocrx_word' id='word_1_898' title='bbox 1820 2338 1858 2369; x_wconf 93' lang='lat' dir='ltr'>et</span> <span class='ocrx_word' id='word_1_899' title='bbox 1879 2333 2062 2379; x_wconf 86' lang='lat' dir='ltr'>diligentia</span> <span class='ocrx_word' id='word_1_900' title='bbox 2085 2344 2228 2380; x_wconf 81' lang='lat' dir='ltr'>quoque</span> <span class='ocrx_word' id='word_1_901' title='bbox 2249 2335 2423 2380; x_wconf 83' lang='lat' dir='ltr'>exigenda</span> 
     </span>
     <span class='ocr_line' id='line_1_120' title="bbox 1335 2375 2421 2416; baseline 0.002 -2"><span class='ocrx_word' id='word_1_902' title='bbox 1335 2382 1355 2414; x_wconf 88' lang='grc'>6</span> <span class='ocrx_word' id='word_1_903' title='bbox 1403 2382 1459 2414; x_wconf 87' lang='lat' dir='ltr'>est</span> <span class='ocrx_word' id='word_1_904' title='bbox 1481 2379 1527 2414; x_wconf 90' lang='lat' dir='ltr'>ab</span> <span class='ocrx_word' id='word_1_905' title='bbox 1551 2379 1708 2415; x_wconf 83' lang='lat' dir='ltr'>herede?</span> <span class='ocrx_word' id='word_1_906' title='bbox 1754 2379 1827 2415; x_wconf 91' lang='lat' dir='ltr'>uod</span> <span class='ocrx_word' id='word_1_907' title='bbox 1849 2379 1967 2414; x_wconf 88' lang='lat' dir='ltr'>verius</span> <span class='ocrx_word' id='word_1_908' title='bbox 1991 2382 2055 2414; x_wconf 90' lang='lat' dir='ltr'>est.</span> <span class='ocrx_word' id='word_1_909' title='bbox 2114 2378 2204 2414; x_wconf 88' lang='lat' dir='ltr'>Item</span> <span class='ocrx_word' id='word_1_910' title='bbox 2234 2379 2265 2415; x_wconf 91' lang='lat' dir='ltr'>si</span> <span class='ocrx_word' id='word_1_911' title='bbox 2287 2375 2421 2416; x_wconf 82' lang='lat' dir='ltr'>fundus</span> 
     </span>
     <span class='ocr_line' id='line_1_121' title="bbox 1334 2423 2421 2477; baseline 0.002 -18"><span class='ocrx_word' id='word_1_912' title='bbox 1334 2423 1518 2459; x_wconf 86' lang='lat' dir='ltr'>chasmate</span> <span class='ocrx_word' id='word_1_913' title='bbox 1540 2424 1708 2477; x_wconf 84' lang='lat' dir='ltr'>perierit,</span> <span class='ocrx_word' id='word_1_914' title='bbox 1773 2424 1864 2460; x_wconf 91' lang='lat' dir='ltr'>abeo</span> <span class='ocrx_word' id='word_1_915' title='bbox 1900 2424 1951 2459; x_wconf 87' lang='lat' dir='ltr'>ait</span> <span class='ocrx_word' id='word_1_916' title='bbox 1983 2424 2108 2476; x_wconf 81' lang='lat' dir='ltr'>utique</span> <span class='ocrx_word' id='word_1_917' title='bbox 2138 2424 2421 2461; x_wconf 85' lang='lat' dir='ltr'>aestimationem</span> 
     </span>
     <span class='ocr_line' id='line_1_122' title="bbox 1334 2469 2421 2515; baseline 0.001 -11"><span class='ocrx_word' id='word_1_918' title='bbox 1334 2479 1406 2505; x_wconf 92' lang='lat' dir='ltr'>non</span> <span class='ocrx_word' id='word_1_919' title='bbox 1431 2469 1571 2511; x_wconf 84' lang='lat' dir='ltr'>deberi:</span> <span class='ocrx_word' id='word_1_920' title='bbox 1601 2469 1698 2515; x_wconf 87' lang='lat' dir='ltr'>quod</span> <span class='ocrx_word' id='word_1_921' title='bbox 1720 2469 1773 2504; x_wconf 91' lang='lat' dir='ltr'>ita</span> <span class='ocrx_word' id='word_1_922' title='bbox 1794 2479 1917 2505; x_wconf 90' lang='lat' dir='ltr'>verum</span> <span class='ocrx_word' id='word_1_923' title='bbox 1939 2472 2005 2511; x_wconf 86' lang='lat' dir='ltr'>est,</span> <span class='ocrx_word' id='word_1_924' title='bbox 2029 2478 2060 2504; x_wconf 90' lang='lat' dir='ltr'>si</span> <span class='ocrx_word' id='word_1_925' title='bbox 2082 2479 2156 2504; x_wconf 90' lang='lat' dir='ltr'>non</span> <span class='ocrx_word' id='word_1_926' title='bbox 2179 2472 2263 2514; x_wconf 84' lang='lat' dir='ltr'>post</span> <span class='ocrx_word' id='word_1_927' title='bbox 2284 2480 2421 2506; x_wconf 90' lang='lat' dir='ltr'>moram</span> 
     </span>
     <span class='ocr_line' id='line_1_123' title="bbox 1333 2513 2420 2560; baseline 0.001 -11"><span class='ocrx_word' id='word_1_928' title='bbox 1333 2513 1467 2550; x_wconf 86' lang='lat' dir='ltr'>factam</span> <span class='ocrx_word' id='word_1_929' title='bbox 1490 2514 1528 2550; x_wconf 91' lang='lat' dir='ltr'>id</span> <span class='ocrx_word' id='word_1_930' title='bbox 1551 2514 1725 2550; x_wconf 88' lang='lat' dir='ltr'>evenerit:</span> <span class='ocrx_word' id='word_1_931' title='bbox 1749 2514 1868 2560; x_wconf 86' lang='lat' dir='ltr'>potuit</span> <span class='ocrx_word' id='word_1_932' title='bbox 1891 2514 1983 2549; x_wconf 91' lang='lat' dir='ltr'>enim</span> <span class='ocrx_word' id='word_1_933' title='bbox 2007 2523 2088 2549; x_wconf 88' lang='lat' dir='ltr'>eum</span> <span class='ocrx_word' id='word_1_934' title='bbox 2112 2517 2301 2559; x_wconf 89' lang='lat' dir='ltr'>acceptum</span> <span class='ocrx_word' id='word_1_935' title='bbox 2324 2514 2420 2560; x_wconf 86' lang='lat' dir='ltr'>lega-</span> 
     </span>
     <span class='ocr_line' id='line_1_124' title="bbox 1333 2559 1634 2595; baseline 0 -1"><span class='ocrx_word' id='word_1_936' title='bbox 1333 2559 1447 2595; x_wconf 89' lang='lat' dir='ltr'>tarius</span> <span class='ocrx_word' id='word_1_937' title='bbox 1471 2559 1634 2595; x_wconf 87' lang='lat' dir='ltr'>vendere.</span> 
     </span>
    </p>

    <p class='ocr_par' dir='ltr' id='par_1_14' title="bbox 1332 2600 2421 2962">
     <span class='ocr_line' id='line_1_125' title="bbox 1379 2600 2420 2642; baseline 0 -1"><span class='ocrx_word' id='word_1_938' title='bbox 1379 2600 1434 2642; x_wconf 88' lang='lat'>48</span> <span class='ocrx_word' id='word_1_939' title='bbox 1458 2603 1690 2640; x_wconf 70' lang='lat' dir='ltr'>Poupoms</span> <span class='ocrx_word' id='word_1_940' title='bbox 1708 2603 1800 2641; x_wconf 76' lang='lat' dir='ltr'>libro</span> <span class='ocrx_word' id='word_1_941' title='bbox 1819 2609 1925 2639; x_wconf 75' lang='lat' dir='ltr'>sexto</span> <span class='ocrx_word' id='word_1_942' title='bbox 1941 2602 1991 2639; x_wconf 88' lang='lat' dir='ltr'>ad</span> <span class='ocrx_word' id='word_1_943' title='bbox 2006 2602 2180 2639; x_wconf 75' lang='lat' dir='ltr'>Sabinum</span> <span class='ocrx_word' id='word_1_944' title='bbox 2227 2603 2264 2640; x_wconf 89' lang='lat' dir='ltr'>Si</span> <span class='ocrx_word' id='word_1_945' title='bbox 2280 2604 2420 2641; x_wconf 88' lang='lat' dir='ltr'>heredis</span> 
     </span>
     <span class='ocr_line' id='line_1_126' title="bbox 1333 2648 2421 2694; baseline -0.001 -8"><span class='ocrx_word' id='word_1_946' title='bbox 1333 2658 1457 2686; x_wconf 85' lang='lat' dir='ltr'>servus</span> <span class='ocrx_word' id='word_1_947' title='bbox 1479 2660 1555 2685; x_wconf 90' lang='lat' dir='ltr'>rem</span> <span class='ocrx_word' id='word_1_948' title='bbox 1577 2649 1731 2694; x_wconf 85' lang='lat' dir='ltr'>legatam</span> <span class='ocrx_word' id='word_1_949' title='bbox 1754 2650 1941 2694; x_wconf 79' lang='lat' dir='ltr'>ignorante</span> <span class='ocrx_word' id='word_1_950' title='bbox 1964 2648 2107 2684; x_wconf 89' lang='lat' dir='ltr'>domino</span> <span class='ocrx_word' id='word_1_951' title='bbox 2132 2649 2371 2685; x_wconf 84' lang='lat' dir='ltr'>subtraxisset</span> <span class='ocrx_word' id='word_1_952' title='bbox 2386 2654 2421 2686; x_wconf 89' lang='lat' dir='ltr'>et</span> 
     </span>
     <span class='ocr_line' id='line_1_127' title="bbox 1333 2693 2421 2738; baseline 0 -8"><span class='ocrx_word' id='word_1_953' title='bbox 1333 2694 1561 2738; x_wconf 88' lang='lat' dir='ltr'>vendidisset,</span> <span class='ocrx_word' id='word_1_954' title='bbox 1591 2694 1782 2730; x_wconf 85' lang='lat' dir='ltr'>Atilicinus</span> <span class='ocrx_word' id='word_1_955' title='bbox 1812 2694 1850 2729; x_wconf 89' lang='lat' dir='ltr'>iii</span> <span class='ocrx_word' id='word_1_956' title='bbox 1879 2693 2016 2730; x_wconf 86' lang='lat' dir='ltr'>factum</span> <span class='ocrx_word' id='word_1_957' title='bbox 2049 2693 2202 2729; x_wconf 88' lang='lat' dir='ltr'>dandam</span> <span class='ocrx_word' id='word_1_958' title='bbox 2232 2694 2421 2738; x_wconf 89' lang='lat' dir='ltr'>actionem,</span> 
     </span>
     <span class='ocr_line' id='line_1_128' title="bbox 1333 2738 2420 2785; baseline 0.001 -10"><span class='ocrx_word' id='word_1_959' title='bbox 1333 2743 1376 2775; x_wconf 93' lang='lat' dir='ltr'>ut</span> <span class='ocrx_word' id='word_1_960' title='bbox 1397 2740 1454 2776; x_wconf 88' lang='lat' dir='ltr'>vel</span> <span class='ocrx_word' id='word_1_961' title='bbox 1475 2749 1593 2775; x_wconf 85' lang='lat' dir='ltr'>noxae</span> <span class='ocrx_word' id='word_1_962' title='bbox 1615 2749 1755 2776; x_wconf 89' lang='lat' dir='ltr'>servum</span> <span class='ocrx_word' id='word_1_963' title='bbox 1778 2738 1925 2775; x_wconf 88' lang='lat' dir='ltr'>dederet</span> <span class='ocrx_word' id='word_1_964' title='bbox 1951 2739 2113 2774; x_wconf 91' lang='lat' dir='ltr'>dominus</span> <span class='ocrx_word' id='word_1_965' title='bbox 2136 2739 2190 2774; x_wconf 89' lang='lat' dir='ltr'>vel</span> <span class='ocrx_word' id='word_1_966' title='bbox 2214 2749 2259 2775; x_wconf 87' lang='lat' dir='ltr'>ex</span> <span class='ocrx_word' id='word_1_967' title='bbox 2281 2741 2420 2785; x_wconf 90' lang='lat' dir='ltr'>peculio</span> 
     </span>
     <span class='ocr_line' id='line_1_129' title="bbox 1332 2784 2419 2831; baseline 0.001 -11"><span class='ocrx_word' id='word_1_968' title='bbox 1332 2788 1552 2831; x_wconf 87' lang='lat' dir='ltr'>praestaret,</span> <span class='ocrx_word' id='word_1_969' title='bbox 1597 2784 1694 2830; x_wconf 90' lang='lat' dir='ltr'>quod</span> <span class='ocrx_word' id='word_1_970' title='bbox 1734 2794 1780 2820; x_wconf 86' lang='lat' dir='ltr'>ex</span> <span class='ocrx_word' id='word_1_971' title='bbox 1819 2784 2022 2819; x_wconf 86' lang='lat' dir='ltr'>venditione</span> <span class='ocrx_word' id='word_1_972' title='bbox 2064 2784 2140 2819; x_wconf 92' lang='lat' dir='ltr'>eius</span> <span class='ocrx_word' id='word_1_973' title='bbox 2173 2784 2227 2820; x_wconf 91' lang='lat' dir='ltr'>rei</span> <span class='ocrx_word' id='word_1_974' title='bbox 2260 2785 2419 2821; x_wconf 80' lang='lat' dir='ltr'>haberet.</span> 
     </span>
     <span class='ocr_line' id='line_1_130' title="bbox 1337 2828 2419 2874; baseline 0.001 -9"><span class='ocrx_word' id='word_1_975' title='bbox 1337 2834 1351 2865; x_wconf 91' lang='lat'>1</span> <span class='ocrx_word' id='word_1_976' title='bbox 1402 2829 1441 2865; x_wconf 89' lang='lat' dir='ltr'>Si</span> <span class='ocrx_word' id='word_1_977' title='bbox 1463 2840 1555 2865; x_wconf 89' lang='lat' dir='ltr'>unus</span> <span class='ocrx_word' id='word_1_978' title='bbox 1578 2840 1625 2866; x_wconf 84' lang='lat' dir='ltr'>ex</span> <span class='ocrx_word' id='word_1_979' title='bbox 1646 2829 1837 2865; x_wconf 89' lang='lat' dir='ltr'>heredibus</span> <span class='ocrx_word' id='word_1_980' title='bbox 1868 2839 2008 2865; x_wconf 90' lang='lat' dir='ltr'>servum</span> <span class='ocrx_word' id='word_1_981' title='bbox 2040 2828 2196 2874; x_wconf 89' lang='lat' dir='ltr'>legatum</span> <span class='ocrx_word' id='word_1_982' title='bbox 2219 2829 2419 2873; x_wconf 86' lang='lat' dir='ltr'>occidisset,</span> 
     </span>
     <span class='ocr_line' id='line_1_131' title="bbox 1334 2873 2419 2927; baseline 0 -16"><span class='ocrx_word' id='word_1_983' title='bbox 1334 2875 1477 2911; x_wconf 91' lang='lat' dir='ltr'>omnino</span> <span class='ocrx_word' id='word_1_984' title='bbox 1512 2875 1598 2910; x_wconf 90' lang='lat' dir='ltr'>mihi</span> <span class='ocrx_word' id='word_1_985' title='bbox 1634 2885 1708 2910; x_wconf 91' lang='lat' dir='ltr'>non</span> <span class='ocrx_word' id='word_1_986' title='bbox 1740 2874 1861 2927; x_wconf 87' lang='lat' dir='ltr'>placet</span> <span class='ocrx_word' id='word_1_987' title='bbox 1895 2873 2105 2910; x_wconf 88' lang='lat' dir='ltr'>coheredem</span> <span class='ocrx_word' id='word_1_988' title='bbox 2140 2875 2273 2917; x_wconf 87' lang='lat' dir='ltr'>teneri,</span> <span class='ocrx_word' id='word_1_989' title='bbox 2316 2875 2419 2911; x_wconf 88' lang='lat' dir='ltr'>cuius</span> 
     </span>
     <span class='ocr_line' id='line_1_132' title="bbox 1334 2919 2364 2962; baseline -0.002 -6"><span class='ocrx_word' id='word_1_990' title='bbox 1334 2921 1393 2956; x_wconf 93' lang='lat' dir='ltr'>cul</span> <span class='ocrx_word' id='word_1_991' title='bbox 1420 2930 1443 2955; x_wconf 89' lang='lat' dir='ltr'>a</span> <span class='ocrx_word' id='word_1_992' title='bbox 1463 2920 1602 2956; x_wconf 79' lang='lat' dir='ltr'>factum</span> <span class='ocrx_word' id='word_1_993' title='bbox 1624 2929 1697 2955; x_wconf 91' lang='lat' dir='ltr'>non</span> <span class='ocrx_word' id='word_1_994' title='bbox 1720 2923 1779 2962; x_wconf 90' lang='lat' dir='ltr'>sit,</span> <span class='ocrx_word' id='word_1_995' title='bbox 1802 2929 1850 2954; x_wconf 93' lang='lat' dir='ltr'>ne</span> <span class='ocrx_word' id='word_1_996' title='bbox 1870 2929 1929 2955; x_wconf 92' lang='lat' dir='ltr'>res</span> <span class='ocrx_word' id='word_1_997' title='bbox 1952 2919 1990 2955; x_wconf 91' lang='lat' dir='ltr'>in</span> <span class='ocrx_word' id='word_1_998' title='bbox 2012 2929 2132 2954; x_wconf 87' lang='lat' dir='ltr'>rerum</span> <span class='ocrx_word' id='word_1_999' title='bbox 2155 2923 2286 2954; x_wconf 87' lang='lat' dir='ltr'>natura</span> <span class='ocrx_word' id='word_1_1000' title='bbox 2307 2919 2364 2955; x_wconf 91' lang='lat' dir='ltr'>sit.</span> 
     </span>
    </p>

    <p class='ocr_par' dir='ltr' id='par_1_15' title="bbox 1331 2963 2420 3504">
     <span class='ocr_line' id='line_1_133' title="bbox 1408 2963 2419 3002; baseline -0.002 0"><span class='ocrx_word' id='word_1_1001' title='bbox 1408 2963 1433 3002; x_wconf 87' lang='lat'>9</span> <span class='ocrx_word' id='word_1_1002' title='bbox 1465 2964 1660 3001; x_wconf 58' lang='lat' dir='ltr'>vamum</span> <span class='ocrx_word' id='word_1_1003' title='bbox 1689 2963 1781 3001; x_wconf 73' lang='lat' dir='ltr'>libro</span> <span class='ocrx_word' id='word_1_1004' title='bbox 1816 2965 1983 3000; x_wconf 73' lang='lat' dir='ltr'>vicesimo</span> <span class='ocrx_word' id='word_1_1005' title='bbox 2021 2964 2126 2999; x_wconf 76' lang='lat' dir='ltr'>tertio</span> <span class='ocrx_word' id='word_1_1006' title='bbox 2160 2963 2211 2999; x_wconf 83' lang='lat' dir='ltr'>ad</span> <span class='ocrx_word' id='word_1_1007' title='bbox 2243 2963 2419 3000; x_wconf 81' lang='lat' dir='ltr'>Sabinum</span> 
     </span>
     <span class='ocr_line' id='line_1_134' title="bbox 1333 3008 2418 3055; baseline -0.001 -9"><span class='ocrx_word' id='word_1_1008' title='bbox 1333 3010 1371 3046; x_wconf 88' lang='lat' dir='ltr'>Si</span> <span class='ocrx_word' id='word_1_1009' title='bbox 1390 3010 1450 3046; x_wconf 89' lang='lat' dir='ltr'>cui</span> <span class='ocrx_word' id='word_1_1010' title='bbox 1464 3010 1611 3055; x_wconf 88' lang='lat' dir='ltr'>legetur,</span> <span class='ocrx_word' id='word_1_1011' title='bbox 1636 3020 1718 3045; x_wconf 92' lang='lat' dir='ltr'>cum</span> <span class='ocrx_word' id='word_1_1012' title='bbox 1733 3008 2018 3055; x_wconf 88' lang='lat' dir='ltr'>quattuordecim</span> <span class='ocrx_word' id='word_1_1013' title='bbox 2033 3019 2208 3044; x_wconf 88' lang='lat' dir='ltr'>annorum</span> <span class='ocrx_word' id='word_1_1014' title='bbox 2223 3009 2302 3052; x_wconf 88' lang='lat' dir='ltr'>erit,</span> <span class='ocrx_word' id='word_1_1015' title='bbox 2320 3014 2418 3045; x_wconf 92' lang='lat' dir='ltr'>certo</span> 
     </span>
     <span class='ocr_line' id='line_1_135' title="bbox 1332 3053 2419 3099; baseline 0 -8"><span class='ocrx_word' id='word_1_1016' title='bbox 1332 3055 1410 3091; x_wconf 90' lang='lat' dir='ltr'>iure</span> <span class='ocrx_word' id='word_1_1017' title='bbox 1433 3055 1576 3097; x_wconf 89' lang='lat' dir='ltr'>utimur,</span> <span class='ocrx_word' id='word_1_1018' title='bbox 1599 3058 1641 3089; x_wconf 92' lang='lat' dir='ltr'>ut</span> <span class='ocrx_word' id='word_1_1019' title='bbox 1663 3059 1750 3090; x_wconf 89' lang='lat' dir='ltr'>tunc</span> <span class='ocrx_word' id='word_1_1020' title='bbox 1773 3054 1821 3090; x_wconf 87' lang='lat' dir='ltr'>sit</span> <span class='ocrx_word' id='word_1_1021' title='bbox 1843 3053 2111 3099; x_wconf 89' lang='lat' dir='ltr'>quatuordecim</span> <span class='ocrx_word' id='word_1_1022' title='bbox 2126 3063 2313 3097; x_wconf 88' lang='lat' dir='ltr'>annorum,</span> <span class='ocrx_word' id='word_1_1023' title='bbox 2338 3065 2419 3091; x_wconf 89' lang='lat' dir='ltr'>cum</span> 
     </span>
     <span class='ocr_line' id='line_1_136' title="bbox 1331 3098 2417 3147; baseline -0.001 -11"><span class='ocrx_word' id='word_1_1024' title='bbox 1331 3100 1548 3147; x_wconf 82' lang='lat' dir='ltr'>impleverit:</span> <span class='ocrx_word' id='word_1_1025' title='bbox 1580 3103 1616 3135; x_wconf 91' lang='lat' dir='ltr'>et</span> <span class='ocrx_word' id='word_1_1026' title='bbox 1649 3100 1701 3135; x_wconf 90' lang='lat' dir='ltr'>ita</span> <span class='ocrx_word' id='word_1_1027' title='bbox 1722 3100 1974 3145; x_wconf 88' lang='lat' dir='ltr'>imperatorem</span> <span class='ocrx_word' id='word_1_1028' title='bbox 2004 3098 2201 3134; x_wconf 87' lang='lat' dir='ltr'>decrevisse</span> <span class='ocrx_word' id='word_1_1029' title='bbox 2223 3099 2417 3135; x_wconf 84' lang='lat' dir='ltr'>Marcellus</span> 
     </span>
     <span class='ocr_line' id='line_1_137' title="bbox 1337 3143 2419 3190; baseline 0.001 -10"><span class='ocrx_word' id='word_1_1030' title='bbox 1337 3150 1347 3180; x_wconf 86' lang='grc' dir='ltr'>ι</span> <span class='ocrx_word' id='word_1_1031' title='bbox 1401 3145 1554 3190; x_wconf 88' lang='lat' dir='ltr'>scripsit.</span> <span class='ocrx_word' id='word_1_1032' title='bbox 1602 3144 1699 3190; x_wconf 87' lang='lat' dir='ltr'>Ergo</span> <span class='ocrx_word' id='word_1_1033' title='bbox 1724 3155 1805 3180; x_wconf 91' lang='lat' dir='ltr'>cum</span> <span class='ocrx_word' id='word_1_1034' title='bbox 1836 3147 1931 3181; x_wconf 85' lang='lat' dir='ltr'>esset</span> <span class='ocrx_word' id='word_1_1035' title='bbox 1959 3143 2012 3179; x_wconf 90' lang='lat' dir='ltr'>sic</span> <span class='ocrx_word' id='word_1_1036' title='bbox 2040 3143 2225 3179; x_wconf 87' lang='lat' dir='ltr'>relictum:</span> <span class='ocrx_word' id='word_1_1037' title='bbox 2257 3147 2348 3181; x_wconf 86' lang='lat' dir='ltr'>‘cum</span> <span class='ocrx_word' id='word_1_1038' title='bbox 2372 3145 2419 3180; x_wconf 89' lang='lat' dir='ltr'>ad</span> 
     </span>
     <span class='ocr_line' id='line_1_138' title="bbox 1333 3188 2420 3236; baseline -0.001 -10"><span class='ocrx_word' id='word_1_1039' title='bbox 1333 3194 1511 3236; x_wconf 88' lang='lat' dir='ltr'>‘quartum</span> <span class='ocrx_word' id='word_1_1040' title='bbox 1534 3189 1711 3225; x_wconf 90' lang='lat' dir='ltr'>decimum</span> <span class='ocrx_word' id='word_1_1041' title='bbox 1741 3199 1874 3226; x_wconf 85' lang='lat' dir='ltr'>annum</span> <span class='ocrx_word' id='word_1_1042' title='bbox 1903 3188 2139 3234; x_wconf 87' lang='lat' dir='ltr'>pervenisset,</span> <span class='ocrx_word' id='word_1_1043' title='bbox 2174 3198 2294 3225; x_wconf 88' lang='lat' dir='ltr'>annua</span> <span class='ocrx_word' id='word_1_1044' title='bbox 2322 3190 2420 3225; x_wconf 90' lang='lat' dir='ltr'>bima</span> 
     </span>
     <span class='ocr_line' id='line_1_139' title="bbox 1333 3235 2417 3280; baseline 0 -9"><span class='ocrx_word' id='word_1_1045' title='bbox 1333 3236 1450 3271; x_wconf 86' lang='lat' dir='ltr'>‘trima</span> <span class='ocrx_word' id='word_1_1046' title='bbox 1473 3235 1554 3278; x_wconf 85' lang='lat' dir='ltr'>die’,</span> <span class='ocrx_word' id='word_1_1047' title='bbox 1578 3238 1615 3270; x_wconf 92' lang='lat' dir='ltr'>et</span> <span class='ocrx_word' id='word_1_1048' title='bbox 1637 3235 1760 3271; x_wconf 89' lang='lat' dir='ltr'>decem</span> <span class='ocrx_word' id='word_1_1049' title='bbox 1779 3237 1817 3271; x_wconf 92' lang='lat' dir='ltr'>et</span> <span class='ocrx_word' id='word_1_1050' title='bbox 1839 3238 1974 3280; x_wconf 88' lang='lat' dir='ltr'>septem</span> <span class='ocrx_word' id='word_1_1051' title='bbox 1989 3243 2165 3269; x_wconf 89' lang='lat' dir='ltr'>annorum</span> <span class='ocrx_word' id='word_1_1052' title='bbox 2183 3235 2306 3270; x_wconf 88' lang='lat' dir='ltr'>mortis</span> <span class='ocrx_word' id='word_1_1053' title='bbox 2329 3238 2417 3271; x_wconf 85' lang='lat' dir='ltr'>tem-</span> 
     </span>
     <span class='ocr_line' id='line_1_140' title="bbox 1331 3278 2418 3326; baseline -0.001 -10"><span class='ocrx_word' id='word_1_1054' title='bbox 1331 3290 1421 3326; x_wconf 87' lang='lat' dir='ltr'>pore</span> <span class='ocrx_word' id='word_1_1055' title='bbox 1442 3279 1661 3322; x_wconf 88' lang='lat' dir='ltr'>inveniatur‚</span> <span class='ocrx_word' id='word_1_1056' title='bbox 1693 3288 1864 3325; x_wconf 88' lang='lat' dir='ltr'>praesens</span> <span class='ocrx_word' id='word_1_1057' title='bbox 1894 3278 2049 3324; x_wconf 88' lang='lat' dir='ltr'>legatum</span> <span class='ocrx_word' id='word_1_1058' title='bbox 2082 3279 2159 3314; x_wconf 91' lang='lat' dir='ltr'>erit.</span> <span class='ocrx_word' id='word_1_1059' title='bbox 2213 3279 2364 3325; x_wconf 90' lang='lat' dir='ltr'>proinde</span> <span class='ocrx_word' id='word_1_1060' title='bbox 2387 3280 2418 3316; x_wconf 91' lang='lat' dir='ltr'>si</span> 
     </span>
     <span class='ocr_line' id='line_1_141' title="bbox 1333 3323 2416 3371; baseline 0 -11"><span class='ocrx_word' id='word_1_1061' title='bbox 1333 3324 1533 3371; x_wconf 88' lang='lat' dir='ltr'>quindecim</span> <span class='ocrx_word' id='word_1_1062' title='bbox 1557 3335 1744 3367; x_wconf 87' lang='lat' dir='ltr'>annorum,</span> <span class='ocrx_word' id='word_1_1063' title='bbox 1769 3327 2028 3369; x_wconf 84' lang='lat' dir='ltr'>consequenter</span> <span class='ocrx_word' id='word_1_1064' title='bbox 2038 3323 2196 3359; x_wconf 89' lang='lat' dir='ltr'>dicemus</span> <span class='ocrx_word' id='word_1_1065' title='bbox 2219 3328 2302 3369; x_wconf 91' lang='lat' dir='ltr'>post</span> <span class='ocrx_word' id='word_1_1066' title='bbox 2317 3324 2416 3360; x_wconf 92' lang='lat' dir='ltr'>bien-</span> 
     </span>
     <span class='ocr_line' id='line_1_142' title="bbox 1332 3369 2417 3413; baseline 0 -8"><span class='ocrx_word' id='word_1_1067' title='bbox 1332 3370 1431 3406; x_wconf 88' lang='lat' dir='ltr'>nium</span> <span class='ocrx_word' id='word_1_1068' title='bbox 1454 3370 1592 3405; x_wconf 88' lang='lat' dir='ltr'>deberi:</span> <span class='ocrx_word' id='word_1_1069' title='bbox 1625 3370 1655 3405; x_wconf 90' lang='lat' dir='ltr'>si</span> <span class='ocrx_word' id='word_1_1070' title='bbox 1679 3369 1852 3411; x_wconf 88' lang='lat' dir='ltr'>sedecim,</span> <span class='ocrx_word' id='word_1_1071' title='bbox 1884 3372 1968 3413; x_wconf 90' lang='lat' dir='ltr'>post</span> <span class='ocrx_word' id='word_1_1072' title='bbox 1991 3379 2124 3404; x_wconf 88' lang='lat' dir='ltr'>annum</span> <span class='ocrx_word' id='word_1_1073' title='bbox 2148 3369 2354 3405; x_wconf 86' lang='lat' dir='ltr'>debebitur:</span> <span class='ocrx_word' id='word_1_1074' title='bbox 2387 3370 2417 3405; x_wconf 91' lang='lat' dir='ltr'>si</span> 
     </span>
     <span class='ocr_line' id='line_1_143' title="bbox 1331 3413 2416 3456; baseline 0 -6"><span class='ocrx_word' id='word_1_1075' title='bbox 1331 3424 1471 3451; x_wconf 85' lang='lat' dir='ltr'>menses</span> <span class='ocrx_word' id='word_1_1076' title='bbox 1495 3414 1612 3450; x_wconf 90' lang='lat' dir='ltr'>desint</span> <span class='ocrx_word' id='word_1_1077' title='bbox 1634 3415 1681 3450; x_wconf 90' lang='lat' dir='ltr'>ad</span> <span class='ocrx_word' id='word_1_1078' title='bbox 1705 3425 1722 3450; x_wconf 90' lang='lat' dir='ltr'>s</span> <span class='ocrx_word' id='word_1_1079' title='bbox 1767 3414 1891 3449; x_wconf 89' lang='lat' dir='ltr'>timum</span> <span class='ocrx_word' id='word_1_1080' title='bbox 1907 3413 2083 3449; x_wconf 88' lang='lat' dir='ltr'>decimum</span> <span class='ocrx_word' id='word_1_1081' title='bbox 2099 3424 2242 3456; x_wconf 84' lang='lat' dir='ltr'>annum,</span> <span class='ocrx_word' id='word_1_1082' title='bbox 2266 3414 2416 3450; x_wconf 84' lang='lat' dir='ltr'>residuis</span> 
     </span>
     <span class='ocr_line' id='line_1_144' title="bbox 1331 3423 2417 3504; baseline 0 -9"><span class='ocrx_word' id='word_1_1083' title='bbox 1331 3460 1514 3496; x_wconf 87' lang='lat' dir='ltr'>mensibus</span> <span class='ocrx_word' id='word_1_1084' title='bbox 1538 3460 1699 3496; x_wconf 89' lang='lat' dir='ltr'>debetur.</span> <span class='ocrx_word' id='word_1_1085' title='bbox 1723 3423 1835 3494; x_wconf 49' lang='lat' dir='ltr'>a{aec</span> <span class='ocrx_word' id='word_1_1086' title='bbox 1858 3458 1921 3501; x_wconf 87' lang='lat' dir='ltr'>ita,</span> <span class='ocrx_word' id='word_1_1087' title='bbox 1946 3459 1976 3494; x_wconf 91' lang='lat' dir='ltr'>si</span> <span class='ocrx_word' id='word_1_1088' title='bbox 1992 3462 2123 3504; x_wconf 90' lang='lat' dir='ltr'>putans</span> <span class='ocrx_word' id='word_1_1089' title='bbox 2147 3459 2317 3495; x_wconf 87' lang='lat' dir='ltr'>minorem</span> <span class='ocrx_word' id='word_1_1090' title='bbox 2338 3469 2417 3495; x_wconf 87' lang='lat' dir='ltr'>esse</span> 
     </span>
    </p>
   </div>
   <div class='ocr_carea' id='block_1_9' title="bbox 2257 3557 2412 3561">
    <p class='ocr_par' dir='ltr' id='par_1_16' title="bbox 2257 3557 2412 3561">
     <span class='ocr_line' id='line_1_145' title="bbox 2257 3557 2412 3561; baseline 0 0"><span class='ocrx_word' id='word_1_1091' title='bbox 2257 3557 2412 3561; x_wconf 95' lang='lat' dir='ltr'> </span> 
     </span>
    </p>
   </div>
   <div class='ocr_carea' id='block_1_10' title="bbox 1330 3617 1527 3697">
    <p class='ocr_par' dir='ltr' id='par_1_17' title="bbox 1330 3617 1527 3697">
     <span class='ocr_line' id='line_1_146' title="bbox 1331 3617 1460 3651; baseline -0.016 0"><span class='ocrx_word' id='word_1_1092' title='bbox 1331 3617 1392 3651; x_wconf 70' lang='lat' dir='ltr'>del.</span> <span class='ocrx_word' id='word_1_1093' title='bbox 1407 3617 1460 3650; x_wconf 81' lang='lat' dir='ltr'>F²</span> 
     </span>
     <span class='ocr_line' id='line_1_147' title="bbox 1330 3663 1527 3697; baseline 0.01 -2"><span class='ocrx_word' id='word_1_1094' title='bbox 1330 3672 1408 3695; x_wconf 85' lang='lat' dir='ltr'>vum</span> <span class='ocrx_word' id='word_1_1095' title='bbox 1421 3663 1483 3697; x_wconf 75' lang='lat' dir='ltr'>ine.</span> <span class='ocrx_word' id='word_1_1096' title='bbox 1498 3663 1527 3697; x_wconf 83' lang='lat' dir='ltr'><strong><em>S</em></strong></span> 
     </span>
    </p>
   </div>
   <div class='ocr_carea' id='block_1_11' title="bbox 1541 3615 2413 3660">
    <p class='ocr_par' dir='ltr' id='par_1_18' title="bbox 1541 3615 2413 3660">
     <span class='ocr_line' id='line_1_148' title="bbox 1541 3615 2413 3660; baseline -0.005 -8"><span class='ocrx_word' id='word_1_1097' title='bbox 1541 3620 1587 3660; x_wconf 80' lang='lat'>(9)</span> <span class='ocrx_word' id='word_1_1098' title='bbox 1612 3619 1699 3659; x_wconf 87' lang='lat' dir='ltr'>cum]</span> <span class='ocrx_word' id='word_1_1099' title='bbox 1713 3615 1741 3650; x_wconf 84' lang='lat' dir='ltr'>si</span> <span class='ocrx_word' id='word_1_1100' title='bbox 1756 3616 1805 3650; x_wconf 84' lang='lat' dir='ltr'>F²</span> <span class='ocrx_word' id='word_1_1101' title='bbox 1897 3618 1958 3659; x_wconf 88' lang='grc' dir='ltr'>(ιο)</span> <span class='ocrx_word' id='word_1_1102' title='bbox 1982 3617 2114 3650; x_wconf 84' lang='lat' dir='ltr'>hei-edis</span> <span class='ocrx_word' id='word_1_1103' title='bbox 2127 3618 2187 3652; x_wconf 73' lang='lat' dir='ltr'>ine.</span> <span class='ocrx_word' id='word_1_1104' title='bbox 2277 3617 2333 3658; x_wconf 89' lang='grc' dir='ltr'>(ιι)</span> <span class='ocrx_word' id='word_1_1105' title='bbox 2347 3627 2413 3649; x_wconf 77' lang='lat' dir='ltr'>ser·</span> 
     </span>
    </p>
   </div>
  </div>
 </body>
</html>
