2528 3918
172 88 372 133 XXVI7
1252 86 1339 135 342

173 220 243 291 quale
266 209 447 289 cogldoYits’
479 208 577 244 nulla
608 208 782 289 dugigatio
807 214 873 253 est,
905 208 990 256 quin
1013 210 1143 246 debeat
1163 210 1257 256 peri-

173 265 194 291 c
233 265 293 290 um
316 264 339 290 a
386 264 399 288 i
443 264 504 289 um
527 264 644 298 respic
707 280 715 288 .

218 296 244 337 6
268 298 376 335 loru
427 298 498 334 ‘bro
533 299 583 334 τη·
607 299 717 334 esinw
749 303 856 335 sexto
890 298 940 334 ad
971 298 1126 335 edictum
1178 298 1259 335 Hoc

171 348 302 386 autem,
322 342 418 389 quod
431 342 579 388 cognovi
606 345 716 384 tutor,
727 343 884 390 pupillus
929 343 1058 379 robare
1079 343 1224 380 debebit
1234 345 1257 379 ¹.

218 386 242 424 7
290 387 398 423 Inw
416 387 507 423 libro
532 388 715 435 triqese‘mo
731 389 893 435 quintoa
941 388 1096 424 edictum
1131 388 1258 431 Tutor,

172 433 231 479 qui
255 432 490 478 repertorium
521 442 594 468 non
623 431 729 475 fecit,
761 432 858 478 quod
888 433 991 477 vulgo
1021 432 1258 468 inventarium

171 477 383 523 appellatur,
408 477 489 512 dolo
513 476 642 513 fecisse
665 477 813 520 videtur,
839 476 906 512 nisi
929 477 1022 513 forte
1053 477 1172 523 aliqua
1195 488 1257 513 ne·

171 522 330 558 cessaria
361 526 397 557 et
426 522 621 559 iustissima
652 532 763 558 causa
796 522 844 557 all
888 522 942 557 ari
970 522 1103 567 possit,
1134 532 1199 558 cur
1220 522 1258 557 id

169 567 307 602 factum
330 577 403 602 non
427 566 483 602 sit.
526 566 557 602 si
580 566 659 620 quis
689 567 797 612 igitur
820 566 866 602 do
881 577 902 602 o
926 567 1162 603 inventarium
1185 577 1258 603 non

170 611 306 654 fecerit,
330 611 367 647 in
392 621 434 646 ea
457 610 665 648 condicione
687 615 760 654 est,
792 615 833 647 ut
855 615 1020 647 teneatur
1041 612 1079 647 in
1102 611 1140 647 id
1162 611 1259 657 quod

170 656 297 701 pupilli
319 656 479 699 interest,
503 656 600 702 quod
623 667 668 693 ex
698 655 925 692 iureiurando
959 656 998 692 in
1027 656 1127 692 litem
1150 657 1257 692 aesti-

170 705 297 736 matur.
322 700 411 736 nihil
432 701 552 753 itaque
609 711 708 738 erere
738 705 822 737 ante
854 700 1091 737 inventarium
1122 701 1258 736 factum

171 756 252 781 eum
275 749 435 791 oportet,
467 745 535 782 nisi
564 746 577 781 i
655 746 727 782 uod
757 745 962 781 dilationem
992 756 1059 782 nec
1082 746 1257 781 modicam

173 794 187 825 1
239 794 447 836 exspectare
469 791 593 837 possit.
666 791 679 826 i
701 794 800 826 tutor
831 791 1024 827 cessaverit
1044 791 1082 826 in
1106 791 1256 827 distrac-

169 834 268 872 tione
298 843 418 871 earum
448 846 566 872 rerum
601 846 692 881 quae
722 839 882 881 tempore
914 835 1128 888 depereunt,
1153 845 1258 871 suum

169 880 371 960 {31me
398 880 504 933 facit:
540 880 664 916 debuit
694 880 787 916 enim
818 879 1006 916 confestim
1037 880 1157 933 officio
1191 891 1256 916 suo

170 970 226 1006 vu
234 925 1257 1022 {affl‘sssgm‘zssnssffluffl0332&'²ss.{¹;¹{ffi⁶·?‘{{

169 1025 243 1051 non
263 1014 369 1050 facile
392 1015 615 1066 ignosceturt·
634 1015 758 1050 debuit
777 1015 871 1050 enim
888 981 1051 1060 pamssus
1063 1016 1137 1051 suis
1157 1015 1256 1067 fungi

169 1069 243 1096 non
266 1059 408 1106 quidem
430 1059 617 1105 praecipiti
640 1059 879 1102 festinatione,
905 1060 968 1096 sed
984 1070 1051 1096 nec
1063 1064 1257 1096 moratoria

169 1107 190 1140 2
238 1105 477 1141 cunctatione.
534 1104 719 1150 Competet
749 1105 920 1140 adversus
954 1108 1092 1140 tutores
1124 1105 1257 1140 tutelae

168 1149 276 1192 actio,
301 1150 331 1184 si
354 1149 446 1184 male
471 1149 723 1192 contraxerint,
753 1150 823 1185 hoc
859 1157 913 1185 est
935 1150 966 1185 si
988 1150 1137 1195 praedia
1160 1160 1255 1186 com-

167 1195 372 1240 paraverint
395 1204 467 1230 non
498 1194 626 1230 idonea
649 1204 715 1239 per
745 1194 868 1230 sordes
891 1198 956 1230 aut
976 1195 1139 1240 gratiam.
1172 1194 1258 1240 quid

169 1249 251 1285 ergo
275 1240 306 1275 si
330 1249 444 1284 neque
467 1238 609 1274 sordide
633 1249 748 1284 neque
765 1240 932 1284 gratiose,
953 1239 1014 1275 sed
1031 1250 1103 1275 non
1125 1240 1257 1275 bonam

168 1284 412 1320 condicionem
436 1284 630 1329 elegerint?
653 1288 751 1320 recte
767 1284 846 1330 quis
863 1284 991 1320 dixerit
1009 1285 1123 1320 solam
1145 1284 1256 1320 latam

167 1329 426 1374 neglegentiam
463 1338 524 1364 eos
566 1332 752 1374 praestare
794 1329 832 1364 in
873 1329 944 1365 hac
977 1333 1081 1375 parte
1116 1329 1254 1365 debere.

168 1376 189 1410 3
236 1373 274 1409 Si
296 1377 379 1419 post
402 1373 656 1419 depositionem
675 1374 853 1426 pecuniae
877 1384 1086 1420 comparare
1107 1374 1256 1420 praedia

167 1422 306 1455 tutores
330 1418 578 1464 neglexerunt,
613 1419 785 1465 incipient
818 1419 856 1454 in
890 1429 1019 1455 usuras
1055 1420 1254 1456 conveniri:

167 1474 381 1543 quamquam
406 1463 539 1504 enima
560 1467 726 1509 praetore
746 1465 824 1510 cogi
840 1474 901 1500 eos
926 1468 1068 1510 oportet
1091 1464 1138 1500 ad
1158 1475 1254 1500 com-

166 1518 280 1554 paran
306 1519 375 1551 uni,
398 1512 529 1551 tamen,
553 1509 584 1544 si
608 1513 765 1552 cessent,
791 1510 897 1545 etiam
928 1509 1046 1545 usuris
1077 1509 1256 1555 plectendi

166 1557 252 1589 sunt
273 1553 451 1589 tarditatis
474 1554 600 1598 gratia,
625 1554 692 1589 nisi
716 1555 747 1590 si
796 1565 834 1590 er
858 1565 919 1590 eos
942 1555 1080 1590 factum
1102 1565 1176 1590 non
1200 1558 1256 1590 est

165 1601 188 1633 4
234 1609 303 1644 quo
328 1598 444 1634 minus
470 1603 729 1644 compararent.
798 1600 956 1643 ecuniae,
981 1610 1087 1645 quam
1109 1600 1147 1635 in
1170 1610 1255 1635 usus

166 1653 250 1679 suos
275 1647 524 1679 converterunt
546 1649 695 1687 tutores,
719 1644 893 1690 legitimas
906 1655 1034 1680 usuras
1056 1648 1253 1690 praestant,

165 1688 229 1740 sed
251 1688 321 1724 hoe
344 1688 395 1723 ita
419 1688 570 1731 demum,
595 1689 625 1724 si
649 1689 829 1725 evidenter
849 1690 1046 1726 doceantur
1067 1689 1256 1736 pecuniam

163 1744 202 1768 iii
225 1743 313 1769 usus
337 1743 422 1769 suos
442 1734 675 1770 convertisse:
702 1738 859 1770 ceterum
871 1746 944 1771 non
961 1735 1083 1780 utique
1102 1735 1163 1780 qui
1182 1745 1255 1770 non

163 1777 361 1814 faeneravit
393 1778 448 1814 vel
479 1789 551 1814 non
583 1779 765 1824 deposuit,
798 1781 836 1815 in
860 1791 945 1816 suos
969 1790 1055 1815 usus
1079 1780 1195 1823 vertit,
1219 1783 1255 1815 et

164 1822 216 1858 ita
252 1823 353 1859 divus
389 1823 540 1859 Severus
576 1824 741 1860 decrevit.
780 1825 901 1861 doceri
935 1825 1042 1870 igitur
1077 1825 1183 1860 debet
1215 1825 1253 1860 in

165 1871 185 1902 5
231 1878 320 1904 usus
354 1879 439 1904 suos
473 1869 663 1920 pecuniam
697 1870 855 1906 vertisse.
914 1870 1074 1906 Vertisse
1107 1870 1146 1905 in
1168 1880 1253 1905 suos

164 1922 252 1950 usus
275 1923 348 1948 non
372 1913 566 1962 accipimus
599 1925 698 1959 eum,
755 1915 793 1951 ui
824 1915 962 1951 debitor
991 1915 1105 1960 patris
1126 1914 1254 1960 pupilli

163 1960 244 2004 fuit,
270 1958 396 1997 deinde
418 1962 495 2006 ipse
519 1961 586 1997 sibi
609 1971 683 1996 non
706 1971 746 1996 so
762 1961 830 1996 vit:
871 1960 931 1996 hic
964 1960 1057 1996 enim
1081 1970 1142 1996 eas
1165 1970 1252 1995 usu-

164 2010 185 2042 6
232 2017 292 2042 ras
322 2006 539 2051 praestabit,
572 2016 661 2051 quas
693 2006 789 2052 patri
822 2006 1044 2051 promiserat.
1093 2005 1131 2040 Si
1153 2008 1253 2041 tutor

163 2052 353 2097 pecuniam
376 2051 588 2097 pupillarem
622 2062 687 2087 suo
719 2051 862 2086 nomine
885 2050 1092 2092 faeneravit,
1115 2050 1168 2088 'ita
1191 2049 1251 2085 de-

163 2107 259 2132 mum
283 2100 430 2142 cogetur
453 2106 582 2131 usuras
607 2106 696 2141 quas
720 2096 881 2142 percepit
898 2099 1092 2141 praestare,
1118 2095 1148 2130 si
1172 2105 1251 2130 sus-

165 2145 183 2176 7
222 2142 333 2186 cipiat
362 2141 519 2186 pupillus
556 2145 753 2177 ceterorum
773 2141 955 2177 nominum
967 2140 1177 2186 periculum.
1214 2139 1253 2175 Si

164 2186 294 2232 deponi
325 2190 490 2231 oporteat
520 2186 692 2230 pecunias
724 2186 772 2221 ad
805 2186 1033 2231 praediorum
1065 2194 1250 2230 compara-

163 2230 315 2273 tionem,
347 2231 378 2266 si
412 2231 554 2276 quidem
584 2231 720 2266 factum
744 2234 809 2274 est,
834 2241 967 2266 usurae
990 2241 1063 2266 non
1087 2232 1250 2266 current:

163 2276 219 2312 sin
242 2286 325 2311 vero
348 2275 486 2311 factum
509 2286 582 2311 non
606 2279 671 2318 est,
696 2276 727 2311 si
758 2275 899 2322 quidem
930 2286 997 2311 nec
1020 2278 1251 2320 praeceptum

163 2325 229 2363 est,
253 2325 294 2356 ut
317 2320 552 2366 deponantur,
574 2321 768 2366 pupillares
780 2321 1069 2366 praestabuntur,
1094 2321 1124 2355 si
1146 2330 1250 2372 prae-

164 2369 307 2411 ceptum
331 2370 385 2401 est
409 2370 445 2401 et
468 2366 678 2411 neglectum,
711 2365 755 2401 de
788 2366 892 2401 modo
916 2375 1106 2401 usurarum
1129 2365 1249 2400 viden-

163 2411 248 2446 dum
272 2414 336 2446 est.
363 2414 399 2446 et
421 2410 537 2447 solent
566 2415 751 2456 praetores
784 2410 1010 2452 comminari,
1043 2413 1101 2452 ut,
1125 2410 1156 2445 si
1179 2420 1252 2445 non

162 2456 227 2492 fiat
250 2456 422 2501 depositio
447 2456 503 2491 vel
526 2460 660 2500 quanto
678 2455 815 2491 tardius
834 2455 910 2497 fiat,
933 2455 1109 2501 legitimae
1120 2464 1252 2490 usurae

162 2505 407 2547 praestentur:
450 2501 480 2536 si
509 2501 617 2545 igitur
649 2501 876 2536 comminatio
907 2500 1118 2543 intercessit,
1142 2499 1251 2535 iudex

163 2546 224 2592 qui
249 2545 461 2592 quandoque
485 2556 526 2581 co
552 2550 685 2588 noscet,
711 2546 894 2582 decretum
917 2545 1094 2591 praetoris
1125 2554 1250 2597 seque·

164 2594 184 2626 8
231 2595 300 2627 tur.
356 2591 454 2626 Idem
489 2557 606 2626 soient
639 2590 761 2626 facere
794 2595 978 2636 praetores
1013 2590 1119 2626 etiam
1155 2599 1252 2625 circa

164 2646 225 2672 eos
249 2639 405 2678 tutores,
430 2635 490 2681 qui
525 2640 657 2681 negant
690 2636 824 2671 habere
847 2635 894 2671 ad
926 2635 1071 2671 alendos
1095 2635 1250 2680 pupillos

162 2691 272 2727 penes
296 2691 335 2716 se
359 2680 510 2726 aliquid,
543 2685 584 2716 ut
614 2680 786 2727 quidquid
818 2680 1017 2717 constiterit
1047 2689 1157 2726 penes
1189 2689 1250 2715 eos

164 2735 261 2767 esse,
294 2725 371 2761 eius
402 2726 609 2771 gravissima
640 2736 750 2761 usura
780 2725 975 2771 pendatur:
1009 2729 1046 2760 et
1075 2725 1145 2761 hoc
1169 2734 1250 2770 per·

163 2770 263 2816 sequi
286 2774 451 2816 oportere
473 2770 626 2806 iudicem
649 2771 768 2816 palam
792 2774 846 2806 est
865 2781 946 2806 cum
966 2774 1002 2806 et
1020 2769 1092 2805 alia
1113 2779 1252 2815 poenae

163 2818 184 2851 9
231 2814 438 2851 adiectione.
487 2815 725 2851 Residuarum
749 2820 869 2851 autem
892 2825 1111 2851 summarum
1133 2814 1249 2860 pupil-

167 2863 208 2896 10
254 2859 348 2895 lares
380 2870 508 2896 usuras
539 2860 648 2906 pendi
680 2864 833 2906 oportet.
892 2860 992 2905 Quae
1023 2864 1142 2895 autem
1166 2864 1251 2895 sunt

163 2905 358 2951 pupillares
390 2915 538 2947 usurae,
570 2905 760 2942 videndum
793 2909 858 2941 est.
896 2910 932 2941 et
970 2909 1122 2950 apparet
1155 2904 1250 2940 hanc

163 2959 243 2986 esse
264 2949 417 2986 foi-mam
452 2960 662 2994 usurarum,
698 2955 740 2986 ut
775 2951 850 2986 eius
910 2950 1027 2986 uidem
1061 2949 1249 2996 pecuniae,

164 3005 270 3041 quam
293 2994 373 3040 quis
395 2995 433 3030 in
456 3005 542 3030 usus
566 3006 650 3031 suos
676 2995 865 3039 convertit,
903 2995 1081 3040 egitimam
1104 3005 1250 3031 usuram

162 3043 333 3087 praestet.
369 3040 431 3075 sed
463 3044 499 3075 et
529 3040 560 3075 si
591 3041 732 3086 negavit
762 3040 859 3086 apud
890 3050 929 3076 se
960 3050 1039 3076 esse
1061 3039 1250 3086 pecuniam

163 3089 200 3121 et
222 3088 367 3131 praetor
415 3085 631 3120 ronuntiavit
655 3089 781 3121 contra
804 3096 896 3128 eum,
919 3085 1091 3131 legitimas
1115 3085 1251 3121 solvere

164 3130 328 3173 debebit,
359 3095 414 3165 vg
446 3130 475 3165 si
510 3140 646 3165 moram
679 3130 890 3176 depositioni
920 3130 1007 3166 fecit
1037 3134 1073 3166 et
1103 3134 1250 3175 praetor

162 3175 330 3220 irrogavit
353 3175 385 3210 ei
408 3174 593 3220 legitimas.
629 3175 691 3210 sed
715 3180 750 3211 et
773 3176 822 3218 si,
858 3175 942 3211 dum
965 3179 1071 3220 negat
1094 3175 1249 3220 aliquam

164 3221 398 3266 quantitatem
421 3229 531 3266 penes
555 3229 594 3255 se
618 3230 706 3262 esse,
730 3220 873 3265 pupillis
894 3219 941 3255 ad
964 3230 1074 3256 onera
1097 3230 1164 3255 sua
1187 3230 1247 3255 ex·

189 3265 339 3301 edienda
369 3265 538 3310 imposuit
576 3265 823 3300 necessitatem
862 3269 1022 3300 mutuam
1086 3264 1248 3300 ecuniam

162 3276 327 3355 Pegitimis
364 3309 481 3345 usuris
516 3309 713 3354 accipiendi
726 3336 735 3351 ,
779 3310 959 3345 tenebitur
1000 3310 1038 3345 in
1059 3276 1246 3354 1legitimis.

162 3355 246 3391 item
282 3355 313 3390 si
347 3365 369 3390 a
403 3354 621 3391 debitoribus
656 3354 828 3399 legitimas
872 3355 996 3400 exegit.
1041 3364 1085 3390 ex
1121 3355 1248 3389 ceteris

164 3399 281 3436 causis
305 3399 502 3436 secundum
522 3409 654 3435 morem
677 3399 880 3444 provinciae
903 3399 1101 3444 praestabit
1120 3408 1248 3434 usuras

163 3449 228 3481 aut
250 3445 467 3497 quincunces
492 3448 556 3480 aut
577 3444 724 3479 trientes
744 3447 808 3478 aut
830 3444 860 3479 si
880 3454 972 3489 quae
990 3444 1082 3480 aliae
1099 3444 1247 3479 leviores

166 3493 205 3525 11
254 3500 291 3525 in
314 3490 497 3535 provincia
520 3489 803 3534 frequentantur.
852 3488 991 3524 Usurae
1021 3499 1044 3524 a
1066 3488 1246 3524 tutoribus

163 3545 235 3570 non
259 3535 378 3570 statim
403 3535 600 3579 exiguntur,
625 3533 688 3569 sed
710 3532 894 3568 interiecto
919 3537 1080 3579 tempore
1102 3533 1149 3569 ad
1173 3533 1246 3569 exi-

1500 171 1550 183 *x

1326 210 1458 246 iudicio
1481 198 1615 251 tutelae
1637 212 1771 248 servari
1794 212 1903 248 solet:
1929 213 2023 259 quod
2047 214 2202 258 spatium
2225 224 2289 251 seu
2311 204 2418 251 laxa-⁵
2482 204 2487 213 ‘

1327 258 1485 307 mentum
1515 256 1685 301 temporis
1718 256 1827 292 tribui
1858 267 1930 292 non
1963 261 2105 303 oportet
2134 258 2201 301 liis,
2225 259 2287 304 qui
2308 270 2410 296 num-

1327 309 1403 335 mos
1426 300 1650 345 impuberum
1672 301 1728 337 vel
1751 301 2031 338 adulescentium
2053 303 2091 338 in
2111 313 2196 339 suos
2213 313 2301 339 usus
2325 314 2410 341 con-

1330 347 1380 396 12·
1416 348 1610 380 verterunt.
1657 344 1695 381 Si
1718 356 1846 382 usuras
1871 350 2017 382 exactas
2049 350 2149 383 tutor
2179 347 2234 383 vel
2266 352 2412 386 curator

1326 388 1450 424 usibus
1474 389 1548 425 suis
1571 389 1801 442 retinuerint,
1826 401 1948 444 earum
1978 401 2107 427 usuras
2131 401 2327 438 agnoscere
2350 403 2411 430 eos

1327 436 2320 531 ῗέοςεῖὰηῑεῗῃ,ῑᾚῗεᾎεῗειῇεῑωωῖὲῑξῗ
2368 449 2410 518 ¹2:

1326 532 1473 566 cuniae,
1505 533 1597 568 quae
1629 534 1666 558 in
1696 534 1782 560 arca
1811 525 1899 567 fuit,
1936 526 2041 561 etiam
2063 525 2213 561 heredes
2236 528 2411 563 curatoris

1325 566 1462 603 tamdiu
1483 578 1612 603 usuras
1660 569 1887 612 raestabunt,
1912 570 2080 615 quamdiu
2111 581 2184 606 non
2207 570 2410 617 interpell&

1330 615 1370 647 14
1416 613 1540 655 verint,
1564 616 1606 647 ut
1627 579 1708 649 1200
1731 612 1892 650 defuncti
1916 619 2060 650 curator
2084 615 2334 651 constituatur.
2372 616 2409 652 Si

1325 660 1424 692 tutor
1446 667 1511 702 pro
1537 660 1724 694 contutore
1747 657 2011 702 condemnetur,
2035 669 2082 694 an
2101 660 2207 696 etiam
2226 660 2262 695 in
2284 671 2411 697 usuras

1327 701 1627 754 condemnandus.
1648 702 1714 746 sit,
1756 704 1949 750 quaeritur.
1985 707 2021 740 et
2049 704 2188 750 placet,
2220 709 2262 740 ut
2292 706 2411 742 multis

1325 750 1507 792 rescriptis
1532 750 1736 783 continetur
1766 751 1802 784 et
1829 748 2049 794 Papinianus
2079 749 2170 786 libro
2201 749 2410 787 duodecimo

1326 791 1572 843 quaestionum
1585 791 1646 834 ait,
1670 792 1775 828 etiam
1798 793 1835 828 in
1858 804 1986 829 usuras
1999 804 2079 829 eum
2092 794 2411 838 condemnandum,

1326 846 1355 871 si
1387 840 1593 881 suspectum
1621 836 1742 873 facere
1776 838 1994 883 supersedit,
2032 842 2069 874 et
2099 839 2239 884 quidem
2264 850 2325 875 eas
2350 840 2410 876 de-

1326 881 1447 915 mum²
1477 891 1606 934 usuras
1641 882 1838 935 cogendum
1861 887 2055 928 praestare,
2081 894 2170 929 quas
2194 884 2300 919 etiam
2324 895 2411 920 suae

1329 928 1368 960 15
1416 925 1728 963 administrationis
1754 928 1902 973 cogitur.
1958 927 2149 964 Sciendum
2180 932 2235 964 est
2257 933 2411 965 tutorem

1325 974 1361 1005 et
1383 974 1467 1015 post
1489 971 1647 1023 officium
1677 971 1817 1007 finitum
1841 983 1969 1008 usuras
1993 973 2123 1009 debere
2145 974 2183 1009 in
2207 973 2315 1017 diem,
2340 985 2410 1020 quo

1324 1015 1472 1050 tutelam
1494 1016 1659 1052 restituit.

1372 1056 1396 1097 8
1420 1059 1531 1095 Imm
1555 1061 1646 1097 libro
1679 1061 1844 1097 vicesimo
1877 1062 1981 1097 tertio
2012 1062 2062 1098 ad
2091 1063 2245 1099 edictum
2291 1062 2330 1098 Si
2352 1068 2408 1099 tu-

1326 1104 1419 1140 telae
1442 1109 1526 1150 agat
1548 1105 1591 1148 is,
1617 1106 1717 1141 cuius
1740 1106 1852 1141 tutela
1864 1106 2111 1143 administrata
2133 1112 2198 1151 est,
2223 1107 2411 1143 dicendum

1325 1153 1382 1185 est
1403 1159 1669 1196 nonnumquam
1699 1151 1791 1186 diem
1815 1151 1972 1187 creditae
1989 1152 2167 1204 pecuniae
2199 1157 2409 1198 exspectan-

1326 1194 1419 1237 dam,
1443 1195 1474 1230 si
1496 1194 1591 1231 forte
1609 1199 1708 1231 tutor
1719 1196 1890 1241 pecunias
1903 1196 2090 1232 crediderit
2111 1197 2238 1243 pupilli
2256 1198 2409 1240 nomine,

1326 1250 1477 1285 quarum
1502 1240 1752 1286 exigendarum
1777 1240 1852 1276 dies
1876 1241 2033 1277 nondum
2057 1243 2160 1278 venit.
2197 1252 2284 1278 saue
2314 1242 2410 1288 quod

1325 1284 1372 1319 ad
1421 1285 1565 1321 ecunias
1590 1286 1728 1329 attinet,
1752 1285 1804 1320 ita
1828 1285 1968 1321 demum
1990 1297 2111 1322 verum
2135 1292 2208 1330 est,
2239 1287 2270 1323 si
2293 1288 2410 1333 potuit

1325 1333 1361 1365 et
1416 1330 1514 1365 ebuit
1545 1330 1706 1367 eredere:
1751 1335 1907 1366 ceterum
1941 1331 1971 1366 si
2007 1342 2079 1368 non
2114 1332 2220 1367 debet
2255 1331 2409 1375 credere,

1325 1384 1399 1410 non
1423 1375 1699 1420 exspectabitur.

1369 1417 1395 1457 9
1419 1419 1528 1455 IDEM
1554 1421 1645 1457 libro
1678 1421 1860 1467 triqesimo
1894 1424 2000 1457 sexto
2032 1421 2082 1456 ad
2113 1422 2266 1458 edictum
2313 1421 2408 1474 Quo-

1323 1463 1415 1500 tiens
1438 1468 1535 1501 tutor
1591 1465 1753 1501 ecuniam
1783 1465 1995 1511 pupillarem
2024 1465 2162 1502 faenori
2193 1466 2266 1509 dat,
2293 1470 2338 1502 sti
2365 1478 2406 1502 u-

1322 1509 1410 1545 latio
1433 1510 1503 1546 hoc
1527 1521 1568 1546 or
1595 1511 1603 1518 '
1632 1521 1651 1546 e
1672 1510 1840 1546 facienda
1863 1514 1926 1546 est.
1960 1511 2123 1556 stipulari
2154 1511 2270 1547 enim³
2304 1511 2348 1547 de
2374 1515 2410 1548 et

1324 1558 1388 1590 aut
1409 1555 1566 1600 pupillus
1590 1559 1654 1590 aut
1675 1565 1798 1591 servus
1821 1556 1966 1601 pupilli:
1990 1556 2086 1608 quod
2105 1556 2136 1592 si
2154 1565 2269 1602 neque
2291 1557 2408 1602 pupil-

1323 1599 1379 1635 lus
1404 1600 1479 1636 eius
1503 1601 1631 1635 aetatis
1663 1600 1749 1643 erit,
1783 1604 1823 1636 ut
1853 1600 2016 1646 stipulari
2048 1601 2172 1646 possit,
2196 1611 2312 1646 neque
2335 1612 2408 1637 ser-

1324 1655 1406 1679 vum
1428 1645 1585 1688 habebit,
1610 1649 1697 1681 tunc
1719 1645 1798 1691 ipse
1821 1648 1920 1682 tutor
1943 1646 2044 1698 quive
2067 1646 2104 1680 in
2129 1646 2204 1681 eius
2227 1649 2408 1691 potestate

1323 1689 1401 1732 erit,
1425 1700 1496 1735 quo
1521 1700 1608 1726 casu
1630 1690 1789 1726 Iulianus
1813 1700 1873 1727 sae
1899 1691 2017 1726 issime
2040 1691 2181 1736 scripsit
2204 1691 2325 1726 utilem
2348 1701 2408 1726 ac-

1323 1734 1455 1770 tionem
1477 1735 1613 1780 pupillo
1638 1734 1803 1770 dandam.
1828 1745 1867 1770 se
1914 1739 1950 1771 et
1966 1736 1996 1771 si
2018 1735 2148 1771 absens
2172 1736 2218 1771 sit
2240 1737 2408 1782 pupillus,

1322 1783 1488 1825 oportere
1518 1784 1673 1816 tutorem
1704 1790 1770 1816 suo
1802 1780 1945 1816 nomine
1983 1780 2147 1833 stipulari
2184 1791 2408 1827 nequaquam

1326 1827 1340 1859 1
1390 1824 1639 1870 ambigendum
1664 1828 1728 1861 est.
1777 1825 1815 1860 Si
1837 1830 1941 1878 pater
1962 1825 2115 1861 familias
2135 1835 2226 1868 eum,
2247 1837 2312 1871 pro
2338 1836 2408 1872 quo

1321 1868 1513 1912 fideiussit,
1549 1874 1706 1906 tutorem
1737 1869 1875 1905 dederit
1907 1870 1980 1906 filio
2011 1880 2096 1913 suo,
2129 1870 2248 1906 officio
2280 1871 2408 1906 tutoris

1322 1914 1496 1958 convenit,
1522 1919 1573 1958 ut,
1599 1926 1680 1951 cum
1699 1914 1774 1950 dies
1792 1915 1967 1960 pecuniae
1987 1916 2221 1961 praeterierit,
2242 1915 2409 1952 creditori

1322 1959 1479 1995 debitum
1505 1960 1636 1996 solvat:
1673 1963 1709 1995 et
1730 1959 1810 1996 ideo
1835 1963 1999 1996 cessante
2022 1970 2063 1996 eo
2088 1961 2118 1996 si
2140 1960 2296 2006 pupillus
2320 1971 2408 1996 suae

1320 2004 1455 2040 tutelae
1487 2005 1607 2040 factus
1641 2005 1786 2041 solverit
1830 2015 1874 2040 ex
1909 2015 2020 2041 causa
2053 2005 2276 2041 fideiussoris
2289 2032 2298 2048 ,
2335 2016 2408 2041 non

1320 2049 1436 2085 solum
1460 2049 1636 2092 mandati,
1661 2050 1725 2086 sed
1749 2050 1854 2085 etiam
1877 2050 2011 2086 tutelae
2034 2060 2138 2096 agere
2160 2051 2307 2096 poterit:
2338 2051 2408 2086 hoc

1321 2094 1413 2129 enim
1437 2095 1470 2130 ei
1492 2095 1700 2140 imputatur,
1725 2105 1790 2130 cur
1813 2105 1877 2140 pro
1902 2106 1941 2131 se
1964 2106 2037 2131 non
2059 2096 2212 2131 solverit.
2249 2095 2345 2140 quod
2377 2096 2408 2131 si

1319 2139 1356 2174 in
1381 2139 1473 2175 diem
1508 2139 1649 2176 debitor
1682 2140 1751 2175 fuit
1783 2140 1852 2175 iste
1882 2144 1999 2183 tutor,
2035 2140 2246 2186 quibusdam
2269 2140 2408 2176 videtur

1319 2195 1393 2220 non
1415 2184 1534 2221 venire
1556 2185 1594 2220 in
1616 2185 1750 2221 tutelae
1771 2184 1951 2228 iudicium,
1975 2185 2005 2221 si
2021 2185 2126 2221 modo
2150 2186 2182 2221 is
2211 2185 2284 2221 dies
2300 2186 2407 2231 post⁴

1319 2229 1469 2264 tutelam
1491 2229 1628 2265 finitam
1651 2230 1874 2276 supervenit:
1908 2230 2005 2276 quod
2036 2231 2067 2266 si
2098 2230 2173 2265 dies
2197 2230 2315 2266 adhuc
2339 2230 2405 2266 du-

1318 2278 1422 2309 rante
1444 2275 1559 2310 tutela
1581 2275 1687 2318 venit,
1719 2278 1851 2320 putant
1881 2275 2081 2311 omnimodo
2114 2275 2250 2310 devolvi
2279 2275 2318 2310 in
2349 2279 2406 2310 tu·

1319 2319 1412 2355 telae
1445 2319 1626 2355 iudicium.
1706 2330 1727 2355 0
1763 2323 1799 2355 et
1832 2320 1902 2355 hoc
1937 2324 1973 2355 et
2005 2320 2169 2366 superius
2204 2320 2256 2355 ita
2285 2330 2406 2355 verum

1318 2364 1490 2445 ξ’«ᾓΐέηέἰ
1504 2364 1752 2445 ὦῗὲῗῗὲὲιω
1759 2364 1855 2445 „iffi
1876 2368 1996 2445 ‘3312
2016 2365 2406 2446 ἳὲθῖἶξὲειέἓᾝῖῑῗ

1715 2436 1724 2451 ,
2396 2437 2404 2445 .

1319 2459 1387 2489 nec
1419 2454 1605 2500 quisquam
1643 2457 1746 2500 putet
1776 2454 1912 2490 nullum
1953 2454 2118 2490 effectum
2152 2455 2222 2490 hoc
2255 2455 2404 2491 habere:

1319 2509 1473 2551 namque
1505 2499 1536 2535 si
1591 2500 1646 2535 uis
1678 2499 1806 2535 dixerit
1835 2499 1872 2534 in
1895 2500 2029 2535 tutelae
2059 2499 2229 2535 iudicium
2253 2499 2401 2542 devolvi,

1320 2547 1356 2579 et
1377 2544 1558 2590 privilegio
1596 2554 1683 2580 ocus
1714 2548 1770 2580 est
1800 2547 1836 2579 et
1865 2543 2093 2580 fideiussores
2124 2545 2351 2586 tenebuntur,
2375 2545 2406 2580 si

1320 2591 1339 2624 2
1386 2599 1462 2625 rem
1486 2589 1620 2624 salvam
1642 2589 1721 2625 fore
1745 2593 1890 2625 cautum
1914 2593 1979 2624 est.
2034 2590 2123 2624 Item
2159 2590 2189 2625 si
2219 2589 2406 2635 temporali

1320 2633 1461 2670 actione
1483 2634 1554 2669 fuit
1576 2634 1752 2687 obligatus
1775 2637 1883 2676 tutor,
1908 2634 2096 2670 dicendum
2108 2638 2163 2670 est
2184 2634 2304 2670 locum
2327 2644 2406 2670 esse

1320 2682 1340 2714 3
1387 2679 1522 2715 tutelae
1551 2679 1704 2722 iudicio,
1736 2682 1778 2714 ut
1834 2683 1981 2724 erpetua
2003 2680 2097 2715 actio
2121 2680 2178 2715 sit.
2225 2679 2276 2715 Et
2297 2689 2402 2725 gene-

1319 2724 1443 2759 raliter
1466 2724 1562 2770 quod
1585 2724 1755 2760 adversus
1834 2735 1894 2759 um
1917 2728 2101 2770 praestare
2124 2724 2247 2760 debuit
2269 2725 2403 2770 pupillo

1319 2779 1397 2812 suo,
1421 2768 1458 2804 id
1481 2769 1650 2805 adversus
1675 2779 1714 2805 se
1760 2779 1878 2815 uoque
1895 2773 2085 2821 praestare
2101 2769 2216 2811 debet,
2240 2768 2403 2804 fortassis

1320 2818 1355 2849 et
1384 2814 1485 2860 plus:
1518 2814 1687 2850 adversus
1719 2780 1808 2849 ὦσε
1848 2824 1941 2849 enim
1973 2815 2125 2859 experiri
2156 2814 2232 2850 sine
2263 2814 2404 2850 actione

1319 2862 1340 2894 4
1386 2869 1459 2895 non
1482 2859 1611 2905 potuit,
1635 2859 1804 2894 adversus
1828 2869 1867 2894 se
1890 2859 2016 2904 potuit.
2053 2859 2124 2894 Sed
2147 2859 2178 2894 si
2197 2859 2264 2894 sub
2285 2859 2403 2894 usuris

1317 2904 1539 2948 gravioribus
1561 2904 1656 2957 patri
1678 2904 1804 2950 pupilli
1834 2904 2022 2949 pecuniam
2054 2904 2177 2939 debuit
2199 2914 2307 2949 quam
2331 2905 2402 2939 sint

1318 2949 1527 2994 pupillares,
1551 2948 1740 2985 videndum
1764 2952 1830 2991 est,
1855 2959 1901 2984 an
1925 2949 1958 2984 ei
1981 2949 2115 3002 aliquid
2136 2949 2341 2994 imputetur.
2368 2952 2404 2983 et

1319 2994 1350 3029 si
1373 2994 1515 3039 quidem
1539 2994 1655 3037 solvit,
1679 2993 1767 3029 nihil
1791 2997 1847 3029 est
1870 2993 1966 3040 quod
1989 2994 2021 3029 ei
2043 2997 2254 3040 imputetur:
2285 2994 2404 3039 potuit

1319 3038 1412 3074 enim
1445 3039 1581 3075 solvere
1616 3049 1683 3075 nec
1718 3049 1866 3074 onerare
1900 3049 1939 3074 se
1975 3039 2109 3074 usuris:
2153 3039 2184 3074 si
2223 3048 2305 3074 vero
2330 3049 2402 3074 non

1317 3083 1432 3126 solvit,
1455 3092 1584 3119 usuras
1608 3094 1649 3120 co
1675 3084 1786 3120 endus
1811 3087 1866 3119 est
1882 3093 2086 3129 agnoscere,
2110 3093 2199 3128 quas
2224 3093 2247 3118 a
2269 3092 2309 3118 se
2328 3083 2401 3118 exi-

1318 3132 1337 3163 5
1384 3139 1468 3174 gere
1491 3129 1625 3164 debuit.
1651 3095 1763 3164 gSicut
1781 3133 1900 3164 autem
1919 3129 2055 3164 solvere
2066 3132 2165 3164 tutor
2176 3128 2272 3173 quod
2285 3128 2400 3170 debet,

1316 3173 1369 3208 ita
1392 3177 1430 3209 et
1451 3174 1590 3219 exigere
1614 3174 1710 3226 quod
1733 3173 1800 3209 sibi
1831 3173 1981 3209 debetur
2011 3176 2148 3219 potest,
2181 3173 2212 3209 si
2246 3173 2402 3209 creditor

1316 3217 1386 3253 fuit
1407 3219 1520 3264 patris
1550 3219 1693 3264 pupilli:
1734 3228 1817 3254 nam
1851 3222 1889 3254 et
1923 3218 1990 3253 sibi
2024 3218 2160 3254 solvere
2193 3222 2335 3263 potest,
2371 3217 2401 3253 si

1317 3263 1422 3299 modo
1446 3263 1515 3299 fuit
1537 3264 1690 3309 pecunia
1712 3263 1807 3299 unde
1829 3263 1955 3304 solvat,
1981 3266 2018 3299 et
2039 3263 2071 3298 si
2093 3272 2224 3298 usurae
2253 3262 2401 3298 fuerunt

1316 3308 1495 3353 graviores
1519 3318 1611 3354 quae
1634 3309 1666 3344 ei
1682 3308 1914 3350 debebantur,
1932 3307 2145 3343 relevabitur
2161 3307 2212 3343 eis
2231 3307 2398 3352 pupillus,

1317 3354 1400 3398 quia
1423 3357 1523 3389 tutor
1545 3364 1584 3389 se
1606 3354 1724 3399 potuit
1746 3353 1909 3395 liberare,
1933 3352 2027 3388 sicut
2049 3352 2128 3388 aliis
2153 3362 2295 3398 quoque
2329 3352 2398 3388 sol-

1317 3403 1337 3433 6
1383 3408 1466 3434 vere
1502 3403 1538 3434 et
1571 3398 1690 3443 potuit
1725 3402 1760 3433 et
1793 3396 1926 3433 debuit.
1983 3396 2061 3432 Nec
2095 3396 2219 3442 utique
2254 3406 2400 3432 necesse

1315 3443 1436 3485 habet,
1461 3443 1492 3479 si
1515 3443 1757 3485 conveniatur,
1777 3452 1847 3495 per
1861 3441 2013 3477 iudicem
2030 3441 2177 3484 solvere,
2194 3441 2399 3486 idcircoque

1315 3488 1346 3523 si
1369 3488 1464 3523 mala
1487 3497 1598 3523 causa
1620 3488 1805 3540 pupillaris
1830 3490 1894 3527 est,
1915 3486 2122 3522 denuntiare
2153 3486 2221 3522 sibi
2254 3486 2398 3522 verum‘

1315 3532 1431 3568 debet.
1457 3532 1607 3584 denique
1629 3536 1823 3577 imperator
1832 3531 2036 3567 Antoninus
2062 3541 2143 3567 cum
2165 3535 2268 3576 patre
2291 3531 2396 3566 etiam

1823 2724 1831 2732 ε

162 3579 315 3624 gendum
338 3584 375 3615 et
397 3579 444 3615 ad
468 3578 714 3614 collocandum
737 3577 846 3613 duum
870 3588 1049 3621 mensum,
1079 3578 1187 3624 idque
1208 3578 1247 3614 in
1312 3577 1506 3614 honoraria
1528 3586 1588 3612 eos
1613 3577 1788 3622 imputare
1810 3576 1944 3621 pupillo
1975 3575 2175 3621 prohibuit,
2210 3575 2240 3612 si
2271 3585 2395 3620 super-

163 3702 203 3733 (1)
228 3695 327 3728 debet
340 3696 372 3727 F
378 3694 393 3714 ²
508 3697 550 3734 (2)
576 3693 707 3727 easdem
720 3703 794 3725 eum
806 3705 868 3727 scr.
992 3695 1035 3734 (3)
1060 3694 1148 3726 enim
1163 3695 1226 3729 ἀεὶ.

1340 3695 1383 3734 (4)
1410 3695 1486 3736 post
1499 3693 1561 3725 del.
1678 3695 1720 3730 (5)
1747 3691 1944 3724 creditorem
1956 3690 2051 3722 litem
2065 3691 2239 3733 expectare
2252 3698 2319 3721 non
2333 3689 2391 3721 inc.

1907 103 1969 136 nr.
1996 105 2410 140 mmmm-noun
2494 94 2505 148 j

2527 3524 2528 3599 l

2526 3634 2528 3719 Ι

2526 3723 2528 3771 ι
