2528 3918
68 106 222 138 CONST.
252 106 397 136 TANTA

112 220 154 252 20
202 216 256 251 Ne
287 218 403 251 autem
437 215 652 258 incognitum
688 214 786 249 vobis
822 214 902 255 fiat,
938 223 982 248 ex
1018 213 1146 258 quibus

65 266 223 298 veterum
247 263 345 296 libris
369 261 459 295 haec
484 260 740 294 consummatio
766 259 929 294 ordinata
951 262 1017 300 est,
1042 258 1146 293 iussi-

66 317 142 343 mus
166 312 202 341 et
226 307 294 342 hoc
318 306 354 340 in
378 305 578 350 primordiis
611 305 827 356 digestorum
860 308 1062 339 nostrorum
1092 304 1146 338 in·

65 353 191 394 scribi,
226 356 262 386 ut
287 350 609 385 manifestissimum
635 354 698 391 sit,
732 360 775 384 ex
809 350 937 393 quibus
969 350 1146 394 legislato-

66 398 164 432 ribus
200 397 398 442 quibusque
434 395 533 429 libris
568 405 690 429 eorum
723 399 759 429 et
789 398 877 438 quot
908 395 1050 429 milibus
1080 395 1148 429 hoc

66 447 133 478 2οα
179 442 335 477 iustitiae
352 441 534 475 Romanae
552 441 721 484 templum
741 440 965 474 aedificatum
984 444 1049 474 est.
1078 439 1147 474 Le-

65 488 250 532 gislatores
271 490 389 520 autem
411 486 464 520 vel
486 489 780 520 commentatores
802 495 864 519 eos
883 485 1064 529 elegimus,
1090 484 1149 528 qui

66 533 160 576 digni
185 535 285 566 tanto
312 541 418 575 opere
442 530 584 565 fuerant
608 535 643 564 et
668 541 756 574 quos
782 534 817 564 et
841 531 1038 565 anteriores
1062 530 1148 574 piis-

66 578 143 612 simi
167 576 346 622 principes
371 576 580 610 admittere¹
612 587 682 610 non
708 579 792 610 sunt
815 575 1003 619 indignati,
1037 575 1147 610 omni-

65 623 131 657 bus
162 633 233 657 uno
264 621 445 665 dignitatis
470 621 573 666 apice
595 621 762 666 inpertito
786 631 853 655 nec
879 621 946 655 sibi
971 621 1150 665 quodam²

65 668 220 711 aliquam
244 666 527 712 praerogativam
553 666 784 701 vindicant·e³.
834 677 913 700 cum
945 667 1036 700 enim
1065 677 1147 700 con-

65 713 288 748 stitutionum
322 712 431 746 vicem
463 716 499 746 et
529 711 593 746 has
626 712 720 756 leges
752 711 913 755 optinere
948 711 1149 746 censuimus

66 758 167 802 quasi
192 768 235 792 ex
259 757 362 792 nobis
386 757 641 802 promulgatas,
667 757 750 801 quid
775 757 927 801 amplius
949 761 1013 791 aut
1033 756 1148 791 minus

63 803 100 838 in
133 803 344 847 quibusdam
373 812 451 837 esse
482 802 725 846 intellegatur,
762 812 840 836 cum
878 812 950 837 una
985 801 1149 846 dignitas,

64 858 137 883 una
160 852 320 894 potestas
345 847 509 883 omnibus
534 850 588 882 est
611 846 776 882 indulta?

111 1123 146 1155 21
199 1120 277 1154 Hoc
302 1123 430 1161 autem,
457 1119 551 1164 quod
577 1122 612 1154 et
636 1120 681 1154 ab
705 1118 804 1154 initio
828 1119 930 1154 nobis
951 1118 1063 1154 visum
1083 1122 1149 1160 est,

65 1176 144 1200 cum
177 1165 246 1200 hoc
277 1176 367 1210 opus
398 1165 475 1200 fieri
512 1165 577 1199 deo
613 1165 816 1200 adnuente⁴
852 1165 1112 1199 mandabamus
1125 1165 1148 1205 ⁵,

63 1210 308 1255 tempestivum
344 1211 446 1245 nobis
483 1210 622 1245 videtur
653 1214 689 1245 et
719 1210 756 1244 in
785 1210 967 1255 praesenti
998 1209 1149 1251 sancire,

64 1260 104 1290 ut
135 1266 238 1291 nemo
268 1266 383 1300 neque
413 1266 554 1298 eorum,
587 1255 646 1300 qui
681 1256 715 1290 in
740 1255 920 1300 praesenti
944 1255 1031 1290 iuris
1056 1254 1148 1299 peri-

64 1301 149 1336 tiam
172 1301 323 1344 habent,
355 1311 422 1336 nec
452 1301 537 1345 qui⁶
567 1305 693 1346 postea
717 1300 871 1335 fuerint⁷
897 1300 1029 1335 audeat
1054 1310 1149 1335 com-

63 1346 256 1382 mentarios
286 1346 398 1381 isdem
432 1346 569 1391 legibus
605 1346 813 1381 adnectere:
851 1345 917 1381 nisi
949 1350 1087 1380 tantum
1121 1346 1150 1380 si

63 1392 146 1427 velit
168 1402 229 1427 eas
253 1392 289 1426 in
311 1391 486 1426 Graecam
511 1402 633 1426 vocem
658 1392 914 1426 transformare
938 1391 1004 1426 sub
1026 1390 1149 1426 eodem

63 1436 186 1472 ordine
216 1447 329 1481 eaque
361 1438 634 1481 consequentia,
665 1438 731 1472 sub
762 1447 833 1481 qua
865 1442 898 1470 et
923 1438 1052 1471 voces⁸
1077 1436 1149 1470 Ro-

63 1492 189 1517 manae
222 1482 362 1527 positae
397 1486 483 1517 sunt
517 1483 599 1523 (hoc
635 1482 728 1527 quod
762 1482 890 1516 Graeci
925 1480 1016 1515 κατὰ
1052 1480 1149 1516 πόδα

64 1528 217 1569 dicunt),
245 1532 280 1562 et
304 1528 333 1562 si
358 1528 418 1572 qui
442 1528 595 1562 forsitan
619 1539 683 1573 per
706 1527 891 1562 titulorum
917 1527 1149 1571 suptilitatem

63 1573 236 1608 adnotare
254 1573 443 1608 maluerint
468 1578 503 1608 et
526 1583 569 1608 ea
593 1584 684 1618 quae
707 1571 914 1619 παράτιτλα
938 1583 1148 1616 nuncupan-

63 1622 123 1653 tur
155 1628 378 1663 componere.
428 1619 516 1653 alias
541 1622 659 1654 autem
683 1619 799 1663 legum
824 1618 1148 1662 interpretationes,

62 1663 167 1698 immo
201 1665 312 1707 magis
344 1664 589 1709 perversiones
621 1675 680 1699 eos
710 1664 845 1699 iactare
878 1674 948 1697 non
985 1663 1150 1698 concedi-

64 1720 152 1752 mus,
177 1719 222 1744 ne
242 1709 440 1744 verbositas
464 1719 586 1744 eorum
612 1709 743 1754 aliquid
768 1709 904 1753 legibus
930 1709 1062 1743 nostris
1088 1709 1149 1743 ad-

63 1754 156 1788 ferat
185 1765 230 1790 ex
262 1754 471 1789 confusione
503 1754 658 1789 dedecus
669 1756 694 1789 ⁹.
742 1754 836 1799 quod
869 1758 903 1788 et
932 1754 969 1788 in
994 1753 1150 1798 antiquis

64 1799 170 1834 edicti
189 1800 354 1844 perpetui
375 1801 711 1835 commentatoribus
731 1800 865 1834 factum
886 1803 951 1841 est,
977 1800 1037 1843 qui
1060 1810 1150 1844 opus

63 1844 246 1880 moderate
270 1845 473 1880 confectum
498 1845 568 1880 huc
593 1850 699 1890 atque
723 1846 806 1879 illuc
829 1845 865 1879 in
891 1844 1048 1879 diversas
1070 1855 1149 1879 seu-

64 1889 193 1924 tentias
214 1890 451 1935 producentes
471 1890 506 1924 in
524 1890 699 1925 infinitum
717 1891 959 1931 detraxerunt,
983 1894 1021 1924 ut
1037 1900 1151 1934 paene

65 1946 202 1973 omnem
227 1935 426 1970 Romanam
457 1936 674 1971 sanctionem
705 1946 783 1970 esse
815 1935 1010 1970 confusam.
1061 1946 1149 1980 quos

64 1981 93 2015 si
117 1980 216 2025 passi
240 1991 311 2015 non
335 1991 477 2023 sumus,
508 1981 802 2025 quemadmodum
835 1981 1054 2025 posteritatis
1088 1980 1149 2015 ad-

65 2025 226 2060 mittatur
256 2036 348 2060 vana
380 2026 583 2061 discordia?
618 2027 648 2061 si
679 2027 763 2070 quid
793 2031 912 2061 autem
936 2026 1008 2060 tale
1031 2026 1151 2061 facere

64 2071 142 2106 ausi
156 2073 184 2092 ¹⁰
207 2071 352 2114 fuerint,
373 2071 440 2115 ipsi
458 2071 597 2116 quidem
613 2072 779 2106 falsitatis
800 2071 852 2106 rei
873 2071 1149 2113 constituantur,

65 2117 244 2151 volumina
267 2121 386 2151 autem
410 2127 531 2151 eorum
558 2118 758 2152 omnimodo
790 2120 1073 2160 corrumpentur.
1121 2117 1150 2151 si

65 2161 148 2206 quid
180 2172 278 2204 vero,
315 2165 353 2195 ut
391 2172 499 2206 supra
531 2162 665 2197 dictum
697 2166 767 2204 est,
805 2162 1007 2205 ambiguum
1044 2162 1151 2196 fuerit

66 2207 193 2249 visum,
224 2207 292 2241 hoc
323 2207 368 2241 ad
398 2207 580 2251 imperiale
605 2208 745 2242 culmen
770 2217 833 2252 per
857 2207 992 2242 iudices
1017 2207 1148 2242 refera-

65 2256 124 2286 tur
148 2257 183 2287 et
207 2262 250 2287 ex
274 2252 488 2287 auctoritate
512 2254 676 2297 Augusta
699 2253 961 2295 manifestetur,
995 2253 1051 2287 cui
1084 2253 1150 2288 soli

66 2308 275 2332 concessum
311 2301 366 2332 est
402 2297 498 2342 leges
531 2302 568 2332 et
607 2298 760 2334 condere
795 2301 830 2332 et
866 2298 1148 2343 interpretari¹¹.

67 2345 108 2377 22
155 2342 315 2378 Eandem
337 2346 455 2378 autem
476 2353 627 2388 poenam
647 2343 814 2379 falsitatis
840 2343 1090 2378 constituimus
1114 2346 1151 2379 et

69 2482 106 2517 (1)
133 2479 336 2512 admittitere
354 2480 388 2512 F
503 2480 548 2520 (2)
573 2479 704 2512 cuidam
725 2480 759 2512 F

68 2526 111 2565 (4)
135 2524 275 2558 advento
290 2526 325 2557 F
403 2526 446 2565 (5)
473 2527 514 2568 cs.
530 2533 627 2558 const.
643 2526 713 2558 Deo
725 2526 861 2558 auctore
877 2530 893 2564 ξ
909 2534 941 2560 12

68 2580 132 2611 que
151 2570 186 2603 F
278 2570 323 2611 (7)
347 2569 465 2602 flerent
484 2571 518 2603 F
603 2571 648 2612 (8)
672 2581 751 2603 voce
772 2572 806 2603 F

73 2616 135 2654 (ιο)
161 2616 220 2647 aut
239 2615 266 2647 si
291 2616 324 2647 F
409 2616 464 2657 (11)
488 2615 709 2658 interpretare
729 2616 763 2648 F

1029 2528 1075 2567 (6)
1100 2536 1157 2558 ne-

112 2773 156 2806 20
203 2770 253 2807 Et
284 2782 364 2808 cum
395 2772 611 2807 conveniens
633 2782 710 2807 esse
735 2772 978 2808 indicaremus
1000 2773 1155 2819 dioesto-

69 2828 148 2851 rum
164 2816 254 2852 libro
273 2821 407 2852 veteres
423 2818 515 2852 iuris
529 2821 695 2852 auctores
711 2828 907 2863 eorumque
924 2818 1035 2853 libros
1046 2829 1156 2863 prae-

69 2862 225 2897 scribere
248 2867 280 2897 et
301 2862 458 2897 delectus
477 2862 595 2908 lequm
616 2864 688 2898 iam
707 2863 936 2898 collectarum
957 2863 1053 2897 unde
1065 2874 1155 2908 pro-

66 2907 266 2953 ficiscatur,
289 2906 357 2943 hoc
376 2907 463 2952 fieri
484 2908 651 2943 iussimus
675 2912 709 2943 et
731 2908 873 2953 factum
897 2911 968 2950 est,
992 2912 1026 2942 et
1049 2908 1158 2943 simul

69 2964 112 2987 ea
151 2951 237 2987 huic
275 2956 421 2987 nostrae
459 2963 586 2988 sacrae
622 2953 870 2988 constitutioni
903 2954 1019 2988 subici
1045 2964 1156 2999 prae—

69 2997 247 3043 cepimus,
281 3003 321 3032 ut
344 2998 506 3033 omnibus
530 2999 760 3043 manifestum
784 2999 849 3040 sit,
881 3009 990 3044 quam
1014 2998 1157 3043 infinita

69 3054 128 3077 res
151 3047 185 3078 et
209 3043 424 3088 imperfecta
445 3047 552 3078 antea
573 3043 690 3088 fuerit
718 3048 752 3078 et
776 3043 866 3088 quid
895 3054 963 3078 nos
987 3044 1156 3090 perfece—

70 3090 138 3122 20a
183 3088 305 3123 rimus.
359 3087 460 3122 Iuris
495 3091 614 3122 autem
651 3092 818 3124 auctores
852 3089 909 3123 vel
943 3090 1156 3135 interpretes

69 3142 130 3167 eos
154 3132 342 3178 eleqz’mus,
372 3133 438 3178 qui
459 3133 560 3178 apud
583 3144 704 3168 omnes
720 3133 874 3179 probati
895 3135 1098 3169 extitissent
1123 3138 1155 3167 et

70 3178 310 3213 anterioribus
332 3178 564 3223 principibus
594 3178 822 3224 placuissent
851 3182 886 3213 et
916 3180 960 3214 ab
993 3180 1038 3214 iis
1069 3179 1155 3213 alte-

68 3223 157 3268 qari
177 3222 408 3257 meruissent:
440 3234 522 3256 nam
546 3223 580 3258 si
602 3224 684 3268 quis
706 3229 784 3259 erat
808 3235 853 3258 ne
877 3225 1054 3259 veteribus
1079 3225 1155 3269 qui-

71 3268 149 3302 dem
174 3267 264 3302 iuris
287 3268 494 3303 auctoribus
515 3272 632 3310 notus,
657 3279 736 3303 eum
757 3269 801 3304 ab
824 3268 892 3304 boc
914 3269 1004 3304 libro
1019 3268 1159 3315 procul

73 3311 270 3347 habuimus.
318 3313 481 3348 omnibus
513 3316 631 3347 autem
663 3315 701 3348 in
733 3312 801 3349 lzoc
835 3314 999 3349 volumen
1031 3314 1156 3349 relatis

72 3368 181 3391 unum
216 3357 376 3392 ordinem
408 3368 589 3402 unamque
619 3358 829 3404 diynitatem
862 3359 1052 3394 tribuimus
1083 3370 1155 3393 non

72 3406 254 3437 reservata
279 3402 345 3436 alii
360 3413 456 3448 prae
480 3403 552 3437 alio
577 3404 712 3438 maiore
744 3405 978 3439 auctoritate:
1008 3415 1092 3438 nam
1123 3404 1157 3438 si

72 3447 235 3482 omnibus
258 3447 302 3482 ab
328 3448 342 3481 i
366 3448 417 3482 sis
441 3449 653 3493 conscriptis
675 3449 744 3483 vim
769 3450 1062 3484 constitutionum
1092 3449 1154 3483 im-

68 3492 261 3536 perialium
286 3493 335 3526 tri
342 3493 491 3534 mimus,
523 3493 612 3537 quid
640 3494 678 3528 in
709 3494 754 3528 iis
777 3498 840 3528 aut
865 3495 981 3529 maius
1004 3497 1068 3529 aut
1091 3494 1154 3528 mi-

73 3546 140 3569 nus
158 3537 295 3582 poterit
318 3537 455 3572 videri?

120 3582 155 3614 21
208 3579 255 3614 Id
276 3585 411 3623 autem,
443 3582 543 3626 quod
572 3581 641 3618 hoc
670 3583 761 3617 iuris
790 3593 923 3629 corpus
943 3583 1029 3628 fieri
1043 3593 1154 3629 prae-

75 3625 245 3670 cipientes
268 3627 386 3660 statim
411 3627 454 3662 ab
480 3628 581 3661 initio
606 3628 805 3669 ediximus,
836 3639 933 3663 nunc
963 3638 1092 3662 rursus
1118 3626 1156 3661 id

76 3671 192 3714 ipsum
231 3670 481 3712 confirmantes
512 3673 676 3706 omnibus
705 3673 868 3707 similiter
899 3672 1154 3712 interdicimus,

76 3725 120 3748 ne
144 3714 226 3758 quis
249 3725 364 3759 neque
381 3718 628 3760 praesentium
653 3728 768 3762 neque
790 3718 1002 3762 futurorum
1024 3716 1154 3752 Icarum

1107 91 1270 133 XXVII

875 2482 918 2521 (3)
945 2480 1111 2513 vidicante
1130 2481 1164 2513 F

893 2573 938 2613 (9)
964 2571 1111 2604 deduous
1130 2572 1164 2604 F

1885 104 2037 135 CONST.
2072 103 2311 136 ΔΕΔΩΚΕΝ

1262 216 1306 248 20
1354 215 1426 246 Καὶ
1450 213 1558 247 τοῦτο
1582 211 1622 247 δὲ
1644 211 1814 260 ἆριστον’
1839 215 1932 249 εἶναι
1956 218 2139 261 κρίνοντες
2159 213 2202 249 τὸ
2224 227 2308 261 προ-

1222 259 1342 292 θεῖναι
1367 259 1430 292 τοῦ
1454 259 1533 292 τῶν
1554 258 1725 303 Digeston
1750 259 1895 303 βιβλίου
1916 264 1976 294 καὶ
1996 260 2077 295 τοὺς
2095 261 2310 306 ἔμπροσθεν

1219 305 1422 347 νομοθέτας
1445 307 1506 337 καὶ
1529 302 1575 337 τὰ
1598 304 1741 338 τούτων
1764 305 1890 349 βιβλία
1914 310 1974 339 καὶ
1998 303 2094 340 ὅθεν
2117 303 2138 349 ἡ
2158 304 2310 352 συλλογὴ

1218 350 1295 382 τῶν
1327 349 1394 381 νῦν
1426 344 1511 392 ἡμῖν
1541 346 1831 393 ἀθροισθέντων
1862 353 2003 397 ἐγένετο
2035 350 2170 394 νόμων,
2202 353 2310 384 τοῦτο

1219 407 1258 427 τε
1287 394 1465 440 γενέσθαι
1498 392 1771 441 προσετάξαμεν
1803 399 1862 428 καὶ
1892 395 1936 438 δὴ
1965 400 2024 429 καὶ
2053 402 2218 443 γέγονεν·
2250 400 2309 429 καὶ

1218 436 1292 483 ἅμα
1327 452 1367 485 γε
1403 438 1448 472 τὰ
1483 442 1566 484 περὶ
1596 439 1740 473 τούτων
1768 436 1996 483 ὑποτεθῆναι
2026 441 2113 484 τῆδε
2143 442 2188 484 τῆ
2218 441 2307 474 ’θεία

1221 484 1320 529 ημῶν
1346 482 1508 524 διατάξει
1537 483 1899 531 παρεκελευσάμεθα,
1933 483 2033 520 ὅπως
2049 478 2102 520 ‘civ
2125 478 2265 521 ἅπασιν
2289 474 2313 533 ᾗ

1219 527 1388 575 φανερόν,
1412 531 1539 575 τίνμὲν
1559 528 1601 563 τὸ
1621 530 1681 573 τῆς
1701 532 1877 576 προτέρας
1895 527 2060 577 ἀπειρίας
2077 546 2117 566 τε
2137 535 2197 566 καὶ
2216 529 2309 577 ἀορι-

1220 579 1287 609 20a
1323 578 1425 608 στίας
1446 576 1499 618 ὴν,
1523 578 1563 608 τί
1586 573 1625 608 δὲ
1645 574 1686 609 τὸ
1708 572 1797 620 παρ’
1825 572 1928 619 ἡμῶν
1953 578 2197 623 ἐξευρημένον.
2239 579 2309 610 Νο-

1217 620 1380 665 μοθέτας
1405 617 1444 653 δὲ
1468 619 1547 662 ἦτοι
1571 619 1698 663 νόμων
1721 619 1935 666 ἑρμηνευτὰς
1959 623 2111 657 ἐκείνους
2137 620 2310 668 ἠθροίσα-

1218 679 1286 710 μεν
1318 665 1352 698 οἰ
1383 664 1483 711 παρὰ
1515 666 1629 700 πᾶσιν
1659 663 1958 709 δεδοκιμασμένοι
1990 668 2216 701 καθεστᾶσιν
2251 670 2311 700 καὶ

1218 709 1300 745 τοὺς
1324 711 1538 757 ἔμπροσθεν
1562 707 1753 757 ἀρέσαντες
1777 711 2041 757 αὐτοκράτορας
2061 717 2121 746 καὶ
2139 714 2200 755 τῆς
2218 709 2307 758 παρ’

1220 758 1371 790 ἐκείνων
1399 755 1568 797 τυχόντες
1597 754 1753 800 μνήμης·
1787 757 1819 789 εἰ
1849 755 1917 803 γάρ
1947 759 2109 790 τις-’τῶν
2138 756 2214 799 οὐχὶ
2238 761 2310 791 τοῖς

1221 800 1385 835 παλαιοῖς
1415 801 1636 844 νομοθέταις
1663 803 1947 848 γνωριζομένων
1978 804 2089 843 ἐστίν,
2122 802 2241 845 τούτῳ
2273 801 2312 835 δὲ

1221 848 1280 890 τῆς
1304 846 1392 891 πρὸς
1415 848 1524 880 τοῦτο
1548 845 1591 881 τὸ
1614 845 1760 890 βιβλίον
1782 850 1974 891 μετουσίας
2002 845 2310 893 ἀπηγορεύσαμεν.

1221 893 1332 927 πᾶσιν
1360 904 1401 938 γε
1430 890 1502 935 μὴν
1532 895 1605 926 τοῖς
1635 891 1802 926 ἐνταῦθα
1833 895 2008 935 κειμένοις
2029 897 2119 947 μίαν
2144 891 2248 932 τάξιν
2271 906 2310 926 τε

1220 941 1279 970 καὶ
1303 934 1410 978 ἀξίαν
1431 935 1653 980 δεδώκαμεν,
1678 934 1799 971 οὐδενὶ
1817 940 1980 981 μείζονος
1998 938 2196 971 αυθεντίας
2214 936 2310 983 παρὰ

1220 982 1285 1017 τὸν
1309 984 1434 1028 ἕτερον
1457 981 1776 1028 φιλοτιμηθείσης·
1809 983 1840 1015 εἰ
1869 981 1937 1029 γὰρ
1966 986 2039 1017 τοῖς
2068 980 2158 1029 παρ’
2187 980 2310 1016 αὐτῶν

1219 1030 1477 1085 γεγραμμένοις
1497 1024 1636 1062 ἅπασιν
1653 1026 1857 1072 βασιλικῶν
1877 1026 2080 1068 διατάξεων
2102 1025 2312 1071 δεδώκαμεν

1221 1075 1334 1115 ἰσχυν,
1367 1077 1405 1106 τί
1433 1069 1479 1106 ἂν
1509 1075 1549 1106 ἐν
1577 1071 1718 1107 τούτοις
1744 1072 1870 1117 μεῖζόν
1899 1085 1953 1108 τις
1982 1070 2004 1116 ἢ
2034 1072 2188 1107 ἔλαττον
2218 1074 2312 1115 ἔχειν

1220 1119 1359 1160 δοκοίη;
1601 1162 1609 1172 x
1677 1159 1687 1172 ³
1873 1162 1880 1171 ἱ
2194 1159 2204 1172 ³

1266 1168 1302 1199 21
1354 1162 1489 1197 )Εκεῖνό
1509 1177 1550 1211 γε
1567 1177 1640 1208 μην
1652 1162 1763 1197 ευθύς
1782 1177 1823 1197 τε
1843 1177 1911 1207 την
1934 1164 2162 1208 νομοθεσίαν
2184 1162 2312 1209 αθροι-

1220 1211 1358 1253 σθῆναι
1382 1207 1522 1252 ταύτην
1546 1207 1812 1252 ένκελευόμενοι
1836 1211 1904 1243 νῦν
1926 1223 1966 1243 τε
1991 1203 2100 1244 αὖθις
2121 1207 2235 1251 αὐτὴν
2254 1212 2311 1252 βε-

1219 1256 1409 1300 βαιοῦντες
1443 1250 1583 1288 ἅπασιν
1618 1250 1750 1296 ὁμοίως
1785 1251 2058 1301 ἀπαγορεύομεν
2097 1252 2139 1289 τὸ
2164 1251 2313 1309 μηδένα

1222 1301 1406 1347 θαρρῆσαι
1436 1299 1526 1344 μήτε
1558 1300 1635 1333 τῶν
1669 1301 1735 1333 νῦν
1765 1297 1887 1333 ὄντων
1921 1300 2012 1344 μήτε
2047 1300 2125 1334 τῶν
2160 1310 2313 1346 υστερον

1221 1348 1404 1389 ἐσομένων
1420 1344 1563 1379 τούτων
1583 1343 1627 1388 δὴ
1645 1346 1723 1379 τῶν
1741 1344 1869 1388 νόμων
1886 1341 2129 1389 ὑπομνήματα
2150 1343 2312 1391 γράφειν,

1220 1391 1314 1433 πλην
1338 1392 1368 1424 εἰ
1392 1389 1442 1434 μὴ
1464 1389 1683 1435 βουληθεῖεν
1703 1391 1751 1424 εἰς
1770 1392 1839 1434 μὲν
1858 1390 1926 1433 τὴν
1944 1387 2123 1433 Ἑλλήιίον
2142 1389 2314 1437 γλῶτταν

1222 1434 1312 1470 αὐτὰ
1334 1435 1572 1480 μεταβαλεῖν,
1605 1435 1699 1483 μόνῃ
1731 1433 1771 1469 δὲ
1799 1437 1844 1483 τῇ
1875 1435 1967 1470 κατὰ
1991 1435 2087 1470 πόδα
2112 1434 2313 1481 καλουμένῃ

1220 1481 1429 1528 χρησασθαι
1454 1482 1531 1515 τῶν
1555 1479 1682 1524 νόμων
1707 1480 1892 1527 ἑρμηνείᾳ,
1925 1485 1985 1514 καὶ
2018 1482 2052 1515 εἴ
2072 1494 2108 1515 τι
2132 1479 2224 1515 κατὰ
2246 1479 2314 1522 τὴν

1220 1529 1297 1561 τῶν
1322 1526 1605 1570 ὀνομαζομένων
1629 1525 1868 1572 παρατίτλων
1894 1524 1941 1560 (ὸς
1965 1525 2055 1560 εἰκὸς
2079 1525 2313 1580 προσγράψαι

1219 1571 1436 1616 βουληθεῖεν
1458 1575 1600 1618 χρείαν·
1626 1574 1751 1618 ἕτερον
1774 1570 2063 1616 δὲνπαντάπασιν
2082 1570 2167 1617 μηδ’
2193 1571 2313 1605 οτιοῦν

1221 1622 1302 1664 περὶ
1335 1614 1425 1651 αὐτὰ
1457 1616 1633 1662 πράττειν
1661 1615 1753 1661 μηδὲ
1784 1618 1895 1651 αὐθις
1924 1616 2050 1652 δοῦναι
2083 1616 2244 1650 στάσεως
2273 1629 2313 1650 τε

1219 1667 1279 1696 καὶ
1303 1660 1606 1708 ἀμφισβητήσεως
1630 1666 1689 1695 καὶ
1715 1661 1877 1705 πλήθους
1897 1666 1970 1697 τοῖς
1989 1663 2110 1702 νόμοις
2130 1659 2312 1708 ἀφορμήν·

1221 1709 1350 1743 τοῦτο2
1382 1704 1472 1753 ὅπερ
1502 1711 1562 1741 καὶ
1595 1707 1765 1753 πρόσθεν
1789 1709 1849 1742 ἐπὶ
1873 1708 1933 1750 τῆς
1957 1709 2020 1742 τοῦ
2046 1706 2191 1750 ἡδίκτου
2215 1710 2311 1754 γέγο-

1223 1768 1282 1788 νεν
1317 1754 1556 1797 νομοθεσίας,
1594 1750 1690 1786 ὥστε
1725 1756 1844 1787 καίτοι
1879 1767 1918 1800 γε
1954 1749 2048 1787 οὕτω
2081 1752 2312 1798 βραχύτατον

1221 1797 1309 1833 αὐτὸ
1339 1797 1536 1839 καθεστὸς,
1570 1799 1609 1831 ἐκ
1638 1799 1699 1840 τῆς
1730 1799 1809 1832 τῶν
1838 1797 2017 1832 ποικίλων
2040 1796 2313 1842 ὑπομνημάτων

1221 1843 1394 1890 διαφορᾶς
1419 1844 1466 1877 εἰς
1489 1842 1747 1888 ἀναρίθμητον
1771 1844 1975 1887 ἐκταθῆναι
1999 1842 2151 1887 πλῆθος.
2192 1845 2223 1877 εἰ
2245 1842 2313 1891 γάρ

1220 1905 1255 1924 τι
1286 1893 1416 1935 φανείη
1446 1887 1555 1931 τυχὸν
1584 1886 1928 1934 ἀμφισθητούμενον
1957 1885 1979 1932 ἢ
2002 1893 2073 1923 τοῖς
2097 1890 2175 1923 τῶν
2200 1887 2314 1922 δικῶν

1220 1933 1437 1982 ἀγωνισταῖς
1468 1931 1490 1977 ἢ
1512 1937 1585 1968 τοῖς
1608 1935 1673 1967 τοῦ
1698 1938 1835 1980 κρίνειν
1862 1934 2174 1980 προκαθημένοις,
2206 1935 2314 1968 τοῦτο

1220 1979 1386 2024 βασιλεὺς
1419 1979 1627 2025 ἑρμηνεύσει
1659 1978 1794 2021 καλῶς,
1826 1975 1916 2025 ὅπερ
1947 1977 2047 2023 αὐτῷ
2080 1978 2184 2023 μόνῳ
2215 1977 2313 2025 παρὰ

1220 2027 1297 2060 τῶν
1320 2024 1447 2068 νόμων
1472 2027 1622 2070 ἐφεῖται.
1672 2021 1719 2058 ὠς
1748 2020 1767 2059 ὅ
1800 2037 1841 2071 γε
1874 2026 2030 2071 θαρρῶν
2055 2023 2154 2071 παρὰ
2177 2023 2314 2066 ταύτην

1221 2068 1322 2115 ἡμῶν
1346 2069 1412 2113 τὴν
1436 2070 1663 2114 νομοθεσίαν
1687 2066 1882 2114 ὑπόμνημά
1906 2083 1942 2103 τι
1964 2070 2203 2114 καταθέσθαι
2221 2068 2314 2103 κατὰ

1220 2117 1337 2159 σχῆμα
1355 2118 1414 2159 τῆς
1435 2113 1606 2160 ἡμετέρας
1624 2113 1817 2149 κελεύσεως
1837 2113 2077 2161 ἀλλοιότερον,
2101 2115 2204 2149 οὗτος
2221 2115 2313 2148 ἴστω

1219 2165 1292 2196 τοῖς
1324 2162 1385 2204 τῆς
1416 2159 1694 2205 παραποιήσεως
1725 2159 1931 2204 ἐνεξόμενος
1961 2160 2099 2204 νόμοις,
2131 2161 2195 2195 τοῦ
2220 2157 2310 2204 παρ’

1220 2204 1329 2240 αὐτοῦ
1349 2207 1591 2240 συντεθέντος
1609 2203 1914 2251 ἀφαρπαζομένου
1933 2209 1993 2240 καὶ
2013 2207 2126 2241 πᾶσιν
2145 2203 2312 2252 διαφθει-

1221 2255 1262 2287 22
1310 2254 1462 2297 ρομένου
1485 2250 1645 2298 τρόποις.
1693 2248 1817 2294 Αὐτῆς
1845 2251 1978 2294 ταύτης
2007 2253 2230 2296 ἐπικειμένης
2254 2251 2314 2292 τῆς

1219 2299 1346 2340 ποινῆς
1377 2301 1437 2331 καὶ
1468 2296 1560 2331 κατὰ
1596 2297 1673 2330 τῶν
1710 2300 1868 2340 σημείοις
1902 2300 2000 2331 τισὶν
2037 2299 2076 2330 ἐν
2111 2300 2160 2346 τῇ
2191 2296 2312 2344 γραφῇ

1218 2345 1429 2390 χρωμένων,
1447 2337 1539 2389 ἅπερ
1559 2341 1706 2389 σίγλας3
1726 2341 1909 2383 καλοῦσιν,
1930 2345 1991 2376 καὶ
2013 2339 2064 2376 δι’
2087 2337 2211 2376 αὐτῶν
2232 2353 2311 2375 συν-

1229 2481 1269 2520 (1)
1295 2489 1451 2525 αρισταν
1470 2479 1503 2511 F
1568 2479 1613 2519 (2)
1638 2478 1745 2511 τοῦτο
1763 2479 1824 2512 det.
1840 2479 1988 2512 Her-cher
2058 2481 2100 2519 (3)
2125 2475 2271 2524 σιγγλας
2286 2480 2317 2512 F

1227 2772 1345 2818 lequm
1375 2771 1650 2808 commentarios
1680 2770 1836 2806 scribere
1867 2770 2019 2813 audeat,
2052 2774 2313 2817 praeterquam

1225 2818 1258 2852 si
1285 2818 1323 2853 in
1359 2818 1531 2853 Graecam
1570 2816 1732 2861 linquam
1771 2826 1832 2850 eas
1863 2817 2066 2861 transferre
2096 2817 2203 2851 velint
2233 2817 2313 2851 sola

1225 2873 1288 2904 ea,
1321 2873 1414 2907 quae
1439 2861 1488 2896 ad
1511 2862 1661 2906 vesciqia
1687 2862 1838 2904 dicitur,
1871 2861 1989 2907 lequm
2016 2862 2314 2908 interpretatione

1225 2909 1293 2949 usi,
1318 2910 1399 2943 item
1424 2908 1458 2941 si
1480 2906 1569 2952 quid
1592 2906 1642 2941 ad
1664 2917 1768 2941 usum
1793 2917 1916 2941 eorum
1940 2906 2114 2949 videlicet,
2147 2917 2242 2952 quae
2265 2907 2315 2942 ad

1226 2953 1348 2987 titulos
1364 2957 1504 2994 vocant,
1524 2951 1700 2986 adnotare
1716 2951 1842 2986 velint:
1866 2963 1936 2986 neu
1955 2953 2150 2997 quicquam
2168 2953 2312 2988 omnino

1220 3001 1414 3043 praeterea
1444 2998 1541 3032 circa
1571 3007 1633 3031 eas
1656 2997 1808 3077 [aciant
1837 3008 1902 3032 nec
1930 3008 2058 3031 rursus
2089 2998 2309 3033 occasionem

1226 3043 1309 3078 dent
1341 3042 1483 3077 dissidii
1512 3042 1549 3076 in
1581 3041 1656 3087 qui
1678 3052 1721 3076 us
1753 3046 1788 3076 et
1819 3042 2053 3078 dubitationis
2084 3047 2118 3077 et
2153 3042 2312 3077 multitu-

1225 3088 1342 3122 dinis:
1374 3086 1474 3132 quod
1503 3090 1610 3121 antea
1639 3097 1783 3167 {noque
1807 3087 1844 3122 in
1869 3087 2055 3123 condendo
2080 3087 2195 3123 edicto
2220 3088 2311 3122 acci-

1225 3133 1294 3175 dit,
1326 3136 1367 3167 ut
1399 3143 1478 3168 cum
1503 3132 1619 3176 ipsum
1667 3133 1887 3167 revissimum
1912 3135 2015 3174 esset,
2032 3143 2105 3179 per
2128 3133 2311 3168 variorum

1225 3178 1563 3213 commentariorum
1587 3177 1828 3213 diversitatem
1849 3178 1886 3212 in
1906 3177 2082 3222 infinitam
2101 3178 2227 3212 molem
2248 3188 2311 3212 ex-

1225 3229 1410 3258 cresceret.
1458 3233 1541 3256 nam
1570 3223 1604 3257 si
1631 3222 1720 3268 quid
1741 3223 1842 3268 forte
1866 3223 2011 3257 dubium
2036 3233 2113 3257 esse
2136 3222 2312 3257 videbitur

1224 3269 1298 3302 sive
1316 3267 1536 3304 certantibus
1555 3267 1592 3302 in
1613 3267 1746 3303 iudicio
1766 3268 1840 3303 sive
1861 3268 1994 3302 iudicio
2007 3267 2311 3314 praesidentibus,

1224 3312 1294 3348 hoc
1325 3313 1523 3359 imperator
1552 3317 1649 3348 recte
1687 3311 2010 3359 interpretabitur,
2076 3313 2138 3348 cui
2170 3312 2240 3346 soli
2274 3310 2313 3346 id

1225 3370 1247 3392 a
1281 3357 1421 3403 leqibus
1444 3357 1663 3403 permissum
1694 3362 1756 3392 est.
1804 3359 1926 3402 itaque
1958 3358 2024 3402 qui
2057 3360 2184 3393 contra
2216 3357 2311 3391 lianc

1224 3407 1386 3437 nostram
1407 3403 1692 3438 constitutionem
1717 3403 2009 3438 commentarium
2034 3402 2083 3436 ad
2103 3402 2261 3447 formam
2288 3412 2310 3434 a

1225 3453 1349 3482 nostro
1381 3448 1479 3483 iussu
1510 3447 1760 3483 abhorrentem
1791 3447 2016 3483 conscribere
2045 3456 2156 3481 ausus
2183 3445 2310 3490 fuerit,

1225 3493 1255 3527 is
1292 3493 1382 3527 sciat
1414 3492 1507 3538 falsi
1537 3493 1675 3538 leqibus
1705 3504 1744 3527 se
1775 3493 1907 3533 teneri,
1948 3492 2047 3537 quod
2077 3496 2194 3525 autem
2227 3500 2309 3524 con-

1224 3538 1429 3583 scripserit,
1460 3538 1498 3572 id
1529 3538 1687 3573 ablatum
1712 3538 1761 3572 iri
1782 3541 1816 3572 et
1839 3537 1938 3572 omni
1959 3536 2063 3570 modo
2088 3538 2308 3579 corruptum.

1226 3585 1266 3616 22
1318 3581 1453 3618 Eadem
1478 3593 1604 3629 poena
1628 3583 1823 3629 proposita
1856 3582 1962 3616 etiam
1994 3582 2038 3614 iis
2070 3580 2134 3625 qui
2159 3580 2198 3613 in
2221 3579 2310 3613 scri-

1225 3627 1340 3662 bendo
1364 3628 1458 3663 notis
1480 3631 1639 3670 utentur,
1669 3638 1764 3672 quae
1786 3626 1908 3672 siqilla
1932 3628 2072 3666 vocant,
2100 3628 2135 3659 et
2151 3634 2224 3670 per
2247 3633 2310 3658 eas

1223 3673 1444 3718 scripturam
1466 3672 1730 3719 perturbabunt
1753 3683 1819 3707 nec
1836 3669 2064 3716 perscribant
2092 3672 2163 3703 tam
2187 3678 2308 3703 nume—

1222 3727 1288 3751 ros
1310 3721 1346 3752 et
1373 3722 1530 3753 veterum
1556 3717 1793 3763 prudentium
1825 3716 1971 3750 nomina
2002 3724 2110 3758 quam
2142 3713 2199 3748 ius
2230 3713 2310 3748 uni·

1949 3780 2010 3805 1111
2017 3771 2037 3793 *
