2528 3918
173 118 448 163 XXXXVIII
478 120 568 163 8.9

175 242 332 279 ostendit
360 252 438 278 esse
466 241 641 288 quoedam
671 243 709 278 et
745 251 819 278 11011
848 240 944 278 mala
971 251 1119 277 venena.

174 297 315 339 nomen·
332 286 488 324 medium
520 292 576 324 est
598 291 636 339 et
657 290 732 322 tam
754 286 807 330 id,
845 286 942 332 quod
974 285 1020 322 ad
1048 285 1258 339 sanandum,

174 343 297 413 333¹&
305 331 356 413 1ἷὶ
377 332 476 423 11ἷὲ
494 331 818 422 ffissffiffldxss.
847 334 1260 412 atussffnle‘ssitfio‘zfflssssi'ss&

175 426 322 458 notatur
343 422 382 458 in
405 433 448 458 ea
471 423 565 468 lege,
590 422 684 468 quod
709 422 860 459 hominis
885 421 1037 457 necandi
1062 431 1173 456 causa
1196 421 1259 456 ha-

176 467 237 503 bet
247 469 270 502 ¹.
317 467 380 503 sed
404 478 448 503 ex
472 471 618 503 senatus
642 467 805 503 consulto
835 467 983 511 relegari
1005 466 1105 501 iussa
1127 469 1183 501 est
1205 476 1259 508 ea,

175 522 266 557 quae
299 523 372 548 non
402 512 543 557 quidem
574 512 668 548 malo
707 512 841 555 animo,
877 512 940 548 sed
971 511 1064 546 malo
1099 511 1259 556 exemplo

174 557 468 594 medicamentum
508 558 555 593 ad
587 558 854 603 conceptionem
884 556 1000 598 dedit,
1040 566 1083 591 ex
1116 566 1186 600 quo
1219 566 1261 591 ea

175 605 196 638 3
244 612 335 648 quae
358 607 550 648 acceperat
572 602 774 639 decesserit.
822 602 902 638 Alio
927 604 1074 637 senatus
1097 601 1260 636 consulto

175 646 341 683 effectum
364 652 435 690 est,
461 652 501 683 ut
523 647 766 693 pigmentarii,
791 648 845 683 si²
870 646 927 682 cui
950 650 1083 682 temere
1107 646 1260 682 cicutam

176 692 440 728 salamandram
462 693 645 729 aconitum
665 693 913 739 pituocampas
929 692 1016 727 aut³
1034 691 1233 727 bubrostim
1245 692 1256 711 ⁴

175 737 303 773 mandr
349 748 448 774 oram
472 742 509 774 et
530 738 585 779 id,
621 738 717 783 quod
747 737 971 773 lustramenti
994 746 1104 772 causa
1127 735 1263 772 dederit

179 787 197 818 ⁴
245 793 313 818 can
355 783 508 827 ιιι-1111165,
542 794 659 828 poena
682 787 870 818 teneantur
894 782 1000 817 huius
1029 781 1126 826 legis.
1172 781 1263 817 Item

175 828 223 870 is,
257 827 358 863 cuius
382 827 519 864 familia
541 828 676 864 sciente
706 838 748 863 eo
772 826 986 872 apiscendae
1009 826 1262 872 reciperandae

175 873 668 954 {3353321311200332511115
689 872 912 962 fflffi
936 871 1262 962 1111611911

179 963 237 1008 qui
266 962 359 998 falsa
381 963 514 999 indicia
537 974 605 999 con
622 974 724 999 essus
756 962 864 998 fuerit
888 962 1134 998 confitendave
1158 972 1260 997 cura-

175 1008 275 1050 verit,
301 1019 371 1053 quo
420 1009 474 1044 uis
498 1009 668 1044 innocens
693 1007 1027 1043 circumveniretur:
1054 1011 1088 1042 et
1112 1007 1172 1051 qui
1195 1007 1260 1042 ho-

175 1053 305 1089 minem
337 1020 493 1089 libidinis
523 1054 579 1088 vel
608 1052 798 1098 promercii
821 1062 933 1088 causa
955 1052 1184 1094 castraverit,
1217 1062 1261 1087 ex

176 1102 322 1134 senatus
363 1098 526 1134 consulto
566 1108 682 1143 poena
724 1097 810 1142 legis
851 1097 1036 1133 Corneliae
1078 1097 1226 1142 punitur
1236 1099 1260 1131 ¹³.

177 1147 196 1178 5
244 1143 350 1188 Legis
374 1143 560 1179 Corneliae
589 1143 634 1178 de
656 1143 795 1178 sicariis
820 1146 856 1178 et
878 1142 1044 1179 veneficis
1067 1152 1185 1188 poena
1207 1142 1259 1177 in-

177 1188 278 1224 sulae
310 1188 512 1233 deportatio
544 1192 599 1224 est
629 1192 666 1223 et
688 1187 845 1223 omnium
869 1188 1045 1223 bonorum
1069 1187 1171 1223 adem
1198 1187 1259 1223 tio.

176 1233 240 1270 sed
263 1233 379 1270 solent
401 1234 507 1269 hodie
530 1233 647 1278 capite
676 1233 814 1278 puniri,
847 1232 916 1268 nisi
947 1233 1151 1269 honestiore
1195 1243 1262 1268 oco

176 1278 285 1324 positi
306 1278 450 1322 fuerint,
475 1282 516 1313 ut
533 1288 685 1323 poenam
704 1278 792 1323 legis
812 1279 1030 1314 sustineant:
1055 1277 1261 1313 humiliores

177 1324 270 1360 enim
294 1324 433 1359 solent⁷
464 1324 520 1359 vel
545 1323 667 1360 bestiis
691 1323 823 1365 subici,
855 1323 1001 1359 altiores
1024 1333 1107 1358 vero
1133 1323 1260 1368 depor-

177 1374 197 1403 6
243 1372 368 1404 tantur
390 1369 426 1404 in
449 1369 613 1404 insulam.
661 1367 884 1413 Transfugae
914 1368 1016 1410 licet,
1046 1368 1262 1413 ubicumque

175 1414 309 1450 inventi
331 1413 475 1456 fuerint,
499 1414 603 1458 quasi
625 1413 747 1449 hostes
770 1412 972 1449 interficere
983 1414 1006 1448 ⁸.

223 1458 248 1496 4
280 1459 474 1495 ULPJANUS
501 1459 592 1495 libro
616 1460 767 1512 septimo
792 1458 836 1494 de
859 1459 986 1504 officio
1005 1458 1263 1505 proconsulis⁹

175 1504 272 1550 Lege
297 1504 461 1540 Cornelia
484 1503 530 1539 de
552 1503 690 1539 sicariis
714 1507 874 1546 tenetur,
906 1504 984 1556 qui,
1018 1514 1099 1539 cum
1128 1503 1166 1538 in
1187 1514 1262 1539 ma·

175 1550 328 1594 gistratu
352 1552 406 1585 est
429 1552 534 1593 esset,
558 1559 681 1585 eorum
705 1548 790 1594 quid
813 1548 937 1584 fecerit
960 1552 1087 1584 contra
1100 1550 1126 1570 ¹⁰
1149 1549 1262 1584 homi-

180 1599 196 1630 1
244 1595 300 1630 nis
324 1604 459 1637 necem,
483 1593 580 1639 quod
599 1594 735 1639 legibus
754 1593 966 1639 permissum
983 1604 1056 1629 non
1075 1593 1133 1630 sit.
1175 1593 1262 1629 Cum

177 1639 321 1686 quidam
363 1649 427 1684 per
463 1639 645 1675 lasciviam
683 1649 828 1675 causam
866 1639 990 1675 mortis
1027 1639 1262 1684 praebuisset,

177 1685 449 1730 comprobatum
479 1688 536 1721 est
564 1684 699 1720 factum
727 1684 856 1729 Ignatii
869 1686 894 1706 ¹¹
927 1684 1076 1719 Taurini
1109 1694 1262 1729 procon-

177 1730 265 1766 sulis
279 1729 449 1766 Baeticae
473 1740 496 1765 a
518 1729 599 1765 divo
614 1729 797 1765 Hadriano
811 1730 850 1772 ¹²,
875 1729 971 1774 quod
995 1739 1075 1764 eum
1098 1729 1137 1764 in
1161 1729 1262 1774 quin-

178 1779 198 1811 2
245 1775 438 1820 quennium
468 1775 672 1819 relegasset.
696 1774 818 1810 “Idem
846 1774 946 1810 divus
970 1774 1175 1810 Hadrianus
1206 1784 1262 1810 re-

177 1820 341 1866 scripsit:
367 1819 621 1856 ‘constitutum
636 1819 776 1865 quidem
790 1822 855 1862 est,
874 1829 919 1854 ne
933 1819 1112 1865 spadones
1127 1819 1263 1863 fierent,

177 1869 251 1902 ‘eos
274 1869 410 1908 autem,
441 1865 502 1911 qui
530 1864 600 1900 hoc
623 1865 771 1900 crimine
794 1869 1046 1910 arguerentur,
1080 1865 1266 1900 Corneliae

179 1911 277 1956 ‘legis
305 1920 423 1956 poena
450 1910 565 1946 teneri
589 1920 780 1955 eorumque
804 1910 900 1945 bona
921 1909 1048 1945 merito
1074 1910 1161 1946 fisco
1184 1920 1264 1946 meo

179 1955 360 1992 ‘vindicari
388 1955 534 1999 debere,
567 1955 631 1991 sed
661 1957 737 1991 et²³
765 1955 803 1990 in
826 1965 963 1998 servos,

1174 250 1258 286 01‘80

1021 1955 1059 1990 ui
1087 1965 1104 1990 s
1130 1954 1265 1991 adones

187 2000 358 2044 fecerint,
382 2001 507 2036 ultimo
530 2001 706 2045 supplicio
731 2000 997 2036 animadverten
1024 2011 1083 2035 um
1104 1967 1203 2036 {seez
1230 2003 1266 2036 et

177 2047 251 2092 ‘qui
272 2046 342 2082 1100
366 2046 512 2082 crimine
534 2049 718 2089 tenentur,
750 2046 781 2081 si
804 2056 877 2081 non
901 2045 1100 2088 adfuerint,
1133 2045 1178 2081 de
1200 2046 1263 2081 ab—

177 2091 351 2128 ‘sentibus
374 2101 530 2136 quoque,
562 2095 745 2136 tamquam
773 2091 851 2135 lege
875 2090 1041 2126 Cornelia
1063 2094 1263 2133 teneantur,

178 2136 509 2216 :pronuntiandum¹²
517 2145 605 2172 esse.
636 2136 761 2216 lplane
784 2136 814 2188 si
829 2135 923 2215 tipsi,
935 2135 1017 2216 d‹ilrui
1045 2136 1140 2171 hanc
1170 2136 1263 2171 iniu-

178 2191 401 2273 {55:232ssss
415 2191 539 2270 3253,
548 2191 1264 2278 pgzcmmggffirgffiggmigggggrgggeg

178 2272 285 2308 ‘enim
307 2272 460 2308 liberum
483 2281 668 2307 servumve
691 2271 840 2306 invitum
864 2275 1081 2307 smentemve
1105 2274 1265 2307 castrare

178 2317 312 2360 ‘debet‚
342 2326 431 2353 neve
444 2318 472 2339 ¹⁵
503 2316 581 2361 quis
610 2326 650 2353 se
679 2320 808 2362 sponte
839 2316 1070 2352 castrandum
1091 2316 1266 2361 praebere

178 2363 307 2399 ‘debet
355 2365 394 2398 at
421 2362 453 2398 si
482 2361 560 2406 quis
589 2361 760 2397 adversus
791 2360 948 2397 edictum
979 2371 1096 2396 meum
1127 2360 1263 2403 fecerit,

178 2407 325 2443 ‘medico
358 2407 517 2452 quidem,
551 2407 612 2452 qui
642 2406 832 2449 exciderit,
872 2417 915 2442 ca
941 2406 1024 2442 itale
1055 2405 1139 2448 erit,
1178 2407 1264 2442 item

179 2453 259 2498 ‘ipsi
306 2453 343 2488 ui
365 2463 405 2489 se
428 2455 556 2497 sponte
578 2452 814 2488 excidendum
837 2462 923 2496 prae
950 2451 1025 2487 uit'.

224 2496 249 2535 5
314 2507 439 2534 anos
475 2497 566 2534 libro
601 2497 759 2533 secundo
797 2497 842 2532 de
876 2496 1003 2542 officio
1030 2497 1266 2542 proconsulis

177 2543 224 2578 Hi
249 2553 401 2588 quoque,
450 2542 486 2577 ui
508 2542 656 2578 thlibias
678 2542 828 2583 faciunt,
852 2552 899 2578 ex
919 2541 1174 2577 constitutione
1194 2541 1265 2577 divi

177 2588 352 2624 Hadriani
375 2588 421 2623 ad
479 2587 614 2623 innium
636 2587 788 2623 Hastam
818 2587 856 2622 in
888 2586 1012 2622 eadem
1035 2597 1145 2623 causa
1169 2590 1264 2629 sunt,

179 2643 251 2679 qua
272 2633 311 2668 hi
333 2633 395 2678 qui
417 2636 588 2669 castrant.

225 2676 250 2715 6
284 2678 512 2714 Vssnvhsslvs
532 2677 784 2713 Snwmvmns
811 2677 903 2713 libro
919 2678 1045 2723 primo
1069 2677 1114 2712 cle
1137 2677 1187 2722 of
1208 2677 1263 2712 cio

173 2723 429 2774 proconsulis·
453 2723 514 2776 Is,
538 2723 598 2767 qui
630 2732 771 2758 servum
802 2721 1032 2757 castrandum
1065 2721 1161 2757 tradi
1187 2722 1263 2765 erit,

177 2767 737 2858 {lfwffffi‘ssoffnffssafftffissae
753 2767 1264 2848 {iffiioeiriffimssoss‘s'ssi

177 2858 272 2894 libus
294 2857 433 2894 factum
456 2862 520 2894 est.

225 2901 249 2940 7
277 2902 435 2939 PAULUS
462 2903 553 2939 libro
577 2902 760 2948 sinqulari
781 2902 825 2937 de
840 2902 1002 2948 publicis
1025 2901 1168 2938 iudiciis
1221 2902 1264 2936 In

179 2949 256 2994 lege
281 2948 447 2984 Cornelia
469 2948 573 2983 dolus
596 2958 661 2992 pro
685 2947 782 2983 facto
807 2947 993 2992 accipitur.
1041 2948 1195 2992 neque¹⁷
1227 2947 1265 2982 in

178 2994 247 3029 hac
280 2993 358 3038 lege
389 2993 496 3038 culpa
526 2993 602 3028 lata
636 3003 701 3044 pro
734 2992 817 3028 dolo
846 2992 1033 3037 accipitur.
1089 3002 1200 3037 quare
1233 2992 1264 3027 si

179 3039 299 3084 quis¹⁸
329 3038 402 3074 alto
434 3048 473 3074 se
492 3037 784 3090 praecipitaverit
806 3042 843 3073 et
866 3047 974 3082 super
997 3037 1106 3072 alium
1130 3037 1265 3073 venerit

179 3093 330 3129 eumque
348 3082 528 3127 occident,
553 3087 617 3117 aut
662 3086 793 3124 mator,
817 3092 862 3118 ex
880 3082 1010 3118 arbore
1028 3093 1109 3118 cum
1126 3092 1264 3117 ramum

179 3129 334 3165 deiceret
347 3129 386 3171 ¹⁹,
424 3138 497 3163 non
531 3137 640 3180 praec
656 3127 826 3162 amaverit
835 3128 866 3148 ²⁰
904 3131 943 3163 et
975 3130 1263 3173 praetereuntem

179 3173 368 3218 occiderit,
400 3172 447 3209 ad
478 3173 585 3208 hmus
614 3172 701 3218 legis
726 3172 977 3208 coercitionem
1000 3183 1072 3208 non
1094 3172 1262 3219 pertinet.

179 3290 220 3328 (1)
244 3286 385 3320 habetur
395 3298 460 3321 scr.
538 3288 580 3327 (2)
605 3285 703 3318 sinF
778 3287 819 3325 (3)
845 3288 905 3319 aut
916 3286 978 3319 del.
1060 3287 1103 3327 (4)
1128 3285 1265 3329 bupres-

179 3333 241 3365 tim
259 3345 323 3366 scr.
436 3334 480 3373 (5)
503 3330 774 3373 mandragoram,
797 3333 1028 3373 praeterquam
1052 3330 1264 3364 lustramenti

179 3387 288 3418 causa,
302 3376 515 3410 cantharidas
528 3375 681 3409 dederint
695 3387 758 3408 εον.
828 3376 872 3414 (6)
896 3376 1035 3418 ponitur
1049 3377 1084 3409 F
1143 3377 1188 3417 (¹1)
1212 3376 1264 3410 vel

179 3423 217 3456 in
229 3432 361 3456 crucem
373 3420 448 3455 toni
461 3423 522 3456 ine.
536 3421 711 3464 Schulet’nq
781 3421 826 3461 (8)
850 3419 930 3453 licet
943 3423 1002 3454 ins.
1017 3421 1069 3454 F²
1133 3423 1178 3463 (9)
1202 3420 1264 3454 sub

179 3466 282 3500 titulo
294 3466 335 3500 de
345 3466 475 3501 sicariis
486 3468 520 3500 et
530 3465 684 3499 veneficis
695 3465 773 3499 add.
788 3465 869 3499 Con.
928 3469 988 3507 (10)
1013 3465 1102 3499 circa
1111 3466 1264 3510 Krueqer

182 3515 236 3553 (11)
260 3511 401 3555 Egnatii
419 3511 498 3546 σου.
606 3512 666 3552 (12)
694 3509 897 3551 Call-1,11,1
1006 3514 1063 3551 (¹³)
1089 3513 1123 3544 et
1134 3510 1264 3545 del.F²

181 3560 239 3600 (u)
263 3557 412 3591 seditem
423 3556 696 3598 animadvertere,
708 3554 770 3588 etsi
782 3554 941 3589 tacebunt
950 3555 1015 3597 ipsi
1031 3557 1189 3590 similiave
1201 3557 1263 3590 ins.

181 3603 241 3643 (1⁵)
265 3612 374 3645 neque
391 3614 456 3636 cer.
561 3602 624 3643 (¹⁶)
649 3612 777 3644 amp.
796 3599 871 3633 chr.
886 3599 952 3635 8³?
1057 3603 1118 3642 (Π)
1142 3601 1263 3680 1161]ῗὲ

180 3657 222 3679 116
237 3647 269 3679 F
331 3648 392 3688 (16)
415 3645 459 3680 ab
471 3647 531 3680 ins.
545 3646 626 3680 Hal.
698 3647 759 3686 (10)
784 3644 947 3679 deieceret
958 3645 993 3678 F
999 3644 1023 3687 ¹,
1042 3645 1200 3679 deiecerit

181 3694 246 3732 (20)
270 3690 526 3734 proclamaverit
537 3691 611 3724 edd.
696 3693 756 3727 (21)
780 3688 858 3723 dolo
868 3702 931 3724 acr-
1016 3692 1080 3731 (22)
1104 3700 1180 3723 nam
1192 3700 1260 3723 11011

180 3738 271 3769 recte
287 3747 415 3776 praeses
432 3736 540 3775 faciet,
558 3736 584 3768 si
607 3734 809 3778 supplicium
828 3735 931 3767 sumit
950 3734 990 3768 de
1006 3745 1055 3775 eo,
1080 3736 1139 3776 qui
1157 3736 1260 3768 110110-

1249 115 1334 164 802

1463 11 1481 84 l

1485 83 1557 180 W&
1575 131 1638 163 ΒΕ
1665 130 1786 163 men
1813 128 2013 162 Pomm
2040 130 2103 162 DE
2132 130 2407 163 PARRmmns

1375 236 1400 278 8
1438 239 1634 277 mmmm
1670 240 1762 278 libro
1794 241 2001 288 qunsimo
2033 241 2138 276 tertio
2176 240 2226 277 ad
2254 240 2408 278 edictum

1327 285 1367 321 Si
1388 285 1571 322 mulierem
1598 285 1793 323 visceribus
1824 286 1898 323 suis
1921 286 1991 322 vim
2012 285 2191 328 intulisse,
2223 296 2293 332 quo
2324 296 2407 332 par-

1328 334 1405 365 tum
1435 330 1613 375 abigeret,
1649 331 1864 375 constiterit,
1905 341 1980 367 cam
2019 330 2056 367 in
2092 330 2233 367 exilium
2264 341 2409 377 praeses

1328 375 1532 421 provinciae
1555 375 1684 421 exiget.

1375 418 1400 457 9
1425 420 1531 456 [osu
1551 421 1642 456 libro
1667 422 1874 468 triqensimo
1898 423 2048 468 septimo
2073 421 2122 456 ad
2138 422 2289 457 edictum
2338 421 2409 456 Fu-

1329 475 1404 501 rem
1428 470 1641 501 nocturnum
1664 466 1697 502 si
1719 466 1797 512 quis
1821 466 2007 509 occiderit,
2031 466 2083 501 ita
2107 465 2246 502 demum
2268 466 2411 512 impune

1329 510 1433 553 feret,
1457 510 1488 546 si
1510 520 1660 556 parcere
1683 510 1716 547 ei
1738 511 1815 548 sine
1837 512 1997 557 periculo
2022 522 2088 547 suo
2111 521 2184 547 non
2207 511 2336 556 potuit.

1382 554 1430 593 10
1455 554 1562 590 IDEM
1581 556 1671 592 libro
1695 560 1820 592 octavo
1843 557 1979 593 decimo
2004 556 2054 592 ad
2071 556 2224 593 edictum
2271 556 2309 592 Si
2332 556 2412 602 quis

1330 600 1412 636 dolo
1435 600 1588 636 insulam
1610 611 1724 636 meam
1743 602 1928 645 exusserit,
1953 601 2081 647 capitis
2101 611 2218 648 poena
2236 601 2413 647 plectetur

1331 645 1435 691 quasi
1457 645 1708 682 incendiarius.

1381 689 1427 727 11
1457 689 1710 726 Moossmos
1736 690 1827 727 libro
1856 695 1960 726 sexto
1991 691 2201 739 reqularum
2256 691 2412 727 Circum-

1331 735 1449 771 cidere
1479 735 1619 771 Iudaeis
1648 735 1740 771 filios
1769 746 1854 772 suos
1883 739 2023 771 tantum
2050 736 2224 781 rescripto
2257 736 2326 771 divi
2356 736 2412 771 Pii

1331 781 1563 825 permittitur:
1598 781 1634 815 in
1662 791 1735 816 non
1758 780 1917 817 eiusdem
1940 780 2119 827 religionis
2142 782 2203 827 qui
2226 781 2294 816 hoc
2318 781 2412 817 fece·

1335 829 1347 859 1
1398 826 1457 868 rit,
1482 826 1674 861 castrantis
1698 836 1816 871 poena
1836 825 2026 871 irrogatur.
2065 826 2174 862 Servo
2197 826 2274 863 sine
2297 826 2413 861 iudice

1330 870 1376 906 ad
1399 871 1533 906 bestias
1558 870 1640 906 dato
1665 881 1738 907 non
1757 871 1872 907 solum
1889 871 1951 923 qui
1968 870 2124 907 vendidit
2140 881 2266 917 poena,
2290 882 2413 907 verum

1331 919 1351 950 2
1399 919 1435 951 et
1463 916 1523 961 qui
1554 916 1771 961 comparavit
1799 916 1988 952 tenebltur.
2035 916 2125 952 Post
2154 916 2266 962 1636111
2287 916 2418 952 Petro-

1331 961 1426 996 niam
1458 966 1494 996 et
1524 966 1671 997 senatus
1701 961 1866 997 consulta
1896 961 1942 996 ad
1966 972 2045 997 eam
2067 961 2179 1006 legem
2201 960 2418 1007 pertinentia

1333 1006 1484 1042 dominis
1512 1010 1674 1052 potestas
1702 1006 1825 1042 ablata
1855 1010 1911 1042 est
1933 1006 1979 1042 ad
2002 1007 2135 1042 bestias
2160 1006 2414 1051 depugnandas

1331 1062 1395 1087 suo
1414 1051 1560 1087 arbitrio
1579 1062 1700 1087 servos
1718 1051 1877 1087 tradere:
1899 1052 2020 1087 oblato
2037 1055 2157 1087 tamen
2172 1051 2282 1086 iudici
2301 1061 2412 1093 servo,

1334 1097 1364 1132 si
1387 1097 1483 1132 iusta
1506 1097 1553 1133 sit
1575 1097 1707 1132 domini
1730 1097 1899 1142 querella,
1923 1097 1975 1132 sic
1997 1107 2135 1142 poenae
2158 1096 2330 1132 tradetur.

1380 1140 1430 1178 12
1455 1141 1560 1177 [neu
1581 1142 1671 1191 libro
1689 1147 1815 1178 octavo
1835 1142 2045 1188 reqularum
2086 1141 2211 1178 Infans
2228 1141 2285 1178 vel
2302 1140 2414 1177 furio-

1330 1198 1391 1223 sus
1417 1187 1447 1222 si
1470 1187 1647 1223 hominem
1672 1187 1878 1229 occiderint,
1907 1187 1986 1231 lege
2009 1186 2174 1222 Cornelia
2196 1197 2269 1222 non
2291 1190 2415 1223 tenen-

1331 1236 1406 1275 tur,
1432 1243 1514 1267 cum
1536 1232 1689 1268 alterum
1713 1232 1918 1268 innocentia
1941 1232 2080 1268 consilii
2102 1235 2239 1276 tuetur,
2264 1231 2415 1268 alterum

1330 1277 1398 1313 fati
1420 1277 1610 1313 infelicitas
1635 1281 1793 1313 excusat.

1381 1320 1430 1360 13
1455 1322 1561 1358 IDEM
1581 1323 1671 1358 libro
1696 1322 1906 1358 duodecimo
1920 1322 2186 1369 pandectarum
2233 1321 2292 1357 Ex
2312 1332 2415 1358 sena-

1331 1371 1390 1404 tus
1420 1368 1584 1404 consulto
1613 1367 1690 1403 eius
1720 1367 1808 1412 legis
1863 1378 1954 1403 oena
1977 1367 2138 1403 damnari
2161 1367 2323 1409 iubetur,
2356 1368 2415 1413 qui

1330 1413 1426 1448 mala
1449 1413 1625 1448 sacrificia
1648 1412 1775 1449 fecerit
1796 1412 1844 1447 ha
1871 1413 1973 1448 uerit.

1381 1456 1432 1495 14
1471 1458 1756 1494 ΟΛιιιεΤηΑΤυε
1796 1458 1886 1494 libro
1925 1461 2031 1494 sexto
2071 1457 2116 1492 de
2152 1458 2416 1504 coquitionibus

1331 1503 1444 1539 Divus
1468 1503 1671 1539 Hadrianus
1698 1504 1736 1539 in
1758 1503 1847 1538 haec
1871 1503 1981 1539 verba
2003 1502 2204 1548 rescripsit:
2234 1502 2283 1538 ‘in
2305 1502 2414 1538 male-

1332 1548 1433 1584 ‘ficiis
1458 1549 1624 1584 voluntas
1647 1551 1843 1594 spectatur,
1868 1558 1939 1583 non
1964 1548 2103 1584 exitus’.

1382 1592 1431 1631 15
1470 1593 1665 1630 mmm
1696 1594 1787 1629 libro
1824 1596 1950 1629 octavo
1988 1593 2039 1629 ad
2074 1593 2187 1640 leqem
2218 1591 2351 1629 Iuliam
2383 1597 2417 1628 et

1331 1638 1511 1719 Papiamb
1532 1638 1631 1674 Nihil
1649 1638 1808 1680 interest,
1833 1638 1976 1674 occidat
1994 1638 2076 1684 quis
2092 1649 2140 1674 an
2160 1647 2306 1674 causam
2321 1648 2417 1674 mor·

1330 1684 1378 1720 tis
1426 1694 1488 1719 rae
1515 1688 1583 1719 eat.

1382 1727 1399 1766 1
1456 1728 1710 1764 Mooesmvvs
1738 1728 1829 1763 libro
1861 1729 1965 1763 tertio
1998 1728 2042 1763 de
2058 1728 2193 1775 poenis
2238 1728 2306 1772 Qui
2337 1737 2416 1763 cae·

1333 1774 1412 1810 dem
1446 1774 1666 1810 admiserunt
1699 1776 1827 1818 sponte
1861 1772 2027 1808 dolove²²
2064 1773 2175 1815 malo,
2211 1772 2250 1808 in
2282 1773 2417 1809 honore

1332 1819 1452 1864 aliquo
1487 1819 1595 1864 positi
1630 1817 1812 1871 deportari
1847 1818 1984 1860 solent,
2019 1819 2080 1863 qui
2113 1818 2270 1854 secundo
2304 1818 2417 1872 gradu

1333 1868 1427 1907 sunt,
1457 1864 1575 1910 capite
1597 1867 1805 1917 pumuntur.
1854 1862 2032 1899 22facilius
2056 1863 2125 1899 1100
2147 1864 2185 1899 111
2207 1863 2418 1899 decuriones

1332 1910 1410 1946 fieri
1433 1913 1563 1955 potest,
1589 1919 1641 1945 sic
1663 1913 1795 1950 tamen,
1825 1911 1866 1943 ut
1888 1908 2052 1945 consulto
2075 1909 2176 1954 prius
2199 1908 2360 1961 principe
2382 1913 2419 1944 et

1332 1955 1476 2008 iubente
1501 1955 1538 1990 id
1560 1954 1643 1990 fiat:
1673 1954 1741 1989 nisi
1764 1954 1858 1989 forte
1881 1954 2054 1990 tumultus
2078 1954 2182 1990 aliter
2205 1953 2323 1989 sedan
2346 1964 2419 1990 non

1333 2004 1490 2082 pudsy-“2³
1499 2044 1556 2080 ΡΛ
1564 2054 1659 2080 vas
1684 2045 1775 2080 libro
1807 2045 1933 2097 qui-nto
1960 2044 2219 2097 septentiamm
2230 2045 2259 2066 ²⁴
2313 2043 2352 2080 Si
2381 2044 2419 2079 in

1333 2091 1414 2126 rixa
1442 2100 1635 2136 percussus
1664 2089 1771 2125 homo
1800 2093 1964 2135 penent,
1994 2092 2089 2124 ictus
2117 2089 2225 2125 unius
2247 2089 2419 2135 cuiusque

1333 2137 1371 2171 in
1394 2136 1465 2171 hoc
1489 2135 1720 2172 collectorum
1744 2134 1978 2180 contemplari
2000 2136 2191 2180 opor-tet2‘.

1791 2273 1908 2311 VIIII
1918 2271 1959 2310 ²⁶.

1387 2376 1389 2378 ,
1441 2338 1502 2371 DE
1526 2339 1650 2372 LEGE
1675 2338 1919 2371 ΡΟΜΡΕΙΑἮ
1943 2339 2005 2371 DE
2029 2338 2316 2372 PARmcmns.

1381 2404 1399 2443 1
1435 2403 1672 2440 MARolANUs
1705 2404 1795 2439 libro
1825 2407 1957 2457 quarto
1987 2403 2123 2440 decimo
2155 2405 2416 2440 institutionum

1333 2449 1429 2494 Lege
1460 2449 1632 2494 Pompeia
1670 2449 1714 2484 de
1749 2449 1948 2494 parricidiis
1980 2452 2143 2493 cavetur,
2178 2452 2235 2491 ut,
2275 2449 2308 2485 si
2337 2450 2416 2495 quis

1332 2499 1471 2540 patrem
1494 2498 1661 2536 matrem,
1694 2504 1799 2529 avum
1830 2494 1964 2537 aviam,
1994 2494 2141 2530 fratrem
2170 2503 2329 2530 sororem
2353 2505 2418 2540 pa-

1333 2540 1483 2576 truelem
1514 2540 1740 2582 matruelem,
1777 2543 1947 2584 patruum
1974 2539 2189 2574 avunculum
2219 2539 2364 2575 amitam
2374 2541 2416 2583 ²⁸,

1334 2585 1586 2620 consobrinum
1609 2584 1877 2628 consobrinam,
1901 2594 2049 2619 uxorem
2072 2584 2185 2619 virum
2194 2584 2227 2606 ²⁹
2247 2594 2416 2629 generum

1334 2640 1476 2666 socrum
1486 2630 1527 2672 ³⁰,
1552 2630 1735 2671 vitricum,
1759 2629 1957 2675 privignum
1980 2629 2194 2675 privignam,
2224 2633 2414 2674 patronum

1333 2679 1522 2721 patronam
1547 2674 1718 2710 occiderit
1739 2674 1883 2711 cuiusve
1907 2674 1989 2710 dolo
2012 2675 2107 2710 malo
2125 2674 2163 2710 id
2182 2674 2317 2710 factum
2338 2675 2415 2717 erit,

1334 2724 1374 2756 ut
1403 2730 1521 2765 poena
1552 2730 1595 2755 ea
1625 2723 1791 2755 teneatur
1820 2729 1914 2765 quae
1948 2722 2003 2755 est
2032 2719 2045 2754 1
2091 2719 2120 2755 ‘s
2152 2719 2339 2756 Corneliae
2372 2719 2417 2755 de

1334 2765 1481 2802 sicariis.
1530 2765 1593 2800 sed
1618 2769 1654 2800 et
1674 2769 1800 2807 mater,
1825 2774 1917 2810 quae
1935 2764 2047 2799 filium
2106 2764 2216 2800 ’amve
2235 2764 2416 2808 occiderit,

1334 2811 1409 2846 eius
1433 2810 1521 2855 legis
1543 2820 1661 2855 poena
1678 2810 1854 2852 adficitur,
1878 2814 1916 2846 et
1935 2820 2033 2853 avus,
2058 2810 2120 2855 qui
2138 2814 2303 2855 nepotem
2320 2811 2415 2846 0001-

1333 2856 1441 2892 derit:
1466 2859 1503 2891 et
1524 2859 1712 2900 praeterea
1735 2855 1796 2909 qni
1820 2855 1904 2890 emit
1925 2865 2100 2891 venenum
2122 2858 2165 2890 ut
2186 2855 2282 2900 patri
2302 2855 2415 2899 daret,

1333 2901 1491 2947 quamvis
1514 2911 1588 2936 non
1610 2904 1767 2946 potuerit
1790 2900 1886 2936 dare.

1378 2944 1404 2982 2
1425 2945 1628 2982 Scaevola
1649 2946 1739 2982 libro
1757 2948 1889 2991 quarto
1900 2945 2115 2992 reqularum
2149 2945 2278 2980 Frater
2297 2949 2415 2981 autem

1332 2991 1430 3032 eius,
1463 2990 1523 3036 qui
1553 2995 1768 3035 cognoverat
1795 2993 1934 3026 tantum
1964 3000 2031 3026 nec
2060 2990 2156 3036 patri
2185 2990 2414 3033 indicaverat,

1331 3037 1510 3081 relegatus
1533 3039 1589 3072 est
1612 3039 1648 3072 et
1669 3035 1829 3071 medicus
1852 3035 2029 3081 supplicio
2052 3035 2215 3071 affectus.

1379 3079 1403 3118 3
1435 3080 1671 3116 MARGIANUS
1706 3080 1797 3116 libro
1852 3084 1958 3116 παντο
1987 3080 2124 3116 decimo
2154 3080 2414 3116 institutimmm

1332 3126 1404 3162 Sed
1427 3125 1611 3162 sciendum
1633 3128 1689 3161 est
1710 3125 1787 3171 lege
1842 3125 1983 3171 ompeia
2005 3125 2050 3161 de
2079 3124 2293 3161 consobrino
2318 3135 2414 3161 com-

1331 3170 1555 3217 prehendi³¹,
1579 3169 1642 3206 sed
1665 3181 1738 3206 non
1760 3171 1866 3206 etiam
1889 3180 1952 3207 eos
1974 3170 2109 3217 pariter
2132 3170 2330 3216 complecti.
2354 3170 2415 3216 qui

1333 3295 1403 3318 rem
1425 3284 1527 3328 gessit
1549 3285 1710 3318 similiave
1734 3285 1890 3327 deficiunt
2038 3284 2105 3326 (28)
2128 3300 2174 3314 -ι
2197 3283 2278 3318 Con.
2301 3285 2330 3326 ¹,
2348 3290 2377 3325 7,
2395 3290 2413 3318 ²

1333 3332 1396 3371 (24)
1419 3329 1481 3363 sub
1501 3328 1604 3362 titulo
1622 3328 1665 3362 ad
1685 3328 1791 3372 legem
1806 3328 1997 3363 Corneliam
2016 3328 2057 3362 de
2071 3328 2201 3362 sicariis
2214 3332 2247 3362 et
2261 3329 2412 3363 veneficis

1332 3376 1411 3410 add.
1433 3374 1514 3409 coll.
1583 3376 1647 3417 (25)
1673 3374 1772 3412 Quod
1789 3374 1819 3407 si
1830 3374 1867 3408 in
1879 3374 1953 3408 rixa
1965 3384 2140 3418 percussus
2153 3374 2252 3407 1101110
2264 3374 2413 3417 perierit,

1331 3419 1490 3463 qnoniam
1505 3420 1593 3452 ictus
1608 3429 1741 3462 quoqne
1754 3419 1843 3462 ipsos
1855 3422 1971 3453 contra
1983 3429 2254 3462 unumquemque
2267 3420 2412 3453 oontem-

1329 3464 1419 3510 plari
1436 3466 1585 3508 oportet,
1601 3464 1677 3498 ideo
1696 3464 1892 3498 humiliores
1909 3464 1946 3497 in
1966 3463 2085 3497 ludum
2105 3466 2166 3497 aut
2184 3464 2222 3497 in
2241 3463 2412 3497 metallum

1330 3511 1548 3590 gimmm'
1579 3510 1783 3543 honestiores
1812 3509 1952 3543 dimidia
1974 3512 2069 3552 parte
2091 3508 2255 3543 bonorum
2277 3508 2410 3541 multati

1466 3556 1524 3588 tm·
1546 3555 1626 3589 Con.

1375 3564 1641 3643 ‹ffsab.1...e;
1656 3600 1720 3633 Ed.
1731 3607 1766 3639 ος
1783 3599 1922 3643 Pap.1o.
1931 3616 1976 3625 —
1991 3600 2075 3632 Bae.
2084 3600 2195 3641 θῦμα.
2207 3616 2255 3624 -
2265 3599 2316 3642 (J
2329 3598 2409 3632 cod.

1329 3647 1363 3688 9,
1374 3652 1406 3680 17
1497 3645 1562 3686 (27)
1585 3644 1628 3677 ad
1641 3643 1748 3687 legem
1759 3644 1945 3688 pompeiam
1962 3645 2028 3678 ind.
2043 3645 2076 3677 F
2169 3645 2233 3687 (28)
2256 3645 2409 3676 materte-

1327 3700 1400 3724 ram
1416 3691 1478 3724 inc·
1494 3690 1568 3723 edd.
2258 3689 2323 3730 (ao)
2346 3697 2406 3720 nu·

1328 3745 1402 3768 ΙΊΆΙΙΙ
1418 3747 1480 3769 ms.

1661 3693 1727 3730 (2ο)
1749 3699 1916 3732 sponsum,
1937 3699 2085 3722 socerum
2104 3690 2164 3722 ins.

1573 3736 1631 3773 (81)
1655 3734 1927 3776 comprehensum
1940 3744 2008 3767 esse
2023 3733 2074 3767 1¹³²
