2528 3918
203 115 433 159 XXXXVI
460 115 487 158 3

204 236 341 274 solvere
368 245 475 282 posse
502 235 623 289 palam
651 238 723 273 esti
759 235 824 273 sed
859 236 910 272 ¹si
940 235 1078 272 dederit
1106 243 1281 278 nummos,

205 292 276 318 non
298 281 387 317 fient
407 280 615 327 accipientis
638 280 881 326 vindicarique
902 283 1081 326 poterunt.
1122 280 1230 325 plane
1252 279 1285 314 si

203 326 338 362 fuerint
361 335 507 362 consum
532 325 572 368 ti,
595 325 816 361 liberabitur.

253 369 303 408 15
327 369 384 406 Pa
392 378 487 406 imos
526 370 597 406 'bro
619 374 725 406 sexto
749 370 799 406 ad
820 369 993 406 Sabinum
1032 366 1172 413 Pupillo
1196 366 1286 404 solvi

204 414 281 451 sine
311 414 442 451 tutoris
473 414 688 451 auctoritate
718 425 790 451 non
819 419 957 461 potest:
997 413 1062 449 sed
1091 422 1159 448 nec
1190 411 1283 447 dele-

202 469 289 506 gare
311 463 443 505 potest,
474 459 559 505 quia
581 469 648 495 nec
670 459 824 495 alienare
847 460 957 495 ullam
979 469 1053 494 rem
1076 458 1209 510 potest.
1255 457 1285 492 si

203 510 324 541 tamen
353 504 496 540 solverit
528 505 561 540 ei
591 505 731 540 debitor
761 509 798 540 et
827 504 960 539 nummi
991 502 1079 539 salvi
1102 506 1192 545 sint,
1222 511 1285 546 pe-

203 553 336 630 tentegi
359 549 534 595 pupillum
566 549 639 586 doli
669 549 753 585 mali
782 549 991 594 exceptione
1021 547 1159 583 debitor
1188 557 1285 582 sum-

203 604 304 630 move
328 594 367 629 it.

253 636 304 677 16
335 638 564 675 Poupomvs
590 637 682 674 libro
713 639 839 683 quinto
873 637 1009 674 decimo
1041 635 1091 672 ad
1112 635 1284 672 Sabinum

203 684 279 720 Sub
302 683 512 720 condicione
534 682 686 719 debitori
709 683 740 718 si
762 686 949 727 acceptum
971 681 1126 723 feratur,
1158 683 1286 726 postea

204 728 413 765 condicione
441 728 614 765 existente
641 728 855 773 intellegitur
885 727 956 762 iam
988 727 1071 762 olim
1099 726 1284 762 liberatus.

203 777 240 809 et
261 774 331 809 hoc
353 774 461 809 etiam
484 772 516 810 si
539 772 670 809 solutio
693 774 754 808 re²
785 772 865 814 fiat,
897 771 1060 807 accidere
1083 772 1205 809 Ariste
1233 770 1284 806 di·

204 818 320 872 cebat.
356 818 501 872 scripsit
513 818 626 872 enim,
651 817 682 871 si
705 818 794 863 quis,
818 817 879 862 qui
902 817 968 852 sub
993 815 1200 870 condicione
1222 826 1284 869 pe3

204 862 693 951 ἓοωῃωωοΡὲ-Ἓέῗέειῗᾞ
720 871 875 942 ξὲίῖιιῗὲ
905 861 1287 950 ἰῖῗιὲῗῖἶζωέιίὲἕέηῗέ

204 952 414 1006 condicione
436 952 582 1019 liberat}
604 962 686 988 eum
709 962 775 987 nec
799 952 960 994 obstare,
985 951 1082 997 quod
1103 955 1187 987 ante
1210 951 1286 987 eius

202 997 556 1096 peffwogzctzbezt·
568 1023 664 1077 riano
688 1041 824 1094 decimo
848 1041 899 1077 ad
920 1040 1094 1095 Sabi-nun}
1141 1040 1286 1078 Cassius

204 1091 266 1130 ait,
290 1087 322 1123 si
345 1087 405 1123 cui
425 1096 615 1132 pecuniam
638 1086 730 1128 dedi,
754 1090 796 1121 ut
817 1096 897 1122 eam
920 1086 1089 1122 creditori
1111 1095 1191 1122 mec
1215 1086 1286 1122 sol-

201 1136 317 1175 veret,
343 1133 395 1167 ⁴si
417 1142 484 1168 suo
507 1131 650 1168 nomine
672 1130 827 1174 dederit,
851 1135 1019 1167 neutrum
1040 1131 1196 1173 liberari,
1218 1141 1286 1173 me,

252 1177 286 1212 ‘a
307 1187 381 1213 non
402 1186 482 1213 meo
505 1176 647 1212 nomine
671 1176 756 1211 data
778 1176 842 1220 sit,
873 1176 990 1218 illum,
1021 1176 1106 1221 quia
1133 1176 1286 1211 alienam

227 1221 356 1258 ederit:
381 1225 538 1257 ceterum
561 1221 720 1256 mandati
737 1231 818 1257 eum
838 1221 963 1256 teneri.
996 1220 1060 1256 sed
1083 1221 1114 1256 si
1132 1220 1288 1257 creditor

202 1277 265 1303 eos
295 1277 458 1303 nummos
490 1266 566 1302 sine
596 1265 678 1302 dolo
703 1266 797 1302 malo
822 1265 1117 1311 consumpsisset,
1145 1265 1194 1310 is,
1250 1266 1288 1302 ui

202 1322 269 1348 suo
293 1312 434 1348 nomine
456 1311 722 1364 eos·sclvisset,
747 1310 931 1354 liberatur,
955 1321 1017 1355 ne,
1041 1311 1074 1346 si
1096 1310 1200 1347 aliter
1221 1277 1286 1348 ffli-

201 1360 415 1399 servaretur‚
439 1355 598 1392 creditor
619 1366 657 1391 in
679 1356 780 1392 lucro
803 1359 1015 1392 versaretur.

253 1399 303 1440 18
334 1401 529 1438 Uzmws
556 1401 648 1437 libro
672 1401 977 1448 quadraqensimo
1033 1401 1126 1437 rimo
1149 1401 1199 1437 ad
1220 1400 1288 1438 Sa-

202 1447 323 1483 binum
370 1445 409 1481 Si
439 1446 519 1491 quis
550 1455 653 1482 servo
675 1446 836 1498 pecuniis
869 1446 995 1491 exigen
1022 1446 1029 1454 ‘
1082 1447 1287 1492 praeposito

201 1491 366 1528 solvisset
381 1495 467 1537 post
482 1490 806 1535 manumissionem,
827 1490 859 1526 si
876 1491 1019 1535 quidem
1036 1501 1081 1527 ex
1100 1496 1288 1527 contractu

202 1536 346 1579 domini,
366 1535 531 1580 sufficiet,
552 1535 649 1588 quod
666 1535 885 1581 ignoraverit
896 1536 1167 1572 manumissum:
1193 1537 1289 1582 quod

202 1582 233 1617 si
255 1591 301 1617 ex
324 1591 436 1617 causa
457 1581 650 1626 pecuhari,
681 1581 841 1626 quamvis
873 1581 995 1617 scierit
1022 1581 1287 1624 manumissum,

202 1626 233 1662 si
255 1630 375 1662 tamen
396 1626 614 1671 ignoraverit
643 1625 847 1671 ademptum
870 1626 904 1661 ei
926 1626 1125 1672 peculium,
1158 1627 1287 1662 libera-

202 1675 262 1707 tus
284 1671 365 1708 erit.
412 1675 566 1716 utroque
594 1675 715 1707 autem
745 1681 833 1706 casu
862 1672 1102 1707 manumissus
1125 1671 1158 1707 si
1180 1672 1289 1707 inter-

201 1716 362 1753 vertendi
386 1726 498 1752 causa
518 1715 558 1751 id
579 1715 722 1759 fecerit,
747 1715 884 1751 furtum
907 1716 1050 1752 domino
1074 1716 1177 1752 facit:
1206 1727 1290 1752 nam

201 1765 239 1797 et
271 1761 304 1798 si
333 1761 487 1797 debitori
520 1770 599 1797 meo
634 1761 866 1805 mandavero,
900 1765 942 1796 ut
971 1761 1066 1797 Titio
1101 1763 1290 1807 pecuniam

201 1806 371 1849 solveret,
396 1805 523 1842 deinde
546 1805 682 1842 Titium
703 1809 849 1842 vetuero
873 1806 1036 1852 accipere
1058 1806 1167 1852 idque
1188 1807 1289 1852 igno-

201 1861 286 1887 rans
318 1851 457 1887 debitor
487 1850 584 1887 Titio
624 1851 808 1887 simulanti
838 1861 877 1887 se
916 1855 1186 1904 procuratorem
1218 1852 1289 1888 sol-

201 1897 309 1977 veritb,
340 1900 378 1932 et
408 1895 548 1932 debitor
575 1895 788 1932 liberabitur
815 1900 853 1932 et
883 1896 999 1933 Titius
1034 1896 1122 1932 furti
1150 1897 1291 1933 actione

201 1945 283 1977 tene
309 1942 393 1977 itur.

251 1984 302 2024 19
326 1986 556 2022 Poueomvs
576 1985 667 2022 libro
691 1986 883 2023 vicensimo
902 1987 1025 2034 primo
1044 1986 1095 2023 ad
1116 1985 1290 2024 Sabinum

202 2031 391 2077 Fugitivus
413 2041 532 2074 meus,
556 2041 638 2067 cum
661 2041 728 2077 pro
751 2031 864 2068 libero
889 2041 929 2068 se
951 2035 1101 2085 gereret,
1126 2043 1290 2068 nummos

202 2076 289 2112 mihi
311 2076 501 2122 subreptos
525 2075 676 2111 credidit
698 2076 782 2112 tibi:
818 2076 970 2121 obligari
992 2081 1029 2113 te
1056 2077 1144 2112 mihi
1167 2078 1289 2113 Labeo

203 2121 255 2157 ait
276 2124 324 2164 et,
349 2121 381 2157 si
402 2131 484 2157 eum
506 2120 659 2156 liberum
678 2121 888 2157 existimans
906 2121 1054 2158 solveris
1078 2122 1121 2166 ei,
1145 2122 1291 2158 liberari

201 2170 240 2203 te
261 2176 285 2202 a
308 2176 375 2209 me,
399 2165 464 2202 sed
487 2165 519 2201 si
542 2165 605 2201 alii
627 2166 793 2202 solvisses
815 2167 918 2203 iussu
940 2166 1017 2203 eius
1039 2167 1096 2203 vel
1117 2167 1149 2203 is
1172 2171 1291 2203 ratum

202 2211 402 2254 habuisset,
426 2221 499 2246 non
521 2210 678 2253 liberari,
704 2211 788 2265 quia
809 2211 930 2257 priore
953 2221 1042 2248 casu
1063 2213 1133 2248 mei
1156 2213 1291 2248 nummi

204 2256 292 2292 facti
314 2259 435 2292 essent
456 2259 494 2292 et
516 2256 620 2301 quasi
642 2255 729 2291 mihi
751 2257 909 2292 solutum
931 2256 1207 2303 intellegeretur.
1256 2262 1292 2293 et

203 2301 284 2338 ideo
315 2311 439 2337 servus
462 2310 562 2336 meus
616 2300 690 2337 uod
719 2302 894 2347 peculiari
924 2302 1067 2337 nomine
1091 2302 1289 2346 crediderit,

204 2346 375 2391 exigendo
405 2345 574 2382 liberabit
628 2346 816 2389 ebitorem‚
856 2347 1051 2392 delegando
1087 2351 1207 2383 autem
1235 2349 1291 2383 vel

204 2391 368 2427 novando
392 2401 464 2427 non
486 2390 582 2427 idem
605 2395 895 2436 consequeretur.

250 2434 304 2475 20
328 2436 437 2472 1021!
454 2435 546 2472 libro
569 2436 760 2472 vicensimo
783 2436 940 2473 secundo
964 2436 1015 2473 ad
1032 2434 1206 2473 Sabinum
1254 2437 1292 2473 Si

205 2491 280 2518 rem
302 2490 436 2523 meam,
460 2490 553 2526 quae
575 2481 732 2526 pignoris
756 2482 899 2518 nomine
921 2482 984 2517 alii
1007 2486 1101 2518 esset
1123 2482 1290 2527 obligata,

204 2526 360 2562 debitam
374 2526 450 2579 ‘tibi
469 2526 632 2580 solvero,
643 2537 718 2579 non
739 2526 941 2581 liberabor,-
955 2527 1040 2573 quia
1059 2528 1203 2563 avocari
1225 2528 1292 2563 tibi

204 2571 634 2669 reapoffltvzigseciffgn
642 2575 1058 2669 ‹fifflglaac‘icoealbsffixm
1107 2617 1145 2653 Si
1169 2616 1292 2654 decem

205 2661 399 2707 stipulatus
429 2671 452 2696 a
474 2660 570 2696 Titio
601 2660 728 2697 deinde
759 2661 941 2708 stipuleris
971 2672 995 2697 a
1025 2662 1123 2705 Seio,
1156 2667 1291 2715 quanto

204 2706 321 2742 minus
345 2706 392 2741 ab
424 2706 485 2742 illo
517 2710 733 2743 consecutus
757 2706 826 2742 sis:
864 2707 933 2743 etsi
955 2706 1078 2743 decem
1099 2708 1244 2752 petieris
1268 2718 1292 2744 a

205 2750 318 2794 Titio,
354 2761 426 2786 non
457 2754 577 2786 tamen
612 2751 810 2787 absolvitur
840 2751 962 2788 Seius:
998 2751 1083 2798 quid
1114 2752 1225 2796 enim,
1261 2754 1292 2789 si

205 2795 463 2832 condemnatus
494 2795 611 2831 Titius
641 2796 731 2832 nihil
761 2797 883 2833 facere
912 2798 1058 2843 potest?
1103 2797 1167 2833 sed
1197 2802 1233 2833 et
1261 2798 1292 2833 si

205 2850 288 2876 cum
305 2840 386 2892 Seio
410 2840 511 2886 prius
534 2841 659 2885 egeris,
683 2841 799 2877 Titius
822 2841 861 2877 in
883 2843 1018 2878 nullam
1040 2847 1181 2888 partem
1203 2843 1291 2879 libe-

205 2889 325 2921 ratur:
364 2888 540 2921 incertum
574 2886 707 2931 quippe
738 2890 808 2931 est,
841 2897 890 2923 an
919 2888 1064 2923 omnino
1096 2887 1198 2924 Seius
1230 2888 1290 2924 de-

205 2931 345 2966 biturus
377 2929 441 2966 sita
479 2930 559 2965 deni
585 2941 629 2966 ue
660 2931 691 2966 si
728 2935 844 2967 totum
874 2931 992 2970 Titius
1023 2933 1185 2977 solverit,
1225 2944 1292 2969 nec

206 2975 348 3056 ἓὲὶέἰᾳέι·
385 2974 497 3011 fuisse
532 2975 568 3011 vi
594 2975 711 3012 ebitur
742 2976 862 3020 Seius,
902 2977 987 3023 quia
1022 2977 1185 3014 condicio
1216 2979 1293 3014 eius

277 3031 310 3056 ci
329 3046 337 3055 .

252 3062 307 3102 22
337 3063 533 3102 Ulmanus
560 3063 651 3102 libro
675 3066 980 3115 quadraqensimo
1028 3067 1130 3104 uento
1153 3067 1205 3104 ad
1225 3067 1293 3104 Sa-

206 3110 329 3147 binum
375 3109 491 3147 Filius
519 3109 673 3146 familias
738 3115 816 3148 atre
843 3111 956 3149 invito
1012 3112 1185 3149 ebitorem
1215 3113 1292 3150 eius

206 3155 359 3192 liberare
391 3165 465 3191 non
504 3158 642 3201 potest:
683 3165 706 3190 a
731 3156 873 3202 quirere
911 3156 1006 3193 enim
1039 3158 1292 3203 obligationem

206 3204 336 3246 potest,
363 3199 567 3237 deminuere
589 3210 663 3237 non
685 3204 815 3246 potest.

253 3243 306 3283 23
328 3244 558 3282 Poupomvs
576 3244 668 3282 libro
688 3246 878 3283 vicensimo
897 3250 1029 3293 quarto‘
1048 3246 1098 3283 ad
1117 3247 1291 3285 Sabinum

207 3290 417 3326 Solutione⁸
450 3290 507 3326 vel
528 3289 698 3326 iudicium
726 3301 792 3336 pro
816 3291 920 3328 nobis
944 3292 1153 3338 accipiendo
1178 3297 1215 3329 et
1235 3293 1291 3330 in-

206 3334 270 3370 viti
291 3339 328 3370 et
351 3336 359 3342 '
410 3338 553 3371 orantes
575 3334 722 3372 liberari
743 3346 945 3382 possumus.

253 3377 308 3433 2⁴1
349 3346 545 3434 ffimm
584 3380 677 3434 ljbro
718 3381 1023 3427 quadraqensimo
1057 3384 1209 3430 septim0
1243 3383 1294 3420 ad

208 3422 381 3462 Sabinum
428 3424 499 3462 Ubi
519 3424 710 3462 fideiussor
735 3435 802 3472 pro
826 3425 966 3463 duobus
990 3427 1083 3464 dena
1104 3428 1290 3473 fideiussit,

207 3538 249 3580 (ι)
272 3538 306 3571 et
317 3539 376 3572 ins.
390 3539 463 3573 odd.
557 3540 601 3580 (2)
625 3539 675 3573 rei
688 3538 739 3573 Γ*
834 3540 878 3582 (⁸)
902 3540 1050 3573 videntur
1062 3542 1172 3576 deesse
1185 3543 1289 3576 talia:

207 3582 263 3615 oni
275 3582 367 3616 dedit
377 3593 477 3626 quam
494 3583 670 3617 deberetur
686 3584 737 3618 eie
760 3593 838 3617 nam
855 3594 896 3618 ex
912 3585 1075 3627 postfacto
1092 3587 1289 3621 creditorem

207 3636 283 3660 cum
300 3627 454 3672 intellegi
471 3629 539 3662 iam
557 3640 596 3662 ec
614 3631 763 3673 tempore
781 3639 849 3672 quc
869 3629 1011 3673 pecunia
1035 3630 1107 3663 eius
1129 3632 1217 3664 facta
1241 3634 1290 3665 est

207 3673 251 3714 (⁴)
274 3672 330 3705 cui
342 3674 376 3706 ot
385 3673 457 3716 ipae
468 3673 602 3707 deberet
613 3675 673 3708 i'ns.

206 3713 296 3749 lent
317 3716 366 3750 F,
755 3677 798 3715 (5)
822 3674 1022 3708 solutionem
1036 3676 1087 3708 Ρ

1166 3678 1211 3718 (6)
1236 3687 1288 3710 re·

464 3719 507 3759 (7)
531 3718 610 3752 inde
632 3719 814 3764 Schulti‘nq,
835 3720 872 3753 in
892 3719 926 3753 F

1265 108 1351 156 748
1490 94 1550 168 ἦ(

1480 66 1484 95 'x

2009 122 2071 156 DE
2101 122 2425 157 sommoimws

1352 232 1530 278 obligatus
1553 236 1608 271 est
1628 233 1668 270 in
1688 233 1823 280 viginti,
1846 236 1884 270 et
1906 233 1981 269 sive
2001 232 2124 278 viginti
2145 232 2218 270 slve
2241 233 2333 270 dena
2355 233 2428 270 scl-

1351 277 1452 329 verit,
1476 281 1666 324 utrumque
1686 289 1788 315 reum
1814 278 1992 315 liberabit,
2039 277 2103 314 sed
2125 278 2157 314 si
2179 278 2333 332 quinque
2355 279 2426 314 sol-

1352 326 1460 364 verit,
1484 322 1683 368 videamus,
1714 333 1819 370 quem
1841 333 1886 358 ex
1908 323 1980 359 reis
2002 322 2155 358 relevet⁸
2181 333 2218 358 in
2248 323 2427 369 quinque?

1352 366 1420 402 erit
1449 366 1509 402 ille
1540 368 1734 411 relevatus,
1771 368 1818 404 de
1847 378 1917 413 quc
1949 372 2069 404 actum
2100 370 2156 403 est
2186 371 2266 411 aut,
2297 365 2329 404 si
2357 377 2429 404 non

1353 415 1538 463 appareat,
1562 412 1742 466 antiquius
1765 412 1923 449 debitum
1945 412 2014 448 erit
2034 411 2302 458 inspiciendum.
2336 412 2429 449 idem

1354 460 1390 491 et
1423 466 1454 492 si
1488 458 1689 502 quindecim
1722 458 1795 493 sint
1827 458 1963 494 soluta:
2006 457 2037 492 si
2071 456 2211 502 quidem
2246 461 2429 503 appareat,

1354 500 1438 546 quid
1473 505 1593 537 actum
1626 502 1689 546 sit,
1729 502 1833 538 inde⁷
1869 502 1990 538 decem
2025 505 2061 537 et
2094 501 2237 537 aliunde
2276 502 2430 554 quinque

1355 548 1460 581 erunt
1493 547 1668 590 relevata,
1701 547 1733 583 si
1764 557 1847 583 vero
1869 558 1941 583 non
1964 550 2132 592 apparet,
2164 556 2210 582 ex
2232 546 2431 592 antiquiore

1353 595 1543 627 contractu
1566 592 1707 634 decem,
1729 601 1775 628 ex
1798 592 1868 628 alio
1892 591 2046 637 quinque
2070 594 2174 627 erunt
2195 592 2361 628 relevata.

1398 633 1452 673 25
1473 636 1698 672 Poupomvs
1718 636 1808 672 libro
1830 637 2036 683 triqensimo
2050 637 2173 683 primo
2193 636 2242 671 ad
2259 635 2430 672 Sabinum

1353 679 1411 716 Ex
1434 685 1536 726 parte
1559 681 1662 717 heres
1692 681 1877 717 institutus
1900 681 1931 717 si
1954 680 2095 724 decem,
2150 691 2219 717 uae
2242 680 2432 716 defunctus

1352 725 1582 770 promiserat,
1605 730 1684 762 tota
1706 725 1821 768 solvit,
1856 736 1922 771 pro
1946 730 2049 771 parte
2071 725 2133 779 qui
2157 735 2213 761 em
2237 736 2308 770 qua
2330 726 2432 762 heres

1352 774 1409 806 est
1431 771 1651 815 liberabitur,
1674 781 1741 817 pro
1764 774 1867 816 parte
1891 774 2010 806 autem
2032 771 2170 816 rehqua
2193 781 2235 806 ea
2258 770 2432 806 condicet.

1354 815 1417 851 sed
1441 815 1472 850 si
1495 820 1685 860 antequam
1709 816 1892 858 condicat,
1917 815 1950 851 ei
1971 814 2169 852 adcreverit
2190 815 2326 860 reliqua
2349 826 2433 868 pars

1353 860 1573 903 hereditatis,
1597 861 1704 896 etiam
1727 871 1792 906 pro
1815 870 1859 896 ea
1882 864 1985 906 parte
2007 861 2076 896 erit
2095 860 2271 906 obligatus
2295 863 2333 896 et
2353 860 2433 896 ideo

1355 905 1555 959 condicenti
1584 905 1780 942 indebitum
1813 906 1884 942 doli
1911 905 1997 941 mali
2025 906 2269 951 exceptionem
2291 905 2435 942 obstare

1354 955 1530 987 existimo.

1400 993 1454 1033 26
1480 995 1586 1031 loru
1612 996 1702 1031 libro
1727 996 1934 1043 triqensimo
1958 996 2083 1042 quinto
2106 995 2156 1031 ad
2177 994 2351 1031 Sabinum
2398 995 2435 1030 Si

1356 1041 1512 1077 creditor
1530 1040 1681 1077 fundum
1702 1040 1973 1086 pigneraticium
1990 1040 2189 1076 vendiderit
2207 1043 2245 1076 et
2264 1042 2435 1085 quantum

1356 1085 1389 1121 ei
1412 1085 1628 1128 debebatur,
1661 1086 1851 1131 receperit,
1884 1085 2025 1122 debitor
2048 1085 2268 1121 liberabitur.
2314 1085 2377 1121 sed
2401 1089 2436 1119 et

1356 1130 1386 1166 si
1409 1135 1595 1176 acceptum
1619 1131 1770 1176 emptori
1792 1131 1945 1176 pretium
1968 1130 2110 1166 tulisset
2133 1130 2288 1166 creditor
2310 1130 2366 1165 vel
2387 1130 2434 1165 ab

1355 1186 1397 1212 eo
1429 1176 1621 1222 stipulatus
1651 1180 1764 1220 esset,
1800 1176 1940 1212 debitor
1969 1175 2079 1211 nihilo
2110 1175 2226 1211 minus
2255 1175 2434 1211 liberatur.

1355 1221 1419 1256 sed
1442 1221 1472 1256 si
1495 1231 1618 1257 servus
1646 1221 1850 1266 pigneratus
1874 1231 1896 1256 a
1919 1220 2093 1256 creditore
2116 1220 2280 1262 venierit,
2313 1230 2435 1265 quam-

1356 1266 1417 1302 diu
1440 1266 1620 1302 redhiberi
1641 1267 1766 1312 possit,
1789 1276 1861 1302 non
1879 1266 2088 1302 liberabitur
2111 1265 2261 1307 debitor,
2285 1265 2377 1300 sicut
2400 1265 2436 1299 in

1357 1311 1515 1364 quolibet
1536 1312 1685 1358 pignore
1707 1311 1864 1355 vendito,
1900 1310 2070 1356 quamdiu
2092 1320 2149 1346 res
2180 1310 2338 1355 inempta
2361 1309 2436 1345 fieri

1355 1360 1481 1454 pogsst.
1495 1401 1689 1453 Upmivqs
1717 1401 1807 1453 libro
1837 1402 2027 1437 vicensimo
2060 1404 2184 1436 octavo
2208 1399 2259 1436 ad
2285 1400 2436 1452 edictum

1356 1447 1477 1482 Etiam
1501 1457 1597 1482 circa
1617 1446 1882 1492 stipulationem
1901 1449 1938 1481 et
1955 1455 1998 1481 ex
2016 1448 2228 1481 testamento
2250 1449 2436 1486 actionem,

1356 1492 1388 1527 si
1418 1502 1476 1528 res
1505 1491 1639 1527 tradita
1668 1491 1777 1526 fuerit
1806 1501 1897 1536 quae
1929 1490 2142 1534 debebatur,
2174 1490 2342 1535 quamdiu
2372 1490 2436 1525 ali-

1357 1537 1442 1581 quid
1470 1536 1541 1573 iuri
1568 1536 1620 1572 rei
1649 1536 1767 1578 deest,
1799 1536 1917 1571 adhuc
1947 1540 2066 1571 tamen
2093 1536 2173 1581 ipsa
2203 1546 2259 1571 res
2283 1535 2438 1588 petenda

1356 1586 1427 1618 est:
1463 1586 1504 1617 ut
1527 1585 1616 1626 puta
1638 1592 1785 1628 possum
1808 1581 1957 1616 fundum
1979 1585 2118 1633 petere,
2150 1580 2234 1616 licet
2257 1580 2341 1615 milii
2365 1584 2437 1615 tra-

1358 1627 1452 1662 ditus
1477 1628 1535 1669 sit,
1560 1627 1592 1662 si
1614 1626 1669 1662 ius
1694 1626 1871 1671 quoddam
1896 1626 2072 1661 cautionis
2096 1625 2283 1671 supererit.

1403 1670 1456 1710 28
1490 1672 1545 1707 ΡΛ
1553 1681 1648 1707 Uhvs
1681 1672 1771 1707 libro
1812 1672 2018 1717 triqensimo
2050 1676 2175 1707 octavo
2206 1670 2256 1706 ad
2286 1670 2438 1705 edictum

1359 1717 1548 1753 Debitores
1572 1716 1740 1752 solvendo
1765 1716 1812 1759 ei,
1845 1716 1906 1761 qui
1936 1727 2002 1761 pro
2026 1719 2145 1751 tutore
2173 1715 2318 1760 negotia
2339 1714 2438 1760 gerit,

1357 1762 1566 1804 liberantur,
1591 1762 1622 1797 si
1643 1761 1797 1807 pecunia
1819 1761 1856 1796 in
1879 1771 1954 1797 rem
1973 1761 2103 1813 pupilli
2126 1760 2295 1806 pervenit.

1404 1805 1458 1845 29
1489 1806 1683 1843 mmm
1711 1807 1803 1842 libro
1828 1807 2036 1852 triqensemo
2059 1811 2184 1842 octavo
2208 1806 2258 1841 ad
2287 1805 2440 1841 edictum

1360 1852 1449 1888 Cum
1473 1852 1617 1888 Stichus
1646 1855 1683 1887 et
1706 1851 1915 1897 Pamphilus
1947 1851 2124 1887 communi
2147 1861 2248 1887 servo
2278 1849 2442 1895 promissi

1359 1901 1453 1940 sunt,
1480 1897 1605 1932 “alteri
1628 1896 1790 1939 Stichus,
1815 1896 1919 1932 alteri
1941 1896 2147 1941 Pamphilus
2171 1895 2259 1932 solvi
2282 1906 2353 1930 non
2377 1906 2441 1940 po-

1358 1946 1439 1985 test,
1464 1942 1529 1978 sed
1551 1942 1717 1977 dimidiae
1734 1942 1788 1977 sin
1851 1952 1952 1977 orum
2000 1946 2096 1977 artes
2114 1941 2298 1977 debentur.
2330 1939 2441 1976 idem-

1359 1986 1692 2077 ἣξθᾱίῗϊρῗοέῗέἷὶ
1708 1989 1774 2067 ἓὶἰῖ
1793 1986 1982 2067 031‘1'13233?
1989 1990 2142 2067 ‹1223ss
2159 1985 2261 2067 ἓέἅῗ,
2274 1984 2441 2065 iffi&

1360 2078 1482 2114 decem
1505 2078 1590 2113 dare
1618 2077 1825 2122 promisit⁹:
1857 2087 1940 2112 nam
1963 2077 2130 2121 ambigua
2151 2087 2220 2112 vox
2241 2079 2298 2112 est
2320 2075 2442 2110 decem

1358 2123 1531 2165 homines,
1551 2122 1846 2167 quemadmodum
1865 2121 1987 2157 decem
2006 2121 2158 2157 denarii:
2185 2125 2292 2166 atque
2310 2120 2441 2156 utrius-

1360 2178 1427 2214 que
1450 2168 1503 2204 rei
1527 2167 1709 2203 dimidium
1734 2167 1874 2203 duobus
1897 2167 2013 2203 modis
2035 2165 2193 2211 intellegi
2214 2169 2343 2219 potest.
2379 2164 2443 2200 sed

1359 2215 1396 2249 in
1427 2213 1578 2248 nummis
1610 2219 1648 2248 et
1678 2213 1756 2248 oleo
1789 2222 1833 2247 ac
1864 2212 2042 2248 frumento
2067 2215 2103 2247 et
2125 2211 2315 2252 similibus,
2349 2220 2441 2255 quae

1360 2258 1538 2294 communi
1555 2258 1674 2303 specie
1692 2257 1929 2299 continentur,
1953 2255 2105 2302 apparet
2121 2257 2190 2292 hoc
2208 2259 2340 2298 actum,
2363 2259 2404 2290 ut
2415 2257 2442 2276 ¹⁰

1358 2313 1506 2339 numero
1530 2302 1707 2338 dividatur
1730 2303 1919 2347 obligatio,
1950 2306 2127 2348 quatenus
2155 2305 2192 2337 ct
2222 2300 2440 2337 commodius

1358 2347 1568 2394 promissori
1591 2348 1636 2383 sti
1662 2348 1932 2392 uiatoribusque
1954 2350 2021 2383 est.

1404 2391 1459 2431 30
1483 2392 1591 2428 loru
1615 2392 1643 2428 li
1663 2403 1706 2428 ro
1730 2393 2054 2439 quinquaqensimo
2072 2392 2195 2439 primo
2218 2391 2269 2428 ad
2289 2391 2443 2428 edictum

1359 2438 1398 2474 Si
1420 2438 1561 2474 debitor
1584 2438 1728 2474 offerret
1749 2438 1958 2483 pecuniam,
2013 2447 2082 2474 uae
2104 2440 2303 2483 peteretur,
2328 2436 2441 2472 credi-

1358 2487 1417 2519 tor
1439 2483 1550 2520 nollet
1573 2483 1746 2528 accipere,
1770 2487 1915 2528 praetor
1939 2482 1972 2517 ei
2019 2486 2146 2527 enegat
2167 2482 2337 2518 actiones.

1405 2525 1455 2566 31
1484 2528 1591 2563 IDEM
1618 2528 1709 2564 libro
1732 2529 1884 2582 septimo
1908 2527 2191 2574 disputationum
2236 2527 2334 2562 Inter
2356 2526 2441 2562 arti-

1359 2573 1445 2610 fices
1476 2574 1583 2618 longa
1613 2572 1812 2609 differentia
1843 2576 1897 2609 est
1929 2577 1965 2608 et
1999 2572 2131 2625 ingenii
2160 2575 2198 2608 et
2226 2576 2377 2608 naturae
2407 2575 2444 2623 et

1360 2618 1544 2654 doctrinae
1567 2622 1604 2654 et
1626 2618 1872 2654 institutionis.
1918 2618 1998 2653 ideo
2022 2628 2053 2653 si
2076 2627 2201 2653 navem
2224 2627 2247 2653 a
2269 2627 2309 2653 se
2331 2616 2441 2652 fabri-

1361 2663 1511 2699 candam
1573 2663 1628 2698 uis
1665 2663 1869 2709 promiserit
1905 2663 1961 2698 vel
1994 2663 2148 2699 insulam
2185 2661 2442 2698 aedificandam

1359 2709 1537 2745 fossamve
1575 2708 1759 2744 aciendam
1781 2712 1818 2744 et
1840 2709 1909 2744 hoc
1932 2708 2135 2754 specialiter
2156 2711 2277 2744 actum
2299 2711 2371 2750 est,
2402 2711 2443 2741 ut

1361 2752 2444 2844 {secessisset&assumsisse

1360 2844 1528 2880 liberabit
1557 2854 1669 2880 reum.
1718 2854 1828 2889 quare
1859 2845 1966 2879 etiam
1995 2844 2025 2879 si
2054 2843 2124 2879 illis
2153 2842 2442 2889 stipulationibus

1361 2889 1549 2925 fideiussor
1576 2890 1785 2925 accesserit:
1825 2891 1899 2935 ‘per
1929 2893 1965 2924 te
1995 2899 2068 2925 non
2098 2888 2193 2931 fieri,
2224 2898 2294 2941 quo
2324 2887 2442 2923 minus

1362 2934 1458 2969 ‘mihi
1487 2934 1540 2970 ire
1563 2944 1668 2979 agere
1689 2934 1795 2970 liceat
1804 2935 1844 2977 Τ,
1876 2934 2070 2979 prohibens
2093 2934 2145 2970 ire
2167 2932 2355 2969 fideiussor
2377 2932 2442 2968 sti-

1360 2979 1581 3025 pulationem
1603 2989 1675 3015 non
1700 2979 1887 3015 committit
1909 2985 1956 3022 et,
1988 2979 2019 3015 si
2042 2978 2250 3025 patientiam
2272 2981 2440 3032 praestet.

1360 3035 1434 3061 nou
1455 3024 1597 3067 efficiet,
1622 3035 1692 3070 quo
1716 3025 1832 3060 minus
1857 3023 2099 3060 committatur
2121 3023 2317 3076 stipulatio.

1407 3067 1462 3108 32
1491 3069 1683 3105 Iomanes
1709 3069 1801 3105 libro
1831 3070 1936 3105 tertio
1966 3069 2102 3105 decimo
2133 3069 2352 3116 dtqestorum
2403 3067 2443 3104 Si

1361 3125 1483 3151 servus
1506 3114 1678 3160 peculiari
1694 3114 1835 3151 nomine
1859 3114 2046 3150 crediderit
2065 3114 2167 3159 eique
2184 3113 2335 3156 debitor,
2360 3123 2442 3148 cum

1359 3160 1371 3194 i
1396 3163 1540 3196 noraret
1561 3159 1742 3194 dominum
1767 3163 1945 3195 mortuum
1968 3169 2058 3201 esse,
2082 3162 2166 3195 ante
2183 3158 2316 3194 aditam
2337 3157 2441 3194 here-

1387 3205 1508 3240 'tatem
1530 3204 1689 3246 solverit,
1721 3204 1942 3240 liberabitur.
1988 3203 2082 3240 idem
2095 3205 2121 3225 ¹¹
2149 3203 2238 3239 iuris
2261 3203 2331 3239 erit
2353 3206 2390 3239 et
2411 3203 2442 3238 si

1359 3249 1576 3285 manumisso
1619 3259 1720 3285 servo
1757 3250 1898 3286 debitor
1935 3249 2124 3294 pecuniam
2159 3248 2318 3292 solverit,
2359 3258 2442 3284 cuin

1359 3295 1540 3340 ignoraret
1569 3293 1603 3330 ei
1633 3294 1814 3340 peculium
1844 3303 2054 3331 concessum
2082 3304 2155 3330 non
2185 3303 2276 3329 esse.
2326 3302 2443 3338 neque

1359 3339 1535 3381 intererit,
1566 3339 1645 3375 vivo
1676 3350 1723 3375 an
1746 3343 1887 3376 mortuo
1910 3338 2051 3375 dominc
2079 3338 2234 3391 pecunia
2254 3341 2443 3374 numerata

1359 3385 1421 3421 sit:
1446 3394 1529 3420 nam
1552 3384 1622 3420 hoc
1644 3395 1784 3430 quoque
1797 3395 1885 3421 casu
1906 3383 2048 3420 debitor
2069 3384 2257 3426 liberatur,
2280 3382 2375 3419 sicut
2396 3381 2440 3424 is,

1359 3429 1421 3475 qui
1450 3429 1570 3465 iussus
1601 3435 1657 3466 est
1687 3440 1710 3465 a
1739 3430 1913 3466 creditore
1948 3429 2138 3475 pecuniam
2168 3428 2263 3464 Titio
2292 3427 2441 3469 solvere.

1359 3545 1405 3584 (ο)
1430 3542 1495 3576 talc
1513 3543 1594 3586 quid
1629 3543 1694 3577 ui‘1:
1716 3542 1870 3585 idemque
1887 3544 1937 3575 eet
1948 3542 1977 3575 ui
1989 3542 2065 3585 quis
2075 3545 2135 3576 aut
2146 3541 2228 3577 duo·
2239 3542 2371 3576 Stichos
2382 3543 2443 3575 aut

1358 3587 1442 3621 duos
1463 3587 1567 3630 Pamp
1594 3587 1601 3594 ’
1619 3598 1655 3620 os
1678 3587 1751 3621 dari
1772 3586 1925 3631 promisit
1954 3588 2136 3631 [communi
2163 3587 2307 3621 duorum
2334 3597 2439 3621 servo.

1356 3633 1475 3666 contra
1493 3631 1677 3665 voluntatis
1693 3632 1843 3675 quaestio
1862 3634 1929 3674 est,
1951 3633 1981 3665 si
2006 3632 2094 3676 quis}
2110 3631 2278 3666 communi
2298 3631 2440 3666 ducrum

1356 3686 1453 3711 sei-vo
1463 3677 1614 3711 homines
1626 3677 1736 3711 decem
1749 3677 1991 3720 dareprominit
2065 3678 2126 3719 (io)
2150 3677 2229 3711 etF'
2296 3679 2352 3718 (ιι)
2374 3686 2441 3719 quc

1023 3722 1068 3763 (8)
1092 3730 1160 3754 non
1180 3723 1240 3755 im.
1262 3722 1297 3756 F
1358 3723 1420 3756 ins.
1435 3721 1487 3755 F·
