2528 3918
146 168 206 199 DE
236 167 502 201 ADULTERIIS
532 168 813 202 COERCENDIS

169 281 207 317 ui
229 283 506 327 perseveraverit
528 293 628 318 reum
651 292 790 318 reamve
813 281 953 325 facere,
978 282 1230 328 postulationis

146 292 220 363 aies
259 328 373 372 prima
413 329 591 374 exigatur,
632 328 768 363 scilicet
805 330 846 363 ut
877 328 937 373 qui
966 332 1116 364 accusat
1146 339 1230 364 suos

146 376 166 406 9
213 371 353 408 libellos
372 374 614 409 accusatorios
635 377 818 418 exspectet
831 375 852 416 ¹,
874 384 945 408 non
964 374 1111 409 alienos.
1136 374 1229 408 Eum

145 421 281 460 autem,
306 419 366 463 qni
389 429 455 464 per
477 419 546 454 vim
570 422 734 463 stuprum
765 418 886 453 intulit
909 419 964 454 vel
987 419 1075 454 mari
1099 420 1153 454 vel
1178 418 1229 454 fe-

145 463 277 505 minae,
318 463 395 498 sine
433 464 679 508 praefinitione
719 463 827 500 huius
865 466 1034 509 temporis
1067 464 1231 499 accusari

144 518 250 552 posse
273 507 420 544 dubium
444 519 516 543 iion
540 514 605 551 est,
630 519 711 544 cum
731 519 810 544 eum
835 510 1017 554 publicam
1040 510 1109 546 vim
1134 520 1229 545 com-

144 553 284 588 mittere
307 554 406 588 nulla
430 553 604 589 dubitatio
630 556 695 589 est.

190 595 238 634 31
267 595 350 642 (30)
374 598 532 634 PAULUS
563 600 653 635 libro
676 600 796 645 primo
820 600 864 636 de
888 600 1077 635 adulteriis
1123 600 1232 635 Pater

150 647 158 676 1
212 643 288 678 sine
310 644 470 688 periculo
495 645 694 679 calumniae
716 655 787 680 non
813 648 933 690 potest
956 655 1071 697 agere.
1120 645 1229 680 Sexa-

144 688 243 732 ginta
275 688 349 724 dies
379 699 401 723 a
431 688 581 724 divortio
613 696 863 727 numerantur:
899 690 936 725 in
961 691 1086 726 diebus
1111 695 1230 726 autem

147 733 330 778 sexaginta
354 738 389 768 et
412 734 489 779 ipse
512 737 777 780 sexagensimus
802 739 866 771 est.

189 775 243 816 32
267 776 349 822 (31)
373 778 478 814 IDEM
500 780 591 815 libro
615 782 772 815 secundo
798 781 865 815 ‹te2
888 780 1079 816 adulteriis
1120 781 1229 825 Quin-

143 824 334 868 quennium
359 835 430 859 non
462 825 568 868 utile,
600 826 662 861 sed
687 826 856 861 continuo
880 826 1139 862 numerandum
1164 831 1228 862 est.

143 869 228 913 quid
251 879 334 914 ergo
357 869 437 914 fiet,
469 870 500 906 si
529 871 629 916 prior
657 871 783 906 mulier
805 881 868 907 rea
891 871 989 906 facta
1018 872 1065 906 sit
1089 874 1125 907 et
1148 871 1229 907 ideo

142 914 282 959 adulter
314 915 436 950 eodem
468 918 627 961 tempore
658 927 740 951 reus
765 916 843 951 fieri
866 928 938 952 non
968 917 1087 962 potuit
1110 921 1147 952 et
1170 917 1230 952 diii

141 963 260 994 tracta
289 960 350 995 lite
382 960 659 1006 quinquennium
690 962 900 997 transierit?
932 962 1016 1007 quid
1040 962 1072 997 si
1095 963 1144 1006 is,
1170 963 1231 1007 qui

140 1005 236 1040 intra
259 1005 537 1050 quinquennium
556 1017 659 1051 quem
682 1008 938 1086 postulaverat,
964 1019 1035 1042 non
1055 1008 1231 1052 peregerit

143 1054 207 1085 aut
230 1051 498 1095 praevaricatus
528 1056 583 1087 est
606 1056 642 1086 et
664 1053 755 1087 aius
781 1052 929 1087 eundem
960 1056 1123 1098 repetere
1147 1053 1230 1088 velit

143 1100 180 1130 et
204 1096 482 1140 quinquennium
505 1100 727 1132 transactum
757 1098 828 1133 sit?
875 1108 1028 1142 aequum
1053 1103 1109 1133 est
1133 1109 1228 1133 coni-

142 1141 321 1186 putationi
360 1142 590 1187 quinquennii
629 1143 733 1177 eximi
769 1143 806 1178 id
837 1147 998 1188 tempus,
1039 1144 1133 1188 quod
1166 1155 1230 1189 per

141 1186 419 1231 postulationem
444 1188 714 1232 praecedentem
739 1194 989 1233 consumptum
1013 1189 1069 1225 sit.

188 1229 240 1269 33
267 1229 348 1275 (32)
381 1232 523 1267 MAOER
555 1233 646 1268 libro
669 1235 795 1313 ¹primo
828 1235 871 1268 cle
895 1234 1056 1280 publicis
1086 1235 1230 1270 iudiciis

142 1277 241 1312 Nihil
263 1277 423 1321 interest,
449 1277 647 1313 adulteram
697 1279 779 1313 liam
803 1279 904 1324 prius
932 1283 1036 1324 pater
1061 1280 1230 1315 occiderit

142 1333 188 1356 an
212 1333 295 1366 non,
321 1323 404 1358 dum
428 1325 620 1368 utrumque
645 1324 803 1359 occidat:
830 1335 911 1359 nam
936 1325 966 1360 si
991 1326 1143 1360 alterum
1168 1336 1229 1360 oc-

142 1367 241 1412 cidit,
265 1368 342 1413 lege
367 1368 531 1404 Cornelia
554 1379 635 1404 reus
660 1370 759 1405 erit³.
796 1370 893 1414 quod
917 1370 947 1405 si
971 1371 1083 1406 altero
1110 1371 1228 1406 occiso

140 1413 231 1447 alter
265 1414 472 1448 vulneratus
512 1414 653 1456 fuerit&
694 1415 811 1451 verbis
851 1415 992 1460 quidem
1030 1416 1117 1460 legis
1156 1427 1229 1451 non

140 1458 330 1493 liberatur:
356 1458 419 1493 sed
444 1459 544 1494 divus
569 1460 715 1495 Marcus
740 1465 776 1495 et
797 1460 1011 1496 Commodus
1036 1462 1228 1507 rescripse-

139 1506 224 1538 runt
246 1502 491 1548 impunitatem
515 1505 548 1539 ei
572 1506 736 1548 concedi,
769 1506 869 1550 quia,
901 1506 987 1541 licet
1015 1507 1228 1552 interempto

139 1548 300 1584 adultero
323 1549 449 1584 mulier
472 1550 707 1594 supervixerit
729 1555 812 1596 post
834 1555 908 1586 tam
931 1552 1053 1596 gravia
1071 1554 1230 1595 vulnera,

139 1603 231 1639 quae
255 1593 286 1629 ei
318 1600 421 1639 pater
442 1594 609 1630 infixerat
619 1597 642 1637 ⁵,
681 1597 792 1641 magis
815 1597 891 1631 fato
917 1608 1023 1641 quam
1046 1598 1231 1633 voluntate

138 1639 214 1675 eius
246 1643 389 1676 servata
411 1643 483 1675 est:
516 1640 600 1686 quia
627 1642 685 1676 lex
709 1652 831 1686 parem
854 1642 891 1677 in
917 1653 995 1685 eos,
1020 1643 1081 1688 qui
1105 1644 1230 1688 depre-

140 1684 237 1722 hensi
274 1687 376 1729 sunt,
415 1685 693 1730 indignationem
723 1687 831 1732 exigit
861 1692 897 1723 et
927 1689 1150 1724 severitatem
1174 1700 1228 1724 re-

143 1733 157 1764 1
207 1729 350 1775 quirit³.
399 1730 487 1766 Cum
512 1732 665 1767 alterum
690 1743 734 1767 ex
757 1733 929 1768 adulteris
953 1734 1099 1778 elegerit
1122 1734 1227 1769 mari-

140 1778 217 1817 tus,
254 1773 406 1811 alterum
430 1786 502 1812 non
526 1781 609 1812 ante
634 1788 804 1813 accusare
828 1782 965 1823 potest,
999 1790 1105 1823 quam
1129 1780 1228 1824 prius

138 1820 309 1856 iudicium
339 1820 501 1862 finietur,
538 1822 621 1866 quia
650 1822 739 1858 duos
764 1823 870 1858 simul
902 1825 947 1859 ab
973 1825 1095 1860 eodem
1121 1836 1227 1860 accu—

138 1866 211 1901 sari
235 1875 308 1900 non
331 1866 424 1901 licet.
458 1878 530 1902 non
548 1872 668 1902 tamen
686 1869 897 1913 prohibetur
912 1874 1103 1905 accusator
1122 1871 1227 1906 simul

139 1921 220 1945 cum
245 1911 407 1947 adultero
432 1912 487 1947 vel
510 1912 672 1948 adultera
696 1924 775 1948 eum
800 1925 941 1959 quoque
960 1925 1142 1958 accusare,
1168 1917 1228 1961 qui

138 1956 282 1991 domuin
315 1967 415 1991 suam
447 1958 614 2003 praebuit
644 1959 698 1994 vel
731 1960 877 1995 consilio
911 1960 997 2004 fuit,
1030 1963 1071 1996 ut
1094 1961 1228 1997 crimen

138 2001 382 2037 redimeretur.

185 2044 238 2084 34
268 2044 351 2091 (33)
382 2047 618 2084 MAROIANUS
652 2049 743 2086 libro
766 2051 890 2096 primo
920 2051 965 2086 de
989 2052 1150 2098 publicis
1173 2053 1226 2087 iu-

138 2092 242 2127 diciis
288 2092 325 2128 Si
355 2093 433 2138 quis
465 2093 676 2129 adulterium
706 2106 728 2130 a
765 2106 867 2132 servo
900 2107 966 2132 suo
999 2097 1226 2133 commissum

139 2137 236 2172 dicat
258 2137 295 2172 in
319 2148 413 2181 eam,
448 2150 553 2183 quam
584 2150 732 2175 uxorem
757 2141 900 2184 habuit,
935 2142 1036 2177 divus
1059 2142 1146 2178 Pius
1169 2153 1225 2178 re-

138 2182 282 2236 scripsit
305 2193 478 2219 accusare
501 2184 620 2229 potius
644 2185 826 2221 mulierem
851 2198 930 2222 eum
954 2187 1093 2230 debere,
1119 2199 1226 2233 quam

143 2232 154 2262 l
205 2238 244 2262 in
299 2228 529 2264 raeiudicium
562 2230 638 2265 eius
671 2241 810 2266 servum
834 2243 938 2267 suum
960 2237 1139 2278 torquere.
1188 2233 1226 2269 Si

162 2272 216 2308 uis
241 2283 262 2308 a
288 2274 440 2309 ulterum
463 2285 535 2310 non
560 2276 748 2320 dimiserit,
782 2278 845 2312 sed
867 2278 1069 2322 retinuerit,
1103 2279 1224 2314 forsan

153 2317 249 2352 ’lium
281 2319 318 2353 in
347 2329 501 2355 noverca
529 2321 584 2356 vel
609 2322 715 2356 etiam
747 2322 913 2358 libertum
938 2324 992 2359 vel
1023 2334 1163 2359 servum
1187 2325 1225 2359 in

138 2373 250 2399 uxore
258 2365 282 2408 ⁶,
323 2374 367 2399 ex
399 2366 574 2400 sententia
604 2366 691 2412 legis
721 2371 878 2412 tenetur,
917 2369 1077 2414 quamvis
1108 2370 1224 2405 verbis

138 2419 210 2444 non
247 2410 459 2445 continetur.
520 2422 612 2456 quae
649 2416 769 2448 autem
806 2414 996 2457 retinetur,
1040 2415 1188 2459 punitur
1198 2416 1221 2450 ⁷.

139 2453 226 2489 sed⁸
251 2453 283 2489 si
306 2454 486 2490 dimissam
509 2457 708 2501 reduxerit,
733 2458 849 2494 verbis
874 2470 947 2494 non
970 2463 1130 2495 tenetur:
1162 2461 1224 2496 sed

138 2502 158 2534 2
206 2503 325 2534 tamen
343 2500 531 2536 dicendum
552 2506 617 2544 est,
637 2506 679 2538 ut
697 2507 874 2548 teneatur,
893 2516 939 2540 ne
957 2505 1057 2541 fraus
1076 2506 1149 2540 fiat.
1187 2506 1225 2541 Si

137 2555 229 2580 uxor
253 2555 297 2580 ex
320 2545 494 2582 adulterio
518 2547 585 2582 viri
608 2549 804 2592 praemium
825 2551 1016 2595 acceperit,
1040 2551 1117 2596 lege
1132 2552 1224 2586 Iulia

138 2590 239 2634 quasi
263 2590 426 2626 adultera
448 2596 605 2627 tenetur.

184 2632 236 2672 35
254 2633 336 2679 (34)
362 2635 613 2672 Moossmvos
636 2638 727 2673 libro
745 2640 869 2685 primo
891 2641 1102 2686 requiarum
1139 2642 1221 2677 Stu-

138 2690 243 2724 prum
266 2682 468 2724 committit,
494 2682 552 2726 qui
575 2682 723 2717 liberam
747 2684 930 2720 mulierem
954 2687 1222 2723 consuetudinis

138 2736 268 2768 causa,
304 2737 377 2761 non
412 2727 627 2762 matrimonii
657 2729 831 2772 continet,
872 2735 1021 2776 excepta
1059 2732 1223 2768 videlicet

141 2774 154 2804 1
207 2771 417 2806 concubina.
460 2771 683 2808 Adulterium
706 2773 743 2808 in
767 2778 880 2819 nupta
902 2776 1118 2813 admittitur:
1146 2782 1221 2813 stu-

137 2816 265 2860 prum⁹
303 2816 340 2850 in
369 2816 476 2851 vidua
504 2817 559 2852 vel
588 2818 721 2863 virgine
751 2820 806 2855 vel
835 2832 945 2865 puero
979 2823 1220 2859 committitur.

184 2858 237 2898 36
262 2858 344 2904 (35)
367 2861 474 2896 IDEM
501 2862 591 2898 libro
616 2868 739 2899 octavo
763 2866 972 2911 reqularum
1019 2868 1220 2904 Accusatu-

136 2917 199 2942 rus
223 2906 388 2941 adulterii
412 2907 443 2942 si
466 2907 551 2952 quid
574 2908 670 2944 circa
693 2909 959 2955 inscriptionem
985 2914 1166 2956 erraverit,
1192 2915 1221 2949 si

137 2955 299 2997 tempora
335 2951 551 2996 largiantur,
591 2954 780 2991 emendare
809 2967 881 2992 non
912 2957 1141 3002 prohibetur,
1176 2970 1220 2995 ne

138 3007 248 3032 causa
271 2996 469 3032 aboleatur.

183 3040 236 3079 37
262 3040 344 3085 (36)
369 3042 612 3078 PAPJNIANUS
641 3044 731 3080 libro
756 3047 859 3081 tertio
886 3049 1134 3093 quaestionum
1183 3049 1220 3084 Si

137 3087 252 3123 minor
275 3088 377 3122 annis
402 3087 616 3123 adulterium
648 3091 877 3133 commiserit,
909 3092 985 3137 lege
1008 3094 1098 3128 Iulia
1122 3099 1219 3130 tene-

136 3136 207 3174 tur,
232 3133 396 3178 quoniam
422 3134 494 3168 tale
519 3134 651 3169 crimen
674 3140 756 3179 post
778 3137 1003 3181 pubertatem
1026 3139 1161 3184 incipit.

183 3175 237 3215 38
262 3176 344 3221 (37)
375 3178 481 3213 IDEM
508 3179 599 3214 libro
629 3181 753 3224 quinto
785 3184 1034 3226 quaestionum
1089 3185 1219 3220 Filium

136 3222 291 3259 familias
322 3224 466 3268 publico
497 3224 627 3259 iudicio
662 3225 874 3261 adulterium
904 3228 940 3262 in
973 3240 1119 3264 uxorem
1143 3230 1219 3266 sine

137 3268 319 3303 voluntate
342 3269 456 3313 patris
473 3279 622 3314 arguere
633 3271 661 3291 ¹⁰
684 3272 916 3307 constitutum
934 3276 1003 3310 est:
1028 3274 1220 3310 vindictam

137 3313 230 3348 enim
253 3313 387 3358 proprii
411 3313 542 3350 doloris
568 3315 848 3360 consequitur¹¹.

184 3355 237 3395 39
254 3355 336 3401 (38)
347 3359 374 3379 ¹²
393 3358 501 3394 IDEM
515 3360 605 3395 libro
623 3361 831 3407 triqensimo
847 3366 952 3398 sexto
969 3365 1219 3409 quaestionum

137 3402 175 3438 Si
198 3403 411 3439 adulterium
427 3415 508 3440 cum
529 3405 666 3441 incesto
691 3407 941 3451 committatur,
966 3412 1008 3444 ut
1029 3413 1119 3454 puta
1138 3420 1219 3445 cuin

136 3518 176 3559 (1)
199 3519 326 3559 spectet
345 3518 374 3551 1.
391 3517 430 3552 G'.
446 3519 615 3562 Hosmann
720 3522 762 3561 (2)
788 3520 828 3553 de
849 3533 906 3554 om.
921 3522 957 3555 F

137 3562 217 3604 quia
227 3561 281 3594 lex
294 3586 301 3594 .
311 3587 318 3594 .
327 3587 334 3594 .
348 3563 491 3604 requirit
503 3565 625 3598 colloca
636 3573 711 3608 post
722 3576 797 3597 reus
809 3566 873 3598 erit
885 3566 1017 3609 (Facias)

135 3606 224 3648 gerit
234 3620 296 3640 scr.
382 3609 425 3650 (5)
448 3608 616 3642 inflixerat
628 3611 700 3643 edd.
785 3612 829 3653 (6)
854 3621 989 3644 uxorem
1005 3614 1039 3646 F
1108 3615 1152 3656 (7)
1178 3625 1217 3646 ex

136 3652 300 3684 sententia
319 3651 412 3695 legis,
432 3655 582 3695 quamvis
600 3655 710 3688 verbis
728 3666 796 3688 non
815 3657 1007 3690 continetur
1021 3660 1079 3700 qui
1095 3660 1216 3692 retine-

137 3699 204 3739 tur,
214 3697 358 3740 punitur
369 3710 429 3731 scr.
491 3700 536 3741 (8)
559 3702 592 3732 et
605 3702 664 3733 ins.
724 3702 768 3742 (9)
793 3702 935 3744 stipi-uin
947 3704 980 3735 F
1037 3705 1099 3745 (1ο)
1123 3714 1217 3747 posse

137 3743 197 3775 ins.
212 3742 247 3774 F
249 3741 264 3762 ²
347 3744 402 3784 (11)
427 3745 618 3786 exsequitur
631 3746 783 3789 Krueyer

137 3788 169 3828 4,
182 3794 210 3828 3,
223 3795 240 3821 6
254 3795 284 3821 et
294 3788 340 3820 D.
355 3789 409 3830 48,
423 3797 489 3832 8,1,
503 3798 519 3823 5
596 3791 656 3832 (13)
681 3791 812 3824 evenire
827 3793 860 3825 F

1051 3524 1093 3566 (3)
1117 3525 1217 3558 verba

871 3749 928 3789 (12)
955 3750 1029 3787 ad§
1046 3757 1062 3783 8
1077 3751 1118 3792 cf.
1137 3750 1215 3782 Call.

922 3793 980 3835 (14)
1004 3793 1137 3827 mulieri
1151 3806 1213 3827 scr.

1210 155 1294 202 799

2049 167 2323 211 XXXXVIll
2355 173 2380 211 5

1301 283 1460 328 privigna
1490 294 1590 335 nuru·
1617 294 1787 328 noverca,
1821 288 1945 323 mulier
1970 289 2128 325 similiter
2153 301 2294 336 quoque
2317 303 2383 337 pu-

1300 329 1434 364 nietur:
1469 328 1505 363 id
1537 339 1628 363 enim
1660 336 1794 366 remoto
1825 333 1930 367 etiam
1969 335 2142 370 adulterio
2177 338 2383 372 eveniret¹³.

1304 377 1317 408 1
1369 376 1540 426 stuprum
1578 374 1615 408 in
1652 376 1783 411 sororis
1819 378 1926 412 filiam
1965 380 1994 414 si
2038 382 2296 424 committatur,
2337 394 2383 417 aii

1301 419 1465 454 adulterii
1497 430 1614 464 poena
1645 420 1800 455 sufficiat
1829 424 1966 465 inari¹²‚
1999 426 2293 462 considerandum
2318 434 2382 462 est.

1300 464 1477 506 occurrit,
1510 464 1606 509 quod
1629 465 1687 499 hic
1712 465 1842 510 duplex
1866 469 2057 504 admissum
2081 476 2153 514 est,
2187 473 2269 517 quia
2293 474 2382 507 mul·

1299 513 1375 544 tum
1399 510 1557 553 interest,
1583 520 1702 544 errore
1726 512 1986 548 matrimonium
2010 515 2128 551 illicite
2152 518 2383 552 contrahatur

1300 565 1346 589 an
1372 555 1597 590 contumacia
1628 555 1716 590 iuris
1749 561 1784 591 et
1816 560 1996 602 sanguinis
2022 562 2273 596 contuinelia¹⁵
2298 574 2381 597 eon-

1299 603 1318 634 2
1368 601 1567 635 currant¹⁶.
1616 600 1734 644 Quare
1764 602 1891 637 mulier
1914 608 2000 639 tunc
2033 606 2172 640 demum
2197 618 2274 641 eam
2299 619 2381 652 poe-

1298 656 1397 688 nam,
1437 656 1543 690 quam
1574 655 1706 689 mares,
1748 647 1954 690 sustinebit,
1990 661 2069 685 cum
2104 651 2277 687 incestum
2308 653 2383 687 iure

1298 691 1455 734 gentium
1469 692 1494 712 ¹⁷
1534 691 1755 736 prohibitum
1784 691 1977 728 admiserit:
2018 706 2099 730 iiam
2129 697 2160 731 si
2192 697 2268 732 sola
2297 698 2383 732 iuris

1299 736 1413 771 nostri
1444 736 1644 771 observatio
1676 736 1901 780 interveniet,
1934 740 2059 775 mulier
2090 741 2135 775 ab
2167 742 2291 777 incesti
2317 744 2380 777 cri-

1300 785 1319 815 3
1367 781 1460 816 mine
1492 782 1560 816 erit
1590 786 1774 817 excusata.
1828 782 2102 829 Nonnumquam
2132 790 2251 821 tamen
2282 790 2318 822 et
2348 789 2382 823 in

1299 827 1458 862 maribus
1483 827 1611 862 incesti
1636 827 1801 871 crimina,
1856 839 2045 873 uamquam
2070 834 2199 866 natura
2220 832 2383 876 graviora

1299 875 1400 914 sunt,
1439 872 1629 907 humanius
1669 883 1775 917 quam
1807 883 1828 908 a
1854 874 1972 908 ulterii
2002 877 2149 911 tractari
2182 877 2314 912 solent:
2354 878 2383 913 si

1298 917 1403 952 modo
1434 917 1610 952 incestum
1640 928 1705 963 per
1734 918 1996 954 matrimonium
2027 921 2187 956 illicitum
2221 927 2380 957 contrac-

1299 966 1319 996 4
1367 968 1443 997 tum
1473 963 1530 997 sit.
1584 963 1732 999 Fratres
1764 963 1917 1008 denique
1954 964 2186 1010 imperatores
2217 967 2384 1003 Claudiae

1300 1008 1434 1042 crimen
1446 1008 1573 1043 incesti
1590 1013 1738 1053 propter
1749 1013 1901 1044 aetatem
1920 1011 2140 1053 remiserunt,
2161 1012 2223 1046 sed
2237 1012 2382 1047 distrahi

1299 1053 1587 1088 coniunctionem
1611 1054 1770 1089 illicitam
1789 1054 1983 1097 iusserunt,
2009 1067 2089 1091 cum
2109 1057 2197 1092 alias
2220 1057 2383 1093 adulterii

1299 1098 1451 1141 crimen,
1484 1099 1580 1143 quod
1611 1100 1800 1144 pubertate
1831 1100 2061 1145 delinquitur,
2094 1112 2166 1136 non
2195 1107 2383 1138 excusetur

1298 1148 1427 1179 aetate.
1464 1155 1547 1179 nam
1571 1148 1606 1179 et
1630 1145 1794 1181 mulieres
1817 1145 1854 1180 in
1878 1146 1956 1181 iure
1981 1150 2139 1182 errantes
2164 1147 2290 1183 incesti
2315 1149 2381 1183 eri-

1299 1189 1393 1224 mine
1425 1200 1497 1225 non
1526 1190 1640 1225 teneri
1672 1201 1783 1235 supra
1812 1191 1947 1226 dictum
1971 1196 2043 1235 est,
2078 1203 2157 1227 cum
2181 1193 2217 1227 in
2249 1193 2383 1228 adulte-

1298 1235 1351 1270 rio
1382 1235 1569 1270 commisso
1602 1236 1738 1270 nullam
1768 1236 1900 1272 habere
1940 1238 2079 1282 possint
2108 1239 2383 1273 excusationem.

1298 1283 1317 1314 5
1366 1280 1464 1314 Idem
1504 1281 1738 1325 imperatores
1778 1281 2040 1327 rescripserunt
2069 1287 2153 1327 post
2185 1282 2384 1324 divortium,

1298 1325 1394 1370 quod
1426 1336 1505 1360 cum
1538 1337 1691 1362 noverca
1724 1327 1818 1362 bona
1849 1327 1920 1362 fide
1944 1328 2123 1372 privignus
2148 1328 2289 1372 fecerit,
2314 1340 2386 1364 non

1299 1374 1319 1405 6
1367 1381 1446 1406 esse
1477 1371 1609 1406 crimen
1639 1372 1895 1408 admittendum
1925 1372 2063 1408 incesti.
2111 1373 2210 1409 Idem
2233 1373 2384 1409 Pollioni

1297 1416 1334 1450 in
1358 1417 1447 1451 haec
1480 1417 1588 1452 verba
1612 1418 1891 1463 rescripserunt:
1926 1418 2099 1454 ‘Incestae
2131 1420 2276 1464 nuptiae
2300 1430 2385 1454 con-

1299 1461 1445 1496 ‘firmari
1469 1472 1541 1496 non
1566 1462 1741 1498 solent¹⁸:
1781 1467 1817 1498 et
1846 1463 1926 1498 ideo
1960 1464 2152 1499 abstinenti
2176 1464 2240 1499 tali
2262 1465 2383 1499 matri-

1298 1506 1428 1542 ‘monio
1468 1518 1620 1552 poenam
1658 1508 1841 1553 praeteriti
1871 1508 2010 1551 delicti,
2050 1509 2081 1544 si
2112 1510 2268 1545 nondum
2291 1520 2383 1555 reus

1299 1555 1316 1585 7
1367 1553 1578 1597 ‘postulatus
1593 1557 1658 1595 est,
1677 1554 1911 1589 remittimus’.
1943 1555 2122 1589 Incestum
2141 1559 2269 1598 autem,
2290 1555 2385 1600 quod

1298 1608 1363 1642 per
1400 1598 1561 1632 illicitam
1600 1599 1814 1634 matrimonii
1854 1599 2139 1635 coniunctionem
2174 1601 2381 1643 admittitur,

1299 1643 1463 1678 excusari
1492 1644 1584 1679 solet
1621 1655 1709 1679 sexu
1740 1645 1795 1679 vel
1834 1649 1952 1680 aetate
1985 1645 2039 1680 vel
2073 1646 2179 1680 etiam
2213 1645 2383 1691 puniendi

1299 1688 1531 1732 correctione,
1558 1700 1649 1733 quae
1667 1690 1763 1725 bona
1781 1689 1852 1725 fide
1872 1691 2071 1732 intervenit,
2092 1691 2214 1736 utique
2235 1692 2265 1726 si
2285 1701 2385 1726 error

1296 1734 1470 1778 allegetur
1482 1735 1520 1777 ¹⁹,
1561 1739 1597 1770 et
1639 1735 1799 1777 facilius,
1838 1735 1868 1771 si
1907 1746 2010 1771 nemo
2041 1747 2140 1771 reum
2179 1736 2382 1781 postulavit.

1298 1782 1316 1813 8
1364 1780 1563 1824 Imperator
1586 1780 1733 1816 Marcus
1757 1781 1960 1817 Antoninus
1991 1783 2029 1816 et
2053 1782 2263 1817 Commodus
2287 1781 2381 1816 filius

1295 1824 1573 1869 rescripserunt:
1623 1826 1672 1861 ‘Si
1702 1826 1852 1861 maritus
1884 1837 2031 1862 uxorem
2055 1827 2091 1862 in
2123 1826 2297 1862 adulterio
2322 1826 2379 1862 de-

1297 1870 1519 1914 ‘prehensam
1549 1870 1683 1915 impetu
1715 1876 1853 1908 tractus
1886 1872 2018 1907 doloris
2041 1872 2275 1914 interfecerit,
2311 1882 2379 1913 non

1296 1915 1431 1959 ‘utique
1461 1916 1549 1960 legis
1582 1917 1767 1952 Corneliae
1791 1917 1836 1952 de
1860 1917 1998 1953 sicariis
2030 1928 2183 1962 poenam
2207 1917 2381 1963 excipiet’.

1295 1971 1377 1994 nam
1408 1964 1444 1995 et
1473 1961 1574 1997 divus
1598 1962 1685 1998 Pius
1709 1963 1746 1997 in
1775 1963 1865 1998 haec
1888 1963 1998 1998 verba
2027 1963 2138 1998 rescri
2166 1963 2212 1998 sit
2234 1962 2381 2008 Apollo-

1295 2005 1371 2040 nio:
1398 2006 1466 2048 6Εἰ,
1492 2007 1552 2051 qui
1576 2018 1722 2042 uxorem
1741 2018 1843 2043 suam
1866 2008 1903 2043 in
1927 2008 2102 2044 adulterio
2152 2008 2381 2053 eprehensani

1296 2051 1483 2087 ‘occidisse
1506 2063 1546 2087 se
1569 2064 1641 2088 non
1665 2057 1788 2097 negat,
1813 2054 1976 2088 ultimum
2008 2054 2220 2098 supplicium
2252 2053 2381 2088 remitti

1295 2098 1441 2141 ‘potest‚
1475 2108 1555 2132 cum
1587 2098 1634 2133 sit
1665 2098 1912 2134 difficillimum
1943 2099 2076 2134 iustum
2108 2099 2264 2134 dolorem
2293 2101 2381 2134 tem-

1294 2145 1432 2187 ‘perare
1461 2144 1537 2178 et²⁰
1569 2144 1652 2188 quia
1676 2145 1758 2188 plus
1782 2144 1927 2187 fecerit,
1961 2155 2066 2189 quam
2090 2145 2172 2188 quia
2203 2144 2382 2179 vindicare

1295 2191 1345 2223 ‘se
1374 2198 1446 2222 non
1476 2188 1657 2231 debuerit,
1688 2190 1889 2234 puniendus
1914 2190 1971 2225 sit.
2020 2189 2174 2225 sufficiet
2196 2190 2325 2234 igitur,
2350 2189 2381 2240 si

1294 2233 1447 2268 ‘humilis
1472 2234 1542 2269 loci
1567 2234 1629 2276 sit,
1663 2235 1700 2269 in
1725 2246 1815 2280 opus
1846 2239 2060 2281 perpetuum
2092 2246 2172 2270 eum
2204 2234 2316 2277 tradi,
2350 2245 2380 2269 si

1294 2281 1313 2312 9
1364 2278 1436 2323 ‘qui
1459 2279 1661 2322 honestior,
1687 2280 1723 2314 in
1746 2281 1899 2315 insulam
1922 2281 2094 2325 relegari’.
2143 2280 2291 2315 Liberto
2341 2290 2378 2331 αῖ

1292 2324 1388 2359 troni
1410 2323 1543 2359 famam
1565 2325 1742 2361 lacessere
1766 2337 1839 2361 non
1869 2326 1976 2362 facile
2001 2325 2223 2362 conceditur:
2262 2335 2300 2360 se
2349 2336 2379 2360 si

1292 2368 1368 2404 iure
1406 2370 1525 2404 mariti
1563 2370 1647 2406 velit
1684 2370 1849 2407 adulterii
1881 2382 2068 2414 accusare,
2104 2369 2379 2416 permittendum

1293 2418 1359 2466 est,
1384 2415 1561 2459 quomodo
1586 2416 1617 2451 si
1640 2420 1799 2452 atrocem
1816 2416 1980 2452 iniuriam
2003 2427 2131 2461 passus
2152 2419 2256 2451 esset.
2283 2419 2378 2450 certe

1292 2470 1323 2495 si
1346 2464 1556 2504 patronum,
1582 2461 1644 2506 qui
1666 2462 1713 2497 sit
1737 2472 1782 2497 ex
1804 2472 1847 2497 eo
1872 2473 2028 2504 numero,
2054 2462 2114 2507 qui
2138 2461 2378 2506 deprehensus
2428 2480 2431 2483 ·

1293 2505 1338 2540 ab
1375 2505 1445 2540 alio
1476 2506 1629 2542 interfici
1659 2510 1797 2552 potest,
1833 2508 1870 2542 in
1903 2507 2077 2542 adulterio
2107 2507 2228 2542 uxoris
2253 2506 2376 2551 depre-

1291 2550 1471 2593 henderit,
1504 2552 1772 2587 deliberandum
1796 2555 1867 2595 est,
1904 2563 1950 2587 au
1973 2552 2117 2598 impune
2146 2550 2261 2597 possit
2284 2551 2377 2603 occi-

1292 2595 1386 2631 dere.
1434 2596 1531 2641 quod
1563 2597 1692 2632 durum
1723 2598 1828 2634 nobis
1860 2608 1938 2634 esse
1968 2598 2123 2633 videtur:
2162 2607 2243 2631 nam
2276 2606 2376 2648 cuius

1295 2644 1335 2675 10
1382 2640 1516 2684 famae,
1547 2643 1659 2678 multo
1692 2644 1802 2688 magis
1834 2644 1927 2679 vitae
1965 2643 2185 2688 parcendum
2215 2645 2295 2694 est·
2340 2641 2378 2675 Si

1291 2686 1369 2732 quis
1393 2687 1431 2721 in
1453 2687 1589 2723 honore
1613 2688 1851 2724 ministeriove
1874 2689 2017 2734 publico
2042 2688 2105 2730 sit,
2130 2697 2211 2723 reus
2237 2686 2377 2738 quidem

1290 2732 1511 2776 postulatur,
1537 2733 1600 2769 sed
1625 2733 1786 2769 differtur
1810 2734 1886 2769 eius
1911 2734 2093 2769 accusatio
2118 2737 2154 2768 et
2178 2736 2376 2784 cautionem

1290 2777 1422 2813 iudicio
1455 2778 1602 2813 sistendi
1633 2789 1744 2814 causa
1772 2779 1987 2824 promittit²¹
2019 2779 2058 2814 in
2089 2778 2194 2813 finem
2217 2778 2374 2812 honoris.

1290 2826 1326 2858 et
1348 2822 1417 2858 hoc
1440 2823 1491 2858 ita
1515 2823 1678 2859 Tiberius
1705 2825 1836 2860 Caesar
1858 2823 2052 2870 rescripsit.

1337 2867 1389 2905 40
1415 2866 1497 2911 (39)
1508 2869 1538 2889 2²
1562 2869 1669 2904 IDEM
1694 2870 1784 2904 libro
1809 2871 1935 2915 quinto
1960 2870 2095 2904 decimo
2119 2878 2373 2919 responsorum

1290 2913 1371 2948 Vim
1394 2924 1538 2959 passam
1560 2914 1745 2949 mulierem
1774 2915 1950 2950 sententia
1972 2913 2147 2959 praesidis
2171 2921 2373 2965 provinciae

1290 2959 1558 2994 continebatur:
1599 2959 1635 2994 iii
1666 2959 1779 3004 legem
1810 2960 1975 2994 Iuliam²³
2011 2960 2054 2994 de
2090 2958 2271 2993 adulteriis
2302 2966 2373 2991 non

1290 3004 1508 3039 commisisse
1527 3005 1706 3049 respondi,
1733 3005 1817 3041 licet
1833 3005 1998 3040 iniuriam
2019 3015 2118 3040 suam
2138 3001 2373 3055 protegendae

1287 3049 1482 3094 pudicitiae
1501 3060 1612 3085 causa
1624 3050 1810 3085 confestim
1823 3050 1950 3085 marito
1964 3050 2160 3085 renuntiari
2180 3047 2370 3099 prohibuit.

1291 3097 1306 3129 1
1356 3094 1480 3139 Nupta
1504 3104 1644 3139 quoque
1668 3095 1826 3138 muliere,
1851 3096 1991 3131 tametsi
2014 3092 2177 3129 lenocinii
2201 3103 2252 3126 vir
2274 3101 2372 3136 prior

1288 3150 1361 3175 non
1393 3140 1612 3184 postuletur,
1655 3140 1820 3175 adulterii
1853 3141 1984 3175 crimen
2017 3143 2141 3174 contra
2173 3137 2371 3190 adulterum

1288 3187 1308 3219 2
1355 3184 1401 3219 ab
1427 3185 1580 3219 extrario
1604 3186 1737 3230 poterit
1754 3185 1889 3221 inferri.
1924 3186 1966 3220 In
1986 3185 2210 3219 matrimomo
2231 3191 2370 3233 quoque

1288 3229 1458 3264 defuncta
1481 3240 1592 3265 uxore
1615 3230 1668 3265 vir
1690 3230 1768 3266 iure
1792 3230 1988 3266 adulterum
2009 3230 2101 3263 inter
2119 3238 2199 3263 reos
2208 3228 2236 3247 2⁴
2261 3236 2371 3270 recipi

1288 3277 1308 3309 3
1355 3275 1527 3319 postulat.
1583 3274 1724 3319 Nupta,
1763 3276 1970 3320 priusquam
2001 3274 2140 3309 adulter
2171 3272 2369 3323 damnetur,

1288 3319 1453 3355 adulterii
1476 3330 1549 3355 non
1571 3321 1786 3365 postulatur,
1812 3321 1842 3355 si
1866 3320 2008 3364 nuptias
2033 3318 2253 3369 denuntiatio
2264 3317 2293 3338 ²⁵
2316 3315 2369 3350 vel

1288 3368 1309 3399 4
1356 3365 1403 3399 ad
1432 3364 1574 3400 domum
1605 3366 1762 3401 mulieris
1793 3366 1901 3400 missa
1931 3375 2002 3399 non
2034 3366 2239 3414 praecessit.
2287 3360 2367 3411 Mu—

1287 3409 1408 3444 lierem
1432 3411 1477 3446 ob
1507 3411 1686 3446 latronum
1717 3411 1923 3447 societatem
1955 3409 2100 3444 exulare
2124 3416 2257 3443 iussam
2281 3409 2369 3440 citra

1286 3524 1344 3567 (15)
1370 3524 1609 3558 contaminatio
1621 3538 1682 3559 scr.
1766 3524 1824 3565 (16)
1850 3525 2054 3556 concurrunt
2068 3523 2113 3554 F:
2138 3523 2172 3553 at
2187 3520 2292 3562 magis
2307 3531 2367 3562 pu-

1286 3572 1394 3601 tamus
1417 3570 1473 3602 hie
1497 3580 1629 3612 quoque
1653 3569 1787 3602 mulieri
1810 3569 1894 3600 iuris
1918 3578 2061 3600 errorem
2080 3566 2231 3609 prodesse
2252 3565 2368 3597 debere

1285 3615 1443 3648 similiave
1461 3616 1523 3648 ins.
1634 3616 1692 3656 (17)
1715 3616 1853 3656 gentum
1868 3614 1902 3645 F
2009 3614 2067 3652 (18)
2093 3611 2241 3644 excusari
2261 3609 2368 3642 solent

1285 3660 1443 3693 similiave
1463 3662 1522 3693 ins.
1615 3661 1676 3702 (19)
1699 3658 1864 3701 allegatur
1888 3658 1937 3693 F²
2030 3660 2093 3696 (2ο)
2117 3656 2222 3698 magis
2240 3657 2299 3688 ins.
2314 3654 2367 3687 F²

1287 3706 1345 3746 (21)
1369 3705 1623 3748 promittiturF
1722 3703 1785 3746 (22)
1811 3705 1857 3736 ad
1876 3708 1892 3743 §
1908 3711 1923 3736 6
1945 3704 1986 3745 cf.
2000 3702 2044 3734 D.
2059 3703 2115 3743 48,
2134 3708 2178 3742 16,
2198 3709 2220 3742 1,
2243 3708 2295 3738 103
2322 3701 2368 3732 ad

1289 3754 1304 3788 ξ
1321 3756 1336 3783 ’1
1351 3749 1370 3783 l.
1387 3757 1402 3783 8
1417 3751 1446 3783 Ιι.
1462 3758 1481 3783 τ.
1572 3750 1634 3791 (23)
1657 3747 1730 3790 lege
1742 3747 1827 3780 iulia
1842 3749 1873 3780 F
1960 3750 2019 3786 (24)
2046 3757 2099 3779 eos
2112 3747 2144 3779 F
2227 3749 2290 3787 (25)
2315 3745 2366 3778 vel

1285 3795 1327 3826 ad
1340 3795 1483 3828 iudicem
1496 3796 1654 3829 similiave
1669 3795 1729 3826 ins.
