<?xml version="1.0" encoding="UTF-8"?>
<!DOCTYPE html PUBLIC "-//W3C//DTD XHTML 1.0 Transitional//EN"
    "http://www.w3.org/TR/xhtml1/DTD/xhtml1-transitional.dtd">
<html xmlns="http://www.w3.org/1999/xhtml" xml:lang="en" lang="en">
 <head>
  <title>
</title>
<meta http-equiv="Content-Type" content="text/html;charset=utf-8" />
  <meta name='ocr-system' content='tesseract 3.04.00' />
  <meta name='ocr-capabilities' content='ocr_page ocr_carea ocr_par ocr_line ocrx_word'/>
</head>
<body>
  <div class='ocr_page' id='page_1' title='image "./corpusjuriscivil01krueuoft_0961.png"; bbox 0 0 2528 3918; ppageno 0'>
   <div class='ocr_carea' id='block_1_1' title="bbox 138 122 628 160">
    <p class='ocr_par' dir='ltr' id='par_1_1' title="bbox 138 122 628 160">
     <span class='ocr_line' id='line_1_1' title="bbox 138 122 628 160; baseline 0 -1"><span class='ocrx_word' id='word_1_1' title='bbox 138 122 195 159; x_wconf 78' lang='lat' dir='ltr'>DE</span> <span class='ocrx_word' id='word_1_2' title='bbox 226 127 344 160; x_wconf 78' lang='lat' dir='ltr'>ALBO</span> <span class='ocrx_word' id='word_1_3' title='bbox 375 127 628 160; x_wconf 81' lang='lat' dir='ltr'>SCRIBENDO</span> 
     </span>
    </p>
   </div>
   <div class='ocr_carea' id='block_1_2' title="bbox 129 238 1221 2010">
    <p class='ocr_par' dir='ltr' id='par_1_2' title="bbox 132 238 1221 512">
     <span class='ocr_line' id='line_1_2' title="bbox 135 238 1218 286; baseline -0.002 -10"><span class='ocrx_word' id='word_1_4' title='bbox 135 239 202 276; x_wconf 89' lang='lat' dir='ltr'>nisi</span> <span class='ocrx_word' id='word_1_5' title='bbox 234 250 278 276; x_wconf 87' lang='lat' dir='ltr'>ex</span> <span class='ocrx_word' id='word_1_6' title='bbox 302 250 412 277; x_wconf 89' lang='lat' dir='ltr'>causa</span> <span class='ocrx_word' id='word_1_7' title='bbox 435 242 602 286; x_wconf 81' lang='lat' dir='ltr'><strong>possunt,</strong></span> <span class='ocrx_word' id='word_1_8' title='bbox 635 249 750 285; x_wconf 86' lang='lat' dir='ltr'>neque</span> <span class='ocrx_word' id='word_1_9' title='bbox 773 238 829 282; x_wconf 92' lang='lat' dir='ltr'>hi,</span> <span class='ocrx_word' id='word_1_10' title='bbox 862 239 922 285; x_wconf 91' lang='lat' dir='ltr'>qui</span> <span class='ocrx_word' id='word_1_11' title='bbox 953 249 1087 275; x_wconf 90' lang='lat' dir='ltr'>annum</span> <span class='ocrx_word' id='word_1_12' title='bbox 1117 238 1218 284; x_wconf 89' lang='lat' dir='ltr'>quin-</span> 
     </span>
     <span class='ocr_line' id='line_1_3' title="bbox 135 285 1220 331; baseline -0.002 -9"><span class='ocrx_word' id='word_1_13' title='bbox 135 285 403 331; x_wconf 85' lang='lat' dir='ltr'>quagensimum</span> <span class='ocrx_word' id='word_1_14' title='bbox 426 290 462 322; x_wconf 92' lang='lat' dir='ltr'>et</span> <span class='ocrx_word' id='word_1_15' title='bbox 485 286 647 331; x_wconf 89' lang='lat' dir='ltr'>quintum</span> <span class='ocrx_word' id='word_1_16' title='bbox 670 288 911 321; x_wconf 87' lang='lat' dir='ltr'>excesserunt.</span> <span class='ocrx_word' id='word_1_17' title='bbox 953 294 1220 330; x_wconf 81' lang='lat' dir='ltr'><strong>nonnumquam</strong></span> 
     </span>
     <span class='ocr_line' id='line_1_4' title="bbox 134 330 1219 377; baseline -0.001 -11"><span class='ocrx_word' id='word_1_18' title='bbox 134 331 240 366; x_wconf 86' lang='lat' dir='ltr'>etiam</span> <span class='ocrx_word' id='word_1_19' title='bbox 278 331 386 377; x_wconf 89' lang='lat' dir='ltr'>longa</span> <span class='ocrx_word' id='word_1_20' title='bbox 416 330 636 367; x_wconf 89' lang='lat' dir='ltr'>consuetudo</span> <span class='ocrx_word' id='word_1_21' title='bbox 671 330 710 365; x_wconf 90' lang='lat' dir='ltr'>in</span> <span class='ocrx_word' id='word_1_22' title='bbox 740 340 784 365; x_wconf 91' lang='lat' dir='ltr'>ea</span> <span class='ocrx_word' id='word_1_23' title='bbox 814 340 854 366; x_wconf 93' lang='lat' dir='ltr'>re</span> <span class='ocrx_word' id='word_1_24' title='bbox 886 330 1076 366; x_wconf 88' lang='lat' dir='ltr'>observata</span> <span class='ocrx_word' id='word_1_25' title='bbox 1105 330 1219 376; x_wconf 90' lang='lat' dir='ltr'>respi-</span> 
     </span>
     <span class='ocr_line' id='line_1_5' title="bbox 135 375 1221 421; baseline -0.002 -9"><span class='ocrx_word' id='word_1_26' title='bbox 135 375 261 412; x_wconf 87' lang='lat' dir='ltr'>cienda</span> <span class='ocrx_word' id='word_1_27' title='bbox 278 376 358 413; x_wconf 89' lang='lat' dir='ltr'>erit.</span> <span class='ocrx_word' id='word_1_28' title='bbox 413 376 484 412; x_wconf 92' lang='lat' dir='ltr'>uod</span> <span class='ocrx_word' id='word_1_29' title='bbox 501 376 606 411; x_wconf 90' lang='lat' dir='ltr'>etiam</span> <span class='ocrx_word' id='word_1_30' title='bbox 616 375 894 411; x_wconf 83' lang='lat' dir='ltr'>custodiendum</span> <span class='ocrx_word' id='word_1_31' title='bbox 910 375 1089 421; x_wconf 84' lang='lat' dir='ltr'>principes</span> <span class='ocrx_word' id='word_1_32' title='bbox 1106 375 1221 411; x_wconf 90' lang='lat' dir='ltr'>nostri</span> 
     </span>
     <span class='ocr_line' id='line_1_6' title="bbox 134 420 1219 467; baseline -0.001 -10"><span class='ocrx_word' id='word_1_33' title='bbox 134 422 289 457; x_wconf 89' lang='lat' dir='ltr'>consulti</span> <span class='ocrx_word' id='word_1_34' title='bbox 313 421 356 458; x_wconf 88' lang='lat' dir='ltr'>de</span> <span class='ocrx_word' id='word_1_35' title='bbox 376 432 398 457; x_wconf 88' lang='lat' dir='ltr'>a</span> <span class='ocrx_word' id='word_1_36' title='bbox 427 421 569 467; x_wconf 88' lang='lat' dir='ltr'>egendis</span> <span class='ocrx_word' id='word_1_37' title='bbox 589 421 626 455; x_wconf 92' lang='lat' dir='ltr'>in</span> <span class='ocrx_word' id='word_1_38' title='bbox 644 420 768 456; x_wconf 89' lang='lat' dir='ltr'>ordine</span> <span class='ocrx_word' id='word_1_39' title='bbox 783 420 1094 456; x_wconf 84' lang='lat' dir='ltr'>Nicomedensium</span> <span class='ocrx_word' id='word_1_40' title='bbox 1114 421 1219 456; x_wconf 88' lang='lat' dir='ltr'>huius</span> 
     </span>
     <span class='ocr_line' id='line_1_7' title="bbox 132 466 784 512; baseline -0.002 -10"><span class='ocrx_word' id='word_1_41' title='bbox 132 467 260 503; x_wconf 88' lang='lat' dir='ltr'>aetatis</span> <span class='ocrx_word' id='word_1_42' title='bbox 285 467 486 503; x_wconf 88' lang='lat' dir='ltr'>hominibus</span> <span class='ocrx_word' id='word_1_43' title='bbox 511 466 784 512; x_wconf 84' lang='lat' dir='ltr'>rescripserunt.</span> 
     </span>
    </p>

    <p class='ocr_par' dir='ltr' id='par_1_3' title="bbox 131 510 1221 1182">
     <span class='ocr_line' id='line_1_8' title="bbox 182 510 1219 558; baseline -0.003 -9"><span class='ocrx_word' id='word_1_44' title='bbox 182 510 232 549; x_wconf 83' lang='lat'>12</span> <span class='ocrx_word' id='word_1_45' title='bbox 257 512 365 548; x_wconf 70' lang='lat' dir='ltr'><em>IDEM</em></span> <span class='ocrx_word' id='word_1_46' title='bbox 383 513 475 548; x_wconf 86' lang='lat' dir='ltr'>libro</span> <span class='ocrx_word' id='word_1_47' title='bbox 498 515 603 548; x_wconf 78' lang='lat' dir='ltr'>sexto</span> <span class='ocrx_word' id='word_1_48' title='bbox 628 512 872 558; x_wconf 77' lang='lat' dir='ltr'>coqnitionum</span> <span class='ocrx_word' id='word_1_49' title='bbox 919 510 1006 552; x_wconf 85' lang='lat' dir='ltr'>Eos,</span> <span class='ocrx_word' id='word_1_50' title='bbox 1055 511 1093 546; x_wconf 92' lang='lat' dir='ltr'>ui</span> <span class='ocrx_word' id='word_1_51' title='bbox 1117 515 1219 547; x_wconf 90' lang='lat' dir='ltr'>uten-</span> 
     </span>
     <span class='ocr_line' id='line_1_9' title="bbox 134 556 1219 603; baseline -0.001 -10"><span class='ocrx_word' id='word_1_52' title='bbox 134 557 214 593; x_wconf 88' lang='lat' dir='ltr'>silia</span> <span class='ocrx_word' id='word_1_53' title='bbox 238 558 464 603; x_wconf 75' lang='lat' dir='ltr'>negotiantur</span> <span class='ocrx_word' id='word_1_54' title='bbox 488 561 524 592; x_wconf 92' lang='lat' dir='ltr'>et</span> <span class='ocrx_word' id='word_1_55' title='bbox 546 557 722 599; x_wconf 81' lang='lat' dir='ltr'>vendunt,</span> <span class='ocrx_word' id='word_1_56' title='bbox 754 557 838 592; x_wconf 91' lang='lat' dir='ltr'>licet</span> <span class='ocrx_word' id='word_1_57' title='bbox 869 556 915 592; x_wconf 94' lang='lat' dir='ltr'>ab</span> <span class='ocrx_word' id='word_1_58' title='bbox 940 556 1044 591; x_wconf 86' lang='lat' dir='ltr'>aedili</span> <span class='ocrx_word' id='word_1_59' title='bbox 1071 567 1114 592; x_wconf 90' lang='lat' dir='ltr'>us</span> <span class='ocrx_word' id='word_1_60' title='bbox 1139 567 1219 592; x_wconf 89' lang='lat' dir='ltr'>cae-</span> 
     </span>
     <span class='ocr_line' id='line_1_10' title="bbox 135 602 1218 648; baseline -0.001 -10"><span class='ocrx_word' id='word_1_61' title='bbox 135 602 288 646; x_wconf 89' lang='lat' dir='ltr'>duntur,</span> <span class='ocrx_word' id='word_1_62' title='bbox 325 613 397 639; x_wconf 91' lang='lat' dir='ltr'>non</span> <span class='ocrx_word' id='word_1_63' title='bbox 429 606 571 648; x_wconf 88' lang='lat' dir='ltr'>oportet</span> <span class='ocrx_word' id='word_1_64' title='bbox 608 602 711 646; x_wconf 86' lang='lat' dir='ltr'>quasi</span> <span class='ocrx_word' id='word_1_65' title='bbox 746 602 831 637; x_wconf 89' lang='lat' dir='ltr'>viles</span> <span class='ocrx_word' id='word_1_66' title='bbox 865 611 1038 646; x_wconf 80' lang='lat' dir='ltr'>personas</span> <span class='ocrx_word' id='word_1_67' title='bbox 1071 602 1218 647; x_wconf 86' lang='lat' dir='ltr'>neglegi.</span> 
     </span>
     <span class='ocr_line' id='line_1_11' title="bbox 135 646 1219 694; baseline -0.002 -10"><span class='ocrx_word' id='word_1_68' title='bbox 135 648 284 693; x_wconf 88' lang='lat' dir='ltr'>denique</span> <span class='ocrx_word' id='word_1_69' title='bbox 312 659 385 684; x_wconf 90' lang='lat' dir='ltr'>non</span> <span class='ocrx_word' id='word_1_70' title='bbox 416 651 501 684; x_wconf 90' lang='lat' dir='ltr'>sunt</span> <span class='ocrx_word' id='word_1_71' title='bbox 531 647 703 694; x_wconf 87' lang='lat' dir='ltr'>prohibiti</span> <span class='ocrx_word' id='word_1_72' title='bbox 733 646 937 682; x_wconf 90' lang='lat' dir='ltr'>huiusmodi</span> <span class='ocrx_word' id='word_1_73' title='bbox 967 647 1127 683; x_wconf 92' lang='lat' dir='ltr'>homines</span> <span class='ocrx_word' id='word_1_74' title='bbox 1158 647 1219 682; x_wconf 91' lang='lat' dir='ltr'>de-</span> 
     </span>
     <span class='ocr_line' id='line_1_12' title="bbox 135 692 1220 739; baseline -0.002 -10"><span class='ocrx_word' id='word_1_75' title='bbox 135 693 359 730; x_wconf 88' lang='lat' dir='ltr'>curionatum</span> <span class='ocrx_word' id='word_1_76' title='bbox 390 693 445 729; x_wconf 87' lang='lat' dir='ltr'>vel</span> <span class='ocrx_word' id='word_1_77' title='bbox 476 693 629 739; x_wconf 82' lang='lat' dir='ltr'>aliquem</span> <span class='ocrx_word' id='word_1_78' title='bbox 658 693 829 728; x_wconf 92' lang='lat' dir='ltr'>honorem</span> <span class='ocrx_word' id='word_1_79' title='bbox 860 692 898 727; x_wconf 92' lang='lat' dir='ltr'>in</span> <span class='ocrx_word' id='word_1_80' title='bbox 926 702 992 727; x_wconf 88' lang='lat' dir='ltr'>sua</span> <span class='ocrx_word' id='word_1_81' title='bbox 1017 693 1134 738; x_wconf 89' lang='lat' dir='ltr'>patria</span> <span class='ocrx_word' id='word_1_82' title='bbox 1156 703 1220 738; x_wconf 93' lang='lat' dir='ltr'>pe-</span> 
     </span>
     <span class='ocr_line' id='line_1_13' title="bbox 134 737 1219 775; baseline -0.001 -1"><span class='ocrx_word' id='word_1_83' title='bbox 134 742 227 775; x_wconf 70' lang='lat' dir='ltr'>teret</span> <span class='ocrx_word' id='word_1_84' title='bbox 249 749 315 775; x_wconf 91' lang='lat' dir='ltr'>nec</span> <span class='ocrx_word' id='word_1_85' title='bbox 339 739 432 774; x_wconf 90' lang='lat' dir='ltr'>enim</span> <span class='ocrx_word' id='word_1_86' title='bbox 456 738 606 775; x_wconf 83' lang='lat' dir='ltr'>infames</span> <span class='ocrx_word' id='word_1_87' title='bbox 631 741 724 774; x_wconf 88' lang='lat' dir='ltr'>sunt.</span> <span class='ocrx_word' id='word_1_88' title='bbox 773 737 837 773; x_wconf 90' lang='lat' dir='ltr'>sed</span> <span class='ocrx_word' id='word_1_89' title='bbox 860 747 906 773; x_wconf 93' lang='lat' dir='ltr'>ne</span> <span class='ocrx_word' id='word_1_90' title='bbox 953 737 1071 774; x_wconf 91' lang='lat' dir='ltr'>uidem</span> <span class='ocrx_word' id='word_1_91' title='bbox 1095 748 1219 773; x_wconf 89' lang='lat' dir='ltr'>arcen-</span> 
     </span>
     <span class='ocr_line' id='line_1_14' title="bbox 134 782 1218 830; baseline -0.002 -10"><span class='ocrx_word' id='word_1_92' title='bbox 134 788 194 819; x_wconf 86' lang='lat' dir='ltr'>tur</span> <span class='ocrx_word' id='word_1_93' title='bbox 216 784 429 828; x_wconf 88' lang='lat' dir='ltr'>honoribus,</span> <span class='ocrx_word' id='word_1_94' title='bbox 464 784 526 830; x_wconf 87' lang='lat' dir='ltr'>qui</span> <span class='ocrx_word' id='word_1_95' title='bbox 556 785 601 819; x_wconf 92' lang='lat' dir='ltr'>ab</span> <span class='ocrx_word' id='word_1_96' title='bbox 633 783 806 819; x_wconf 90' lang='lat' dir='ltr'>aedilibus</span> <span class='ocrx_word' id='word_1_97' title='bbox 830 782 934 827; x_wconf 85' lang='lat' dir='ltr'>flagel</span> <span class='ocrx_word' id='word_1_98' title='bbox 949 783 979 818; x_wconf 92' lang='lat' dir='ltr'>is</span> <span class='ocrx_word' id='word_1_99' title='bbox 1005 783 1101 819; x_wconf 90' lang='lat' dir='ltr'>caesi</span> <span class='ocrx_word' id='word_1_100' title='bbox 1125 787 1218 826; x_wconf 90' lang='lat' dir='ltr'>sunt,</span> 
     </span>
     <span class='ocr_line' id='line_1_15' title="bbox 134 827 1219 875; baseline -0.002 -9"><span class='ocrx_word' id='word_1_101' title='bbox 134 839 347 875; x_wconf 82' lang='lat' dir='ltr'>quamquain</span> <span class='ocrx_word' id='word_1_102' title='bbox 370 830 448 865; x_wconf 89' lang='lat' dir='ltr'>iure</span> <span class='ocrx_word' id='word_1_103' title='bbox 472 840 538 865; x_wconf 91' lang='lat' dir='ltr'>suo</span> <span class='ocrx_word' id='word_1_104' title='bbox 561 829 614 864; x_wconf 91' lang='lat' dir='ltr'>ita</span> <span class='ocrx_word' id='word_1_105' title='bbox 637 828 770 864; x_wconf 81' lang='lat' dir='ltr'>aediles</span> <span class='ocrx_word' id='word_1_106' title='bbox 789 827 907 864; x_wconf 88' lang='lat' dir='ltr'>officio</span> <span class='ocrx_word' id='word_1_107' title='bbox 925 828 995 864; x_wconf 89' lang='lat' dir='ltr'>isto</span> <span class='ocrx_word' id='word_1_108' title='bbox 1013 829 1219 874; x_wconf 87' lang='lat' dir='ltr'>fungantur.</span> 
     </span>
     <span class='ocr_line' id='line_1_16' title="bbox 132 873 1220 920; baseline 0 -10"><span class='ocrx_word' id='word_1_109' title='bbox 132 875 360 911; x_wconf 90' lang='lat' dir='ltr'>inhonestum</span> <span class='ocrx_word' id='word_1_110' title='bbox 398 879 519 911; x_wconf 91' lang='lat' dir='ltr'>tamen</span> <span class='ocrx_word' id='word_1_111' title='bbox 557 877 645 920; x_wconf 86' lang='lat' dir='ltr'>puto</span> <span class='ocrx_word' id='word_1_112' title='bbox 686 883 765 909; x_wconf 89' lang='lat' dir='ltr'>esse</span> <span class='ocrx_word' id='word_1_113' title='bbox 805 873 1009 909; x_wconf 88' lang='lat' dir='ltr'>huiusmodi</span> <span class='ocrx_word' id='word_1_114' title='bbox 1047 884 1220 919; x_wconf 85' lang='lat' dir='ltr'>personas</span> 
     </span>
     <span class='ocr_line' id='line_1_17' title="bbox 132 918 1221 965; baseline -0.001 -10"><span class='ocrx_word' id='word_1_115' title='bbox 132 919 354 965; x_wconf 85' lang='lat' dir='ltr'>flagellorum</span> <span class='ocrx_word' id='word_1_116' title='bbox 384 920 515 956; x_wconf 92' lang='lat' dir='ltr'>ictibus</span> <span class='ocrx_word' id='word_1_117' title='bbox 547 920 728 956; x_wconf 87' lang='lat' dir='ltr'>subiectas</span> <span class='ocrx_word' id='word_1_118' title='bbox 759 918 797 954; x_wconf 91' lang='lat' dir='ltr'>in</span> <span class='ocrx_word' id='word_1_119' title='bbox 829 919 990 955; x_wconf 89' lang='lat' dir='ltr'>ordinem</span> <span class='ocrx_word' id='word_1_120' title='bbox 1022 920 1152 965; x_wconf 87' lang='lat' dir='ltr'>recipi,</span> <span class='ocrx_word' id='word_1_121' title='bbox 1186 923 1221 955; x_wconf 92' lang='lat' dir='ltr'>et</span> 
     </span>
     <span class='ocr_line' id='line_1_18' title="bbox 133 964 1220 1010; baseline 0.001 -10"><span class='ocrx_word' id='word_1_122' title='bbox 133 966 284 1001; x_wconf 81' lang='lat' dir='ltr'>maxime</span> <span class='ocrx_word' id='word_1_123' title='bbox 306 965 345 1001; x_wconf 91' lang='lat' dir='ltr'>in</span> <span class='ocrx_word' id='word_1_124' title='bbox 368 966 418 1002; x_wconf 90' lang='lat' dir='ltr'>eis</span> <span class='ocrx_word' id='word_1_125' title='bbox 443 965 662 1008; x_wconf 88' lang='lat' dir='ltr'>civitatibus,</span> <span class='ocrx_word' id='word_1_126' title='bbox 696 974 787 1010; x_wconf 87' lang='lat' dir='ltr'>quae</span> <span class='ocrx_word' id='word_1_127' title='bbox 813 964 952 1010; x_wconf 89' lang='lat' dir='ltr'>copiam</span> <span class='ocrx_word' id='word_1_128' title='bbox 975 965 1132 1000; x_wconf 87' lang='lat' dir='ltr'>virorum</span> <span class='ocrx_word' id='word_1_129' title='bbox 1155 965 1220 1001; x_wconf 91' lang='lat' dir='ltr'>ho-</span> 
     </span>
     <span class='ocr_line' id='line_1_19' title="bbox 134 1010 1219 1056; baseline -0.001 -9"><span class='ocrx_word' id='word_1_130' title='bbox 134 1015 314 1047; x_wconf 89' lang='lat' dir='ltr'>nestorum</span> <span class='ocrx_word' id='word_1_131' title='bbox 339 1011 514 1047; x_wconf 78' lang='lat' dir='ltr'>habeant-z</span> <span class='ocrx_word' id='word_1_132' title='bbox 547 1021 631 1046; x_wconf 89' lang='lat' dir='ltr'>nam</span> <span class='ocrx_word' id='word_1_133' title='bbox 654 1010 819 1056; x_wconf 83' lang='lat' dir='ltr'>paucitas</span> <span class='ocrx_word' id='word_1_134' title='bbox 844 1020 987 1053; x_wconf 90' lang='lat' dir='ltr'>eorum,</span> <span class='ocrx_word' id='word_1_135' title='bbox 1013 1010 1074 1055; x_wconf 89' lang='lat' dir='ltr'>qui</span> <span class='ocrx_word' id='word_1_136' title='bbox 1097 1021 1219 1046; x_wconf 89' lang='lat' dir='ltr'>mune-</span> 
     </span>
     <span class='ocr_line' id='line_1_20' title="bbox 132 1055 1220 1102; baseline 0 -10"><span class='ocrx_word' id='word_1_137' title='bbox 132 1057 232 1092; x_wconf 86' lang='lat' dir='ltr'>ribus</span> <span class='ocrx_word' id='word_1_138' title='bbox 255 1056 409 1102; x_wconf 90' lang='lat' dir='ltr'>publicis</span> <span class='ocrx_word' id='word_1_139' title='bbox 431 1055 533 1101; x_wconf 71' lang='lat' dir='ltr'>fungi</span> <span class='ocrx_word' id='word_1_140' title='bbox 556 1056 728 1098; x_wconf 87' lang='lat' dir='ltr'>debeant,</span> <span class='ocrx_word' id='word_1_141' title='bbox 760 1055 986 1091; x_wconf 88' lang='lat' dir='ltr'>necessaria¹</span> <span class='ocrx_word' id='word_1_142' title='bbox 1020 1056 1126 1091; x_wconf 89' lang='lat' dir='ltr'>etiam</span> <span class='ocrx_word' id='word_1_143' title='bbox 1154 1057 1220 1092; x_wconf 91' lang='lat' dir='ltr'>hos</span> 
     </span>
     <span class='ocr_line' id='line_1_21' title="bbox 133 1100 1219 1168; baseline -0.001 -31"><span class='ocrx_word' id='word_1_144' title='bbox 133 1101 180 1137; x_wconf 90' lang='lat' dir='ltr'>ad</span> <span class='ocrx_word' id='word_1_145' title='bbox 211 1101 418 1168; x_wconf 66' lang='lat' dir='ltr'>dig2nitatem</span> <span class='ocrx_word' id='word_1_146' title='bbox 449 1101 718 1147; x_wconf 89' lang='lat' dir='ltr'>municipalem,</span> <span class='ocrx_word' id='word_1_147' title='bbox 757 1101 788 1137; x_wconf 93' lang='lat' dir='ltr'>si</span> <span class='ocrx_word' id='word_1_148' title='bbox 822 1100 1015 1137; x_wconf 83' lang='lat' dir='ltr'>facultates</span> <span class='ocrx_word' id='word_1_149' title='bbox 1051 1101 1219 1143; x_wconf 84' lang='lat' dir='ltr'>habeant,</span> 
     </span>
     <span class='ocr_line' id='line_1_22' title="bbox 131 1147 292 1182; baseline 0 0"><span class='ocrx_word' id='word_1_150' title='bbox 131 1147 258 1182; x_wconf 87' lang='lat' dir='ltr'>invitat</span> <span class='ocrx_word' id='word_1_151' title='bbox 283 1175 292 1182; x_wconf 91' lang='lat'>.</span> 
     </span>
    </p>

    <p class='ocr_par' dir='ltr' id='par_1_4' title="bbox 130 1190 1221 1779">
     <span class='ocr_line' id='line_1_23' title="bbox 182 1190 1221 1230; baseline -0.003 -1"><span class='ocrx_word' id='word_1_152' title='bbox 182 1190 231 1230; x_wconf 86' lang='lat'>13</span> <span class='ocrx_word' id='word_1_153' title='bbox 258 1192 451 1229; x_wconf 53' lang='lat' dir='ltr'>Papmws</span> <span class='ocrx_word' id='word_1_154' title='bbox 471 1192 613 1228; x_wconf 77' lang='lat' dir='ltr'>Ivsws</span> <span class='ocrx_word' id='word_1_155' title='bbox 633 1191 724 1228; x_wconf 85' lang='lat' dir='ltr'>libro</span> <span class='ocrx_word' id='word_1_156' title='bbox 748 1191 907 1228; x_wconf 84' lang='lat' dir='ltr'>secundo</span> <span class='ocrx_word' id='word_1_157' title='bbox 932 1191 976 1227; x_wconf 84' lang='lat' dir='ltr'>de</span> <span class='ocrx_word' id='word_1_158' title='bbox 998 1192 1221 1227; x_wconf 81' lang='lat' dir='ltr'>constitutio-</span> 
     </span>
     <span class='ocr_line' id='line_1_24' title="bbox 132 1237 1220 1283; baseline 0 -11"><span class='ocrx_word' id='word_1_159' title='bbox 132 1238 237 1274; x_wconf 84' lang='lat' dir='ltr'>nibus</span> <span class='ocrx_word' id='word_1_160' title='bbox 289 1238 526 1283; x_wconf 84' lang='lat' dir='ltr'>Imperatores</span> <span class='ocrx_word' id='word_1_161' title='bbox 549 1237 754 1273; x_wconf 89' lang='lat' dir='ltr'>Antoninus</span> <span class='ocrx_word' id='word_1_162' title='bbox 779 1240 815 1272; x_wconf 89' lang='lat' dir='ltr'>et</span> <span class='ocrx_word' id='word_1_163' title='bbox 837 1237 953 1273; x_wconf 88' lang='lat' dir='ltr'>Verus</span> <span class='ocrx_word' id='word_1_164' title='bbox 978 1237 1132 1282; x_wconf 87' lang='lat' dir='ltr'>Augusti</span> <span class='ocrx_word' id='word_1_165' title='bbox 1163 1247 1220 1272; x_wconf 91' lang='lat' dir='ltr'>re-</span> 
     </span>
     <span class='ocr_line' id='line_1_25' title="bbox 132 1282 1221 1329; baseline 0 -11"><span class='ocrx_word' id='word_1_166' title='bbox 132 1283 353 1329; x_wconf 83' lang='lat' dir='ltr'>scripserunt</span> <span class='ocrx_word' id='word_1_167' title='bbox 370 1283 409 1318; x_wconf 93' lang='lat' dir='ltr'>in</span> <span class='ocrx_word' id='word_1_168' title='bbox 424 1286 564 1328; x_wconf 90' lang='lat' dir='ltr'>tempus</span> <span class='ocrx_word' id='word_1_169' title='bbox 579 1283 755 1328; x_wconf 90' lang='lat' dir='ltr'>relegatos</span> <span class='ocrx_word' id='word_1_170' title='bbox 776 1286 811 1317; x_wconf 92' lang='lat' dir='ltr'>et</span> <span class='ocrx_word' id='word_1_171' title='bbox 828 1292 990 1318; x_wconf 90' lang='lat' dir='ltr'>reversos</span> <span class='ocrx_word' id='word_1_172' title='bbox 1008 1282 1046 1317; x_wconf 90' lang='lat' dir='ltr'>in</span> <span class='ocrx_word' id='word_1_173' title='bbox 1062 1282 1221 1318; x_wconf 89' lang='lat' dir='ltr'>ordinem</span> 
     </span>
     <span class='ocr_line' id='line_1_26' title="bbox 138 1327 1221 1375; baseline 0 -12"><span class='ocrx_word' id='word_1_174' title='bbox 138 1331 150 1363; x_wconf 86' lang='lat'>1</span> <span class='ocrx_word' id='word_1_175' title='bbox 200 1329 303 1374; x_wconf 78' lang='lat' dir='ltr'>allegi</span> <span class='ocrx_word' id='word_1_176' title='bbox 333 1329 409 1365; x_wconf 88' lang='lat' dir='ltr'>sine</span> <span class='ocrx_word' id='word_1_177' title='bbox 438 1328 614 1375; x_wconf 88' lang='lat' dir='ltr'>permissu</span> <span class='ocrx_word' id='word_1_178' title='bbox 649 1327 925 1374; x_wconf 89' lang='lat' dir='ltr'>principis-non</span> <span class='ocrx_word' id='word_1_179' title='bbox 956 1338 1073 1373; x_wconf 87' lang='lat' dir='ltr'>posse.</span> <span class='ocrx_word' id='word_1_180' title='bbox 1130 1327 1221 1364; x_wconf 90' lang='lat' dir='ltr'>Item</span> 
     </span>
     <span class='ocr_line' id='line_1_27' title="bbox 131 1373 1221 1420; baseline 0.001 -12"><span class='ocrx_word' id='word_1_181' title='bbox 131 1374 394 1420; x_wconf 85' lang='lat' dir='ltr'>rescripserunt</span> <span class='ocrx_word' id='word_1_182' title='bbox 424 1374 600 1419; x_wconf 88' lang='lat' dir='ltr'>relegatos</span> <span class='ocrx_word' id='word_1_183' title='bbox 634 1383 706 1409; x_wconf 91' lang='lat' dir='ltr'>non</span> <span class='ocrx_word' id='word_1_184' title='bbox 736 1383 844 1418; x_wconf 89' lang='lat' dir='ltr'>posse</span> <span class='ocrx_word' id='word_1_185' title='bbox 873 1376 1036 1419; x_wconf 90' lang='lat' dir='ltr'>tempore</span> <span class='ocrx_word' id='word_1_186' title='bbox 1059 1373 1160 1409; x_wconf 89' lang='lat' dir='ltr'>finito</span> <span class='ocrx_word' id='word_1_187' title='bbox 1183 1374 1221 1409; x_wconf 92' lang='lat' dir='ltr'>in</span> 
     </span>
     <span class='ocr_line' id='line_1_28' title="bbox 132 1418 1218 1464; baseline 0 -10"><span class='ocrx_word' id='word_1_188' title='bbox 132 1418 291 1455; x_wconf 89' lang='lat' dir='ltr'>ordinem</span> <span class='ocrx_word' id='word_1_189' title='bbox 315 1419 549 1455; x_wconf 90' lang='lat' dir='ltr'>decurionum</span> <span class='ocrx_word' id='word_1_190' title='bbox 572 1419 694 1464; x_wconf 81' lang='lat' dir='ltr'>allegi,</span> <span class='ocrx_word' id='word_1_191' title='bbox 726 1418 795 1454; x_wconf 88' lang='lat' dir='ltr'>nisi</span> <span class='ocrx_word' id='word_1_192' title='bbox 821 1418 897 1454; x_wconf 89' lang='lat' dir='ltr'>eius</span> <span class='ocrx_word' id='word_1_193' title='bbox 922 1419 1050 1455; x_wconf 87' lang='lat' dir='ltr'>aetatis</span> <span class='ocrx_word' id='word_1_194' title='bbox 1073 1419 1218 1464; x_wconf 89' lang='lat' dir='ltr'>fuerint,</span> 
     </span>
     <span class='ocr_line' id='line_1_29' title="bbox 132 1464 1220 1510; baseline 0 -10"><span class='ocrx_word' id='word_1_195' title='bbox 132 1468 172 1500; x_wconf 93' lang='lat' dir='ltr'>ut</span> <span class='ocrx_word' id='word_1_196' title='bbox 202 1464 360 1500; x_wconf 91' lang='lat' dir='ltr'>nondum</span> <span class='ocrx_word' id='word_1_197' title='bbox 392 1464 602 1500; x_wconf 88' lang='lat' dir='ltr'>decuriones</span> <span class='ocrx_word' id='word_1_198' title='bbox 639 1464 756 1500; x_wconf 92' lang='lat' dir='ltr'>creari</span> <span class='ocrx_word' id='word_1_199' title='bbox 790 1467 954 1509; x_wconf 87' lang='lat' dir='ltr'>possent,</span> <span class='ocrx_word' id='word_1_200' title='bbox 993 1467 1029 1499; x_wconf 90' lang='lat' dir='ltr'>et</span> <span class='ocrx_word' id='word_1_201' title='bbox 1067 1464 1220 1510; x_wconf 88' lang='lat' dir='ltr'>dignitas</span> 
     </span>
     <span class='ocr_line' id='line_1_30' title="bbox 132 1509 1219 1556; baseline 0 -11"><span class='ocrx_word' id='word_1_202' title='bbox 132 1513 232 1546; x_wconf 89' lang='lat' dir='ltr'>certa</span> <span class='ocrx_word' id='word_1_203' title='bbox 256 1511 380 1555; x_wconf 88' lang='lat' dir='ltr'>spem³</span> <span class='ocrx_word' id='word_1_204' title='bbox 403 1510 480 1546; x_wconf 92' lang='lat' dir='ltr'>eius</span> <span class='ocrx_word' id='word_1_205' title='bbox 504 1509 649 1545; x_wconf 90' lang='lat' dir='ltr'>honoris</span> <span class='ocrx_word' id='word_1_206' title='bbox 671 1509 710 1545; x_wconf 93' lang='lat' dir='ltr'>id</span> <span class='ocrx_word' id='word_1_207' title='bbox 732 1509 887 1553; x_wconf 89' lang='lat' dir='ltr'>faceret,</span> <span class='ocrx_word' id='word_1_208' title='bbox 913 1512 954 1544; x_wconf 93' lang='lat' dir='ltr'>ut</span> <span class='ocrx_word' id='word_1_209' title='bbox 976 1509 1142 1556; x_wconf 90' lang='lat' dir='ltr'>princeps</span> <span class='ocrx_word' id='word_1_210' title='bbox 1165 1510 1219 1545; x_wconf 92' lang='lat' dir='ltr'>in-</span> 
     </span>
     <span class='ocr_line' id='line_1_31' title="bbox 131 1554 1219 1609; baseline -0.001 -18"><span class='ocrx_word' id='word_1_211' title='bbox 131 1558 151 1590; x_wconf 80' lang='grc'>2</span> <span class='ocrx_word' id='word_1_212' title='bbox 199 1555 345 1609; x_wconf 82' lang='lat' dir='ltr'>dulgere</span> <span class='ocrx_word' id='word_1_213' title='bbox 374 1555 500 1601; x_wconf 88' lang='lat' dir='ltr'>possit.</span> <span class='ocrx_word' id='word_1_214' title='bbox 548 1555 638 1591; x_wconf 90' lang='lat' dir='ltr'>Item</span> <span class='ocrx_word' id='word_1_215' title='bbox 669 1554 932 1608; x_wconf 82' lang='lat' dir='ltr'>rescripserunt</span> <span class='ocrx_word' id='word_1_216' title='bbox 960 1565 1059 1598; x_wconf 91' lang='lat' dir='ltr'>euni,</span> <span class='ocrx_word' id='word_1_217' title='bbox 1093 1556 1154 1601; x_wconf 87' lang='lat' dir='ltr'>qui</span> <span class='ocrx_word' id='word_1_218' title='bbox 1182 1555 1219 1590; x_wconf 91' lang='lat' dir='ltr'>in</span> 
     </span>
     <span class='ocr_line' id='line_1_32' title="bbox 130 1599 1217 1652; baseline 0 -16"><span class='ocrx_word' id='word_1_219' title='bbox 130 1600 346 1645; x_wconf 83' lang='lat' dir='ltr'>relegatione</span> <span class='ocrx_word' id='word_1_220' title='bbox 369 1604 475 1637; x_wconf 89' lang='lat' dir='ltr'>natus</span> <span class='ocrx_word' id='word_1_221' title='bbox 500 1604 564 1644; x_wconf 91' lang='lat' dir='ltr'>est,</span> <span class='ocrx_word' id='word_1_222' title='bbox 589 1611 662 1635; x_wconf 92' lang='lat' dir='ltr'>non</span> <span class='ocrx_word' id='word_1_223' title='bbox 686 1599 869 1652; x_wconf 81' lang='lat' dir='ltr'>prohiberi</span> <span class='ocrx_word' id='word_1_224' title='bbox 892 1600 1028 1636; x_wconf 92' lang='lat' dir='ltr'>honore</span> <span class='ocrx_word' id='word_1_225' title='bbox 1053 1600 1217 1636; x_wconf 90' lang='lat' dir='ltr'>decurio-</span> 
     </span>
     <span class='ocr_line' id='line_1_33' title="bbox 131 1645 1218 1691; baseline 0 -10"><span class='ocrx_word' id='word_1_226' title='bbox 131 1649 151 1681; x_wconf 86' lang='lat'><strong>3</strong></span> <span class='ocrx_word' id='word_1_227' title='bbox 199 1649 306 1682; x_wconf 91' lang='lat' dir='ltr'>natus</span> <span class='ocrx_word' id='word_1_228' title='bbox 329 1645 441 1691; x_wconf 83' lang='lat' dir='ltr'>fungi.</span> <span class='ocrx_word' id='word_1_229' title='bbox 475 1646 567 1682; x_wconf 93' lang='lat' dir='ltr'>Item</span> <span class='ocrx_word' id='word_1_230' title='bbox 590 1648 852 1691; x_wconf 77' lang='lat' dir='ltr'>rescripserunt</span> <span class='ocrx_word' id='word_1_231' title='bbox 875 1656 948 1681; x_wconf 93' lang='lat' dir='ltr'>non</span> <span class='ocrx_word' id='word_1_232' title='bbox 970 1646 1110 1682; x_wconf 90' lang='lat' dir='ltr'>admitti</span> <span class='ocrx_word' id='word_1_233' title='bbox 1133 1657 1218 1682; x_wconf 91' lang='lat' dir='ltr'>con-</span> 
     </span>
     <span class='ocr_line' id='line_1_34' title="bbox 130 1691 1218 1737; baseline 0.001 -11"><span class='ocrx_word' id='word_1_234' title='bbox 130 1691 307 1727; x_wconf 79' lang='lat' dir='ltr'>tradicere</span> <span class='ocrx_word' id='word_1_235' title='bbox 329 1692 524 1734; x_wconf 91' lang='lat' dir='ltr'>volentem,</span> <span class='ocrx_word' id='word_1_236' title='bbox 557 1691 654 1737; x_wconf 89' lang='lat' dir='ltr'>quod</span> <span class='ocrx_word' id='word_1_237' title='bbox 684 1701 757 1726; x_wconf 91' lang='lat' dir='ltr'>non</span> <span class='ocrx_word' id='word_1_238' title='bbox 780 1693 878 1726; x_wconf 90' lang='lat' dir='ltr'>recte</span> <span class='ocrx_word' id='word_1_239' title='bbox 902 1691 982 1736; x_wconf 89' lang='lat' dir='ltr'>quis</span> <span class='ocrx_word' id='word_1_240' title='bbox 1007 1692 1053 1727; x_wconf 92' lang='lat' dir='ltr'>sit</span> <span class='ocrx_word' id='word_1_241' title='bbox 1077 1695 1218 1727; x_wconf 89' lang='lat' dir='ltr'>creatus</span> 
     </span>
     <span class='ocr_line' id='line_1_35' title="bbox 131 1735 989 1779; baseline -0.001 -7"><span class='ocrx_word' id='word_1_242' title='bbox 131 1736 287 1779; x_wconf 88' lang='lat' dir='ltr'>decurio,</span> <span class='ocrx_word' id='word_1_243' title='bbox 313 1747 395 1772; x_wconf 91' lang='lat' dir='ltr'>cum</span> <span class='ocrx_word' id='word_1_244' title='bbox 417 1737 518 1772; x_wconf 91' lang='lat' dir='ltr'>initio</span> <span class='ocrx_word' id='word_1_245' title='bbox 543 1736 791 1772; x_wconf 86' lang='lat' dir='ltr'>contradicere</span> <span class='ocrx_word' id='word_1_246' title='bbox 816 1735 989 1772; x_wconf 90' lang='lat' dir='ltr'>debuerit.</span> 
     </span>
    </p>

    <p class='ocr_par' dir='ltr' id='par_1_5' title="bbox 129 1780 1218 2010">
     <span class='ocr_line' id='line_1_36' title="bbox 179 1780 1218 1829; baseline -0.002 -10"><span class='ocrx_word' id='word_1_247' title='bbox 179 1780 231 1819; x_wconf 85' lang='lat'>14</span> <span class='ocrx_word' id='word_1_248' title='bbox 260 1782 420 1818; x_wconf 75' lang='lat' dir='ltr'><strong><em>PAULUS</em></strong></span> <span class='ocrx_word' id='word_1_249' title='bbox 447 1782 539 1819; x_wconf 83' lang='lat' dir='ltr'>libro</span> <span class='ocrx_word' id='word_1_250' title='bbox 565 1783 688 1829; x_wconf 80' lang='lat' dir='ltr'>primo</span> <span class='ocrx_word' id='word_1_251' title='bbox 720 1782 970 1827; x_wconf 81' lang='lat' dir='ltr'>quaestionum</span> <span class='ocrx_word' id='word_1_252' title='bbox 1027 1781 1079 1817; x_wconf 90' lang='lat' dir='ltr'>De</span> <span class='ocrx_word' id='word_1_253' title='bbox 1110 1782 1218 1817; x_wconf 89' lang='lat' dir='ltr'>decu-</span> 
     </span>
     <span class='ocr_line' id='line_1_37' title="bbox 130 1826 1217 1872; baseline 0 -9"><span class='ocrx_word' id='word_1_254' title='bbox 130 1828 232 1863; x_wconf 89' lang='lat' dir='ltr'>rione</span> <span class='ocrx_word' id='word_1_255' title='bbox 256 1827 425 1864; x_wconf 87' lang='lat' dir='ltr'>damnato</span> <span class='ocrx_word' id='word_1_256' title='bbox 449 1838 521 1863; x_wconf 93' lang='lat' dir='ltr'>non</span> <span class='ocrx_word' id='word_1_257' title='bbox 545 1827 675 1863; x_wconf 89' lang='lat' dir='ltr'>debere</span> <span class='ocrx_word' id='word_1_258' title='bbox 699 1826 941 1872; x_wconf 87' lang='lat' dir='ltr'>quaestionem</span> <span class='ocrx_word' id='word_1_259' title='bbox 965 1826 1092 1863; x_wconf 87' lang='lat' dir='ltr'>haberi</span> <span class='ocrx_word' id='word_1_260' title='bbox 1116 1827 1217 1864; x_wconf 88' lang='lat' dir='ltr'>divus</span> 
     </span>
     <span class='ocr_line' id='line_1_38' title="bbox 130 1871 1217 1918; baseline 0.001 -10"><span class='ocrx_word' id='word_1_261' title='bbox 130 1873 216 1909; x_wconf 90' lang='lat' dir='ltr'>Pius</span> <span class='ocrx_word' id='word_1_262' title='bbox 240 1873 434 1918; x_wconf 88' lang='lat' dir='ltr'>rescripsit.</span> <span class='ocrx_word' id='word_1_263' title='bbox 482 1873 578 1909; x_wconf 90' lang='lat' dir='ltr'>unde</span> <span class='ocrx_word' id='word_1_264' title='bbox 600 1872 708 1908; x_wconf 90' lang='lat' dir='ltr'>etiam</span> <span class='ocrx_word' id='word_1_265' title='bbox 732 1872 763 1908; x_wconf 93' lang='lat' dir='ltr'>si</span> <span class='ocrx_word' id='word_1_266' title='bbox 787 1871 930 1907; x_wconf 89' lang='lat' dir='ltr'>desierit</span> <span class='ocrx_word' id='word_1_267' title='bbox 954 1872 1099 1908; x_wconf 91' lang='lat' dir='ltr'>decurio</span> <span class='ocrx_word' id='word_1_268' title='bbox 1129 1883 1217 1917; x_wconf 90' lang='lat' dir='ltr'>esse,</span> 
     </span>
     <span class='ocr_line' id='line_1_39' title="bbox 130 1917 1217 1963; baseline 0.001 -9"><span class='ocrx_word' id='word_1_269' title='bbox 130 1918 256 1954; x_wconf 88' lang='lat' dir='ltr'>deinde</span> <span class='ocrx_word' id='word_1_270' title='bbox 279 1918 478 1962; x_wconf 89' lang='lat' dir='ltr'>damnetur,</span> <span class='ocrx_word' id='word_1_271' title='bbox 502 1929 575 1955; x_wconf 90' lang='lat' dir='ltr'>non</span> <span class='ocrx_word' id='word_1_272' title='bbox 599 1928 677 1954; x_wconf 90' lang='lat' dir='ltr'>esse</span> <span class='ocrx_word' id='word_1_273' title='bbox 696 1917 936 1963; x_wconf 89' lang='lat' dir='ltr'>torquendum</span> <span class='ocrx_word' id='word_1_274' title='bbox 955 1917 993 1954; x_wconf 91' lang='lat' dir='ltr'>in</span> <span class='ocrx_word' id='word_1_275' title='bbox 1013 1918 1217 1955; x_wconf 88' lang='lat' dir='ltr'>memoriam</span> 
     </span>
     <span class='ocr_line' id='line_1_40' title="bbox 129 1963 619 2010; baseline -0.002 -11"><span class='ocrx_word' id='word_1_276' title='bbox 129 1963 258 2010; x_wconf 85' lang='lat' dir='ltr'>prioris</span> <span class='ocrx_word' id='word_1_277' title='bbox 284 1963 466 2009; x_wconf 86' lang='lat' dir='ltr'>dignitatis</span> <span class='ocrx_word' id='word_1_278' title='bbox 489 1964 619 2010; x_wconf 85' lang='lat' dir='ltr'>placet.</span> 
     </span>
    </p>
   </div>
   <div class='ocr_carea' id='block_1_3' title="bbox 422 2101 922 2202">
    <p class='ocr_par' dir='ltr' id='par_1_6' title="bbox 422 2101 922 2202">
     <span class='ocr_line' id='line_1_41' title="bbox 626 2101 721 2141; baseline -0.011 0"><span class='ocrx_word' id='word_1_279' title='bbox 626 2101 721 2141; x_wconf 73' lang='lat'>111⁴.</span> 
     </span>
     <span class='ocr_line' id='line_1_42' title="bbox 422 2167 922 2202; baseline -0.004 0"><span class='ocrx_word' id='word_1_280' title='bbox 422 2169 486 2202; x_wconf 86' lang='lat' dir='ltr'>DE</span> <span class='ocrx_word' id='word_1_281' title='bbox 509 2168 628 2202; x_wconf 87' lang='lat' dir='ltr'>ALBO</span> <span class='ocrx_word' id='word_1_282' title='bbox 653 2167 922 2201; x_wconf 83' lang='lat' dir='ltr'>SCRIBENDO.</span> 
     </span>
    </p>
   </div>
   <div class='ocr_carea' id='block_1_4' title="bbox 126 2233 1219 3042">
    <p class='ocr_par' dir='ltr' id='par_1_7' title="bbox 126 2233 1219 2824">
     <span class='ocr_line' id='line_1_43' title="bbox 178 2233 1219 2280; baseline -0.001 -9"><span class='ocrx_word' id='word_1_283' title='bbox 178 2234 196 2272; x_wconf 89' lang='lat'>1</span> <span class='ocrx_word' id='word_1_284' title='bbox 238 2234 433 2272; x_wconf 70' lang='lat' dir='ltr'><em>ULPIANUS</em></span> <span class='ocrx_word' id='word_1_285' title='bbox 468 2234 559 2271; x_wconf 82' lang='lat' dir='ltr'>libro</span> <span class='ocrx_word' id='word_1_286' title='bbox 595 2235 700 2270; x_wconf 82' lang='lat' dir='ltr'>tertio</span> <span class='ocrx_word' id='word_1_287' title='bbox 738 2233 783 2269; x_wconf 80' lang='lat' dir='ltr'>dc</span> <span class='ocrx_word' id='word_1_288' title='bbox 823 2234 949 2279; x_wconf 77' lang='lat' dir='ltr'>officio</span> <span class='ocrx_word' id='word_1_289' title='bbox 981 2234 1219 2280; x_wconf 78' lang='lat' dir='ltr'>proconsulis</span> 
     </span>
     <span class='ocr_line' id='line_1_44' title="bbox 129 2279 1218 2325; baseline -0.002 -9"><span class='ocrx_word' id='word_1_290' title='bbox 129 2281 351 2317; x_wconf 89' lang='lat' dir='ltr'>Decuriones</span> <span class='ocrx_word' id='word_1_291' title='bbox 374 2281 412 2316; x_wconf 92' lang='lat' dir='ltr'>in</span> <span class='ocrx_word' id='word_1_292' title='bbox 435 2280 516 2316; x_wconf 89' lang='lat' dir='ltr'>albo</span> <span class='ocrx_word' id='word_1_293' title='bbox 540 2280 592 2315; x_wconf 90' lang='lat' dir='ltr'>ita</span> <span class='ocrx_word' id='word_1_294' title='bbox 614 2280 766 2325; x_wconf 88' lang='lat' dir='ltr'>scriptos</span> <span class='ocrx_word' id='word_1_295' title='bbox 791 2289 870 2314; x_wconf 90' lang='lat' dir='ltr'>esse</span> <span class='ocrx_word' id='word_1_296' title='bbox 894 2282 1052 2324; x_wconf 88' lang='lat' dir='ltr'>oportet,</span> <span class='ocrx_word' id='word_1_297' title='bbox 1077 2283 1118 2314; x_wconf 91' lang='lat' dir='ltr'>ut</span> <span class='ocrx_word' id='word_1_298' title='bbox 1140 2279 1218 2325; x_wconf 86' lang='lat' dir='ltr'>lege</span> 
     </span>
     <span class='ocr_line' id='line_1_45' title="bbox 128 2324 1216 2372; baseline -0.001 -11"><span class='ocrx_word' id='word_1_299' title='bbox 128 2326 335 2372; x_wconf 85' lang='lat' dir='ltr'>municipali</span> <span class='ocrx_word' id='word_1_300' title='bbox 354 2325 593 2371; x_wconf 87' lang='lat' dir='ltr'>praecipitur:</span> <span class='ocrx_word' id='word_1_301' title='bbox 618 2325 682 2361; x_wconf 91' lang='lat' dir='ltr'>sed</span> <span class='ocrx_word' id='word_1_302' title='bbox 705 2325 736 2361; x_wconf 91' lang='lat' dir='ltr'>si</span> <span class='ocrx_word' id='word_1_303' title='bbox 759 2325 817 2360; x_wconf 88' lang='lat' dir='ltr'>lex</span> <span class='ocrx_word' id='word_1_304' title='bbox 841 2328 970 2367; x_wconf 89' lang='lat' dir='ltr'>cessat,</span> <span class='ocrx_word' id='word_1_305' title='bbox 995 2328 1083 2360; x_wconf 92' lang='lat' dir='ltr'>tunc</span> <span class='ocrx_word' id='word_1_306' title='bbox 1103 2324 1216 2369; x_wconf 88' lang='lat' dir='ltr'>digni-</span> 
     </span>
     <span class='ocr_line' id='line_1_46' title="bbox 128 2370 1215 2417; baseline -0.001 -11"><span class='ocrx_word' id='word_1_307' title='bbox 128 2375 220 2408; x_wconf 86' lang='lat' dir='ltr'>tates</span> <span class='ocrx_word' id='word_1_308' title='bbox 245 2374 350 2407; x_wconf 89' lang='lat' dir='ltr'>erunt</span> <span class='ocrx_word' id='word_1_309' title='bbox 373 2370 602 2417; x_wconf 86' lang='lat' dir='ltr'>spectandae,</span> <span class='ocrx_word' id='word_1_310' title='bbox 628 2373 669 2406; x_wconf 95' lang='lat' dir='ltr'>ut</span> <span class='ocrx_word' id='word_1_311' title='bbox 692 2370 897 2406; x_wconf 88' lang='lat' dir='ltr'>scribantur</span> <span class='ocrx_word' id='word_1_312' title='bbox 920 2380 962 2406; x_wconf 92' lang='lat' dir='ltr'>eo</span> <span class='ocrx_word' id='word_1_313' title='bbox 986 2370 1119 2413; x_wconf 88' lang='lat' dir='ltr'>ordine,</span> <span class='ocrx_word' id='word_1_314' title='bbox 1145 2381 1215 2416; x_wconf 90' lang='lat' dir='ltr'>quo</span> 
     </span>
     <span class='ocr_line' id='line_1_47' title="bbox 128 2415 1217 2468; baseline -0.003 -15"><span class='ocrx_word' id='word_1_315' title='bbox 128 2417 279 2462; x_wconf 89' lang='lat' dir='ltr'>quisque</span> <span class='ocrx_word' id='word_1_316' title='bbox 302 2427 425 2453; x_wconf 89' lang='lat' dir='ltr'>eorum</span> <span class='ocrx_word' id='word_1_317' title='bbox 448 2416 601 2452; x_wconf 84' lang='lat' dir='ltr'>maximo</span> <span class='ocrx_word' id='word_1_318' title='bbox 626 2416 762 2452; x_wconf 90' lang='lat' dir='ltr'>honore</span> <span class='ocrx_word' id='word_1_319' title='bbox 785 2416 823 2450; x_wconf 92' lang='grc'>111</span> <span class='ocrx_word' id='word_1_320' title='bbox 846 2415 1039 2468; x_wconf 82' lang='lat' dir='ltr'>municipio</span> <span class='ocrx_word' id='word_1_321' title='bbox 1071 2415 1217 2451; x_wconf 89' lang='lat' dir='ltr'>functus</span> 
     </span>
     <span class='ocr_line' id='line_1_48' title="bbox 128 2461 1219 2508; baseline -0.003 -10"><span class='ocrx_word' id='word_1_322' title='bbox 128 2466 199 2498; x_wconf 90' lang='lat' dir='ltr'>est:</span> <span class='ocrx_word' id='word_1_323' title='bbox 233 2466 323 2508; x_wconf 88' lang='lat' dir='ltr'>puta</span> <span class='ocrx_word' id='word_1_324' title='bbox 346 2462 407 2508; x_wconf 91' lang='lat' dir='ltr'>qui</span> <span class='ocrx_word' id='word_1_325' title='bbox 431 2461 694 2497; x_wconf 87' lang='lat' dir='ltr'>duumviratum</span> <span class='ocrx_word' id='word_1_326' title='bbox 717 2464 921 2506; x_wconf 72' lang='lat' dir='ltr'>gesserunt,</span> <span class='ocrx_word' id='word_1_327' title='bbox 954 2471 985 2496; x_wconf 90' lang='lat' dir='ltr'>si</span> <span class='ocrx_word' id='word_1_328' title='bbox 1014 2461 1074 2496; x_wconf 92' lang='lat' dir='ltr'>hic</span> <span class='ocrx_word' id='word_1_329' title='bbox 1103 2461 1219 2496; x_wconf 90' lang='lat' dir='ltr'>honor</span> 
     </span>
     <span class='ocr_line' id='line_1_49' title="bbox 127 2506 1217 2554; baseline -0.002 -10"><span class='ocrx_word' id='word_1_330' title='bbox 127 2508 337 2554; x_wconf 85' lang='lat' dir='ltr'>praecellat,</span> <span class='ocrx_word' id='word_1_331' title='bbox 369 2511 406 2543; x_wconf 89' lang='lat' dir='ltr'>et</span> <span class='ocrx_word' id='word_1_332' title='bbox 436 2508 529 2543; x_wconf 92' lang='lat' dir='ltr'>inter</span> <span class='ocrx_word' id='word_1_333' title='bbox 558 2506 795 2542; x_wconf 89' lang='lat' dir='ltr'>duumvirales</span> <span class='ocrx_word' id='word_1_334' title='bbox 826 2506 1096 2551; x_wconf 88' lang='lat' dir='ltr'>antiquissimus</span> <span class='ocrx_word' id='word_1_335' title='bbox 1121 2507 1217 2552; x_wconf 89' lang='lat' dir='ltr'>quis-</span> 
     </span>
     <span class='ocr_line' id='line_1_50' title="bbox 127 2551 1218 2599; baseline -0.003 -10"><span class='ocrx_word' id='word_1_336' title='bbox 127 2563 196 2599; x_wconf 84' lang='lat' dir='ltr'>que</span> <span class='ocrx_word' id='word_1_337' title='bbox 218 2552 336 2599; x_wconf 88' lang='lat' dir='ltr'>prior:</span> <span class='ocrx_word' id='word_1_338' title='bbox 363 2552 490 2588; x_wconf 90' lang='lat' dir='ltr'>deinde</span> <span class='ocrx_word' id='word_1_339' title='bbox 512 2552 561 2595; x_wconf 92' lang='lat' dir='ltr'>hi,</span> <span class='ocrx_word' id='word_1_340' title='bbox 587 2552 648 2597; x_wconf 89' lang='lat' dir='ltr'>qui</span> <span class='ocrx_word' id='word_1_341' title='bbox 672 2551 829 2588; x_wconf 89' lang='lat' dir='ltr'>secundo</span> <span class='ocrx_word' id='word_1_342' title='bbox 852 2555 936 2597; x_wconf 90' lang='lat' dir='ltr'>post</span> <span class='ocrx_word' id='word_1_343' title='bbox 955 2551 1218 2587; x_wconf 86' lang='lat' dir='ltr'>duumviratum</span> 
     </span>
     <span class='ocr_line' id='line_1_51' title="bbox 126 2597 1216 2644; baseline -0.002 -10"><span class='ocrx_word' id='word_1_344' title='bbox 126 2599 263 2634; x_wconf 86' lang='lat' dir='ltr'>honore</span> <span class='ocrx_word' id='word_1_345' title='bbox 284 2598 323 2633; x_wconf 94' lang='lat' dir='ltr'>in</span> <span class='ocrx_word' id='word_1_346' title='bbox 346 2608 385 2634; x_wconf 92' lang='lat' dir='ltr'>re</span> <span class='ocrx_word' id='word_1_347' title='bbox 408 2598 552 2644; x_wconf 89' lang='lat' dir='ltr'>publica</span> <span class='ocrx_word' id='word_1_348' title='bbox 574 2597 691 2632; x_wconf 89' lang='lat' dir='ltr'>functi</span> <span class='ocrx_word' id='word_1_349' title='bbox 714 2601 815 2633; x_wconf 88' lang='lat' dir='ltr'>sunt:</span> <span class='ocrx_word' id='word_1_350' title='bbox 841 2600 924 2642; x_wconf 91' lang='lat' dir='ltr'>post</span> <span class='ocrx_word' id='word_1_351' title='bbox 948 2607 1008 2633; x_wconf 90' lang='lat' dir='ltr'>eos</span> <span class='ocrx_word' id='word_1_352' title='bbox 1030 2597 1091 2642; x_wconf 88' lang='lat' dir='ltr'>qui</span> <span class='ocrx_word' id='word_1_353' title='bbox 1109 2597 1216 2633; x_wconf 91' lang='lat' dir='ltr'>tertio</span> 
     </span>
     <span class='ocr_line' id='line_1_52' title="bbox 126 2642 1215 2689; baseline -0.003 -9"><span class='ocrx_word' id='word_1_354' title='bbox 126 2648 163 2679; x_wconf 89' lang='lat' dir='ltr'>et</span> <span class='ocrx_word' id='word_1_355' title='bbox 191 2643 376 2689; x_wconf 86' lang='lat' dir='ltr'>deinceps:</span> <span class='ocrx_word' id='word_1_356' title='bbox 406 2654 491 2679; x_wconf 86' lang='lat' dir='ltr'>mox</span> <span class='ocrx_word' id='word_1_357' title='bbox 519 2643 557 2678; x_wconf 92' lang='lat' dir='ltr'>hi</span> <span class='ocrx_word' id='word_1_358' title='bbox 588 2643 649 2688; x_wconf 90' lang='lat' dir='ltr'>qui</span> <span class='ocrx_word' id='word_1_359' title='bbox 677 2643 776 2678; x_wconf 93' lang='lat' dir='ltr'>nullo</span> <span class='ocrx_word' id='word_1_360' title='bbox 810 2642 947 2678; x_wconf 89' lang='lat' dir='ltr'>honore</span> <span class='ocrx_word' id='word_1_361' title='bbox 976 2642 1092 2678; x_wconf 91' lang='lat' dir='ltr'>functi</span> <span class='ocrx_word' id='word_1_362' title='bbox 1121 2647 1215 2686; x_wconf 86' lang='lat' dir='ltr'>sunt,</span> 
     </span>
     <span class='ocr_line' id='line_1_53' title="bbox 131 2687 1215 2742; baseline 0 -18"><span class='ocrx_word' id='word_1_363' title='bbox 131 2693 144 2724; x_wconf 80' lang='lat'>1</span> <span class='ocrx_word' id='word_1_364' title='bbox 196 2692 306 2742; x_wconf 83' lang='lat' dir='ltr'>prout</span> <span class='ocrx_word' id='word_1_365' title='bbox 334 2688 484 2735; x_wconf 83' lang='lat' dir='ltr'>quisque</span> <span class='ocrx_word' id='word_1_366' title='bbox 513 2698 635 2724; x_wconf 88' lang='lat' dir='ltr'>eorum</span> <span class='ocrx_word' id='word_1_367' title='bbox 662 2687 701 2723; x_wconf 88' lang='lat' dir='ltr'>in</span> <span class='ocrx_word' id='word_1_368' title='bbox 730 2687 891 2723; x_wconf 88' lang='lat' dir='ltr'>ordinem</span> <span class='ocrx_word' id='word_1_369' title='bbox 913 2687 1019 2723; x_wconf 89' lang='lat' dir='ltr'>venit.</span> <span class='ocrx_word' id='word_1_370' title='bbox 1068 2687 1111 2723; x_wconf 92' lang='lat' dir='ltr'>In</span> <span class='ocrx_word' id='word_1_371' title='bbox 1135 2698 1215 2724; x_wconf 86' lang='lat' dir='ltr'>sen-</span> 
     </span>
     <span class='ocr_line' id='line_1_54' title="bbox 126 2732 1215 2779; baseline 0 -11"><span class='ocrx_word' id='word_1_372' title='bbox 126 2734 248 2770; x_wconf 75' lang='lat' dir='ltr'>tentiis</span> <span class='ocrx_word' id='word_1_373' title='bbox 280 2744 422 2779; x_wconf 89' lang='lat' dir='ltr'>quoque</span> <span class='ocrx_word' id='word_1_374' title='bbox 453 2733 612 2769; x_wconf 88' lang='lat' dir='ltr'>dicendis</span> <span class='ocrx_word' id='word_1_375' title='bbox 641 2733 735 2769; x_wconf 91' lang='lat' dir='ltr'>idem</span> <span class='ocrx_word' id='word_1_376' title='bbox 772 2732 860 2768; x_wconf 91' lang='lat' dir='ltr'>ordo</span> <span class='ocrx_word' id='word_1_377' title='bbox 899 2732 1117 2779; x_wconf 88' lang='lat' dir='ltr'>spectandus</span> <span class='ocrx_word' id='word_1_378' title='bbox 1150 2737 1215 2777; x_wconf 88' lang='lat' dir='ltr'>est,</span> 
     </span>
     <span class='ocr_line' id='line_1_55' title="bbox 128 2778 800 2824; baseline -0.001 -10"><span class='ocrx_word' id='word_1_379' title='bbox 128 2789 232 2824; x_wconf 85' lang='lat' dir='ltr'>quem</span> <span class='ocrx_word' id='word_1_380' title='bbox 254 2779 292 2815; x_wconf 93' lang='lat' dir='ltr'>in</span> <span class='ocrx_word' id='word_1_381' title='bbox 316 2779 399 2815; x_wconf 86' lang='lat' dir='ltr'>albo</span> <span class='ocrx_word' id='word_1_382' title='bbox 424 2779 611 2815; x_wconf 87' lang='lat' dir='ltr'>scribendo</span> <span class='ocrx_word' id='word_1_383' title='bbox 637 2778 800 2814; x_wconf 85' lang='lat' dir='ltr'>diximus.</span> 
     </span>
    </p>

    <p class='ocr_par' dir='ltr' id='par_1_8' title="bbox 127 2822 1217 3042">
     <span class='ocr_line' id='line_1_56' title="bbox 173 2822 1215 2871; baseline -0.001 -11"><span class='ocrx_word' id='word_1_384' title='bbox 173 2822 199 2861; x_wconf 86' lang='lat'>2</span> <span class='ocrx_word' id='word_1_385' title='bbox 223 2823 331 2860; x_wconf 74' lang='lat' dir='ltr'>Imm</span> <span class='ocrx_word' id='word_1_386' title='bbox 350 2824 442 2860; x_wconf 83' lang='lat' dir='ltr'>libro</span> <span class='ocrx_word' id='word_1_387' title='bbox 458 2824 616 2860; x_wconf 82' lang='lat' dir='ltr'>secundo</span> <span class='ocrx_word' id='word_1_388' title='bbox 636 2825 848 2871; x_wconf 79' lang='lat' dir='ltr'>opinionum</span> <span class='ocrx_word' id='word_1_389' title='bbox 888 2823 932 2858; x_wconf 93' lang='lat' dir='ltr'>In</span> <span class='ocrx_word' id='word_1_390' title='bbox 951 2824 1032 2860; x_wconf 90' lang='lat' dir='ltr'>albo</span> <span class='ocrx_word' id='word_1_391' title='bbox 1054 2824 1215 2860; x_wconf 89' lang='lat' dir='ltr'>decurio-</span> 
     </span>
     <span class='ocr_line' id='line_1_57' title="bbox 127 2869 1214 2915; baseline 0 -10"><span class='ocrx_word' id='word_1_392' title='bbox 127 2881 213 2905; x_wconf 83' lang='lat' dir='ltr'>num</span> <span class='ocrx_word' id='word_1_393' title='bbox 235 2869 274 2905; x_wconf 91' lang='lat' dir='ltr'>in</span> <span class='ocrx_word' id='word_1_394' title='bbox 295 2869 488 2915; x_wconf 89' lang='lat' dir='ltr'>municipio</span> <span class='ocrx_word' id='word_1_395' title='bbox 514 2870 658 2906; x_wconf 88' lang='lat' dir='ltr'>nomina</span> <span class='ocrx_word' id='word_1_396' title='bbox 680 2872 763 2905; x_wconf 88' lang='lat' dir='ltr'>ante</span> <span class='ocrx_word' id='word_1_397' title='bbox 787 2869 896 2905; x_wconf 89' lang='lat' dir='ltr'>scribi</span> <span class='ocrx_word' id='word_1_398' title='bbox 919 2871 1061 2915; x_wconf 91' lang='lat' dir='ltr'>oportet</span> <span class='ocrx_word' id='word_1_399' title='bbox 1080 2880 1214 2912; x_wconf 91' lang='lat' dir='ltr'>eorum,</span> 
     </span>
     <span class='ocr_line' id='line_1_58' title="bbox 127 2914 1217 2961; baseline 0.001 -11"><span class='ocrx_word' id='word_1_400' title='bbox 127 2915 189 2961; x_wconf 90' lang='lat' dir='ltr'>qui</span> <span class='ocrx_word' id='word_1_401' title='bbox 212 2914 401 2960; x_wconf 84' lang='lat' dir='ltr'>dignitates</span> <span class='ocrx_word' id='word_1_402' title='bbox 424 2915 596 2961; x_wconf 87' lang='lat' dir='ltr'>principis</span> <span class='ocrx_word' id='word_1_403' title='bbox 616 2915 746 2951; x_wconf 88' lang='lat' dir='ltr'>iudicio</span> <span class='ocrx_word' id='word_1_404' title='bbox 766 2915 950 2951; x_wconf 91' lang='lat' dir='ltr'>consecuti</span> <span class='ocrx_word' id='word_1_405' title='bbox 969 2918 1064 2958; x_wconf 90' lang='lat' dir='ltr'>sunt,</span> <span class='ocrx_word' id='word_1_406' title='bbox 1090 2919 1217 2960; x_wconf 88' lang='lat' dir='ltr'>postea</span> 
     </span>
     <span class='ocr_line' id='line_1_59' title="bbox 127 2960 1217 3006; baseline 0 -10"><span class='ocrx_word' id='word_1_407' title='bbox 127 2970 266 3003; x_wconf 87' lang='lat' dir='ltr'>eorum,</span> <span class='ocrx_word' id='word_1_408' title='bbox 301 2960 362 3006; x_wconf 88' lang='lat' dir='ltr'>qui</span> <span class='ocrx_word' id='word_1_409' title='bbox 396 2963 536 2996; x_wconf 88' lang='lat' dir='ltr'>tantum</span> <span class='ocrx_word' id='word_1_410' title='bbox 566 2960 842 3006; x_wconf 89' lang='lat' dir='ltr'>municipalibus</span> <span class='ocrx_word' id='word_1_411' title='bbox 870 2960 1068 2997; x_wconf 89' lang='lat' dir='ltr'>honoribus</span> <span class='ocrx_word' id='word_1_412' title='bbox 1101 2960 1217 2997; x_wconf 90' lang='lat' dir='ltr'>functi</span> 
     </span>
     <span class='ocr_line' id='line_1_60' title="bbox 127 3009 781 3042; baseline -0.002 0"><span class='ocrx_word' id='word_1_413' title='bbox 127 3009 223 3042; x_wconf 88' lang='lat' dir='ltr'>sunt.</span> <span class='ocrx_word' id='word_1_414' title='bbox 778 3030 781 3034; x_wconf 86' lang='lat'><em>-</em></span> 
     </span>
    </p>
   </div>
   <div class='ocr_carea' id='block_1_5' title="bbox 303 3144 1035 3244">
    <p class='ocr_par' dir='ltr' id='par_1_9' title="bbox 303 3144 1035 3244">
     <span class='ocr_line' id='line_1_61' title="bbox 619 3144 723 3184; baseline 0 -19"><span class='ocrx_word' id='word_1_415' title='bbox 619 3144 723 3184; x_wconf 66' lang='lat' dir='ltr'>nnn</span> 
     </span>
     <span class='ocr_line' id='line_1_62' title="bbox 303 3209 1035 3244; baseline 0 0"><span class='ocrx_word' id='word_1_416' title='bbox 303 3210 366 3244; x_wconf 77' lang='lat' dir='ltr'>DE</span> <span class='ocrx_word' id='word_1_417' title='bbox 390 3209 657 3244; x_wconf 83' lang='lat' dir='ltr'>MUNERIBUS</span> <span class='ocrx_word' id='word_1_418' title='bbox 680 3211 739 3244; x_wconf 86' lang='lat' dir='ltr'>ET</span> <span class='ocrx_word' id='word_1_419' title='bbox 762 3209 1035 3244; x_wconf 83' lang='lat' dir='ltr'>HONORIBUS.</span> 
     </span>
    </p>
   </div>
   <div class='ocr_carea' id='block_1_6' title="bbox 127 3276 1214 3411">
    <p class='ocr_par' dir='ltr' id='par_1_10' title="bbox 127 3276 1214 3411">
     <span class='ocr_line' id='line_1_63' title="bbox 176 3276 1214 3332; baseline -0.002 -18"><span class='ocrx_word' id='word_1_420' title='bbox 176 3276 193 3314; x_wconf 89' lang='lat'>1</span> <span class='ocrx_word' id='word_1_421' title='bbox 222 3276 568 3313; x_wconf 69' lang='lat' dir='ltr'>Hsauoofflvmiws</span> <span class='ocrx_word' id='word_1_422' title='bbox 591 3276 683 3313; x_wconf 86' lang='lat' dir='ltr'>libro</span> <span class='ocrx_word' id='word_1_423' title='bbox 700 3277 823 3323; x_wconf 79' lang='lat' dir='ltr'>primo</span> <span class='ocrx_word' id='word_1_424' title='bbox 847 3278 1087 3332; x_wconf 69' lang='lat' dir='ltr'>epitomarum</span> <span class='ocrx_word' id='word_1_425' title='bbox 1132 3277 1214 3312; x_wconf 92' lang='lat' dir='ltr'>Mu-</span> 
     </span>
     <span class='ocr_line' id='line_1_64' title="bbox 127 3321 1214 3368; baseline -0.001 -10"><span class='ocrx_word' id='word_1_426' title='bbox 127 3333 252 3359; x_wconf 89' lang='lat' dir='ltr'>nerum</span> <span class='ocrx_word' id='word_1_427' title='bbox 284 3322 439 3359; x_wconf 91' lang='lat' dir='ltr'>civilium</span> <span class='ocrx_word' id='word_1_428' title='bbox 471 3321 645 3367; x_wconf 88' lang='lat' dir='ltr'>quaedam</span> <span class='ocrx_word' id='word_1_429' title='bbox 676 3325 761 3358; x_wconf 90' lang='lat' dir='ltr'>sunt</span> <span class='ocrx_word' id='word_1_430' title='bbox 786 3323 1007 3367; x_wconf 85' lang='lat' dir='ltr'>patrimonii,</span> <span class='ocrx_word' id='word_1_431' title='bbox 1041 3323 1110 3358; x_wconf 88' lang='lat' dir='ltr'>alia</span> <span class='ocrx_word' id='word_1_432' title='bbox 1133 3332 1214 3368; x_wconf 90' lang='lat' dir='ltr'>per-</span> 
     </span>
     <span class='ocr_line' id='line_1_65' title="bbox 129 3367 1213 3411; baseline 0 -8"><span class='ocrx_word' id='word_1_433' title='bbox 129 3371 145 3403; x_wconf 93' lang='lat'>1</span> <span class='ocrx_word' id='word_1_434' title='bbox 195 3377 374 3405; x_wconf 83' lang='lat' dir='ltr'>sonarum.</span> <span class='ocrx_word' id='word_1_435' title='bbox 409 3367 622 3404; x_wconf 90' lang='lat' dir='ltr'>Patrimonii</span> <span class='ocrx_word' id='word_1_436' title='bbox 644 3371 728 3403; x_wconf 89' lang='lat' dir='ltr'>sunt</span> <span class='ocrx_word' id='word_1_437' title='bbox 752 3377 901 3404; x_wconf 87' lang='lat' dir='ltr'>munera</span> <span class='ocrx_word' id='word_1_438' title='bbox 917 3369 970 3405; x_wconf 92' lang='lat' dir='ltr'>rei</span> <span class='ocrx_word' id='word_1_439' title='bbox 987 3368 1213 3411; x_wconf 87' lang='lat' dir='ltr'>vehicularis‚</span> 
     </span>
    </p>
   </div>
   <div class='ocr_carea' id='block_1_7' title="bbox 125 3482 1215 3796">
    <p class='ocr_par' dir='ltr' id='par_1_11' title="bbox 127 3482 1215 3616">
     <span class='ocr_line' id='line_1_66' title="bbox 127 3482 1077 3525; baseline -0.002 -7"><span class='ocrx_word' id='word_1_440' title='bbox 127 3483 166 3525; x_wconf 86' lang='lat'>(1)</span> <span class='ocrx_word' id='word_1_441' title='bbox 191 3482 374 3516; x_wconf 85' lang='lat' dir='ltr'>necessario</span> <span class='ocrx_word' id='word_1_442' title='bbox 387 3483 459 3516; x_wconf 81' lang='lat' dir='ltr'>edd.</span> <span class='ocrx_word' id='word_1_443' title='bbox 878 3484 922 3523; x_wconf 84' lang='grc'><strong>(3)</strong></span> <span class='ocrx_word' id='word_1_444' title='bbox 946 3492 1002 3525; x_wconf 89' lang='lat' dir='ltr'>spe</span> <span class='ocrx_word' id='word_1_445' title='bbox 1014 3495 1077 3516; x_wconf 86' lang='lat' dir='ltr'>scr.</span> 
     </span>
     <span class='ocr_line' id='line_1_67' title="bbox 174 3528 465 3569; baseline -0.007 -8"><span class='ocrx_word' id='word_1_446' title='bbox 174 3529 216 3569; x_wconf 77' lang='grc'><strong>(4)</strong></span> <span class='ocrx_word' id='word_1_447' title='bbox 242 3528 323 3561; x_wconf 73' lang='grc' dir='ltr'><strong><em>δαὶ).</em></strong></span> <span class='ocrx_word' id='word_1_448' title='bbox 463 3530 465 3532; x_wconf 81' lang='grc'><strong>’</strong></span> 
     </span>
     <span class='ocr_line' id='line_1_68' title="bbox 172 3572 1215 3616; baseline -0.003 -9"><span class='ocrx_word' id='word_1_449' title='bbox 172 3575 215 3614; x_wconf 74' lang='grc'><strong>(5)</strong></span> <span class='ocrx_word' id='word_1_450' title='bbox 241 3572 425 3612; x_wconf 80' lang='lat' dir='ltr'>Sab.2...·1;</span> <span class='ocrx_word' id='word_1_451' title='bbox 446 3573 510 3606; x_wconf 82' lang='lat' dir='ltr'>Ed.</span> <span class='ocrx_word' id='word_1_452' title='bbox 526 3579 630 3612; x_wconf 79' lang='lat' dir='ltr'>s...14;</span> <span class='ocrx_word' id='word_1_453' title='bbox 651 3573 737 3616; x_wconf 86' lang='lat' dir='ltr'>Pap.</span> <span class='ocrx_word' id='word_1_454' title='bbox 750 3580 774 3606; x_wconf 86' lang='grc'>1.</span> <span class='ocrx_word' id='word_1_455' title='bbox 788 3573 1051 3607; x_wconf 79' lang='lat' dir='ltr'>15...1s.—Bas.</span> <span class='ocrx_word' id='word_1_456' title='bbox 1067 3573 1121 3614; x_wconf 82' lang='grc'>54,</span> <span class='ocrx_word' id='word_1_457' title='bbox 1134 3579 1215 3605; x_wconf 80' lang='grc'>4.-</span> 
     </span>
    </p>

    <p class='ocr_par' dir='ltr' id='par_1_12' title="bbox 131 3617 1214 3662">
     <span class='ocr_line' id='line_1_69' title="bbox 131 3617 1214 3662; baseline -0.003 -10"><span class='ocrx_word' id='word_1_458' title='bbox 131 3619 181 3662; x_wconf 71' lang='lat' dir='ltr'>Cf</span> <span class='ocrx_word' id='word_1_459' title='bbox 199 3618 277 3651; x_wconf 79' lang='lat' dir='ltr'>cod.</span> <span class='ocrx_word' id='word_1_460' title='bbox 293 3619 345 3658; x_wconf 87' lang='lat'>10,</span> <span class='ocrx_word' id='word_1_461' title='bbox 358 3624 389 3652; x_wconf 83' lang='grc'>41</span> <span class='ocrx_word' id='word_1_462' title='bbox 482 3618 527 3660; x_wconf 85' lang='grc'><strong>(6)</strong></span> <span class='ocrx_word' id='word_1_463' title='bbox 551 3617 762 3660; x_wconf 83' lang='lat' dir='ltr'>accipiendos</span> <span class='ocrx_word' id='word_1_464' title='bbox 775 3617 829 3651; x_wconf 56' lang='grc' dir='ltr'>ΡΞ</span> <span class='ocrx_word' id='word_1_465' title='bbox 917 3618 960 3660; x_wconf 80' lang='grc'><strong>(7)</strong></span> <span class='ocrx_word' id='word_1_466' title='bbox 984 3617 1140 3650; x_wconf 88' lang='lat' dir='ltr'>scribitus</span> <span class='ocrx_word' id='word_1_467' title='bbox 1153 3617 1214 3659; x_wconf 84' lang='lat' dir='ltr'>F2,</span> 
     </span>
    </p>

    <p class='ocr_par' dir='ltr' id='par_1_13' title="bbox 125 3662 1214 3706">
     <span class='ocr_line' id='line_1_70' title="bbox 125 3662 1214 3706; baseline -0.001 -11"><span class='ocrx_word' id='word_1_468' title='bbox 125 3662 278 3696; x_wconf 79' lang='lat' dir='ltr'>scribitas</span> <span class='ocrx_word' id='word_1_469' title='bbox 289 3663 323 3696; x_wconf 81' lang='lat' dir='ltr'><em>F</em></span> <span class='ocrx_word' id='word_1_470' title='bbox 330 3663 340 3683; x_wconf 85' lang='lat'>²</span> <span class='ocrx_word' id='word_1_471' title='bbox 414 3663 459 3704; x_wconf 86' lang='lat'>(8)</span> <span class='ocrx_word' id='word_1_472' title='bbox 483 3664 520 3696; x_wconf 81' lang='lat' dir='ltr'>id</span> <span class='ocrx_word' id='word_1_473' title='bbox 530 3670 595 3697; x_wconf 78' lang='lat' dir='ltr'>est.-</span> <span class='ocrx_word' id='word_1_474' title='bbox 620 3662 822 3696; x_wconf 87' lang='lat' dir='ltr'>camelorum</span> <span class='ocrx_word' id='word_1_475' title='bbox 833 3663 975 3706; x_wconf 76' lang='lat' dir='ltr'>agitatio</span> <span class='ocrx_word' id='word_1_476' title='bbox 986 3662 1214 3704; x_wconf 88' lang='lat' dir='ltr'>exhibitioque</span> 
     </span>
    </p>

    <p class='ocr_par' dir='ltr' id='par_1_14' title="bbox 126 3707 1212 3751">
     <span class='ocr_line' id='line_1_71' title="bbox 126 3707 1212 3751; baseline -0.002 -9"><span class='ocrx_word' id='word_1_477' title='bbox 126 3709 172 3749; x_wconf 81' lang='grc'><strong>(9)</strong></span> <span class='ocrx_word' id='word_1_478' title='bbox 196 3718 261 3750; x_wconf 77' lang='lat' dir='ltr'>que</span> <span class='ocrx_word' id='word_1_479' title='bbox 273 3708 334 3742; x_wconf 82' lang='lat' dir='ltr'>del.</span> <span class='ocrx_word' id='word_1_480' title='bbox 347 3708 431 3742; x_wconf 83' lang='lat' dir='ltr'>Hal.</span> <span class='ocrx_word' id='word_1_481' title='bbox 542 3709 605 3750; x_wconf 75' lang='lat' dir='ltr'>(lo)</span> <span class='ocrx_word' id='word_1_482' title='bbox 629 3708 672 3741; x_wconf 82' lang='lat' dir='ltr'>ad</span> <span class='ocrx_word' id='word_1_483' title='bbox 685 3710 746 3744; x_wconf 78' lang='lat' dir='ltr'>ins.</span> <span class='ocrx_word' id='word_1_484' title='bbox 859 3709 915 3751; x_wconf 86' lang='grc'>(11)</span> <span class='ocrx_word' id='word_1_485' title='bbox 937 3707 1137 3741; x_wconf 81' lang='lat' dir='ltr'>munitionis</span> <span class='ocrx_word' id='word_1_486' title='bbox 1148 3720 1212 3741; x_wconf 85' lang='lat' dir='ltr'>scr.</span> 
     </span>
    </p>

    <p class='ocr_par' dir='ltr' id='par_1_15' title="bbox 126 3750 1214 3796">
     <span class='ocr_line' id='line_1_72' title="bbox 126 3750 1214 3796; baseline -0.002 -9"><span class='ocrx_word' id='word_1_487' title='bbox 126 3755 186 3796; x_wconf 87' lang='grc'>(12)</span> <span class='ocrx_word' id='word_1_488' title='bbox 209 3750 435 3787; x_wconf 75' lang='lat' dir='ltr'>calefactionis</span> <span class='ocrx_word' id='word_1_489' title='bbox 450 3766 514 3788; x_wconf 72' lang='lat' dir='ltr'>scr.</span> <span class='ocrx_word' id='word_1_490' title='bbox 622 3755 681 3795; x_wconf 82' lang='lat'><strong>(13)</strong></span> <span class='ocrx_word' id='word_1_491' title='bbox 705 3753 880 3787; x_wconf 85' lang='lat' dir='ltr'>divisionis</span> <span class='ocrx_word' id='word_1_492' title='bbox 897 3766 961 3788; x_wconf 79' lang='lat' dir='ltr'>scr.</span> <span class='ocrx_word' id='word_1_493' title='bbox 1072 3755 1128 3794; x_wconf 78' lang='grc'>(14)</span> <span class='ocrx_word' id='word_1_494' title='bbox 1153 3763 1214 3795; x_wconf 86' lang='lat' dir='ltr'>pro</span> 
     </span>
    </p>
   </div>
   <div class='ocr_carea' id='block_1_8' title="bbox 556 3482 793 3525">
    <p class='ocr_par' dir='ltr' id='par_1_16' title="bbox 556 3482 793 3525">
     <span class='ocr_line' id='line_1_73' title="bbox 556 3482 793 3525; baseline -0.004 -9"><span class='ocrx_word' id='word_1_495' title='bbox 556 3485 600 3525; x_wconf 89' lang='grc'><strong>(2)</strong></span> <span class='ocrx_word' id='word_1_496' title='bbox 625 3482 747 3515; x_wconf 83' lang='lat' dir='ltr'>invitet</span> <span class='ocrx_word' id='word_1_497' title='bbox 759 3482 793 3515; x_wconf 83' lang='lat' dir='ltr'><em>F</em></span> 
     </span>
    </p>
   </div>
   <div class='ocr_carea' id='block_1_9' title="bbox 1212 111 1294 159">
    <p class='ocr_par' dir='ltr' id='par_1_17' title="bbox 1212 111 1294 159">
     <span class='ocr_line' id='line_1_74' title="bbox 1212 111 1294 159; baseline -0.012 0"><span class='ocrx_word' id='word_1_498' title='bbox 1212 111 1294 159; x_wconf 79' lang='lat'>845</span> 
     </span>
    </p>
   </div>
   <div class='ocr_carea' id='block_1_10' title="bbox 1260 2961 1458 3005">
    <p class='ocr_par' dir='ltr' id='par_1_18' title="bbox 1260 2961 1458 3005">
     <span class='ocr_line' id='line_1_75' title="bbox 1260 2961 1458 3005; baseline -0.005 -8"><span class='ocrx_word' id='word_1_499' title='bbox 1260 2977 1262 2979; x_wconf 54' lang='lat'>&gt;</span> <span class='ocrx_word' id='word_1_500' title='bbox 1285 2965 1306 2997; x_wconf 84' lang='lat'><strong>9</strong></span> <span class='ocrx_word' id='word_1_501' title='bbox 1354 2961 1458 3005; x_wconf 78' lang='lat' dir='ltr'>Quod</span> 
     </span>
    </p>
   </div>
   <div class='ocr_carea' id='block_1_11' title="bbox 2154 126 2373 168">
    <p class='ocr_par' dir='ltr' id='par_1_19' title="bbox 2154 126 2373 168">
     <span class='ocr_line' id='line_1_76' title="bbox 2154 126 2373 168; baseline 0 0"><span class='ocrx_word' id='word_1_502' title='bbox 2154 126 2190 168; x_wconf 70' lang='lat'>1.</span> <span class='ocrx_word' id='word_1_503' title='bbox 2221 128 2258 168; x_wconf 84' lang='lat'>2.</span> <span class='ocrx_word' id='word_1_504' title='bbox 2287 129 2323 168; x_wconf 88' lang='lat'>3.</span> <span class='ocrx_word' id='word_1_505' title='bbox 2350 130 2373 168; x_wconf 78' lang='lat'>4</span> 
     </span>
    </p>
   </div>
   <div class='ocr_carea' id='block_1_12' title="bbox 1288 238 2380 1927">
    <p class='ocr_par' dir='ltr' id='par_1_20' title="bbox 1289 238 2379 1508">
     <span class='ocr_line' id='line_1_77' title="bbox 1289 238 2372 295; baseline 0.008 -20"><span class='ocrx_word' id='word_1_506' title='bbox 1289 240 1375 293; x_wconf 75' lang='lat' dir='ltr'>item</span> <span class='ocrx_word' id='word_1_507' title='bbox 1398 238 1629 292; x_wconf 67' lang='lat' dir='ltr'>navicularis:</span> <span class='ocrx_word' id='word_1_508' title='bbox 1662 240 1975 295; x_wconf 77' lang='lat' dir='ltr'>decemprimatus:</span> <span class='ocrx_word' id='word_1_509' title='bbox 2010 246 2056 282; x_wconf 88' lang='lat' dir='ltr'>ab</span> <span class='ocrx_word' id='word_1_510' title='bbox 2087 246 2165 283; x_wconf 90' lang='lat' dir='ltr'>istis</span> <span class='ocrx_word' id='word_1_511' title='bbox 2196 247 2288 283; x_wconf 90' lang='lat' dir='ltr'>enim</span> <span class='ocrx_word' id='word_1_512' title='bbox 2312 258 2372 294; x_wconf 89' lang='lat' dir='ltr'>pe-</span> 
     </span>
     <span class='ocr_line' id='line_1_78' title="bbox 1290 285 2373 339; baseline 0.008 -19"><span class='ocrx_word' id='word_1_513' title='bbox 1290 285 1402 321; x_wconf 90' lang='lat' dir='ltr'>riculo</span> <span class='ocrx_word' id='word_1_514' title='bbox 1440 296 1599 339; x_wconf 70' lang='lat' dir='ltr'>ipsorum</span> <span class='ocrx_word' id='word_1_515' title='bbox 1625 291 1839 338; x_wconf 39' lang='lat' dir='ltr'>‚exactiones</span> <span class='ocrx_word' id='word_1_516' title='bbox 1879 290 2102 327; x_wconf 88' lang='lat' dir='ltr'>sollemnium</span> <span class='ocrx_word' id='word_1_517' title='bbox 2135 293 2373 329; x_wconf 87' lang='lat' dir='ltr'>celebrantur.</span> 
     </span>
     <span class='ocr_line' id='line_1_79' title="bbox 1290 330 2374 381; baseline 0.008 -15"><span class='ocrx_word' id='word_1_518' title='bbox 1290 333 1309 365; x_wconf 85' lang='lat'><strong>2</strong></span> <span class='ocrx_word' id='word_1_519' title='bbox 1360 330 1571 366; x_wconf 87' lang='lat' dir='ltr'>Personaha</span> <span class='ocrx_word' id='word_1_520' title='bbox 1602 332 1718 366; x_wconf 91' lang='lat' dir='ltr'>civilia</span> <span class='ocrx_word' id='word_1_521' title='bbox 1748 338 1832 368; x_wconf 90' lang='lat' dir='ltr'>sunt</span> <span class='ocrx_word' id='word_1_522' title='bbox 1854 345 2002 371; x_wconf 84' lang='lat' dir='ltr'>munera</span> <span class='ocrx_word' id='word_1_523' title='bbox 2027 337 2184 374; x_wconf 88' lang='lat' dir='ltr'>defensio</span> <span class='ocrx_word' id='word_1_524' title='bbox 2210 339 2374 381; x_wconf 87' lang='lat' dir='ltr'>civitatis,</span> 
     </span>
     <span class='ocr_line' id='line_1_80' title="bbox 1289 375 2374 429; baseline 0.009 -19"><span class='ocrx_word' id='word_1_525' title='bbox 1289 375 1326 411; x_wconf 88' lang='lat' dir='ltr'>id</span> <span class='ocrx_word' id='word_1_526' title='bbox 1350 378 1406 411; x_wconf 91' lang='lat' dir='ltr'>est</span> <span class='ocrx_word' id='word_1_527' title='bbox 1428 378 1470 410; x_wconf 90' lang='lat' dir='ltr'>ut</span> <span class='ocrx_word' id='word_1_528' title='bbox 1493 375 1661 429; x_wconf 75' lang='lat' dir='ltr'>syndicus</span> <span class='ocrx_word' id='word_1_529' title='bbox 1684 377 1765 414; x_wconf 88' lang='lat' dir='ltr'>fiat:</span> <span class='ocrx_word' id='word_1_530' title='bbox 1796 379 1925 424; x_wconf 88' lang='lat' dir='ltr'>legatio</span> <span class='ocrx_word' id='word_1_531' title='bbox 1959 381 2004 416; x_wconf 89' lang='lat' dir='ltr'>ad</span> <span class='ocrx_word' id='word_1_532' title='bbox 2038 393 2166 419; x_wconf 90' lang='lat' dir='ltr'>census</span> <span class='ocrx_word' id='word_1_533' title='bbox 2196 384 2374 429; x_wconf 88' lang='lat' dir='ltr'>accipien-</span> 
     </span>
     <span class='ocr_line' id='line_1_81' title="bbox 1291 421 2373 472; baseline 0.006 -15"><span class='ocrx_word' id='word_1_534' title='bbox 1291 421 1399 457; x_wconf 86' lang='lat' dir='ltr'>dum⁶</span> <span class='ocrx_word' id='word_1_535' title='bbox 1423 421 1479 456; x_wconf 88' lang='lat' dir='ltr'>vel</span> <span class='ocrx_word' id='word_1_536' title='bbox 1502 422 1769 466; x_wconf 79' lang='lat' dir='ltr'>patrimonium:</span> <span class='ocrx_word' id='word_1_537' title='bbox 1795 425 2014 462; x_wconf 88' lang='lat' dir='ltr'>scribatus⁷:</span> <span class='ocrx_word' id='word_1_538' title='bbox 2040 427 2284 472; x_wconf 61' lang='grc' dir='ltr'><em>καμηλασίαὸι</em></span> <span class='ocrx_word' id='word_1_539' title='bbox 2311 440 2373 464; x_wconf 89' lang='lat' dir='ltr'>an-</span> 
     </span>
     <span class='ocr_line' id='line_1_82' title="bbox 1289 466 2375 519; baseline 0.007 -17"><span class='ocrx_word' id='word_1_540' title='bbox 1289 476 1406 502; x_wconf 88' lang='lat' dir='ltr'>nonae</span> <span class='ocrx_word' id='word_1_541' title='bbox 1441 476 1485 502; x_wconf 85' lang='lat' dir='ltr'>ac</span> <span class='ocrx_word' id='word_1_542' title='bbox 1516 466 1681 518; x_wconf 81' lang='lat' dir='ltr'>similium</span> <span class='ocrx_word' id='word_1_543' title='bbox 1714 478 1818 504; x_wconf 84' lang='lat' dir='ltr'>cura:</span> <span class='ocrx_word' id='word_1_544' title='bbox 1858 471 2177 517; x_wconf 83' lang='lat' dir='ltr'>praediorumque⁹</span> <span class='ocrx_word' id='word_1_545' title='bbox 2214 474 2375 519; x_wconf 88' lang='lat' dir='ltr'>publico-</span> 
     </span>
     <span class='ocr_line' id='line_1_83' title="bbox 1290 511 2375 564; baseline 0.009 -18"><span class='ocrx_word' id='word_1_546' title='bbox 1290 523 1386 547; x_wconf 87' lang='lat' dir='ltr'>rum:</span> <span class='ocrx_word' id='word_1_547' title='bbox 1417 511 1586 564; x_wconf 74' lang='lat' dir='ltr'>frumenti</span> <span class='ocrx_word' id='word_1_548' title='bbox 1611 514 1857 557; x_wconf 84' lang='lat' dir='ltr'>comparandi:</span> <span class='ocrx_word' id='word_1_549' title='bbox 1892 526 2006 561; x_wconf 90' lang='lat' dir='ltr'>aquae</span> <span class='ocrx_word' id='word_1_550' title='bbox 2031 517 2177 554; x_wconf 88' lang='lat' dir='ltr'>ductus:</span> <span class='ocrx_word' id='word_1_551' title='bbox 2204 529 2375 563; x_wconf 88' lang='lat' dir='ltr'>equorum</span> 
     </span>
     <span class='ocr_line' id='line_1_84' title="bbox 1291 558 2373 604; baseline 0.008 -12"><span class='ocrx_word' id='word_1_552' title='bbox 1291 558 1503 593; x_wconf 88' lang='lat' dir='ltr'>circensium</span> <span class='ocrx_word' id='word_1_553' title='bbox 1516 558 1544 578; x_wconf 86' lang='lat'>¹⁰</span> <span class='ocrx_word' id='word_1_554' title='bbox 1567 559 1791 601; x_wconf 82' lang='lat' dir='ltr'>spectacula:</span> <span class='ocrx_word' id='word_1_555' title='bbox 1817 561 1980 604; x_wconf 88' lang='lat' dir='ltr'>publicae</span> <span class='ocrx_word' id='word_1_556' title='bbox 2004 563 2081 597; x_wconf 91' lang='lat' dir='ltr'>viae</span> <span class='ocrx_word' id='word_1_557' title='bbox 2101 564 2311 601; x_wconf 89' lang='lat' dir='ltr'>munitiones</span> <span class='ocrx_word' id='word_1_558' title='bbox 2326 567 2373 600; x_wconf 87' lang='lat'>¹¹:</span> 
     </span>
     <span class='ocr_line' id='line_1_85' title="bbox 1290 602 2372 645; baseline 0.007 -7"><span class='ocrx_word' id='word_1_559' title='bbox 1290 613 1396 638; x_wconf 86' lang='lat' dir='ltr'>arcae</span> <span class='ocrx_word' id='word_1_560' title='bbox 1419 602 1693 638; x_wconf 84' lang='lat' dir='ltr'>frumentariae:</span> <span class='ocrx_word' id='word_1_561' title='bbox 1721 603 2013 641; x_wconf 86' lang='lat' dir='ltr'>calefactiones¹²</span> <span class='ocrx_word' id='word_1_562' title='bbox 2039 608 2275 645; x_wconf 87' lang='lat' dir='ltr'>thermarum:</span> <span class='ocrx_word' id='word_1_563' title='bbox 2309 620 2372 645; x_wconf 90' lang='lat' dir='ltr'>an-</span> 
     </span>
     <span class='ocr_line' id='line_1_86' title="bbox 1290 648 2375 694; baseline 0.007 -11"><span class='ocrx_word' id='word_1_564' title='bbox 1290 658 1407 683; x_wconf 89' lang='lat' dir='ltr'>nonae</span> <span class='ocrx_word' id='word_1_565' title='bbox 1433 648 1557 683; x_wconf 90' lang='lat' dir='ltr'>divisio</span> <span class='ocrx_word' id='word_1_566' title='bbox 1572 648 1598 669; x_wconf 87' lang='lat'>¹³</span> <span class='ocrx_word' id='word_1_567' title='bbox 1623 651 1658 683; x_wconf 90' lang='lat' dir='ltr'>et</span> <span class='ocrx_word' id='word_1_568' title='bbox 1683 659 1927 694; x_wconf 87' lang='lat' dir='ltr'>quaecumque</span> <span class='ocrx_word' id='word_1_569' title='bbox 1951 652 2042 687; x_wconf 89' lang='lat' dir='ltr'>aliae</span> <span class='ocrx_word' id='word_1_570' title='bbox 2067 663 2173 689; x_wconf 89' lang='lat' dir='ltr'>curae</span> <span class='ocrx_word' id='word_1_571' title='bbox 2194 654 2271 690; x_wconf 90' lang='lat' dir='ltr'>istis</span> <span class='ocrx_word' id='word_1_572' title='bbox 2291 659 2375 690; x_wconf 84' lang='lat' dir='ltr'>sunt</span> 
     </span>
     <span class='ocr_line' id='line_1_87' title="bbox 1291 692 2374 740; baseline 0.007 -12"><span class='ocrx_word' id='word_1_573' title='bbox 1291 694 1432 729; x_wconf 85' lang='lat' dir='ltr'>similes.</span> <span class='ocrx_word' id='word_1_574' title='bbox 1481 703 1526 728; x_wconf 83' lang='lat' dir='ltr'>ex</span> <span class='ocrx_word' id='word_1_575' title='bbox 1549 692 1604 728; x_wconf 92' lang='lat' dir='ltr'>his</span> <span class='ocrx_word' id='word_1_576' title='bbox 1629 693 1740 737; x_wconf 88' lang='lat' dir='ltr'>enim,</span> <span class='ocrx_word' id='word_1_577' title='bbox 1767 705 1857 738; x_wconf 88' lang='lat' dir='ltr'>quae</span> <span class='ocrx_word' id='word_1_578' title='bbox 1881 697 2092 740; x_wconf 88' lang='lat' dir='ltr'>rettulimus,</span> <span class='ocrx_word' id='word_1_579' title='bbox 2123 702 2242 734; x_wconf 90' lang='lat' dir='ltr'>cetera</span> <span class='ocrx_word' id='word_1_580' title='bbox 2267 701 2374 735; x_wconf 86' lang='lat' dir='ltr'>etiam</span> 
     </span>
     <span class='ocr_line' id='line_1_88' title="bbox 1291 738 2375 790; baseline 0.006 -17"><span class='ocrx_word' id='word_1_581' title='bbox 1291 749 1355 783; x_wconf 90' lang='lat' dir='ltr'>per</span> <span class='ocrx_word' id='word_1_582' title='bbox 1383 739 1479 783; x_wconf 87' lang='lat' dir='ltr'>leges</span> <span class='ocrx_word' id='word_1_583' title='bbox 1510 738 1682 783; x_wconf 89' lang='lat' dir='ltr'>cuiusque</span> <span class='ocrx_word' id='word_1_584' title='bbox 1714 739 1865 775; x_wconf 91' lang='lat' dir='ltr'>civitatis</span> <span class='ocrx_word' id='word_1_585' title='bbox 1905 751 1948 775; x_wconf 85' lang='lat' dir='ltr'>ex</span> <span class='ocrx_word' id='word_1_586' title='bbox 1984 744 2238 779; x_wconf 85' lang='lat' dir='ltr'>consuetudine</span> <span class='ocrx_word' id='word_1_587' title='bbox 2268 745 2375 790; x_wconf 88' lang='lat' dir='ltr'>longa</span> 
     </span>
     <span class='ocr_line' id='line_1_89' title="bbox 1290 784 2374 834; baseline 0.007 -16"><span class='ocrx_word' id='word_1_588' title='bbox 1290 788 1310 819; x_wconf 88' lang='lat'><strong>3</strong></span> <span class='ocrx_word' id='word_1_589' title='bbox 1356 784 1512 829; x_wconf 86' lang='lat' dir='ltr'>intellegi</span> <span class='ocrx_word' id='word_1_590' title='bbox 1536 785 1782 829; x_wconf 79' lang='lat' dir='ltr'>potuerunt¹·&#39;⁴.</span> <span class='ocrx_word' id='word_1_591' title='bbox 1822 784 1915 820; x_wconf 81' lang='lat' dir='ltr'>Illud</span> <span class='ocrx_word' id='word_1_592' title='bbox 1938 788 2128 823; x_wconf 88' lang='lat' dir='ltr'>tenendum</span> <span class='ocrx_word' id='word_1_593' title='bbox 2152 793 2206 824; x_wconf 92' lang='lat' dir='ltr'>est</span> <span class='ocrx_word' id='word_1_594' title='bbox 2228 800 2374 834; x_wconf 86' lang='lat' dir='ltr'>genera-</span> 
     </span>
     <span class='ocr_line' id='line_1_90' title="bbox 1289 829 2375 879; baseline 0.006 -15"><span class='ocrx_word' id='word_1_595' title='bbox 1289 829 1370 864; x_wconf 91' lang='lat' dir='ltr'>liter</span> <span class='ocrx_word' id='word_1_596' title='bbox 1393 829 1583 875; x_wconf 86' lang='lat' dir='ltr'>personale</span> <span class='ocrx_word' id='word_1_597' title='bbox 1606 829 1748 873; x_wconf 86' lang='lat' dir='ltr'>quidem</span> <span class='ocrx_word' id='word_1_598' title='bbox 1771 840 1900 866; x_wconf 91' lang='lat' dir='ltr'>munus</span> <span class='ocrx_word' id='word_1_599' title='bbox 1925 841 2023 874; x_wconf 88' lang='lat' dir='ltr'>esse,</span> <span class='ocrx_word' id='word_1_600' title='bbox 2049 833 2143 876; x_wconf 90' lang='lat' dir='ltr'>quod</span> <span class='ocrx_word' id='word_1_601' title='bbox 2167 835 2375 879; x_wconf 89' lang='lat' dir='ltr'>corporibus</span> 
     </span>
     <span class='ocr_line' id='line_1_91' title="bbox 1289 874 2374 922; baseline 0.005 -12"><span class='ocrx_word' id='word_1_602' title='bbox 1289 875 1414 910; x_wconf 90' lang='lat' dir='ltr'>labore</span> <span class='ocrx_word' id='word_1_603' title='bbox 1446 885 1526 909; x_wconf 92' lang='lat' dir='ltr'>cum</span> <span class='ocrx_word' id='word_1_604' title='bbox 1559 874 1797 910; x_wconf 89' lang='lat' dir='ltr'>sollicitudine</span> <span class='ocrx_word' id='word_1_605' title='bbox 1830 876 1937 911; x_wconf 91' lang='lat' dir='ltr'>animi</span> <span class='ocrx_word' id='word_1_606' title='bbox 1968 887 2010 912; x_wconf 88' lang='lat' dir='ltr'>ac</span> <span class='ocrx_word' id='word_1_607' title='bbox 2033 878 2212 922; x_wconf 83' lang='lat' dir='ltr'>vigilantia</span> <span class='ocrx_word' id='word_1_608' title='bbox 2236 880 2374 915; x_wconf 89' lang='lat' dir='ltr'>sollem-</span> 
     </span>
     <span class='ocr_line' id='line_1_92' title="bbox 1290 919 2376 970; baseline 0.006 -16"><span class='ocrx_word' id='word_1_609' title='bbox 1290 921 1383 955; x_wconf 90' lang='lat' dir='ltr'>niter</span> <span class='ocrx_word' id='word_1_610' title='bbox 1424 919 1540 955; x_wconf 87' lang='lat' dir='ltr'>extitit</span> <span class='ocrx_word' id='word_1_611' title='bbox 1553 921 1590 962; x_wconf 83' lang='lat'>¹⁵,</span> <span class='ocrx_word' id='word_1_612' title='bbox 1661 919 1839 955; x_wconf 90' lang='lat' dir='ltr'>atrimonii</span> <span class='ocrx_word' id='word_1_613' title='bbox 1879 932 1980 965; x_wconf 85' lang='lat' dir='ltr'>vero,</span> <span class='ocrx_word' id='word_1_614' title='bbox 2024 922 2061 957; x_wconf 92' lang='lat' dir='ltr'>in</span> <span class='ocrx_word' id='word_1_615' title='bbox 2103 935 2171 968; x_wconf 93' lang='lat' dir='ltr'>quo</span> <span class='ocrx_word' id='word_1_616' title='bbox 2214 929 2376 970; x_wconf 87' lang='lat' dir='ltr'>sumptus</span> 
     </span>
     <span class='ocr_line' id='line_1_93' title="bbox 1291 966 2376 1012; baseline 0.006 -12"><span class='ocrx_word' id='word_1_617' title='bbox 1291 969 1311 1000; x_wconf 90' lang='grc'>4</span> <span class='ocrx_word' id='word_1_618' title='bbox 1359 966 1511 1000; x_wconf 85' lang='lat' dir='ltr'>maxime</span> <span class='ocrx_word' id='word_1_619' title='bbox 1534 968 1641 1011; x_wconf 87' lang='lat' dir='ltr'>postu</span> <span class='ocrx_word' id='word_1_620' title='bbox 1657 968 1749 1001; x_wconf 90' lang='lat' dir='ltr'>atur.</span> <span class='ocrx_word' id='word_1_621' title='bbox 1798 968 1921 1011; x_wconf 87' lang='lat' dir='ltr'>Aeque</span> <span class='ocrx_word' id='word_1_622' title='bbox 1949 969 2136 1012; x_wconf 88' lang='lat' dir='ltr'>personale</span> <span class='ocrx_word' id='word_1_623' title='bbox 2167 980 2295 1005; x_wconf 92' lang='lat' dir='ltr'>munus</span> <span class='ocrx_word' id='word_1_624' title='bbox 2322 974 2376 1006; x_wconf 88' lang='lat' dir='ltr'>est</span> 
     </span>
     <span class='ocr_line' id='line_1_94' title="bbox 1292 1010 2376 1059; baseline 0.005 -14"><span class='ocrx_word' id='word_1_625' title='bbox 1292 1011 1422 1053; x_wconf 91' lang='lat' dir='ltr'>tutela,</span> <span class='ocrx_word' id='word_1_626' title='bbox 1462 1021 1550 1046; x_wconf 86' lang='lat' dir='ltr'>cura</span> <span class='ocrx_word' id='word_1_627' title='bbox 1585 1010 1700 1046; x_wconf 88' lang='lat' dir='ltr'>adulti</span> <span class='ocrx_word' id='word_1_628' title='bbox 1735 1010 1921 1055; x_wconf 88' lang='lat' dir='ltr'>furiosive,</span> <span class='ocrx_word' id='word_1_629' title='bbox 1963 1012 2047 1048; x_wconf 92' lang='lat' dir='ltr'>item</span> <span class='ocrx_word' id='word_1_630' title='bbox 2083 1014 2238 1059; x_wconf 88' lang='lat' dir='ltr'>prodigi,</span> <span class='ocrx_word' id='word_1_631' title='bbox 2276 1016 2376 1058; x_wconf 92' lang='lat' dir='ltr'>muti,</span> 
     </span>
     <span class='ocr_line' id='line_1_95' title="bbox 1291 1056 2376 1104; baseline 0.005 -13"><span class='ocrx_word' id='word_1_632' title='bbox 1291 1056 1398 1092; x_wconf 89' lang='lat' dir='ltr'>etiam</span> <span class='ocrx_word' id='word_1_633' title='bbox 1423 1056 1554 1092; x_wconf 88' lang='lat' dir='ltr'>ventris</span> <span class='ocrx_word' id='word_1_634' title='bbox 1569 1057 1608 1097; x_wconf 79' lang='lat'>¹⁶,</span> <span class='ocrx_word' id='word_1_635' title='bbox 1642 1056 1749 1091; x_wconf 85' lang='lat' dir='ltr'>etiam</span> <span class='ocrx_word' id='word_1_636' title='bbox 1781 1056 1828 1091; x_wconf 90' lang='lat' dir='ltr'>ad</span> <span class='ocrx_word' id='word_1_637' title='bbox 1851 1057 2090 1093; x_wconf 84' lang='lat' dir='ltr'>exhibendum</span> <span class='ocrx_word' id='word_1_638' title='bbox 2115 1059 2231 1094; x_wconf 89' lang='lat' dir='ltr'>cibum</span> <span class='ocrx_word' id='word_1_639' title='bbox 2254 1064 2376 1104; x_wconf 86' lang='lat' dir='ltr'>potum</span> 
     </span>
     <span class='ocr_line' id='line_1_96' title="bbox 1291 1101 2376 1146; baseline 0.005 -10"><span class='ocrx_word' id='word_1_640' title='bbox 1291 1105 1424 1137; x_wconf 90' lang='lat' dir='ltr'>tectum</span> <span class='ocrx_word' id='word_1_641' title='bbox 1456 1105 1492 1137; x_wconf 91' lang='lat' dir='ltr'>et</span> <span class='ocrx_word' id='word_1_642' title='bbox 1523 1101 1663 1137; x_wconf 88' lang='lat' dir='ltr'>similia.</span> <span class='ocrx_word' id='word_1_643' title='bbox 1712 1101 1775 1137; x_wconf 83' lang='lat' dir='ltr'>sed</span> <span class='ocrx_word' id='word_1_644' title='bbox 1804 1105 1840 1137; x_wconf 93' lang='lat' dir='ltr'>et</span> <span class='ocrx_word' id='word_1_645' title='bbox 1870 1102 1907 1137; x_wconf 92' lang='lat' dir='ltr'>in</span> <span class='ocrx_word' id='word_1_646' title='bbox 1940 1103 2094 1146; x_wconf 82' lang='lat' dir='ltr'>bonis¹⁷‚</span> <span class='ocrx_word' id='word_1_647' title='bbox 2128 1104 2228 1140; x_wconf 92' lang='lat' dir='ltr'>cuius</span> <span class='ocrx_word' id='word_1_648' title='bbox 2258 1105 2376 1141; x_wconf 88' lang='lat' dir='ltr'>officio</span> 
     </span>
     <span class='ocr_line' id='line_1_97' title="bbox 1292 1146 2377 1193; baseline 0.004 -11"><span class='ocrx_word' id='word_1_649' title='bbox 1292 1158 1404 1182; x_wconf 91' lang='lat' dir='ltr'>usuca</span> <span class='ocrx_word' id='word_1_650' title='bbox 1430 1147 1529 1182; x_wconf 91' lang='lat' dir='ltr'>iones</span> <span class='ocrx_word' id='word_1_651' title='bbox 1548 1146 1823 1192; x_wconf 88' lang='lat' dir='ltr'>interpellantur</span> <span class='ocrx_word' id='word_1_652' title='bbox 1842 1157 1896 1187; x_wconf 85' lang='lat' dir='ltr'>ac,</span> <span class='ocrx_word' id='word_1_653' title='bbox 1915 1158 1960 1183; x_wconf 92' lang='lat' dir='ltr'>ne</span> <span class='ocrx_word' id='word_1_654' title='bbox 1977 1147 2153 1185; x_wconf 87' lang='lat' dir='ltr'>debitores</span> <span class='ocrx_word' id='word_1_655' title='bbox 2172 1150 2377 1193; x_wconf 90' lang='lat' dir='ltr'>liberentur,</span> 
     </span>
     <span class='ocr_line' id='line_1_98' title="bbox 1290 1192 2377 1240; baseline 0.005 -14"><span class='ocrx_word' id='word_1_656' title='bbox 1290 1193 1391 1238; x_wconf 90' lang='lat' dir='ltr'>provi</span> <span class='ocrx_word' id='word_1_657' title='bbox 1417 1196 1513 1227; x_wconf 91' lang='lat' dir='ltr'>etur:</span> <span class='ocrx_word' id='word_1_658' title='bbox 1539 1192 1624 1227; x_wconf 91' lang='lat' dir='ltr'>item</span> <span class='ocrx_word' id='word_1_659' title='bbox 1649 1202 1693 1227; x_wconf 84' lang='lat' dir='ltr'>ex</span> <span class='ocrx_word' id='word_1_660' title='bbox 1714 1192 1941 1228; x_wconf 87' lang='lat' dir='ltr'>Carboniano</span> <span class='ocrx_word' id='word_1_661' title='bbox 1964 1193 2079 1229; x_wconf 90' lang='lat' dir='ltr'>edicto</span> <span class='ocrx_word' id='word_1_662' title='bbox 2100 1194 2275 1230; x_wconf 92' lang='lat' dir='ltr'>bonorum</span> <span class='ocrx_word' id='word_1_663' title='bbox 2295 1206 2377 1240; x_wconf 89' lang='lat' dir='ltr'>pos·</span> 
     </span>
     <span class='ocr_line' id='line_1_99' title="bbox 1291 1237 2378 1282; baseline 0.004 -10"><span class='ocrx_word' id='word_1_664' title='bbox 1291 1238 1449 1273; x_wconf 88' lang='lat' dir='ltr'>sessione</span> <span class='ocrx_word' id='word_1_665' title='bbox 1473 1237 1596 1282; x_wconf 89' lang='lat' dir='ltr'>petita,</span> <span class='ocrx_word' id='word_1_666' title='bbox 1622 1237 1652 1272; x_wconf 91' lang='lat' dir='ltr'>si</span> <span class='ocrx_word' id='word_1_667' title='bbox 1672 1237 1760 1273; x_wconf 90' lang='lat' dir='ltr'>satis</span> <span class='ocrx_word' id='word_1_668' title='bbox 1781 1248 1854 1273; x_wconf 93' lang='lat' dir='ltr'>non</span> <span class='ocrx_word' id='word_1_669' title='bbox 1872 1237 1987 1281; x_wconf 89' lang='lat' dir='ltr'>detur,</span> <span class='ocrx_word' id='word_1_670' title='bbox 2013 1239 2254 1275; x_wconf 89' lang='lat' dir='ltr'>custodiendis</span> <span class='ocrx_word' id='word_1_671' title='bbox 2276 1240 2378 1276; x_wconf 91' lang='lat' dir='ltr'>bonis</span> 
     </span>
     <span class='ocr_line' id='line_1_100' title="bbox 1292 1282 2378 1328; baseline 0.003 -10"><span class='ocrx_word' id='word_1_672' title='bbox 1292 1287 1438 1318; x_wconf 90' lang='lat' dir='ltr'>curator</span> <span class='ocrx_word' id='word_1_673' title='bbox 1463 1283 1567 1318; x_wconf 91' lang='lat' dir='ltr'>datus</span> <span class='ocrx_word' id='word_1_674' title='bbox 1592 1283 1775 1327; x_wconf 88' lang='lat' dir='ltr'>personali</span> <span class='ocrx_word' id='word_1_675' title='bbox 1797 1282 1957 1328; x_wconf 83' lang='lat' dir='ltr'>fungitur</span> <span class='ocrx_word' id='word_1_676' title='bbox 1979 1294 2136 1320; x_wconf 90' lang='lat' dir='ltr'>munere.</span> <span class='ocrx_word' id='word_1_677' title='bbox 2173 1285 2227 1320; x_wconf 90' lang='lat' dir='ltr'>his</span> <span class='ocrx_word' id='word_1_678' title='bbox 2248 1285 2378 1321; x_wconf 87' lang='lat' dir='ltr'>similes</span> 
     </span>
     <span class='ocr_line' id='line_1_101' title="bbox 1291 1328 2377 1375; baseline 0.002 -12"><span class='ocrx_word' id='word_1_679' title='bbox 1291 1331 1375 1363; x_wconf 91' lang='lat' dir='ltr'>sunt</span> <span class='ocrx_word' id='word_1_680' title='bbox 1398 1328 1502 1364; x_wconf 89' lang='lat' dir='ltr'>bonis</span> <span class='ocrx_word' id='word_1_681' title='bbox 1527 1328 1603 1363; x_wconf 88' lang='lat' dir='ltr'>dati</span> <span class='ocrx_word' id='word_1_682' title='bbox 1626 1331 1822 1371; x_wconf 87' lang='lat' dir='ltr'>curatores,</span> <span class='ocrx_word' id='word_1_683' title='bbox 1849 1339 1941 1374; x_wconf 88' lang='lat' dir='ltr'>quae</span> <span class='ocrx_word' id='word_1_684' title='bbox 1964 1329 2112 1364; x_wconf 88' lang='lat' dir='ltr'>fuerunt</span> <span class='ocrx_word' id='word_1_685' title='bbox 2136 1330 2222 1372; x_wconf 89' lang='lat' dir='ltr'>eius,</span> <span class='ocrx_word' id='word_1_686' title='bbox 2250 1331 2309 1375; x_wconf 91' lang='lat' dir='ltr'>qui</span> <span class='ocrx_word' id='word_1_687' title='bbox 2333 1332 2377 1365; x_wconf 89' lang='lat' dir='ltr'>ab</span> 
     </span>
     <span class='ocr_line' id='line_1_102' title="bbox 1290 1374 2377 1419; baseline 0.002 -10"><span class='ocrx_word' id='word_1_688' title='bbox 1290 1374 1454 1409; x_wconf 89' lang='lat' dir='ltr'>hostibus</span> <span class='ocrx_word' id='word_1_689' title='bbox 1480 1377 1608 1419; x_wconf 89' lang='lat' dir='ltr'>captus</span> <span class='ocrx_word' id='word_1_690' title='bbox 1633 1377 1687 1409; x_wconf 89' lang='lat' dir='ltr'>est</span> <span class='ocrx_word' id='word_1_691' title='bbox 1712 1377 1748 1409; x_wconf 88' lang='lat' dir='ltr'>et</span> <span class='ocrx_word' id='word_1_692' title='bbox 1771 1374 1901 1410; x_wconf 91' lang='lat' dir='ltr'>reverti</span> <span class='ocrx_word' id='word_1_693' title='bbox 1926 1378 2110 1419; x_wconf 88' lang='lat' dir='ltr'>speratur:</span> <span class='ocrx_word' id='word_1_694' title='bbox 2143 1376 2227 1410; x_wconf 91' lang='lat' dir='ltr'>item</span> <span class='ocrx_word' id='word_1_695' title='bbox 2259 1380 2377 1411; x_wconf 88' lang='lat' dir='ltr'>custo-</span> 
     </span>
     <span class='ocr_line' id='line_1_103' title="bbox 1291 1419 2379 1465; baseline 0.002 -11"><span class='ocrx_word' id='word_1_696' title='bbox 1291 1419 1426 1454; x_wconf 89' lang='lat' dir='ltr'>diendis</span> <span class='ocrx_word' id='word_1_697' title='bbox 1451 1420 1497 1454; x_wconf 94' lang='lat' dir='ltr'>ab</span> <span class='ocrx_word' id='word_1_698' title='bbox 1521 1430 1563 1455; x_wconf 91' lang='lat' dir='ltr'>eo</span> <span class='ocrx_word' id='word_1_699' title='bbox 1588 1419 1722 1454; x_wconf 90' lang='lat' dir='ltr'>relictis</span> <span class='ocrx_word' id='word_1_700' title='bbox 1738 1419 1776 1462; x_wconf 78' lang='lat'>¹⁸,</span> <span class='ocrx_word' id='word_1_701' title='bbox 1811 1420 1869 1454; x_wconf 91' lang='lat' dir='ltr'>cui</span> <span class='ocrx_word' id='word_1_702' title='bbox 1900 1419 2052 1455; x_wconf 89' lang='lat' dir='ltr'>necdum</span> <span class='ocrx_word' id='word_1_703' title='bbox 2076 1420 2262 1465; x_wconf 87' lang='lat' dir='ltr'>quisquam</span> <span class='ocrx_word' id='word_1_704' title='bbox 2287 1421 2379 1457; x_wconf 85' lang='lat' dir='ltr'>civili</span> 
     </span>
     <span class='ocr_line' id='line_1_104' title="bbox 1289 1463 2308 1508; baseline 0.001 -8"><span class='ocrx_word' id='word_1_705' title='bbox 1289 1465 1344 1501; x_wconf 89' lang='lat' dir='ltr'>vel</span> <span class='ocrx_word' id='word_1_706' title='bbox 1368 1464 1562 1500; x_wconf 89' lang='lat' dir='ltr'>honorario</span> <span class='ocrx_word' id='word_1_707' title='bbox 1587 1463 1666 1500; x_wconf 89' lang='lat' dir='ltr'>iure</span> <span class='ocrx_word' id='word_1_708' title='bbox 1691 1465 1876 1508; x_wconf 89' lang='lat' dir='ltr'>successit,</span> <span class='ocrx_word' id='word_1_709' title='bbox 1903 1469 2088 1501; x_wconf 86' lang='lat' dir='ltr'>curatores</span> <span class='ocrx_word' id='word_1_710' title='bbox 2113 1466 2308 1501; x_wconf 83' lang='lat' dir='ltr'>constituti.</span> 
     </span>
    </p>

    <p class='ocr_par' dir='ltr' id='par_1_21' title="bbox 1289 1507 2380 1646">
     <span class='ocr_line' id='line_1_105' title="bbox 1336 1507 2377 1557; baseline -0.001 -11"><span class='ocrx_word' id='word_1_711' title='bbox 1336 1507 1361 1546; x_wconf 89' lang='lat'><strong>2</strong></span> <span class='ocrx_word' id='word_1_712' title='bbox 1399 1509 1595 1546; x_wconf 60' lang='lat' dir='ltr'>[samm</span> <span class='ocrx_word' id='word_1_713' title='bbox 1632 1510 1723 1546; x_wconf 84' lang='lat' dir='ltr'>libro</span> <span class='ocrx_word' id='word_1_714' title='bbox 1753 1511 1945 1546; x_wconf 83' lang='lat' dir='ltr'>vicensimo</span> <span class='ocrx_word' id='word_1_715' title='bbox 1973 1511 2094 1557; x_wconf 80' lang='lat' dir='ltr'>primo</span> <span class='ocrx_word' id='word_1_716' title='bbox 2126 1511 2176 1546; x_wconf 85' lang='lat' dir='ltr'>ad</span> <span class='ocrx_word' id='word_1_717' title='bbox 2206 1510 2377 1547; x_wconf 82' lang='lat' dir='ltr'>Sabinum</span> 
     </span>
     <span class='ocr_line' id='line_1_106' title="bbox 1290 1554 2380 1601; baseline 0.002 -11"><span class='ocrx_word' id='word_1_718' title='bbox 1290 1554 1394 1600; x_wconf 80' lang='lat' dir='ltr'>Quod</span> <span class='ocrx_word' id='word_1_719' title='bbox 1413 1555 1459 1590; x_wconf 90' lang='lat' dir='ltr'>ad</span> <span class='ocrx_word' id='word_1_720' title='bbox 1479 1555 1634 1591; x_wconf 91' lang='lat' dir='ltr'>honores</span> <span class='ocrx_word' id='word_1_721' title='bbox 1655 1555 1819 1600; x_wconf 89' lang='lat' dir='ltr'>pertinet,</span> <span class='ocrx_word' id='word_1_722' title='bbox 1842 1555 1999 1591; x_wconf 86' lang='lat' dir='ltr'>creditur</span> <span class='ocrx_word' id='word_1_723' title='bbox 2017 1556 2055 1590; x_wconf 91' lang='lat' dir='ltr'>in</span> <span class='ocrx_word' id='word_1_724' title='bbox 2072 1558 2251 1601; x_wconf 88' lang='lat' dir='ltr'>potestate</span> <span class='ocrx_word' id='word_1_725' title='bbox 2268 1556 2380 1592; x_wconf 90' lang='lat' dir='ltr'>filium</span> 
     </span>
     <span class='ocr_line' id='line_1_107' title="bbox 1289 1600 2197 1646; baseline -0.001 -10"><span class='ocrx_word' id='word_1_726' title='bbox 1289 1601 1421 1636; x_wconf 90' lang='lat' dir='ltr'>habere</span> <span class='ocrx_word' id='word_1_727' title='bbox 1447 1600 1552 1636; x_wconf 92' lang='lat' dir='ltr'>etiam</span> <span class='ocrx_word' id='word_1_728' title='bbox 1575 1600 1618 1643; x_wconf 89' lang='lat' dir='ltr'>is,</span> <span class='ocrx_word' id='word_1_729' title='bbox 1648 1600 1709 1646; x_wconf 88' lang='lat' dir='ltr'>qui</span> <span class='ocrx_word' id='word_1_730' title='bbox 1731 1600 1769 1636; x_wconf 91' lang='lat' dir='ltr'>in</span> <span class='ocrx_word' id='word_1_731' title='bbox 1792 1601 1906 1646; x_wconf 88' lang='lat' dir='ltr'>patris</span> <span class='ocrx_word' id='word_1_732' title='bbox 1930 1604 2108 1646; x_wconf 89' lang='lat' dir='ltr'>potestate</span> <span class='ocrx_word' id='word_1_733' title='bbox 2132 1605 2197 1637; x_wconf 87' lang='lat' dir='ltr'>est.</span> 
     </span>
    </p>

    <p class='ocr_par' dir='ltr' id='par_1_22' title="bbox 1288 1643 2379 1927">
     <span class='ocr_line' id='line_1_108' title="bbox 1336 1643 2378 1693; baseline -0.002 -9"><span class='ocrx_word' id='word_1_734' title='bbox 1336 1643 1359 1684; x_wconf 87' lang='lat'><strong>3</strong></span> <span class='ocrx_word' id='word_1_735' title='bbox 1376 1646 1403 1667; x_wconf 83' lang='lat'>¹⁹</span> <span class='ocrx_word' id='word_1_736' title='bbox 1435 1645 1542 1681; x_wconf 76' lang='lat' dir='ltr'><em>IDEM</em></span> <span class='ocrx_word' id='word_1_737' title='bbox 1567 1646 1657 1681; x_wconf 83' lang='lat' dir='ltr'>libro</span> <span class='ocrx_word' id='word_1_738' title='bbox 1686 1646 1844 1682; x_wconf 81' lang='lat' dir='ltr'>secundo</span> <span class='ocrx_word' id='word_1_739' title='bbox 1875 1647 2086 1693; x_wconf 82' lang='lat' dir='ltr'>opinionum</span> <span class='ocrx_word' id='word_1_740' title='bbox 2138 1646 2188 1681; x_wconf 90' lang='lat' dir='ltr'>Et</span> <span class='ocrx_word' id='word_1_741' title='bbox 2219 1647 2279 1692; x_wconf 92' lang='lat' dir='ltr'>qui</span> <span class='ocrx_word' id='word_1_742' title='bbox 2309 1647 2378 1682; x_wconf 91' lang='lat' dir='ltr'>ori·</span> 
     </span>
     <span class='ocr_line' id='line_1_109' title="bbox 1288 1691 2379 1736; baseline 0 -9"><span class='ocrx_word' id='word_1_743' title='bbox 1288 1691 1405 1736; x_wconf 87' lang='lat' dir='ltr'>giiiem</span> <span class='ocrx_word' id='word_1_744' title='bbox 1429 1691 1476 1727; x_wconf 88' lang='lat' dir='ltr'>ab</span> <span class='ocrx_word' id='word_1_745' title='bbox 1497 1691 1586 1727; x_wconf 91' lang='lat' dir='ltr'>urbe</span> <span class='ocrx_word' id='word_1_746' title='bbox 1604 1691 1721 1726; x_wconf 85' lang='lat' dir='ltr'>Roma</span> <span class='ocrx_word' id='word_1_747' title='bbox 1739 1691 1884 1734; x_wconf 88' lang='lat' dir='ltr'>habent,</span> <span class='ocrx_word' id='word_1_748' title='bbox 1910 1691 1941 1727; x_wconf 92' lang='lat' dir='ltr'>si</span> <span class='ocrx_word' id='word_1_749' title='bbox 1965 1691 2035 1727; x_wconf 91' lang='lat' dir='ltr'>alio</span> <span class='ocrx_word' id='word_1_750' title='bbox 2059 1691 2139 1728; x_wconf 94' lang='lat' dir='ltr'>loco</span> <span class='ocrx_word' id='word_1_751' title='bbox 2164 1692 2379 1728; x_wconf 90' lang='lat' dir='ltr'>domicilium</span> 
     </span>
     <span class='ocr_line' id='line_1_110' title="bbox 1292 1736 2378 1781; baseline 0.002 -10"><span class='ocrx_word' id='word_1_752' title='bbox 1292 1740 1305 1771; x_wconf 91' lang='lat'>1</span> <span class='ocrx_word' id='word_1_753' title='bbox 1357 1736 1632 1780; x_wconf 89' lang='lat' dir='ltr'>constituerunt,</span> <span class='ocrx_word' id='word_1_754' title='bbox 1657 1746 1806 1772; x_wconf 89' lang='lat' dir='ltr'>muner-a</span> <span class='ocrx_word' id='word_1_755' title='bbox 1829 1737 1906 1772; x_wconf 91' lang='lat' dir='ltr'>eius</span> <span class='ocrx_word' id='word_1_756' title='bbox 1927 1737 2104 1773; x_wconf 89' lang='lat' dir='ltr'>sustinere</span> <span class='ocrx_word' id='word_1_757' title='bbox 2124 1737 2266 1773; x_wconf 90' lang='lat' dir='ltr'>debent.</span> <span class='ocrx_word' id='word_1_758' title='bbox 2302 1737 2378 1781; x_wconf 91' lang='lat' dir='ltr'>His,</span> 
     </span>
     <span class='ocr_line' id='line_1_111' title="bbox 1289 1782 2378 1828; baseline 0.001 -10"><span class='ocrx_word' id='word_1_759' title='bbox 1289 1782 1348 1827; x_wconf 92' lang='lat' dir='ltr'>qui</span> <span class='ocrx_word' id='word_1_760' title='bbox 1374 1782 1501 1818; x_wconf 90' lang='lat' dir='ltr'>castris</span> <span class='ocrx_word' id='word_1_761' title='bbox 1527 1792 1674 1828; x_wconf 90' lang='lat' dir='ltr'>operam</span> <span class='ocrx_word' id='word_1_762' title='bbox 1697 1792 1762 1827; x_wconf 89' lang='lat' dir='ltr'>per</span> <span class='ocrx_word' id='word_1_763' title='bbox 1783 1782 1944 1817; x_wconf 88' lang='lat' dir='ltr'>militiam</span> <span class='ocrx_word' id='word_1_764' title='bbox 1969 1782 2075 1825; x_wconf 87' lang='lat' dir='ltr'>dant,</span> <span class='ocrx_word' id='word_1_765' title='bbox 2100 1783 2277 1818; x_wconf 72' lang='grc'>1111111111120</span> <span class='ocrx_word' id='word_1_766' title='bbox 2300 1794 2378 1819; x_wconf 90' lang='lat' dir='ltr'>mu-</span> 
     </span>
     <span class='ocr_line' id='line_1_112' title="bbox 1289 1826 2377 1881; baseline 0 -18"><span class='ocrx_word' id='word_1_767' title='bbox 1289 1827 1442 1873; x_wconf 88' lang='lat' dir='ltr'>nicipale</span> <span class='ocrx_word' id='word_1_768' title='bbox 1467 1838 1596 1863; x_wconf 91' lang='lat' dir='ltr'>munus</span> <span class='ocrx_word' id='word_1_769' title='bbox 1619 1826 1755 1872; x_wconf 87' lang='lat' dir='ltr'>iniungi</span> <span class='ocrx_word' id='word_1_770' title='bbox 1778 1830 1909 1881; x_wconf 85' lang='lat' dir='ltr'>potest.</span> <span class='ocrx_word' id='word_1_771' title='bbox 1960 1828 2068 1863; x_wconf 86' lang='lat' dir='ltr'>ceteri</span> <span class='ocrx_word' id='word_1_772' title='bbox 2098 1831 2216 1863; x_wconf 89' lang='lat' dir='ltr'>autem</span> <span class='ocrx_word' id='word_1_773' title='bbox 2239 1827 2377 1873; x_wconf 85' lang='lat' dir='ltr'>privati,</span> 
     </span>
     <span class='ocr_line' id='line_1_113' title="bbox 1289 1873 2378 1927; baseline 0.001 -19"><span class='ocrx_word' id='word_1_774' title='bbox 1289 1873 1449 1919; x_wconf 87' lang='lat' dir='ltr'>quamvis</span> <span class='ocrx_word' id='word_1_775' title='bbox 1473 1873 1624 1908; x_wconf 89' lang='lat' dir='ltr'>militum</span> <span class='ocrx_word' id='word_1_776' title='bbox 1648 1875 1791 1918; x_wconf 80' lang='lat' dir='ltr'>cognati</span> <span class='ocrx_word' id='word_1_777' title='bbox 1822 1876 1922 1915; x_wconf 91' lang='lat' dir='ltr'>sunt,</span> <span class='ocrx_word' id='word_1_778' title='bbox 1955 1873 2092 1918; x_wconf 89' lang='lat' dir='ltr'>legibus</span> <span class='ocrx_word' id='word_1_779' title='bbox 2122 1873 2260 1927; x_wconf 79' lang='lat' dir='ltr'>patriae</span> <span class='ocrx_word' id='word_1_780' title='bbox 2293 1884 2378 1909; x_wconf 89' lang='lat' dir='ltr'>suae</span> 
     </span>
    </p>
   </div>
   <div class='ocr_carea' id='block_1_13' title="bbox 1261 1918 2378 1972">
    <p class='ocr_par' dir='ltr' id='par_1_23' title="bbox 1261 1918 2378 1972">
     <span class='ocr_line' id='line_1_114' title="bbox 1261 1918 2378 1972; baseline 0.001 -19"><span class='ocrx_word' id='word_1_781' title='bbox 1261 1933 1262 1936; x_wconf 43' lang='lat'>¹</span> <span class='ocrx_word' id='word_1_782' title='bbox 1288 1923 1307 1953; x_wconf 83' lang='lat'>2</span> <span class='ocrx_word' id='word_1_783' title='bbox 1356 1921 1391 1953; x_wconf 93' lang='lat' dir='ltr'>et</span> <span class='ocrx_word' id='word_1_784' title='bbox 1425 1918 1629 1972; x_wconf 83' lang='lat' dir='ltr'>provinciae</span> <span class='ocrx_word' id='word_1_785' title='bbox 1661 1918 1830 1954; x_wconf 89' lang='lat' dir='ltr'>oboedire</span> <span class='ocrx_word' id='word_1_786' title='bbox 1862 1918 2003 1954; x_wconf 90' lang='lat' dir='ltr'>debent.</span> <span class='ocrx_word' id='word_1_787' title='bbox 2060 1918 2098 1953; x_wconf 90' lang='lat' dir='ltr'>Si</span> <span class='ocrx_word' id='word_1_788' title='bbox 2127 1930 2165 1954; x_wconf 89' lang='lat' dir='ltr'>in</span> <span class='ocrx_word' id='word_1_789' title='bbox 2197 1919 2378 1954; x_wconf 87' lang='lat' dir='ltr'>metallum</span> 
     </span>
    </p>
   </div>
   <div class='ocr_carea' id='block_1_14' title="bbox 1284 1963 2379 3414">
    <p class='ocr_par' dir='ltr' id='par_1_24' title="bbox 1284 1963 2379 3414">
     <span class='ocr_line' id='line_1_115' title="bbox 1288 1963 2376 2009; baseline 0.002 -11"><span class='ocrx_word' id='word_1_790' title='bbox 1288 1963 1393 1999; x_wconf 89' lang='lat' dir='ltr'>datus</span> <span class='ocrx_word' id='word_1_791' title='bbox 1424 1974 1462 1998; x_wconf 94' lang='lat' dir='ltr'>in</span> <span class='ocrx_word' id='word_1_792' title='bbox 1491 1964 1667 2008; x_wconf 85' lang='lat' dir='ltr'>integrum</span> <span class='ocrx_word' id='word_1_793' title='bbox 1691 1963 1880 1999; x_wconf 88' lang='lat' dir='ltr'>restitutus</span> <span class='ocrx_word' id='word_1_794' title='bbox 1905 1964 1967 2007; x_wconf 91' lang='lat' dir='ltr'>sit,</span> <span class='ocrx_word' id='word_1_795' title='bbox 2000 1963 2149 2009; x_wconf 88' lang='lat' dir='ltr'>perinde</span> <span class='ocrx_word' id='word_1_796' title='bbox 2178 1974 2221 1999; x_wconf 89' lang='lat' dir='ltr'>ac</span> <span class='ocrx_word' id='word_1_797' title='bbox 2252 1963 2284 2000; x_wconf 92' lang='lat' dir='ltr'>si</span> <span class='ocrx_word' id='word_1_798' title='bbox 2313 1975 2376 2000; x_wconf 84' lang='lat' dir='ltr'>nec</span> 
     </span>
     <span class='ocr_line' id='line_1_116' title="bbox 1288 1999 2377 2056; baseline 0.001 -12"><span class='ocrx_word' id='word_1_799' title='bbox 1288 2009 1477 2044; x_wconf 89' lang='lat' dir='ltr'>damnatus</span> <span class='ocrx_word' id='word_1_800' title='bbox 1508 2008 1652 2051; x_wconf 90' lang='lat' dir='ltr'>fuisset,</span> <span class='ocrx_word' id='word_1_801' title='bbox 1687 1999 1733 2044; x_wconf 86' lang='lat' dir='ltr'>ad</span> <span class='ocrx_word' id='word_1_802' title='bbox 1763 2019 1914 2044; x_wconf 90' lang='lat' dir='ltr'>munera</span> <span class='ocrx_word' id='word_1_803' title='bbox 1944 2009 2000 2044; x_wconf 90' lang='lat' dir='ltr'>vel</span> <span class='ocrx_word' id='word_1_804' title='bbox 2032 2009 2186 2045; x_wconf 91' lang='lat' dir='ltr'>honores</span> <span class='ocrx_word' id='word_1_805' title='bbox 2211 2012 2377 2056; x_wconf 82' lang='lat' dir='ltr'>vocatur:</span> 
     </span>
     <span class='ocr_line' id='line_1_117' title="bbox 1287 2054 2378 2099; baseline 0 -9"><span class='ocrx_word' id='word_1_806' title='bbox 1287 2065 1355 2090; x_wconf 90' lang='lat' dir='ltr'>nec</span> <span class='ocrx_word' id='word_1_807' title='bbox 1385 2058 1543 2099; x_wconf 82' lang='lat' dir='ltr'>opponet</span> <span class='ocrx_word' id='word_1_808' title='bbox 1574 2054 1757 2090; x_wconf 86' lang='lat' dir='ltr'>fortunam</span> <span class='ocrx_word' id='word_1_809' title='bbox 1793 2057 1830 2090; x_wconf 91' lang='lat' dir='ltr'>et</span> <span class='ocrx_word' id='word_1_810' title='bbox 1867 2064 1972 2090; x_wconf 90' lang='lat' dir='ltr'>casus</span> <span class='ocrx_word' id='word_1_811' title='bbox 2010 2054 2186 2090; x_wconf 86' lang='lat' dir='ltr'>tristiores</span> <span class='ocrx_word' id='word_1_812' title='bbox 2216 2065 2301 2091; x_wconf 89' lang='lat' dir='ltr'>suos</span> <span class='ocrx_word' id='word_1_813' title='bbox 2332 2054 2378 2090; x_wconf 89' lang='lat' dir='ltr'>ad</span> 
     </span>
     <span class='ocr_line' id='line_1_118' title="bbox 1286 2099 2377 2145; baseline 0.001 -11"><span class='ocrx_word' id='word_1_814' title='bbox 1286 2100 1356 2135; x_wconf 92' lang='lat' dir='ltr'>hoc</span> <span class='ocrx_word' id='word_1_815' title='bbox 1381 2099 1515 2142; x_wconf 92' lang='lat' dir='ltr'>solum,</span> <span class='ocrx_word' id='word_1_816' title='bbox 1546 2109 1592 2135; x_wconf 89' lang='lat' dir='ltr'>ne</span> <span class='ocrx_word' id='word_1_817' title='bbox 1620 2099 1761 2145; x_wconf 87' lang='lat' dir='ltr'>patriae</span> <span class='ocrx_word' id='word_1_818' title='bbox 1791 2099 1942 2135; x_wconf 90' lang='lat' dir='ltr'>idoneus</span> <span class='ocrx_word' id='word_1_819' title='bbox 1976 2099 2061 2136; x_wconf 89' lang='lat' dir='ltr'>civis</span> <span class='ocrx_word' id='word_1_820' title='bbox 2097 2109 2174 2136; x_wconf 90' lang='lat' dir='ltr'>esse</span> <span class='ocrx_word' id='word_1_821' title='bbox 2204 2100 2377 2136; x_wconf 87' lang='lat' dir='ltr'>videatur.</span> 
     </span>
     <span class='ocr_line' id='line_1_119' title="bbox 1287 2144 2376 2190; baseline 0 -10"><span class='ocrx_word' id='word_1_822' title='bbox 1287 2148 1307 2180; x_wconf 87' lang='lat'><strong>3</strong></span> <span class='ocrx_word' id='word_1_823' title='bbox 1356 2144 1566 2190; x_wconf 87' lang='lat' dir='ltr'>Corporalia</span> <span class='ocrx_word' id='word_1_824' title='bbox 1601 2155 1750 2180; x_wconf 89' lang='lat' dir='ltr'>munera</span> <span class='ocrx_word' id='word_1_825' title='bbox 1786 2144 1927 2181; x_wconf 87' lang='lat' dir='ltr'>feminis</span> <span class='ocrx_word' id='word_1_826' title='bbox 1961 2145 2040 2190; x_wconf 90' lang='lat' dir='ltr'>ipse</span> <span class='ocrx_word' id='word_1_827' title='bbox 2078 2155 2184 2181; x_wconf 89' lang='lat' dir='ltr'>sexus</span> <span class='ocrx_word' id='word_1_828' title='bbox 2216 2145 2376 2190; x_wconf 87' lang='lat' dir='ltr'>denegat.</span> 
     </span>
     <span class='ocr_line' id='line_1_120' title="bbox 1287 2190 2377 2235; baseline 0 -10"><span class='ocrx_word' id='word_1_829' title='bbox 1287 2193 1307 2225; x_wconf 89' lang='grc'>4</span> <span class='ocrx_word' id='word_1_830' title='bbox 1356 2190 1434 2235; x_wconf 77' lang='lat' dir='ltr'>Quo</span> <span class='ocrx_word' id='word_1_831' title='bbox 1458 2190 1574 2226; x_wconf 91' lang='lat' dir='ltr'>minus</span> <span class='ocrx_word' id='word_1_832' title='bbox 1598 2191 1753 2225; x_wconf 90' lang='lat' dir='ltr'>honores</span> <span class='ocrx_word' id='word_1_833' title='bbox 1778 2193 1842 2226; x_wconf 91' lang='lat' dir='ltr'>aut</span> <span class='ocrx_word' id='word_1_834' title='bbox 1865 2201 2016 2226; x_wconf 90' lang='lat' dir='ltr'>munera</span> <span class='ocrx_word' id='word_1_835' title='bbox 2038 2190 2270 2235; x_wconf 89' lang='lat' dir='ltr'>iniungantur</span> <span class='ocrx_word' id='word_1_836' title='bbox 2292 2190 2377 2234; x_wconf 90' lang='lat' dir='ltr'>filio,</span> 
     </span>
     <span class='ocr_line' id='line_1_121' title="bbox 1287 2235 2378 2281; baseline 0 -10"><span class='ocrx_word' id='word_1_837' title='bbox 1287 2236 1317 2271; x_wconf 91' lang='lat' dir='ltr'>si</span> <span class='ocrx_word' id='word_1_838' title='bbox 1341 2235 1475 2271; x_wconf 90' lang='lat' dir='ltr'>nullam</span> <span class='ocrx_word' id='word_1_839' title='bbox 1498 2236 1608 2271; x_wconf 88' lang='lat' dir='ltr'>habet</span> <span class='ocrx_word' id='word_1_840' title='bbox 1631 2236 1915 2278; x_wconf 88' lang='lat' dir='ltr'>excusationem,</span> <span class='ocrx_word' id='word_1_841' title='bbox 1946 2235 2167 2271; x_wconf 89' lang='lat' dir='ltr'>intercedere</span> <span class='ocrx_word' id='word_1_842' title='bbox 2190 2239 2310 2281; x_wconf 87' lang='lat' dir='ltr'>pater,</span> <span class='ocrx_word' id='word_1_843' title='bbox 2342 2236 2378 2271; x_wconf 92' lang='lat' dir='ltr'>in</span> 
     </span>
     <span class='ocr_line' id='line_1_122' title="bbox 1288 2280 2379 2333; baseline 0.003 -18"><span class='ocrx_word' id='word_1_844' title='bbox 1288 2285 1306 2315; x_wconf 86' lang='lat'><strong>5</strong></span> <span class='ocrx_word' id='word_1_845' title='bbox 1357 2280 1458 2317; x_wconf 92' lang='lat' dir='ltr'>cuius</span> <span class='ocrx_word' id='word_1_846' title='bbox 1481 2284 1662 2327; x_wconf 89' lang='lat' dir='ltr'>potestate</span> <span class='ocrx_word' id='word_1_847' title='bbox 1686 2284 1757 2324; x_wconf 91' lang='lat' dir='ltr'>est,</span> <span class='ocrx_word' id='word_1_848' title='bbox 1789 2281 1846 2317; x_wconf 90' lang='lat' dir='ltr'>ius</span> <span class='ocrx_word' id='word_1_849' title='bbox 1877 2292 1949 2317; x_wconf 91' lang='lat' dir='ltr'>non</span> <span class='ocrx_word' id='word_1_850' title='bbox 1981 2282 2100 2317; x_wconf 89' lang='lat' dir='ltr'>habet.</span> <span class='ocrx_word' id='word_1_851' title='bbox 2150 2281 2253 2325; x_wconf 82' lang='lat' dir='ltr'>Quod</span> <span class='ocrx_word' id='word_1_852' title='bbox 2276 2285 2379 2333; x_wconf 81' lang='lat' dir='ltr'>pater</span> 
     </span>
     <span class='ocr_line' id='line_1_123' title="bbox 1287 2326 2371 2368; baseline -0.001 -6"><span class='ocrx_word' id='word_1_853' title='bbox 1287 2337 1359 2362; x_wconf 91' lang='lat' dir='ltr'>non</span> <span class='ocrx_word' id='word_1_854' title='bbox 1380 2326 1561 2362; x_wconf 90' lang='lat' dir='ltr'>consensit</span> <span class='ocrx_word' id='word_1_855' title='bbox 1579 2326 1777 2362; x_wconf 89' lang='lat' dir='ltr'>honoribus</span> <span class='ocrx_word' id='word_1_856' title='bbox 1798 2327 1871 2362; x_wconf 89' lang='lat' dir='ltr'>sive</span> <span class='ocrx_word' id='word_1_857' title='bbox 1889 2327 2095 2362; x_wconf 90' lang='lat' dir='ltr'>muneribus</span> <span class='ocrx_word' id='word_1_858' title='bbox 2119 2326 2194 2368; x_wconf 89' lang='lat' dir='ltr'>filii,</span> <span class='ocrx_word' id='word_1_859' title='bbox 2219 2337 2263 2362; x_wconf 91' lang='lat' dir='ltr'>ne</span> <span class='ocrx_word' id='word_1_860' title='bbox 2283 2326 2371 2362; x_wconf 79' lang='lat' dir='ltr'>illiur</span> 
     </span>
     <span class='ocr_line' id='line_1_124' title="bbox 1286 2371 2371 2417; baseline -0.001 -10"><span class='ocrx_word' id='word_1_861' title='bbox 1286 2372 1540 2417; x_wconf 89' lang='lat' dir='ltr'>patrimonium</span> <span class='ocrx_word' id='word_1_862' title='bbox 1563 2372 1664 2407; x_wconf 93' lang='lat' dir='ltr'>oneri</span> <span class='ocrx_word' id='word_1_863' title='bbox 1688 2371 1903 2415; x_wconf 90' lang='lat' dir='ltr'>subiciatur,</span> <span class='ocrx_word' id='word_1_864' title='bbox 1938 2375 2099 2417; x_wconf 90' lang='lat' dir='ltr'>praestat</span> <span class='ocrx_word' id='word_1_865' title='bbox 2123 2371 2371 2412; x_wconf 75' lang='lat' dir='ltr'>defensionem,</span> 
     </span>
     <span class='ocr_line' id='line_1_125' title="bbox 1287 2416 2375 2462; baseline -0.001 -10"><span class='ocrx_word' id='word_1_866' title='bbox 1287 2429 1359 2453; x_wconf 87' lang='lat' dir='ltr'>non</span> <span class='ocrx_word' id='word_1_867' title='bbox 1383 2417 1494 2452; x_wconf 88' lang='lat' dir='ltr'>civem</span> <span class='ocrx_word' id='word_1_868' title='bbox 1517 2417 1656 2462; x_wconf 84' lang='lat' dir='ltr'>patriae</span> <span class='ocrx_word' id='word_1_869' title='bbox 1676 2417 1891 2453; x_wconf 91' lang='lat' dir='ltr'>utilitatibus</span> <span class='ocrx_word' id='word_1_870' title='bbox 1912 2421 2088 2462; x_wconf 88' lang='lat' dir='ltr'>quatenus</span> <span class='ocrx_word' id='word_1_871' title='bbox 2106 2420 2226 2462; x_wconf 90' lang='lat' dir='ltr'>potest</span> <span class='ocrx_word' id='word_1_872' title='bbox 2246 2416 2375 2452; x_wconf 87' lang='lat' dir='ltr'>aufert.</span> 
     </span>
     <span class='ocr_line' id='line_1_126' title="bbox 1287 2461 2377 2508; baseline 0 -11"><span class='ocrx_word' id='word_1_873' title='bbox 1287 2467 1307 2498; x_wconf 82' lang='lat'>6</span> <span class='ocrx_word' id='word_1_874' title='bbox 1355 2461 1522 2507; x_wconf 78' lang='lat' dir='ltr'>Quamvis</span> <span class='ocrx_word' id='word_1_875' title='bbox 1546 2462 1661 2497; x_wconf 88' lang='lat' dir='ltr'>maior</span> <span class='ocrx_word' id='word_1_876' title='bbox 1685 2463 1787 2498; x_wconf 88' lang='lat' dir='ltr'>annis</span> <span class='ocrx_word' id='word_1_877' title='bbox 1811 2463 2038 2508; x_wconf 86' lang='lat' dir='ltr'>septuaginta</span> <span class='ocrx_word' id='word_1_878' title='bbox 2059 2465 2094 2497; x_wconf 93' lang='lat' dir='ltr'>et</span> <span class='ocrx_word' id='word_1_879' title='bbox 2116 2462 2269 2507; x_wconf 88' lang='lat' dir='ltr'>quinque</span> <span class='ocrx_word' id='word_1_880' title='bbox 2290 2462 2377 2497; x_wconf 90' lang='lat' dir='ltr'>libe-</span> 
     </span>
     <span class='ocr_line' id='line_1_127' title="bbox 1286 2507 2376 2553; baseline -0.001 -10"><span class='ocrx_word' id='word_1_881' title='bbox 1286 2518 1407 2544; x_wconf 87' lang='lat' dir='ltr'>rorum</span> <span class='ocrx_word' id='word_1_882' title='bbox 1437 2507 1670 2543; x_wconf 89' lang='lat' dir='ltr'>incolumium</span> <span class='ocrx_word' id='word_1_883' title='bbox 1730 2511 1808 2543; x_wconf 92' lang='lat' dir='ltr'>ater</span> <span class='ocrx_word' id='word_1_884' title='bbox 1845 2508 1892 2543; x_wconf 88' lang='lat' dir='ltr'>sit</span> <span class='ocrx_word' id='word_1_885' title='bbox 1929 2508 2080 2553; x_wconf 89' lang='lat' dir='ltr'>ideoque</span> <span class='ocrx_word' id='word_1_886' title='bbox 2118 2518 2140 2542; x_wconf 91' lang='lat' dir='ltr'>a</span> <span class='ocrx_word' id='word_1_887' title='bbox 2170 2507 2376 2542; x_wconf 91' lang='lat' dir='ltr'>muneribus</span> 
     </span>
     <span class='ocr_line' id='line_1_128' title="bbox 1286 2552 2375 2595; baseline -0.002 -6"><span class='ocrx_word' id='word_1_888' title='bbox 1286 2553 1449 2589; x_wconf 88' lang='lat' dir='ltr'>civilibus</span> <span class='ocrx_word' id='word_1_889' title='bbox 1474 2556 1676 2595; x_wconf 88' lang='lat' dir='ltr'>excusetur,</span> <span class='ocrx_word' id='word_1_890' title='bbox 1741 2553 1765 2588; x_wconf 84' lang='lat' dir='ltr'>&#39;i</span> <span class='ocrx_word' id='word_1_891' title='bbox 1788 2556 1908 2588; x_wconf 89' lang='lat' dir='ltr'>tamen</span> <span class='ocrx_word' id='word_1_892' title='bbox 1933 2553 2008 2588; x_wconf 91' lang='lat' dir='ltr'>eius</span> <span class='ocrx_word' id='word_1_893' title='bbox 2034 2563 2099 2588; x_wconf 90' lang='lat' dir='ltr'>suo</span> <span class='ocrx_word' id='word_1_894' title='bbox 2120 2552 2261 2588; x_wconf 91' lang='lat' dir='ltr'>nomine</span> <span class='ocrx_word' id='word_1_895' title='bbox 2282 2563 2375 2588; x_wconf 90' lang='lat' dir='ltr'>com-</span> 
     </span>
     <span class='ocr_line' id='line_1_129' title="bbox 1285 2597 2376 2650; baseline -0.001 -17"><span class='ocrx_word' id='word_1_896' title='bbox 1285 2598 1445 2644; x_wconf 88' lang='lat' dir='ltr'>petentia</span> <span class='ocrx_word' id='word_1_897' title='bbox 1468 2609 1617 2635; x_wconf 90' lang='lat' dir='ltr'>munera</span> <span class='ocrx_word' id='word_1_898' title='bbox 1640 2598 1860 2643; x_wconf 87' lang='lat' dir='ltr'>adgnoscere</span> <span class='ocrx_word' id='word_1_899' title='bbox 1885 2598 2033 2634; x_wconf 89' lang='lat' dir='ltr'>debent:</span> <span class='ocrx_word' id='word_1_900' title='bbox 2067 2597 2147 2633; x_wconf 88' lang='lat' dir='ltr'>ideo</span> <span class='ocrx_word' id='word_1_901' title='bbox 2179 2598 2270 2633; x_wconf 90' lang='lat' dir='ltr'>enim</span> <span class='ocrx_word' id='word_1_902' title='bbox 2294 2608 2376 2650; x_wconf 88' lang='lat' dir='ltr'>pro-</span> 
     </span>
     <span class='ocr_line' id='line_1_130' title="bbox 1285 2643 2375 2689; baseline -0.002 -10"><span class='ocrx_word' id='word_1_903' title='bbox 1285 2644 1403 2689; x_wconf 87' lang='lat' dir='ltr'>prium</span> <span class='ocrx_word' id='word_1_904' title='bbox 1420 2644 1617 2689; x_wconf 90' lang='lat' dir='ltr'>praemium</span> <span class='ocrx_word' id='word_1_905' title='bbox 1635 2643 1867 2680; x_wconf 89' lang='lat' dir='ltr'>immunitatis</span> <span class='ocrx_word' id='word_1_906' title='bbox 1885 2647 2034 2689; x_wconf 92' lang='lat' dir='ltr'>propter</span> <span class='ocrx_word' id='word_1_907' title='bbox 2054 2643 2146 2678; x_wconf 88' lang='lat' dir='ltr'>filios</span> <span class='ocrx_word' id='word_1_908' title='bbox 2158 2644 2187 2664; x_wconf 81' lang='lat'>2¹</span> <span class='ocrx_word' id='word_1_909' title='bbox 2211 2643 2375 2687; x_wconf 89' lang='lat' dir='ltr'>patribus</span> 
     </span>
     <span class='ocr_line' id='line_1_131' title="bbox 1287 2688 2377 2734; baseline -0.001 -10"><span class='ocrx_word' id='word_1_910' title='bbox 1287 2693 1305 2724; x_wconf 89' lang='lat'><strong>7</strong></span> <span class='ocrx_word' id='word_1_911' title='bbox 1355 2689 1478 2724; x_wconf 90' lang='lat' dir='ltr'>datum</span> <span class='ocrx_word' id='word_1_912' title='bbox 1508 2693 1580 2731; x_wconf 89' lang='lat' dir='ltr'>est,</span> <span class='ocrx_word' id='word_1_913' title='bbox 1623 2689 1720 2734; x_wconf 90' lang='lat' dir='ltr'>quod</span> <span class='ocrx_word' id='word_1_914' title='bbox 1759 2689 1812 2724; x_wconf 92' lang='lat' dir='ltr'>illi</span> <span class='ocrx_word' id='word_1_915' title='bbox 1849 2689 2030 2724; x_wconf 88' lang='lat' dir='ltr'>subibunt.</span> <span class='ocrx_word' id='word_1_916' title='bbox 2078 2688 2237 2723; x_wconf 89' lang='lat' dir='ltr'>Vitricus</span> <span class='ocrx_word' id='word_1_917' title='bbox 2267 2698 2377 2723; x_wconf 81' lang='lat' dir='ltr'>onera</span> 
     </span>
     <span class='ocr_line' id='line_1_132' title="bbox 1286 2733 2377 2779; baseline -0.003 -9"><span class='ocrx_word' id='word_1_918' title='bbox 1286 2745 1471 2770; x_wconf 91' lang='lat' dir='ltr'>munerum</span> <span class='ocrx_word' id='word_1_919' title='bbox 1496 2735 1650 2770; x_wconf 88' lang='lat' dir='ltr'>civilium</span> <span class='ocrx_word' id='word_1_920' title='bbox 1673 2734 1815 2770; x_wconf 90' lang='lat' dir='ltr'>nomine</span> <span class='ocrx_word' id='word_1_921' title='bbox 1835 2734 1985 2779; x_wconf 88' lang='lat' dir='ltr'>privigni</span> <span class='ocrx_word' id='word_1_922' title='bbox 2004 2733 2061 2770; x_wconf 88' lang='lat' dir='ltr'>sui</span> <span class='ocrx_word' id='word_1_923' title='bbox 2079 2733 2260 2778; x_wconf 90' lang='lat' dir='ltr'>suscipere</span> <span class='ocrx_word' id='word_1_924' title='bbox 2279 2733 2377 2768; x_wconf 89' lang='lat' dir='ltr'>nulla</span> 
     </span>
     <span class='ocr_line' id='line_1_133' title="bbox 1287 2778 2377 2824; baseline -0.002 -9"><span class='ocrx_word' id='word_1_925' title='bbox 1287 2783 1306 2815; x_wconf 86' lang='lat'>8</span> <span class='ocrx_word' id='word_1_926' title='bbox 1352 2780 1442 2816; x_wconf 89' lang='lat' dir='ltr'>iuris</span> <span class='ocrx_word' id='word_1_927' title='bbox 1480 2780 1618 2815; x_wconf 89' lang='lat' dir='ltr'>ratione</span> <span class='ocrx_word' id='word_1_928' title='bbox 1652 2779 1801 2824; x_wconf 86' lang='lat' dir='ltr'>cogitur.</span> <span class='ocrx_word' id='word_1_929' title='bbox 1857 2779 1995 2814; x_wconf 90' lang='lat' dir='ltr'>Liberti</span> <span class='ocrx_word' id='word_1_930' title='bbox 2033 2778 2239 2814; x_wconf 90' lang='lat' dir='ltr'>muneribus</span> <span class='ocrx_word' id='word_1_931' title='bbox 2276 2778 2377 2822; x_wconf 88' lang='lat' dir='ltr'>fungi</span> 
     </span>
     <span class='ocr_line' id='line_1_134' title="bbox 1286 2823 2375 2870; baseline -0.003 -9"><span class='ocrx_word' id='word_1_932' title='bbox 1286 2825 1417 2861; x_wconf 90' lang='lat' dir='ltr'>debent</span> <span class='ocrx_word' id='word_1_933' title='bbox 1440 2825 1537 2870; x_wconf 90' lang='lat' dir='ltr'>apud</span> <span class='ocrx_word' id='word_1_934' title='bbox 1562 2825 1732 2870; x_wconf 86' lang='lat' dir='ltr'>originem</span> <span class='ocrx_word' id='word_1_935' title='bbox 1756 2828 2008 2870; x_wconf 88' lang='lat' dir='ltr'>patronorum,</span> <span class='ocrx_word' id='word_1_936' title='bbox 2034 2824 2097 2860; x_wconf 88' lang='lat' dir='ltr'>sed</span> <span class='ocrx_word' id='word_1_937' title='bbox 2121 2824 2151 2859; x_wconf 90' lang='lat' dir='ltr'>si</span> <span class='ocrx_word' id='word_1_938' title='bbox 2175 2834 2241 2859; x_wconf 89' lang='lat' dir='ltr'>sua</span> <span class='ocrx_word' id='word_1_939' title='bbox 2264 2823 2375 2868; x_wconf 87' lang='lat' dir='ltr'>patri-</span> 
     </span>
     <span class='ocr_line' id='line_1_135' title="bbox 1285 2868 2374 2915; baseline -0.003 -9"><span class='ocrx_word' id='word_1_940' title='bbox 1285 2870 1406 2907; x_wconf 89' lang='lat' dir='ltr'>monia</span> <span class='ocrx_word' id='word_1_941' title='bbox 1428 2870 1564 2905; x_wconf 90' lang='lat' dir='ltr'>habent</span> <span class='ocrx_word' id='word_1_942' title='bbox 1574 2871 1605 2891; x_wconf 80' lang='lat'>²2</span> <span class='ocrx_word' id='word_1_943' title='bbox 1629 2869 1825 2915; x_wconf 85' lang='lat' dir='ltr'>suffectura</span> <span class='ocrx_word' id='word_1_944' title='bbox 1850 2869 2037 2905; x_wconf 88' lang='lat' dir='ltr'>oneribus:</span> <span class='ocrx_word' id='word_1_945' title='bbox 2063 2879 2120 2904; x_wconf 90' lang='lat' dir='ltr'>res</span> <span class='ocrx_word' id='word_1_946' title='bbox 2141 2868 2233 2903; x_wconf 90' lang='lat' dir='ltr'>enim</span> <span class='ocrx_word' id='word_1_947' title='bbox 2251 2871 2374 2913; x_wconf 91' lang='lat' dir='ltr'>patro-</span> 
     </span>
     <span class='ocr_line' id='line_1_136' title="bbox 1285 2914 2373 2952; baseline -0.005 0"><span class='ocrx_word' id='word_1_948' title='bbox 1285 2927 1412 2952; x_wconf 90' lang='lat' dir='ltr'>norum</span> <span class='ocrx_word' id='word_1_949' title='bbox 1440 2915 1648 2951; x_wconf 90' lang='lat' dir='ltr'>muneribus</span> <span class='ocrx_word' id='word_1_950' title='bbox 1678 2915 1928 2951; x_wconf 89' lang='lat' dir='ltr'>libertinorum</span> <span class='ocrx_word' id='word_1_951' title='bbox 1938 2916 1969 2936; x_wconf 78' lang='lat'>²³</span> <span class='ocrx_word' id='word_1_952' title='bbox 2005 2914 2167 2950; x_wconf 88' lang='lat' dir='ltr'>subiecta</span> <span class='ocrx_word' id='word_1_953' title='bbox 2201 2924 2273 2948; x_wconf 90' lang='lat' dir='ltr'>non</span> <span class='ocrx_word' id='word_1_954' title='bbox 2308 2916 2373 2948; x_wconf 89' lang='lat' dir='ltr'>est.</span> 
     </span>
     <span class='ocr_line' id='line_1_137' title="bbox 1514 2957 2371 3004; baseline 0 -9"><span class='ocrx_word' id='word_1_955' title='bbox 1514 2964 1592 2995; x_wconf 90' lang='lat' dir='ltr'>ater</span> <span class='ocrx_word' id='word_1_956' title='bbox 1622 2960 1660 2995; x_wconf 93' lang='lat' dir='ltr'>in</span> <span class='ocrx_word' id='word_1_957' title='bbox 1690 2963 1795 3004; x_wconf 89' lang='lat' dir='ltr'>reatu</span> <span class='ocrx_word' id='word_1_958' title='bbox 1828 2959 1984 2995; x_wconf 89' lang='lat' dir='ltr'>criminis</span> <span class='ocrx_word' id='word_1_959' title='bbox 2013 2959 2163 2994; x_wconf 89' lang='lat' dir='ltr'>alicuius</span> <span class='ocrx_word' id='word_1_960' title='bbox 2189 2962 2260 3000; x_wconf 90' lang='lat' dir='ltr'>est,</span> <span class='ocrx_word' id='word_1_961' title='bbox 2292 2957 2371 2995; x_wconf 76' lang='lat' dir='ltr'>filiis</span> 
     </span>
     <span class='ocr_line' id='line_1_138' title="bbox 1288 3003 2373 3051; baseline -0.005 -9"><span class='ocrx_word' id='word_1_962' title='bbox 1288 3010 1329 3042; x_wconf 88' lang='lat'>10</span> <span class='ocrx_word' id='word_1_963' title='bbox 1376 3007 1471 3051; x_wconf 90' lang='lat' dir='ltr'>impe</span> <span class='ocrx_word' id='word_1_964' title='bbox 1499 3006 1628 3041; x_wconf 90' lang='lat' dir='ltr'>&#39;mento</span> <span class='ocrx_word' id='word_1_965' title='bbox 1653 3005 1700 3040; x_wconf 89' lang='lat' dir='ltr'>ad</span> <span class='ocrx_word' id='word_1_966' title='bbox 1723 3006 1878 3041; x_wconf 87' lang='lat' dir='ltr'>honores</span> <span class='ocrx_word' id='word_1_967' title='bbox 1904 3016 1982 3040; x_wconf 90' lang='lat' dir='ltr'>esse</span> <span class='ocrx_word' id='word_1_968' title='bbox 2006 3016 2077 3040; x_wconf 93' lang='lat' dir='ltr'>non</span> <span class='ocrx_word' id='word_1_969' title='bbox 2102 3004 2218 3038; x_wconf 88' lang='lat' dir='ltr'>debet.</span> <span class='ocrx_word' id='word_1_970' title='bbox 2257 3003 2373 3038; x_wconf 88' lang='lat' dir='ltr'>Deca-</span> 
     </span>
     <span class='ocr_line' id='line_1_139' title="bbox 1284 3047 2372 3100; baseline -0.004 -14"><span class='ocrx_word' id='word_1_971' title='bbox 1284 3054 1409 3097; x_wconf 89' lang='lat' dir='ltr'>protos</span> <span class='ocrx_word' id='word_1_972' title='bbox 1433 3051 1540 3086; x_wconf 89' lang='lat' dir='ltr'>etiam</span> <span class='ocrx_word' id='word_1_973' title='bbox 1564 3050 1718 3086; x_wconf 89' lang='lat' dir='ltr'>minores</span> <span class='ocrx_word' id='word_1_974' title='bbox 1743 3051 1846 3086; x_wconf 88' lang='lat' dir='ltr'>annis</span> <span class='ocrx_word' id='word_1_975' title='bbox 1869 3050 1994 3094; x_wconf 87' lang='lat' dir='ltr'>viginti</span> <span class='ocrx_word' id='word_1_976' title='bbox 2013 3049 2168 3100; x_wconf 81' lang='lat' dir='ltr'>quinque</span> <span class='ocrx_word' id='word_1_977' title='bbox 2188 3047 2277 3099; x_wconf 82' lang='lat' dir='ltr'>fieri,</span> <span class='ocrx_word' id='word_1_978' title='bbox 2301 3058 2372 3099; x_wconf 74' lang='grc'>11011</span> 
     </span>
     <span class='ocr_line' id='line_1_140' title="bbox 1285 3093 2369 3140; baseline -0.006 -8"><span class='ocrx_word' id='word_1_979' title='bbox 1285 3096 1478 3132; x_wconf 89' lang='lat' dir='ltr'>militantes</span> <span class='ocrx_word' id='word_1_980' title='bbox 1518 3099 1658 3138; x_wconf 90' lang='lat' dir='ltr'>tamen,</span> <span class='ocrx_word' id='word_1_981' title='bbox 1693 3096 1831 3140; x_wconf 89' lang='lat' dir='ltr'>pridem</span> <span class='ocrx_word' id='word_1_982' title='bbox 1862 3095 2014 3140; x_wconf 89' lang='lat' dir='ltr'>placuit,</span> <span class='ocrx_word' id='word_1_983' title='bbox 2058 3104 2141 3137; x_wconf 86' lang='lat' dir='ltr'>quia</span> <span class='ocrx_word' id='word_1_984' title='bbox 2171 3093 2369 3138; x_wconf 75' lang='lat' dir='ltr'>patrimonii</span> 
     </span>
     <span class='ocr_line' id='line_1_141' title="bbox 1288 3137 2372 3186; baseline -0.006 -9"><span class='ocrx_word' id='word_1_985' title='bbox 1288 3146 1325 3177; x_wconf 84' lang='lat'>11</span> <span class='ocrx_word' id='word_1_986' title='bbox 1375 3141 1487 3186; x_wconf 88' lang='lat' dir='ltr'>magis</span> <span class='ocrx_word' id='word_1_987' title='bbox 1508 3151 1599 3177; x_wconf 92' lang='lat' dir='ltr'>onus</span> <span class='ocrx_word' id='word_1_988' title='bbox 1619 3141 1760 3176; x_wconf 86' lang='lat' dir='ltr'>videtur</span> <span class='ocrx_word' id='word_1_989' title='bbox 1777 3151 1866 3177; x_wconf 85' lang='lat' dir='ltr'>esse.</span> <span class='ocrx_word' id='word_1_990' title='bbox 1902 3139 2138 3175; x_wconf 85' lang='lat' dir='ltr'>Exactionem</span> <span class='ocrx_word' id='word_1_991' title='bbox 2158 3137 2372 3172; x_wconf 88' lang='lat' dir='ltr'>tributorum</span> 
     </span>
     <span class='ocr_line' id='line_1_142' title="bbox 1288 3182 2371 3239; baseline -0.006 -17"><span class='ocrx_word' id='word_1_992' title='bbox 1288 3190 1327 3222; x_wconf 87' lang='lat'>12</span> <span class='ocrx_word' id='word_1_993' title='bbox 1376 3197 1468 3222; x_wconf 88' lang='lat' dir='ltr'>onus</span> <span class='ocrx_word' id='word_1_994' title='bbox 1503 3186 1709 3239; x_wconf 87' lang='lat' dir='ltr'>patrimonii</span> <span class='ocrx_word' id='word_1_995' title='bbox 1745 3197 1824 3222; x_wconf 89' lang='lat' dir='ltr'>esse</span> <span class='ocrx_word' id='word_1_996' title='bbox 1863 3187 2014 3221; x_wconf 86' lang='lat' dir='ltr'>constat.</span> <span class='ocrx_word' id='word_1_997' title='bbox 2070 3183 2165 3219; x_wconf 85' lang='lat' dir='ltr'>Cura</span> <span class='ocrx_word' id='word_1_998' title='bbox 2202 3182 2371 3234; x_wconf 79' lang='lat' dir='ltr'>frumenti</span> 
     </span>
     <span class='ocr_line' id='line_1_143' title="bbox 1286 3230 2371 3277; baseline -0.006 -10"><span class='ocrx_word' id='word_1_999' title='bbox 1286 3231 1520 3277; x_wconf 80' lang='lat' dir='ltr'>comparandi</span> <span class='ocrx_word' id='word_1_1000' title='bbox 1542 3241 1672 3267; x_wconf 91' lang='lat' dir='ltr'>munus</span> <span class='ocrx_word' id='word_1_1001' title='bbox 1696 3235 1769 3274; x_wconf 88' lang='lat' dir='ltr'>est,</span> <span class='ocrx_word' id='word_1_1002' title='bbox 1803 3234 1837 3266; x_wconf 92' lang='lat' dir='ltr'>et</span> <span class='ocrx_word' id='word_1_1003' title='bbox 1868 3231 1913 3265; x_wconf 87' lang='lat' dir='ltr'>ab</span> <span class='ocrx_word' id='word_1_1004' title='bbox 1946 3239 1988 3264; x_wconf 91' lang='lat' dir='ltr'>eo</span> <span class='ocrx_word' id='word_1_1005' title='bbox 2020 3232 2118 3263; x_wconf 88' lang='lat' dir='ltr'>aetas</span> <span class='ocrx_word' id='word_1_1006' title='bbox 2145 3237 2184 3263; x_wconf 91' lang='lat' dir='ltr'>se</span> <span class='ocrx_word' id='word_1_1007' title='bbox 2211 3230 2371 3272; x_wconf 89' lang='lat' dir='ltr'>tuaginta</span> 
     </span>
     <span class='ocr_line' id='line_1_144' title="bbox 1285 3272 2371 3321; baseline -0.006 -9"><span class='ocrx_word' id='word_1_1008' title='bbox 1285 3287 1460 3313; x_wconf 90' lang='lat' dir='ltr'>annorum</span> <span class='ocrx_word' id='word_1_1009' title='bbox 1481 3276 1537 3312; x_wconf 88' lang='lat' dir='ltr'>vel</span> <span class='ocrx_word' id='word_1_1010' title='bbox 1559 3287 1728 3312; x_wconf 87' lang='lat' dir='ltr'>numerus</span> <span class='ocrx_word' id='word_1_1011' title='bbox 1752 3277 1906 3321; x_wconf 85' lang='lat' dir='ltr'>quinque</span> <span class='ocrx_word' id='word_1_1012' title='bbox 1930 3273 2157 3318; x_wconf 82' lang='lat' dir='ltr'>incolumium</span> <span class='ocrx_word' id='word_1_1013' title='bbox 2197 3272 2371 3307; x_wconf 81' lang='lat' dir='ltr'>&#39;berorum</span> 
     </span>
     <span class='ocr_line' id='line_1_145' title="bbox 1290 3316 2370 3364; baseline -0.006 -7"><span class='ocrx_word' id='word_1_1014' title='bbox 1290 3326 1329 3358; x_wconf 83' lang='lat'>13</span> <span class='ocrx_word' id='word_1_1015' title='bbox 1378 3325 1538 3358; x_wconf 84' lang='lat' dir='ltr'>excusat.</span> <span class='ocrx_word' id='word_1_1016' title='bbox 1595 3322 1671 3358; x_wconf 86' lang='lat' dir='ltr'>Eos</span> <span class='ocrx_word' id='word_1_1017' title='bbox 1703 3322 1848 3363; x_wconf 87' lang='lat' dir='ltr'>milites,</span> <span class='ocrx_word' id='word_1_1018' title='bbox 1885 3319 2011 3364; x_wconf 86' lang='lat' dir='ltr'>quibus</span> <span class='ocrx_word' id='word_1_1019' title='bbox 2043 3316 2370 3363; x_wconf 89' lang='lat' dir='ltr'>supervenientibus</span> 
     </span>
     <span class='ocr_line' id='line_1_146' title="bbox 1284 3362 2370 3414; baseline -0.007 -10"><span class='ocrx_word' id='word_1_1020' title='bbox 1284 3367 1443 3414; x_wconf 86' lang='lat' dir='ltr'>hospitia</span> <span class='ocrx_word' id='word_1_1021' title='bbox 1471 3367 1637 3413; x_wconf 88' lang='lat' dir='ltr'>praeberi</span> <span class='ocrx_word' id='word_1_1022' title='bbox 1666 3367 1703 3402; x_wconf 93' lang='lat' dir='ltr'>in</span> <span class='ocrx_word' id='word_1_1023' title='bbox 1736 3366 1877 3402; x_wconf 87' lang='lat' dir='ltr'>civitate</span> <span class='ocrx_word' id='word_1_1024' title='bbox 1906 3366 2063 3409; x_wconf 88' lang='lat' dir='ltr'>oportet,</span> <span class='ocrx_word' id='word_1_1025' title='bbox 2101 3373 2167 3408; x_wconf 91' lang='lat' dir='ltr'>per</span> <span class='ocrx_word' id='word_1_1026' title='bbox 2197 3362 2292 3398; x_wconf 87' lang='lat' dir='ltr'>vices</span> <span class='ocrx_word' id='word_1_1027' title='bbox 2324 3362 2370 3397; x_wconf 90' lang='lat' dir='ltr'>ab</span> 
     </span>
    </p>
   </div>
   <div class='ocr_carea' id='block_1_15' title="bbox 1283 3474 2371 3795">
    <p class='ocr_par' dir='ltr' id='par_1_25' title="bbox 1283 3474 2371 3795">
     <span class='ocr_line' id='line_1_147' title="bbox 1284 3474 2368 3524; baseline -0.006 -10"><span class='ocrx_word' id='word_1_1028' title='bbox 1284 3481 1359 3524; x_wconf 87' lang='lat' dir='ltr'>lege</span> <span class='ocrx_word' id='word_1_1029' title='bbox 1371 3480 1534 3523; x_wconf 88' lang='lat' dir='ltr'>cuiusque</span> <span class='ocrx_word' id='word_1_1030' title='bbox 1546 3479 1693 3514; x_wconf 83' lang='lat' dir='ltr'>civitatis</span> <span class='ocrx_word' id='word_1_1031' title='bbox 1704 3481 1737 3512; x_wconf 86' lang='lat' dir='ltr'>et</span> <span class='ocrx_word' id='word_1_1032' title='bbox 1748 3476 1988 3510; x_wconf 88' lang='lat' dir='ltr'>consuetudine</span> <span class='ocrx_word' id='word_1_1033' title='bbox 2001 3475 2102 3518; x_wconf 89' lang='lat' dir='ltr'>longa</span> <span class='ocrx_word' id='word_1_1034' title='bbox 2113 3474 2267 3518; x_wconf 87' lang='lat' dir='ltr'>intellegi</span> <span class='ocrx_word' id='word_1_1035' title='bbox 2277 3478 2368 3518; x_wconf 85' lang='lat' dir='ltr'>pote-</span> 
     </span>
     <span class='ocr_line' id='line_1_148' title="bbox 1285 3520 2371 3567; baseline -0.005 -8"><span class='ocrx_word' id='word_1_1036' title='bbox 1285 3528 1367 3559; x_wconf 84' lang='lat' dir='ltr'>runt</span> <span class='ocrx_word' id='word_1_1037' title='bbox 1381 3539 1444 3560; x_wconf 78' lang='lat' dir='ltr'>scr.</span> <span class='ocrx_word' id='word_1_1038' title='bbox 1540 3528 1597 3567; x_wconf 86' lang='lat'><strong>(15)</strong></span> <span class='ocrx_word' id='word_1_1039' title='bbox 1623 3524 1712 3567; x_wconf 88' lang='lat' dir='ltr'>quod</span> <span class='ocrx_word' id='word_1_1040' title='bbox 1728 3522 1874 3565; x_wconf 88' lang='lat' dir='ltr'>corporis</span> <span class='ocrx_word' id='word_1_1041' title='bbox 1891 3521 2037 3554; x_wconf 87' lang='lat' dir='ltr'>laborem</span> <span class='ocrx_word' id='word_1_1042' title='bbox 2053 3531 2129 3553; x_wconf 89' lang='lat' dir='ltr'>cum</span> <span class='ocrx_word' id='word_1_1043' title='bbox 2144 3520 2371 3554; x_wconf 82' lang='lat' dir='ltr'>sollicitudine</span> 
     </span>
     <span class='ocr_line' id='line_1_149' title="bbox 1285 3564 2368 3614; baseline -0.005 -10"><span class='ocrx_word' id='word_1_1044' title='bbox 1285 3572 1391 3604; x_wconf 87' lang='lat' dir='ltr'>animi</span> <span class='ocrx_word' id='word_1_1045' title='bbox 1407 3582 1446 3605; x_wconf 85' lang='lat' dir='ltr'>ac</span> <span class='ocrx_word' id='word_1_1046' title='bbox 1458 3570 1635 3614; x_wconf 88' lang='lat' dir='ltr'>vigilantia</span> <span class='ocrx_word' id='word_1_1047' title='bbox 1646 3567 1850 3602; x_wconf 86' lang='lat' dir='ltr'>sollemniter</span> <span class='ocrx_word' id='word_1_1048' title='bbox 1862 3565 2107 3609; x_wconf 85' lang='lat' dir='ltr'>(principaliter</span> <span class='ocrx_word' id='word_1_1049' title='bbox 2116 3564 2178 3607; x_wconf 55' lang='grc' dir='ltr'>ΡΞ)</span> <span class='ocrx_word' id='word_1_1050' title='bbox 2191 3565 2296 3607; x_wconf 80' lang='lat' dir='ltr'>exigit</span> <span class='ocrx_word' id='word_1_1051' title='bbox 2307 3578 2368 3599; x_wconf 86' lang='lat' dir='ltr'>scr.</span> 
     </span>
     <span class='ocr_line' id='line_1_150' title="bbox 1285 3610 2367 3658; baseline -0.009 -7"><span class='ocrx_word' id='word_1_1052' title='bbox 1285 3617 1347 3658; x_wconf 82' lang='grc'>(16)</span> <span class='ocrx_word' id='word_1_1053' title='bbox 1370 3617 1480 3650; x_wconf 88' lang='lat' dir='ltr'>ventri</span> <span class='ocrx_word' id='word_1_1054' title='bbox 1493 3617 1528 3650; x_wconf 85' lang='lat' dir='ltr'><em>F</em></span> <span class='ocrx_word' id='word_1_1055' title='bbox 1615 3615 1673 3656; x_wconf 85' lang='lat'><strong>(17)</strong></span> <span class='ocrx_word' id='word_1_1056' title='bbox 1698 3612 1843 3646; x_wconf 85' lang='lat' dir='ltr'>absentis</span> <span class='ocrx_word' id='word_1_1057' title='bbox 1863 3613 1997 3645; x_wconf 88' lang='lat' dir='ltr'>curator</span> <span class='ocrx_word' id='word_1_1058' title='bbox 2014 3610 2111 3643; x_wconf 87' lang='lat' dir='ltr'>datus</span> <span class='ocrx_word' id='word_1_1059' title='bbox 2129 3611 2288 3644; x_wconf 80' lang='lat' dir='ltr'>similiave</span> <span class='ocrx_word' id='word_1_1060' title='bbox 2308 3611 2367 3644; x_wconf 77' lang='lat' dir='ltr'>ins.</span> 
     </span>
     <span class='ocr_line' id='line_1_151' title="bbox 1286 3656 2367 3704; baseline -0.007 -8"><span class='ocrx_word' id='word_1_1061' title='bbox 1286 3663 1347 3704; x_wconf 84' lang='lat'><strong>(18)</strong></span> <span class='ocrx_word' id='word_1_1062' title='bbox 1370 3662 1466 3694; x_wconf 89' lang='lat' dir='ltr'>bonis</span> <span class='ocrx_word' id='word_1_1063' title='bbox 1480 3664 1539 3695; x_wconf 81' lang='lat' dir='ltr'>ins.</span> <span class='ocrx_word' id='word_1_1064' title='bbox 1554 3661 1605 3693; x_wconf 79' lang='lat' dir='ltr'>F²</span> <span class='ocrx_word' id='word_1_1065' title='bbox 1661 3659 1721 3700; x_wconf 82' lang='lat'><strong>(19)</strong></span> <span class='ocrx_word' id='word_1_1066' title='bbox 1745 3658 1821 3696; x_wconf 80' lang='lat' dir='ltr'>ad§</span> <span class='ocrx_word' id='word_1_1067' title='bbox 1838 3663 1855 3690; x_wconf 82' lang='lat'>6</span> <span class='ocrx_word' id='word_1_1068' title='bbox 1869 3658 1911 3700; x_wconf 90' lang='lat' dir='ltr'>cf.</span> <span class='ocrx_word' id='word_1_1069' title='bbox 1924 3656 1969 3689; x_wconf 86' lang='lat' dir='ltr'>D.</span> <span class='ocrx_word' id='word_1_1070' title='bbox 1984 3657 2039 3698; x_wconf 90' lang='lat'>50,</span> <span class='ocrx_word' id='word_1_1071' title='bbox 2052 3663 2080 3698; x_wconf 84' lang='lat'>5,</span> <span class='ocrx_word' id='word_1_1072' title='bbox 2091 3663 2117 3698; x_wconf 90' lang='lat'>1,</span> <span class='ocrx_word' id='word_1_1073' title='bbox 2130 3662 2146 3689; x_wconf 86' lang='lat'>3</span> <span class='ocrx_word' id='word_1_1074' title='bbox 2203 3656 2267 3697; x_wconf 84' lang='grc' dir='ltr'><strong>(2ο)</strong></span> <span class='ocrx_word' id='word_1_1075' title='bbox 2291 3665 2367 3698; x_wconf 88' lang='lat' dir='ltr'>ope-</span> 
     </span>
     <span class='ocr_line' id='line_1_152' title="bbox 1283 3699 2367 3749; baseline -0.007 -9"><span class='ocrx_word' id='word_1_1076' title='bbox 1283 3717 1355 3740; x_wconf 86' lang='lat' dir='ltr'>ram</span> <span class='ocrx_word' id='word_1_1077' title='bbox 1368 3707 1459 3749; x_wconf 85' lang='lat' dir='ltr'>dant,</span> <span class='ocrx_word' id='word_1_1078' title='bbox 1473 3717 1532 3749; x_wconf 84' lang='lat' dir='ltr'>per</span> <span class='ocrx_word' id='word_1_1079' title='bbox 1545 3704 1700 3737; x_wconf 82' lang='lat' dir='ltr'>militiam</span> <span class='ocrx_word' id='word_1_1080' title='bbox 1712 3702 1844 3735; x_wconf 89' lang='lat' dir='ltr'>nullum</span> <span class='ocrx_word' id='word_1_1081' title='bbox 1856 3714 1919 3735; x_wconf 75' lang='lat' dir='ltr'>scr.</span> <span class='ocrx_word' id='word_1_1082' title='bbox 1977 3701 2036 3742; x_wconf 80' lang='grc'>(21)</span> <span class='ocrx_word' id='word_1_1083' title='bbox 2060 3702 2195 3743; x_wconf 85' lang='lat' dir='ltr'>propter</span> <span class='ocrx_word' id='word_1_1084' title='bbox 2207 3699 2292 3733; x_wconf 78' lang='lat' dir='ltr'>filios</span> <span class='ocrx_word' id='word_1_1085' title='bbox 2306 3701 2367 3733; x_wconf 83' lang='lat' dir='ltr'>del.</span> 
     </span>
     <span class='ocr_line' id='line_1_153' title="bbox 1284 3745 2026 3795; baseline -0.011 -9"><span class='ocrx_word' id='word_1_1086' title='bbox 1284 3754 1349 3795; x_wconf 87' lang='grc'><strong>(22)</strong></span> <span class='ocrx_word' id='word_1_1087' title='bbox 1372 3752 1517 3785; x_wconf 84' lang='lat' dir='ltr'>habeant</span> <span class='ocrx_word' id='word_1_1088' title='bbox 1531 3750 1581 3784; x_wconf 70' lang='lat'>1⁷²</span> <span class='ocrx_word' id='word_1_1089' title='bbox 1677 3749 1738 3789; x_wconf 85' lang='grc'><strong>(23)</strong></span> <span class='ocrx_word' id='word_1_1090' title='bbox 1764 3746 1961 3781; x_wconf 84' lang='lat' dir='ltr'>libertorum</span> <span class='ocrx_word' id='word_1_1091' title='bbox 1975 3745 2026 3779; x_wconf 58' lang='grc' dir='ltr'>Ῑτ*2</span> 
     </span>
    </p>
   </div>
  </div>
 </body>
</html>
