2528 3918
134 150 301 188 mmcts
327 150 622 187 Possmmtms

133 268 285 313 possunt
313 265 436 303 locare
465 269 504 304 et
533 266 596 303 uni
625 266 696 302 hoc
725 262 906 312 negotium
937 265 1040 303 dare:
1078 266 1111 303 si
1137 277 1221 304 vero

133 321 206 348 11011
235 312 416 356 convenit,
454 315 542 348 tunc
573 311 764 348 dicendum
795 315 850 347 est
879 315 1082 357 praetorem
1112 321 1223 350 causa

135 366 177 392 00
227 356 278 392 ‘ta
300 357 430 404 eligere
454 357 594 401 debere,
609 357 681 403 -qui
703 357 799 393 locet
819 356 876 392 vel
899 357 1041 393 vendat.

235 401 344 438 loru
377 403 469 439 libro
504 403 761 450 sexaqensimo
792 402 950 438 secundo
989 403 1039 439 ad
1068 402 1223 439 edictum

133 446 284 483 Praetor
314 447 382 483 ait:
417 447 468 484 ‘Si
496 448 593 493 quis,
627 458 708 483 cum
736 447 774 482 in
798 448 1024 492 possessione
1048 448 1224 484 bonorum

133 496 250 535 ‘esset,
275 492 372 538 quod
396 503 437 528 eo
462 493 605 529 nomine
629 492 769 528 fructus
795 493 938 537 ceperit,
971 494 1016 535 ei,
1048 493 1095 529 ad
1118 503 1224 539 quem

133 539 187 573 ‘ea
209 547 268 573 res
317 539 463 580 ertinet,
489 548 562 574 non
585 538 772 574 restituat:
806 538 897 580 sive,
923 539 1019 583 quod.
1040 539 1223 584 impensae

132 582 220 619 ‘sine
240 583 285 618 do
301 593 322 619 0
343 583 437 619 malo
457 583 594 627 fecerit,
619 584 653 618 ei
670 594 743 618 non
762 584 1023 628 praestabitur:
1048 584 1121 620 sive
1141 583 1221 620 dolo

132 628 237 664 ‘malo
262 629 338 664 eius
364 628 518 664 deterior
542 639 653 664 causa
676 628 913 674 possessionis
943 629 1042 664 facta
1065 640 1144 665 esse
1169 629 1221 664 di-

135 677 150 708 1
202 675 326 717 ‘cetur,
351 673 395 710 de
419 679 467 709 ea'
483 684 524 709 re
546 674 720 709 iudicium
742 674 780 709 in
803 674 940 709 factum
964 674 1082 710 dabo’.
1119 674 1223 719 Quod

131 718 176 753 de
199 718 377 755 fructibus
402 719 462 763 ait,
487 719 595 755 etiam
620 720 663 754 de
683 719 822 762 ceteris,
848 730 1093 765 quaecumque
1117 731 1162 755 ex
1182 730 1223 755 re

132 763 301 799 debitoris
329 769 585 809 pervenerunt,
623 764 901 810 intellegendum
941 770 1006 801 est.
1059 769 1096 801 et
1135 775 1222 801 sane

131 808 256 844 debuit
279 809 347 845 hoc
370 810 422 845 ita
445 820 542 846 esse:
575 810 661 855 quid
684 810 795 853 enim,
827 810 860 846 si
889 821 934 846 ex
964 810 1221 856 compromisso

130 854 186 889 vel
208 854 279 890 alio
305 864 393 890 casu
416 865 570 900 poenam
590 859 805 891 consecutus
824 857 904 891 est?
933 866 1018 891 nam
1037 866 1117 892 eam
1161 866 1220 892 oe—

131 902 151 934 2
199 910 293 943 nam,
316 910 423 945 quam
442 905 656 936 consecutus
675 905 739 944 est,
759 905 947 946 praestare
963 901 1080 937 debet.
1118 867 1222 945 (guod

131 945 182 979 ait
202 949 351 997 praetor
383 946 467 982 ‘sive
491 946 587 991 quod
610 947 795 991 impensae
820 947 984 983 nomine¹
1013 947 1090 982 sine
1114 946 1222 982 dolo²

133 990 245 1034 ‘fecit,
278 990 310 1025 ei
333 1001 406 1026 non
431 992 700 1036 praestabitur’,
733 992 803 1027 hoc
836 1003 877 1027 eo
909 996 1066 1037 spectat,
1099 995 1158 1035 ut,
1191 991 1222 1027 si

130 1035 216 1081 quid
237 1035 316 1081 ipse
339 1037 498 1081 erogavit
523 1037 693 1079 creditor,
726 1037 756 1073 si
788 1037 893 1073 modo
917 1038 994 1073 sine
1019 1037 1101 1073 dolo
1125 1037 1219 1073 malo

130 1081 304 1126 erogavit,
335 1081 405 1117 hoc
435 1083 468 1117 ei
495 1086 717 1127 praestetur:
751 1082 887 1118 sufficit
909 1083 1016 1128 igitur
1039 1083 1116 1118 sine
1138 1082 1220 1118 dolo

130 1136 306 1172 erogasse,
330 1126 469 1162 etiamsi
493 1128 581 1163 nihil
603 1128 739 1172 profuit
763 1127 921 1173 erogatio
946 1128 1023 1163 eius
1045 1129 1098 1163 rei
1121 1127 1221 1163 debi-

131 1175 150 1206 3
197 1172 268 1207 tori
278 1173 303 1207 ³.
340 1172 406 1208 His
429 1173 547 1208 verbis
571 1173 631 1208 ‘ad
654 1184 760 1219 quem
784 1183 827 1209 ea
847 1183 905 1209 res
925 1174 1091 1218 pertinet’
1111 1173 1221 1209 etiam

130 1221 277 1253 curator
299 1218 403 1254 bouis
428 1218 667 1254 distrahendis
693 1218 799 1254 datus
825 1219 1065 1254 continebitur
1087 1222 1124 1254 et
1142 1218 1221 1264 ipse

130 1262 281 1306 debitor,
306 1263 337 1298 si
361 1263 560 1309 contigerit,
592 1274 638 1300 ne
661 1265 757 1299 bona
780 1264 857 1299 eius
881 1268 1044 1300 veneant.
1093 1267 1129 1300 et
1151 1265 1221 1310 ipsi

128 1308 249 1353 itaque
285 1308 457 1344 creditori
492 1309 663 1345 adversus
698 1310 765 1345 hos
795 1309 941 1345 dabitur
973 1310 1087 1352 actio,
1128 1321 1220 1354 quos

129 1353 428 1396 enumeravimus,
467 1354 541 1390 sive
581 1354 666 1408 quid
700 1354 737 1389 in
772 1354 951 1390 fructibus
980 1355 1220 1400 percipiendis

129 1398 286 1451 erogavit
316 1399 389 1435 sive
417 1399 456 1434 in
485 1399 622 1440 famiha
651 1400 782 1435 alenda
806 1400 1032 1436 curandave⁴
1063 1400 1220 1446 praediis

128 1442 316 1479 fulciendis
339 1444 395 1479 vel
417 1441 620 1480 reficiendis
643 1445 700 1481 vel
723 1445 853 1480 damno
883 1445 1043 1481 infecto⁵
1070 1446 1219 1491 promit-

128 1488 235 1525 tendo
259 1489 314 1524 vel
337 1500 440 1525 servo
464 1490 587 1525 noxali
608 1490 741 1526 iudicio
767 1490 934 1535 defenso,
962 1491 994 1526 si
1017 1491 1123 1527 modo
1147 1502 1220 1527 non

127 1534 238 1579 magis
269 1545 350 1570 eum
382 1535 526 1580 expedit
554 1535 684 1571 dedere
717 1547 823 1580 quam
854 1536 1026 1572 retinere:
1063 1536 1159 1582 quod
1190 1537 1220 1572 si

127 1579 255 1614 dedere
278 1580 437 1625 expedit,
472 1591 695 1626 consequens
727 1581 796 1617 erit
826 1586 989 1627 repetere
1016 1592 1099 1618 eum
1122 1583 1220 1618 non⁶

127 1627 147 1658 4
195 1625 337 1661 debere.
391 1625 616 1662 Generaliter
648 1626 756 1662 etiam
789 1626 978 1662 dicendum
1010 1632 1082 1670 est,
1115 1627 1217 1673 quid-

127 1670 212 1715 quid
237 1670 411 1716 impendit
432 1671 471 1706 in
492 1682 585 1715 rem,
619 1673 649 1707 si
679 1672 786 1708 modo
818 1672 894 1708 sine
926 1672 1008 1708 dolo
1034 1673 1128 1708 malo
1152 1673 1217 1709 im-

126 1715 260 1760 pendit,
285 1721 447 1762 repetere
471 1727 552 1752 eum
576 1719 726 1762 posse⁷:
753 1728 837 1752 nam
855 1718 1080 1764 negotiorum
1099 1723 1217 1764 gesto-

126 1771 204 1798 rum
229 1771 336 1814 agere
359 1771 431 1797 non
454 1762 566 1807 magis
583 1766 704 1808 potest
720 1773 828 1808 quam
843 1763 875 1798 si
893 1763 1012 1799 socius
1032 1775 1219 1800 commune

126 1805 327 1841 aedificium
351 1806 462 1850 fulsit,
487 1807 571 1852 quia
595 1808 653 1844 hic
677 1819 820 1853 quoque
844 1808 999 1845 creditor
1020 1820 1218 1852 commune,

126 1854 145 1885 5
195 1862 267 1887 non
291 1852 447 1887 alienum
470 1853 651 1898 negotium
670 1854 824 1898 gessisse
841 1854 990 1890 videtur.
1028 1855 1096 1890 Est
1112 1866 1217 1901 prae-

125 1901 224 1932 terea
255 1898 472 1942 quaesitum,
506 1899 536 1933 si
568 1899 749 1934 deteriora
776 1899 926 1944 praedia
957 1900 1056 1935 facta
1085 1900 1218 1937 fuerint

126 1943 202 1978 sine
226 1942 309 1978 dolo
333 1943 427 1979 malo
454 1943 642 1980 creditoris
666 1945 721 1980 vel
744 1945 824 1981 iura
848 1955 972 1980 eorum
1002 1945 1134 1982 amissa
1163 1947 1218 1982 vel

125 1987 289 2023 aedificia
308 1988 427 2024 diruta
446 1989 502 2024 vel
525 1994 664 2034 exusta,
688 1990 775 2026 item
797 1990 954 2026 familiae
977 2002 1218 2037 pecorumque

125 2037 207 2068 acta
237 2043 325 2069 cura
355 2045 428 2070 non
459 2034 506 2069 sit
538 2040 602 2069 aut
633 2036 814 2081 possessio
854 2036 914 2071 alii
950 2037 1101 2081 tradita,
1142 2038 1217 2072 sine

127 2078 209 2114 dolo
222 2083 351 2115 tamen
374 2080 480 2122 malo,
505 2090 553 2115 an
576 2084 753 2116 teneatur.
802 2085 838 2116 et
862 2086 1014 2127 apparet
1037 2093 1117 2118 eum
1145 2093 1217 2117 non

128 2124 256 2167 ceneri,
296 2125 381 2169 quia
410 2125 492 2161 dolo
526 2126 619 2161 malo
653 2130 770 2169 caret,
814 2127 952 2173 eritque
982 2127 1108 2163 melior
1139 2128 1216 2164 eius

126 2169 286 2205 condicio
336 2180 419 2205 uam
442 2171 480 2205 in
502 2171 651 2216 pignore
677 2172 875 2215 creditoris,
901 2172 963 2218 qui
985 2184 1058 2209 non
1076 2177 1218 2208 tantum

126 2214 246 2250 dolum
269 2226 327 2250 ma
341 2227 417 2259 um,
447 2226 569 2251 verum
594 2217 738 2262 culpam
762 2228 903 2263 quoque
927 2217 1044 2254 debet.
1094 2219 1217 2254 eadem

126 2270 237 2295 causa
268 2265 322 2295 est
351 2261 528 2297 curatoris
558 2262 752 2298 bonorum:
786 2273 869 2298 nam
900 2268 934 2298 et
957 2264 987 2299 is
1012 2268 1154 2300 tenetur
1178 2270 1219 2299 ut

126 2308 146 2339 6
195 2305 401 2343 creditores.
456 2307 499 2342 In
531 2317 612 2343 eum
643 2319 712 2354 quo
740 2319 804 2352 ue,
844 2309 906 2354 qui
939 2320 1056 2354 neque
1086 2310 1218 2346 locavit

124 2350 281 2389 fructum
304 2352 444 2399 praedii
466 2362 581 2399 neque
605 2353 708 2389 vendi
737 2354 777 2398 't,
809 2354 848 2389 in
877 2354 1014 2390 factum
1039 2356 1215 2391 actionem

125 2398 189 2434 dat
210 2403 359 2444 praetor
379 2404 415 2435 et
438 2398 475 2434 in
498 2399 568 2434 hoe
594 2399 907 2443 condemnabitur,
941 2404 1074 2445 quanto
1099 2401 1216 2437 minus

126 2449 272 2489 propter
294 2445 364 2480 hoc
388 2449 599 2490 perceptum
623 2448 693 2489 est,
724 2445 809 2491 quia
832 2455 948 2491 neque
972 2446 1131 2482 vendidit
1154 2457 1215 2482 ne-

124 2500 193 2535 que
211 2489 355 2525 locavit.
394 2494 552 2526 ceterum
576 2490 607 2526 si
625 2493 767 2526 tantum
785 2494 994 2536 perceptum
1013 2495 1078 2535 est,
1104 2503 1215 2538 quan-

124 2539 200 2570 tum
229 2535 493 2580 perciperetur,
533 2536 564 2571 si
593 2536 734 2572 locatus
765 2536 821 2571 vel
851 2535 1045 2573 distractus
1075 2537 1216 2573 fructus

125 2583 237 2623 esset,
267 2580 357 2615 nihil
388 2581 420 2616 ei
447 2580 695 2627 imputabitur.
742 2585 905 2627 praestat
933 2586 1053 2618 autem
1082 2594 1148 2628 per
1178 2583 1216 2618 id

123 2629 263 2660 tantum
286 2625 475 2672 temporis,
509 2637 580 2672 quo
610 2626 650 2662 in
682 2627 946 2672 possessionem
969 2627 1039 2663 fuit
1061 2629 1116 2664 vel
1138 2628 1150 2663 i
1177 2639 1215 2664 se

125 2671 179 2707 vel
201 2671 302 2707 iussu
325 2671 401 2707 eius
425 2672 535 2714 alius,
566 2671 686 2717 quoad
714 2671 798 2707 inde
826 2671 870 2707 de
892 2673 1119 2718 possessione
1167 2674 1214 2709 is-

125 2726 266 2752 cessum
286 2720 363 2752 est:
385 2726 469 2752 nam
491 2727 608 2762 neque
631 2717 702 2752 hoc
725 2716 924 2762 imputatur
948 2718 1126 2762 creditori,
1153 2730 1216 2755 cur

123 2762 161 2796 in
188 2761 450 2806 possessionem
479 2772 552 2797 non
582 2761 736 2805 venerit,
773 2773 888 2808 neque
921 2763 1031 2807 illud,
1070 2775 1135 2800 cur
1172 2764 1216 2800 de

124 2807 351 2852 possessione
388 2806 599 2850 decesserit,
640 2818 722 2843 cum
757 2808 999 2844 voluntarium
1039 2813 1075 2845 et
1110 2821 1215 2846 suum

125 2851 244 2897 potius
269 2851 449 2897 negotium
472 2852 628 2888 creditor
651 2855 763 2898 gerat.
802 2853 1002 2889 aestimatio
1024 2858 1144 2891 autem
1162 2854 1213 2900 fit,

126 2900 142 2933 7
193 2901 367 2943 quantum
382 2897 533 2934 interest
551 2897 626 2934 eius
648 2898 708 2943 qui
727 2898 920 2944 experitur.
957 2899 1036 2935 Hae
1054 2901 1214 2937 actiones

125 2953 240 2988 neque
268 2942 506 2989 temporariae
537 2947 622 2978 sunt
649 2949 686 2979 et
716 2947 792 2979 tam
821 2944 1014 2981 heredibus
1045 2956 1152 2991 quam
1176 2946 1215 2981 in

126 2990 145 3023 8
192 2987 341 3024 heredes
361 2986 546 3024 dabuntur
565 2992 775 3035 ceterosque
796 2999 1035 3026 successores.
1072 2990 1111 3027 Si
1128 3002 1213 3037 pos-

125 3033 293 3070 sessionis
319 3043 429 3069 causa
453 3033 609 3070 deterior
629 3034 729 3070 facta
752 3045 831 3070 esse
855 3035 995 3071 dicetur
1018 3036 1100 3072 dolo
1125 3037 1212 3080 eius,

126 3078 186 3123 qui
208 3079 244 3114 in
267 3078 531 3125 possessionem
554 3079 684 3115 missus
708 3079 764 3123 sit,
790 3080 884 3116 actio
904 3080 943 3116 in
965 3091 1047 3117 eum
1067 3092 1112 3117 ex
1131 3082 1213 3118 dolo

126 3124 249 3167 datur,
290 3134 383 3170 quae
419 3134 536 3170 neque
569 3127 654 3170 post
688 3135 820 3160 annum
849 3136 966 3171 neque
996 3127 1034 3162 in
1063 3127 1213 3163 heredes

126 3172 334 3215 ceterosque
358 3180 586 3206 successores
610 3169 765 3213 dabitur,
791 3181 872 3206 cum
896 3181 941 3206 ex
965 3171 1094 3209 delicto
1120 3172 1212 3208 oria-

125 3218 185 3249 tur
233 3224 415 3260 oenaeque
437 3214 580 3251 nomine
605 3215 838 3260 concipiatur,

174 3225 231 3298 18
251 3259 410 3296 Panos
437 3260 528 3297 libro
586 3261 887 3307 uinquaqensimo
912 3272 1007 3298 nono
1040 3262 1090 3298 ad
1120 3262 1214 3299 edic·

127 3307 199 3339 tum
246 3304 316 3340 nisi
339 3308 515 3350 quatenus
539 3271 586 3341 ad
610 3315 691 3341 eum
713 3306 884 3350 pervenit.

175 3348 221 3387 11
256 3349 451 3386 [lamnas
478 3351 570 3387 libro
599 3351 828 3396 seoeaqesimo
857 3352 1015 3388 secundo
1048 3352 1099 3388 ad
1120 3352 1214 3389 edic-

127 3399 201 3430 tum
212 3394 379 3475 ¹:ilderedi
401 3399 522 3432 autem
544 3395 699 3441 dabitur,
724 3396 808 3441 quia
831 3400 868 3432 et
886 3396 939 3438 rei
955 3398 1115 3434 continet
1130 3408 1213 3444 per-

126 3450 210 3475 secu
242 3451 355 3476 onem.

176 3483 226 3522 12
250 3485 411 3522 PAvhUs
431 3486 522 3522 libro
546 3486 847 3532 quinquaqesimo
871 3497 966 3523 nono
990 3487 1041 3523 ad
1059 3488 1213 3524 edictum

128 3531 217 3567 Cum
239 3541 332 3568 unus
356 3541 401 3567 ex
424 3531 663 3567 creditoribus
685 3531 847 3577 postulat
868 3531 906 3567 in
929 3532 1025 3568 bona
1043 3532 1213 3569 debitoris

127 3645 167 3685 (1)
193 3644 326 3678 nomine
347 3645 408 3678 del.
523 3646 569 3687 (⁴2)
593 3644 682 3678 malo
703 3646 761 3678 ins.
775 3644 829 3677 F²
943 3647 986 3689 (3)
1011 3646 1170 3681 debitoris
1184 3647 1219 3679 F

126 3692 169 3730 (⁴)
195 3689 246 3722 vel
260 3691 320 3724 ins.
409 3691 452 3732 (5)
478 3689 591 3722 damni
601 3691 719 3723 infecti
730 3691 813 3724 Hal.
902 3692 944 3731 (6)
970 3701 1039 3725 non
1051 3692 1089 3735 S,
1110 3705 1166 3725 om.
1183 3692 1215 3723 F

126 3736 171 3773 (¹1)
197 3735 258 3767 hac
270 3735 401 3767 actione
412 3736 448 3767 in
460 3735 585 3767 factum
598 3736 657 3769 ins.
673 3736 832 3774 (similiter
842 3735 989 3776 Pothier)
1036 3737 1081 3778 (8)
1106 3737 1209 3780 possi-

127 3779 197 3812 deri
212 3780 261 3812 F²
315 3783 359 3822 (0)
383 3780 548 3822 possideat
560 3793 621 3813 scr.
676 3787 734 3821 (10)
760 3783 904 3822 tempore
919 3782 977 3814 ins.
1031 3782 1086 3824 (11)
1111 3792 1170 3813 nec
1185 3782 1218 3814 F

1209 137 1295 189 673

2112 144 2379 194 XXXXII5

1292 277 1332 304 se
1354 267 1458 312 mitti,
1483 268 1686 313 quaeritur,
1719 273 1839 307 utrum
1868 271 1967 310 solus
1997 274 2029 310 is
2060 275 2122 320 qui
2151 275 2243 321 petit
2264 276 2375 322 possi-

1293 313 1386 366 dere.
1399 317 1530 359 potest,
1555 324 1612 357 an,
1643 325 1726 367 cum
1751 327 1843 352 unus
1867 319 1958 363 petit
1980 324 2017 355 et
2038 324 2185 365 praetor
2208 321 2379 375 permisit,

1293 359 1458 394 omnibus
1483 359 1720 395 creditoribus
1745 361 1863 399 aditus
1889 364 1946 399 sit.
1989 369 2025 400 et
2048 365 2268 403 commodius
2292 367 2379 403 dici-

1292 408 1363 447 tur,
1389 415 1471 440 cum
1492 408 1638 450 praetor
1656 406 1866 451 permiserit,
1891 419 1963 444 non
1980 415 2053 445 tam
2073 422 2247 457 personae
2267 412 2380 449 solius

1291 449 1466 494 petentis,
1506 459 1613 494 quam
1649 450 1886 487 creditoribus
1924 459 1960 489 et
1994 456 2031 489 in
2062 466 2137 491 rem
2167 457 2379 510 permissum

1292 494 1420 530 videri:
1455 495 1551 539 quod
1579 499 1616 530 et
1643 495 1766 531 Labeo
1796 502 1910 541 putat.
1959 510 2024 535 nec
2056 502 2236 537 videbitur
2267 503 2380 539 libera

1291 550 1448 585 persona
1479 540 1667 585 adquirere
1698 541 1774 583 alii,
1810 543 1892 585 quia
1921 555 1986 579 nec
2010 547 2077 581 sibi
2102 547 2291 592 quicquam
2315 548 2378 584 ad-

1293 585 1417 630 quirit,
1451 586 1510 621 cui
1558 591 1678 621 raetor
1702 588 1893 639 permittit,
1927 590 1989 624 sed
2020 591 2151 635 aliquid
2181 604 2225 628 ex
2255 593 2378 629 ordine

1292 630 1398 666 facit:
1435 634 1472 666 et
1501 597 1582 666 idIeo
1614 636 1742 667 ceterls
1774 643 1916 677 quoque
1945 636 2103 679 prodest.
2150 638 2257 682 plane
2286 639 2316 674 si
2346 638 2378 675 is

1291 676 1542 720 postulaverit,
1566 677 1628 721 qui
1651 677 1807 712 creditor
1830 689 1904 713 non
1927 684 1996 723 est,
2024 681 2166 717 minime
2190 683 2378 719 dicendum

1291 725 1346 756 est
1368 721 1425 756 vel
1448 732 1548 764 eum,
1580 722 1642 768 qui
1666 723 1821 758 creditor
1844 728 1918 766 est,
1942 726 2124 769 possidere
2146 739 2271 772 posse,
2296 729 2379 774 quia

1290 766 1380 801 nihil
1411 767 1482 811 egit
1510 767 1594 803 talis
1625 768 1841 814 postulatio:
1880 769 1985 805 aliter
2014 775 2122 816 atque
2152 774 2182 808 si
2213 773 2377 816 creditor,

1290 812 1350 847 cui
1372 813 1585 858 permissum
1610 817 1666 849 est
1687 814 1889 859 possidere,
1914 819 2041 860 postea
2064 818 2197 862 recepit
2221 819 2377 855 debitum

1291 867 1414 893 suum:
1451 858 1563 893 ceteri
1591 858 1685 893 enim
1708 862 1881 904 poterunt
1902 870 2073 906 peragere
2096 863 2270 899 bonorum
2293 876 2376 900 ven-

1292 906 1309 937 1
1359 902 1541 939 ditionem.
1588 903 1636 948 Is,
1662 905 1723 948 qui
1745 905 1931 950 possidere
1952 905 2107 951 iubetur,
2132 919 2174 943 eo
2197 909 2278 945 loco
2301 909 2374 945 ius-

1291 951 1310 983 2
1359 958 1422 984 sus
1444 948 1595 992 videtur,
1621 950 1723 984 cuius
1747 960 1836 985 cura
1859 950 1908 986 ad
1929 949 2110 987 iubentem
2132 954 2296 998 pertinet.
2340 955 2377 990 Si

1289 997 1437 1040 propter
1469 997 1635 1029 naturam
1665 995 1718 1030 rei
1752 995 1876 1038 (veluti
1905 996 1935 1031 si
1957 997 2145 1042 praedium
2166 999 2377 1035 inundatum

1290 1039 1350 1082 sit)
1370 1043 1434 1073 aut
1453 1044 1602 1084 propter
1621 1040 1803 1076 latronum
1819 1041 2018 1087 potentiam
2038 1054 2109 1078 non
2128 1048 2246 1088 potest
2263 1046 2377 1091 possi·

1291 1084 1376 1119 dere
1388 1085 1411 1128 ⁸,
1437 1088 1534 1120 recte
1559 1085 1691 1120 dicitur
1712 1096 1786 1121 non
1808 1097 1888 1123 esse
1911 1087 2007 1131 quod
2057 1088 2267 1125 ossideatur.

1339 1126 1390 1167 13
1419 1130 1542 1165 GAIUS
1562 1130 1654 1166 libro
1678 1132 1843 1167 vicesimo
1865 1133 1970 1168 tertio
1995 1145 2017 1167 a
2063 1134 2216 1169 edictum
2233 1137 2378 1181 provin-

1290 1175 1383 1210 ciale
1434 1174 1602 1219 Quamvis
1660 1187 1801 1212 essessa
1830 1188 1903 1213 11011
1932 1178 2004 1213 sint
2033 1179 2145 1222 bona,
2176 1180 2259 1224 quia
2287 1179 2379 1216 forte

1289 1220 1378 1255 nihil
1400 1219 1527 1263 fuerit,
1560 1188 1656 1265 quos
1677 1222 1924 1267 possideatur,
1950 1228 2014 1258 aut
2038 1224 2114 1259 sine
2138 1226 2380 1261 controversia

1289 1276 1362 1301 non
1385 1266 1640 1311 possideatur⁹
1671 1267 1827 1303 creditor
1858 1269 1919 1313 qui
1950 1269 1987 1304 in
2010 1270 2272 1315 possessionem
2295 1272 2380 1306 mis-

1289 1322 1350 1391 11103
1375 1315 1446 1354 est,
1470 1311 1619 1357 perinde
1643 1313 1813 1356 habetur,
1843 1324 1888 1349 ac
1911 1314 1943 1350 si
1966 1315 2071 1350 etiam
2094 1326 2261 1361 possessa
2285 1317 2380 1352 bona

1305 1361 1452 1392 uissent.

1338 1401 1389 1439 14
1415 1401 1574 1438 PAULUS
1602 1403 1694 1439 libro
1727 1405 2054 1457 quz'nquaqensz’mo
2084 1417 2179 1441 nono
2208 1406 2258 1441 ad
2285 1407 2378 1442 edic-

1289 1450 1363 1482 tum
1411 1446 1595 1484 Creditore
1613 1449 1650 1483 in
1696 1459 1933 1485 essessionem
1949 1460 2069 1486 rerum
2086 1451 2254 1487 debitoris
2270 1452 2377 1488 misso

1289 1497 1435 1528 curator
1459 1494 1628 1529 constitui
1677 1495 1776 1539 ebet,
1806 1496 1837 1530 si
1850 1497 1878 1516 ¹⁰
1902 1495 2077 1540 quaedam
2101 1496 2261 1532 actiones
2280 1498 2376 1543 'peri-

1292 1542 1306 1573 1
1355 1542 1460 1573 turae
1491 1543 1586 1574 sunt.
1640 1540 1758 1575 Datur
1787 1540 1826 1575 in
1858 1540 2071 1577 creditorem
2101 1542 2214 1585 actio,
2253 1543 2314 1587 qui
2341 1543 2377 1578 in

1287 1584 1550 1630 possessionem
1575 1585 1705 1620 missus
1730 1589 1802 1630 est,
1830 1585 1874 1622 de
1897 1596 1939 1622 00
1965 1586 2061 1631 quod
2084 1598 2129 1623 ex
2153 1587 2254 1623 bonis
2279 1588 2377 1624 debi-

1286 1629 1376 1664 toris
1408 1629 1455 1665 ad
1486 1640 1567 1665 eum
1598 1631 1778 1676 pervenit:
1810 1631 1840 1666 si
1873 1632 2032 1667 nondum
2063 1633 2111 1668 sit
2135 1633 2268 1678 aliquid
2292 1644 2376 1669 con-

1287 1679 1452 1718 secutus,
1488 1676 1651 1711 actiones
1681 1687 1766 1712 suas
1796 1678 2006 1723 praestabit.
2055 1678 2162 1713 datur
2190 1682 2309 1714 autem
2340 1679 2378 1715 in

1286 1720 1424 1755 factum
1448 1721 1543 1756 actio
1568 1721 1737 1757 adversus
1763 1733 1853 1765 eum,
1879 1727 1915 1758 et
1939 1734 2054 1766 omne,
2087 1723 2182 1768 quod
2204 1724 2242 1759 in
2265 1725 2377 1760 actio-

1287 1776 1368 1800 nem
1387 1766 1610 1811 negotiorum
1626 1772 1807 1811 gestorum
1824 1768 1970 1813 veniret,
1995 1768 2027 1804 si
2041 1772 2166 1815 posset
2182 1770 2248 1814 agi,
2273 1771 2376 1806 resti-

1286 1811 1457 1846 tuendum
1483 1822 1505 1846 a
1530 1812 1716 1848 creditore.

1337 1856 1386 1893 15
1420 1856 1616 1893 ULPIANUS
1643 1858 1735 1894 libro
1766 1859 1994 1906 sexaqesimo
2023 1859 2182 1895 secundo
2213 1860 2263 1896 ad
2284 1861 2376 1896 edic-

1288 1905 1362 1936 tum
1411 1902 1500 1936 Cum
1533 1902 1654 1948 plures
1686 1903 1879 1940 creditores
1910 1904 1947 1939 in
1970 1905 2235 1950 possessionem
2258 1916 2377 1941 rerum

1288 1947 1458 1983 debitoris
1486 1948 1684 1991 mittantur,
1709 1960 1754 1984 ne
1768 1951 1794 1971 ¹²
1819 1954 2096 1995 corrumpantur
2124 1952 2290 1994 rationes,
2315 1953 2377 1986 uni

1286 1993 1356 2028 hoc
1395 1993 1577 2038 negotium
1615 2004 1637 2028 a
1677 1994 1912 2030 creditoribus
1944 2006 2024 2031 esse
2055 1996 2231 2039 dandum,
2273 2007 2376 2050 quem

1286 2038 1399 2075 maior
1431 2049 1515 2084 pars
1549 2039 1765 2075 creditorum
1789 2040 1943 2097 elegerit.
1991 2051 2056 2086 ego
2079 2046 2168 2086 puto
2194 2042 2376 2078 creditori-

1286 2084 1354 2119 bus
1374 2084 1693 2120 instrumentorum
1713 2086 1818 2121 etiam
1838 2087 2053 2133 αναγραφὴν
2066 2088 2092 2108 ¹²
2113 2086 2232 2123 facere
2244 2088 2281 2131 ¹³,
2306 2098 2376 2123 non

1286 2133 1328 2164 ut
1351 2129 1559 2166 describant
1581 2130 1662 2175 ipsa
1682 2141 1835 2177 corpora
1853 2131 2182 2176 instrumentorum,
2208 2132 2271 2168 sed
2290 2136 2377 2178 quot

1286 2175 1376 2218 sint,
1410 2175 1454 2211 de
1478 2186 1549 2221 qua
1572 2185 1612 2211 re
1635 2176 1724 2218 sint,
1760 2177 1955 2213 subnotent
1978 2177 2047 2214 sibi
2070 2182 2107 2213 et
2130 2178 2232 2224 quasi
2255 2178 2375 2214 inven-

1285 2220 1419 2256 tarium
1441 2220 1596 2256 faciant:
1622 2221 1718 2266 quod
1742 2222 1850 2258 etiam
1872 2223 2118 2259 universorum
2131 2224 2158 2244 ¹⁴
2182 2223 2300 2259 facere
2324 2224 2375 2259 eis

1286 2266 1354 2302 erit
1377 2266 1665 2312 permittendum.
1714 2271 1902 2313 praeterea
1935 2278 2202 2314 nonnumquam
2232 2272 2376 2314 praetor

1286 2322 1398 2348 causa
1422 2311 1566 2357 cognita
1589 2312 1697 2348 etiam
1721 2313 1925 2349 describere
1945 2313 2080 2358 aliquid
2101 2325 2146 2350 ex
2160 2314 2375 2351 instrumen-

1285 2357 1332 2393 tis
1365 2357 1604 2394 creditoribus
1637 2358 1780 2394 debebit
1811 2358 2033 2404 permittere,
2071 2359 2103 2395 si
2140 2370 2212 2404 qua
2247 2359 2376 2395 idonea

1290 2406 1305 2437 1
1356 2413 1466 2438 causa
1485 2403 1709 2440 interveniat.
1746 2403 1876 2440 Utrum
1899 2405 2008 2440 semel
2031 2415 2078 2440 an
2102 2405 2209 2440 etiam
2233 2405 2374 2449 saepius

1286 2448 1481 2494 recognitio
1507 2452 1543 2484 et
1566 2448 1771 2502 dispunctio
1797 2449 2026 2485 concedenda
2054 2450 2102 2486 sit
2130 2450 2373 2494 creditoribus,

1285 2493 1478 2529 videamus.
1527 2497 1564 2530 et
1595 2498 1648 2530 ait
1678 2495 1803 2531 Labeo
1841 2495 1992 2540 amplius
2023 2506 2130 2541 quam
2162 2495 2269 2531 semel
2301 2506 2374 2530 non

1285 2549 1364 2574 esse
1397 2539 1679 2576 concedendam:
1713 2541 1744 2577 si
1769 2540 1847 2585 quis
1872 2545 2010 2583 tamen,
2042 2540 2175 2586 inquit,
2207 2541 2375 2575 iuraverit

1285 2595 1358 2620 non
1382 2584 1582 2620 calumniae
1606 2595 1717 2622 causa
1734 2597 1773 2622 se
1793 2586 1981 2631 postulare
1999 2596 2114 2631 neque
2131 2585 2263 2621 habere
2282 2596 2374 2631 quae

1286 2629 1526 2675 dispunxerit,
1558 2630 1689 2666 iterum
1712 2631 1746 2667 ei
1769 2631 1971 2667 faciendam
1994 2634 2209 2677 potestatem
2233 2631 2284 2667 ait
2307 2641 2373 2667 nec

1285 2686 1343 2711 am
1369 2674 1438 2711 lius
1464 2686 1571 2720 quam
1594 2675 1661 2712 bis.

1359 2718 1384 2758 6
1413 2720 1536 2757 (ἔωσε
1563 2721 1654 2757 libro
1678 2722 1844 2757 vicesimo
1869 2725 2000 2768 quarto
2030 2721 2080 2756 ad
2107 2721 2260 2757 edictum
2284 2732 2372 2768 pro-

1284 2765 1436 2802 vinciale
1484 2765 1572 2802 Cum
1604 2766 1700 2802 bona
1728 2770 1883 2802 veneunt
1907 2766 2093 2810 debitoris,
2125 2766 2163 2801 in
2187 2777 2371 2812 compara-

1283 2811 1382 2847 tione
1395 2812 1423 2833 ¹⁵
1446 2811 1606 2847 extranei
1631 2816 1667 2847 et
1691 2812 1784 2854 eius,
1811 2812 1871 2857 qui
1896 2811 2051 2847 creditor
2075 2815 2291 2856 cognatusve
2314 2812 2370 2853 sit,

1310 2857 1402 2892 otior
1424 2856 1581 2892 habetur
1604 2857 1759 2892 creditor
1779 2861 2006 2901 cognatusve,
2032 2857 2143 2901 magis
2159 2861 2278 2892 tamen
2295 2867 2370 2891 cre-

1310 2902 1379 2938 'tor
1408 2912 1515 2947 quam
1547 2906 1738 2946 cognatus,
1773 2905 1809 2937 et
1839 2902 1934 2938 inter
1962 2901 2157 2938 creditores
2186 2902 2305 2947 potior
2327 2901 2368 2943 is,

1285 2947 1343 2983 cui
1357 2948 1384 2968 ¹⁶
1407 2947 1522 2982 maior
1545 2948 1699 2992 pecunia
1722 2947 1921 2983 debebitur.

1334 2991 1383 3029 17
1416 2992 1611 3028 Urmms
1639 2993 1730 3028 libro
1754 2993 1982 3038 sexaqesimo
2006 2992 2109 3027 tertio
2141 2991 2191 3026 ad
2215 2991 2367 3026 edictum

1284 3037 1492 3083 Quaesitum
1511 3042 1576 3079 est,
1602 3041 1721 3072 utrum
1744 3037 1795 3072 ita
1820 3037 1960 3073 demum
1982 3036 2200 3082 privilegium
2219 3036 2328 3087 habet
2341 3037 2366 3056 ¹⁷

1283 3083 1476 3125 funeraria,
1501 3082 1532 3117 si
1554 3082 1586 3117 is
1611 3082 1710 3118 cuius
1735 3083 1831 3118 bona
1854 3086 2007 3118 veneunt
2029 3081 2213 3117 funeratus
2237 3084 2299 3132 sit,
2319 3091 2365 3115 an

1283 3129 1390 3163 etiam
1413 3127 1444 3163 si
1467 3138 1648 3172 proponas
1674 3127 1782 3162 alium
1801 3138 1880 3163 esse
1900 3127 2112 3162 funeratum.
2151 3130 2186 3160 et
2202 3126 2271 3176 hoc
2290 3135 2367 3177 iure

1284 3173 1436 3214 utimur,
1470 3176 1510 3207 ut
1541 3172 1754 3217 quicumque
1783 3172 1831 3208 sit
1860 3172 2062 3212 funeratus,
2091 3171 2128 3205 id
2152 3173 2205 3205 est
2229 3180 2301 3204 Sive
2324 3180 2365 3212 is,

1284 3218 1386 3253 cuius
1411 3217 1454 3252 de
1478 3217 1580 3252 bonis
1605 3218 1732 3261 agitur,
1757 3218 1830 3253 sive
1855 3217 1940 3270 quid
1962 3217 1993 3269 is
2017 3215 2152 3266 debuit,
2174 3214 2267 3258 quod
2286 3214 2366 3249 red-

1284 3263 1366 3298 dere
1388 3273 1478 3305 eum,
1504 3262 1535 3297 si
1552 3261 1696 3306 viveret,
1720 3262 1903 3298 funeraria
1920 3265 2059 3296 actione
2077 3270 2154 3304 cogi
2174 3262 2364 3304 oporteret,

1282 3307 1464 3354 privilegio
1499 3307 1601 3342 locus
1635 3307 1682 3343 sit
1715 3308 1887 3354 parvique
1915 3305 2047 3341 referre
2078 3304 2254 3355 dicamus,
2287 3314 2366 3355 ‚qua

1283 3353 1424 3388 actione
1447 3351 1506 3387 hic
1530 3356 1693 3398 sumptus
1717 3356 1911 3399 repetatur,
1940 3351 2119 3385 funerarla
2143 3358 2189 3382 an
2211 3348 2365 3400 familiae

1284 3397 1516 3434 erciscundae
1539 3407 1586 3433 an
1610 3408 1680 3443 qua
1703 3398 1791 3439 alia,
1824 3395 2011 3431 dummodo
2042 3396 2205 3445 sumptus
2229 3392 2364 3446 funeris

1284 3453 1394 3478 causa
1410 3442 1528 3478 factus
1547 3442 1604 3477 sit.
1641 3452 1864 3488 quacumque
1879 3441 1986 3490 igitur
2005 3443 2144 3490 actione
2164 3438 2210 3473 ob
2229 3437 2364 3473 funens

1282 3491 1462 3532 sumptum
1501 3490 1642 3529 utatur,
1682 3488 1789 3523 etiam
1828 3486 2043 3520 funerariam
2080 3493 2113 3518 01
2152 3486 2362 3528 competere.

1284 3543 1394 3577 quare
1417 3532 1449 3568 si
1470 3532 1509 3567 in
1531 3532 1741 3578 stipulatum
1771 3530 1904 3566 funeris
1933 3529 2083 3573 inpensa
2112 3527 2267 3562 deducta
2297 3532 2362 3569 est,

2117 3640 2175 3681 (14)
2200 3639 2361 3672 bonorum

1281 3647 1338 3686 (12)
1365 3646 1401 3679 id
1412 3653 1478 3679 est.-
1502 3644 1703 3678 breviarium
1781 3644 1838 3684 (13)
1862 3641 1962 3674 licere
1975 3642 2034 3674 ins.

2119 3687 2179 3727 (16)
2204 3685 2299 3718 ouius
2311 3685 2362 3717 1⁶²

1280 3693 1339 3724 ins.
1353 3691 1507 3735 Krueqer
1612 3691 1670 3732 (15)
1695 3687 1972 3731 comparationem
1983 3686 2019 3719 F

1280 3738 1337 3774 (17)
1363 3735 1482 3768 habeat
1494 3735 1549 3779 F?

2048 3830 2092 3864 85
