2528 3918
125 137 488 170 SIGNIFIOA'I'IONE

171 245 253 288 233
267 249 279 270 ¹
302 247 410 284 Imm
434 247 525 284 libro
541 247 667 294 primo
691 246 742 283 ad
763 246 877 294 leqem
900 246 1089 283 duodecim
1113 245 1215 282 tabu-

126 293 244 330 larum
291 293 340 329 ‘Si
364 292 545 330 calvitur’:
571 293 632 328 et²
656 296 815 329 moretur
837 296 874 329 et
892 292 1097 329 frustretur.
1133 290 1216 327 inde

125 342 163 375 et
193 338 469 375 calumniatores
499 348 522 373 a
547 336 672 384 pellati
695 341 796 381 sunt,
829 338 939 383 quia³
965 348 1032 384 per
1054 335 1216 373 fraudem

125 388 163 420 et
191 383 460 420 frustrationem
492 349 583 419 affos
612 386 787 419 vexarent
815 383 957 420 litibus:
988 382 1083 435 inde·
1095 385 1132 418 et
1154 392 1216 435 ca-

129 433 144 465 1
193 428 328 465 villatio
359 429 456 465 dicta
489 431 553 465 est.
606 427 697 464 Post
733 427 908 465 kalendas
940 429 1127 465 Ianuarias
1159 426 1217 463 die

128 478 148 510 2
195 473 302 510 tertio
326 485 392 520 pro
411 474 528 510 salute
572 473 719 519 rincipis
735 477 820 510 vota
839 473 1097 519 suscipiuntur.
1134 472 1215 508 ‘Te-

126 519 222 555 ‘lum'
245 530 289 556 vo
327 531 349 556 o
372 518 514 566 quidem
536 519 550 554 i
597 519 812 565 appellatur,
861 518 935 555 uod
957 519 1004 555 ab
1026 528 1115 554 arcu
1135 517 1216 553 mit-

124 565 231 601 titur:
263 575 303 601 se
351 575 424 601 non
447 564 590 600 minus⁴
615 575 720 600 omne
743 563 834 610 signi
862 569 982 607 catur,
1039 563 1113 600 uod
1135 563 1216 599 mit·

125 610 215 646 titur
242 621 370 646 manu:
401 610 454 646 ita
483 609 661 656 sequitur,
693 613 734 646 ut
763 614 799 645 et
828 610 865 645 la
890 609 921 645 is
954 612 990 645 et
1091 619 1152 644 um
1181 611 1219 644 et

126 655 263 692 ferrum
293 655 363 692 hoc
394 655 538 691 nomine
568 655 813 692 contineatur:
887 658 1054 700 ctumque
1085 654 1132 690 ab
1163 663 1216 698 eo,

126 700 223 746 quod
252 700 291 736 in
320 699 443 746 longin
467 710 554 736 uum
584 700 756 745 mittitur,
792 699 932 736 Graeca
965 710 1053 736 voce
1083 699 1216 745 figura-

126 752 203 782 tum
222 740 297 782 ἆπὸ
314 746 379 780 τοῦ
395 759 440 789 τη
464 747 539 781 σῦδ.
573 749 611 782 et
627 746 723 781 hanc
742 744 1040 791 significationem
1059 744 1218 782 invenire

125 801 316 836 possumus
339 794 377 827 et
399 790 438 826 in
455 791 594 827 Graeco
614 791 776 827 nomine:
802 801 886 826 nam
905 790 1003 837 quod
1021 801 1089 827 nos
1107 790 1218 826 telum

125 847 148 872 a
172 836 360 882 pellamus,
378 835 430 872 illi
475 834 551 873 ἕλος
569 836 777 882 appellant⁰
801 831 874 871 ἀπὸ
892 837 958 871 τοῦ
975 834 1216 880 βάλλεσθαιἸ.

125 891 149 917 a
210 885 296 918 onet
325 891 392 918 nos
459 881 628 928 enophon
638 881 664 924 θ,
695 891 779 917 nam
808 881 861 917 ita
891 881 1037 919 scribit:
1080 883 1142 915 καὶ
1171 879 1217 915 τὰ

124 925 210 972 βέλη
241 923 377 972 δμὸσε“
406 929 570 975 ἐφέρετο,
610 924 736 974 λόγχαι
768 924 973 972 τοξεύματα
1006 924 1214 973 σφενδόναι,

125 969 288 1007 πλεῖστοι
312 970 352 1007 δὲ
374 975 436 1007 καὶ
448 974 476 994 ¹⁰
498 970 602 1007 λίθοι
612 973 653 1008 ¹¹.
699 975 737 1008 et
758 971 807 1015 id,
831 971 929 1025 quod
951 972 998 1008 ab
1023 982 1112 1008 arcu
1135 971 1216 1007 mit-

125 1017 225 1061 titur,
249 1016 347 1064 apud
371 1017 530 1054 Graecos
554 1016 697 1063 quidem
723 1028 871 1063 proprio
895 1017 1039 1054 nomine
1060 1015 1217 1062 τόξευμα

125 1066 291 1108 vocatur,
325 1062 423 1109 apud
459 1073 526 1100 nos
561 1066 682 1099 autem
719 1062 901 1099 communi
931 1062 1077 1100 nomine
1105 1062 1217 1098 telum

125 1107 386 1191 apggltllatga'u
406 1152 498 1189 libro
520 1153 678 1190 secundo
702 1153 753 1189 ad
777 1153 890 1200 leqem
907 1153 1095 1190 duodecim
1115 1153 1217 1190 tabu-

126 1198 244 1234 larum
295 1197 394 1245 Quos
428 1208 495 1234 nos
532 1198 655 1234 hostes
693 1198 936 1245 appellamus,
978 1208 1040 1236 eos
1078 1201 1216 1235 veteres

125 1243 349 1290 ‘perduelles’
374 1243 622 1290 appellabant,
679 1254 720 1280 er
750 1254 829 1280 eam
860 1244 1097 1280 adiectionem
1123 1243 1216 1279 indi-

129 1293 144 1324 1
194 1293 317 1326 cantes
347 1299 429 1326 cum
458 1289 588 1335 quibus
611 1290 657 1326 be
685 1300 745 1325 um
769 1293 875 1326 esset.
925 1289 1125 1343 ‘Locuples'
1149 1292 1216 1332 est,

125 1334 187 1380 qui
215 1334 303 1371 satis
332 1335 461 1372 idonee
491 1335 601 1371 habet
631 1345 698 1381 pro
730 1334 974 1381 magnitudine
1002 1345 1074 1379 rel,
1110 1345 1217 1381 quam

125 1383 145 1415 2
192 1383 297 1417 actor
317 1379 575 1417 restituendam
598 1390 678 1416 esse
700 1380 792 1426 petit
805 1381 844 1416 ¹².
891 1380 1052 1416 Verbum
1076 1380 1216 1416 ‘vivere'

125 1425 271 1471 quidam
300 1428 430 1472 putant
461 1425 510 1461 ad
540 1426 660 1461 cibum
689 1426 888 1472 pertinere:
919 1425 984 1462 sed
1014 1425 1140 1462 Ofilius
1170 1425 1218 1461 ad

125 1470 287 1507 Atticum
321 1470 372 1507 ait
402 1470 459 1507 his
490 1471 609 1507 verbis
639 1474 676 1507 et
706 1471 918 1507 vestimenta
951 1475 989 1508 et
1018 1474 1217 1508 stramenta

125 1516 268 1553 contine
289 1516 298 1524 ‘
334 1516 412 1552 sine
433 1516 491 1553 his
515 1515 609 1552 enim
632 1516 750 1553 vivere
773 1517 948 1553 neminem
998 1527 1091 1553 osse.

170 1559 253 1599 235
300 1571 386 1597 mm
413 1561 504 1598 libro
535 1562 640 1598 tertio
671 1562 723 1598 ad
751 1561 866 1610 leqem
895 1561 968 1598 duo
1015 1563 1084 1599 eim
1114 1562 1216 1598 tabu·

125 1618 243 1643 aarum
289 1607 415 1643 ‘Ferri’
447 1607 592 1653 proprie
623 1607 793 1651 dicimus,
823 1617 916 1654 quae
940 1608 1019 1654 quis
1043 1618 1110 1644 suo
1135 1618 1215 1644 cor-

123 1662 212 1699 pore
234 1652 391 1689 baiulat:
424 1652 584 1699 ‘portari’
609 1663 663 1696 ea,
691 1663 784 1701 quae
807 1653 887 1699 quis
910 1652 1070 1690 iumento
1094 1663 1217 1690 secum

127 1701 143 1733 1
193 1697 310 1734 ducit:
336 1698 415 1744 ‘agi'
432 1708 487 1742 ea,
504 1708 596 1744 quae
611 1698 782 1735 animalia
800 1702 896 1735 sunt.
929 1699 1081 1735 ‘Fabros
1099 1699 1215 1780 tiigna-

123 1742 220 1780 ‘rios’
254 1743 406 1780 dicimus
433 1754 508 1780 non
523 1753 602 1796 ‚eos
627 1744 833 1797 dumtaxat,
866 1744 928 1790 qui
950 1744 1051 1790 tigna
1063 1745 1091 1766 ¹³
1140 1745 1215 1780 ola-

123 1788 801 1887 regssgeffngjninzsbrfflmqggfficffinl&
822 1845 877 1871 em
901 1834 1090 1872 duodecim
1115 1835 1216 1872 tabu-

126 1879 243 1916 larum
294 1879 364 1926 Qui
395 1879 592 1916 ‘venenum'
622 1880 728 1925 dicit,
760 1890 784 1916 a
811 1881 905 1917 'cere
935 1880 1058 1926 debet,
1095 1883 1216 1917 utrum

125 1926 257 1962 malum
280 1935 328 1962 an
350 1925 503 1962 bonum:
527 1935 611 1961 nam
630 1927 669 1962 et
684 1925 946 1963 medicamenta
964 1936 1102 1962 venena
1119 1929 1216 1970 sunt,

123 1971 209 2018 quia
238 1981 282 2008 eo
313 1971 457 2007 nomine
486 1981 590 2007 omne
623 1971 845 2017 continetur,
883 1971 981 2018 quod
1015 1971 1217 2008 adhibitum

124 2021 292 2053 naturam
315 2016 412 2059 eius,
437 2016 496 2052 cui
519 2016 719 2053 adhibitum
743 2021 856 2061 esset,
885 2019 1013 2053 mutat.
1062 2028 1145 2054 cum
1166 2017 1215 2060 id,

147 2062 221 2099 uod
253 2072 321 2099 nos
354 2071 530 2098 venenum
566 2062 808 2108 appellamus,
851 2062 981 2099 Graeci
1021 2061 1218 2110 φάρμακον

124 2074 267 2151 dicunt,
301 2107 400 2154 apud
429 2107 510 2143 illos
541 2118 684 2153 quoque
714 2111 789 2144 tam
817 2107 1079 2144 medicamenta
1133 2118 1218 2144 uam

124 2163 222 2235 ἓξὲξ
240 2156 399 2235 ’ὲῖῗέἓζὲ
423 2153 941 2236 {zffi‘affiffiffizizfflff‘
955 2153 1123 2236 affluet
1144 2154 1217 2236 ἓξὲξ

125 2255 284 2281 summus
307 2243 405 2290 apud
422 2253 486 2280 eos
498 2247 692 2298 poetarum
709 2244 888 2282 Homerus
898 2226 945 2279 3⁶:
969 2255 1054 2281 nam
1078 2245 1130 2281 sic
1153 2245 1216 2281 ait.

171 2288 362 2336 φάρμακα,
398 2287 513 2324 πολλα
541 2291 608 2335 μὲν
639 2288 754 2325 ἐσθλὰ
783 2293 995 2370 μεμιγμῖα,
1030 2288 1146 2325 πολλὰ
1177 2288 1217 2326 δὲ

960 2350 981 2370 υ
1028 2334 1101 2371 άω.

129 2384 143 2416 1
193 2379 367 2416 ‘Glandis’
402 2379 644 2434 appellatione
681 2380 794 2417 omnis
825 2380 967 2417 fructus
979 2349 1217 2424 ygontinetur,

124 2428 166 2462 ut
197 2425 388 2463 Iavolenus
422 2429 491 2469 ait,
530 2426 693 2472 exemplo
724 2426 854 2463 Graeci
890 2427 1082 2470 sermonis,
1119 2427 1217 2472 apud

124 2481 215 2518 quos
238 2481 362 2508 omnes
390 2470 561 2508 arborum
589 2471 729 2518 species
760 2469 944 2519 ἀκρόδρυα
973 2482 996 2508 a
1022 2472 1215 2518 pellantur.

170 2513 253 2555 237
284 2515 394 2553 IDEM
419 2516 510 2553 libro
534 2517 660 2563 quinto
685 2517 735 2553 ad
764 2517 877 2565 leqem
901 2483 1089 2554 duoagcim
1114 2519 1217 2554 tabu-

124 2562 242 2598 larum
287 2561 441 2598 Duobus
472 2562 645 2607 negativis
676 2562 795 2599 verbis
826 2563 930 2609 quasi
958 2563 1134 2609 permittit
1157 2563 1216 2599 lex

123 2606 237 2688 Πὲῗξίἰῗ
261 2617 368 2654 quam
391 2607 593 2653 prohibuit:
626 2607 733 2653 idque
757 2608 864 2645 etiam
888 2609 1031 2644 Servius
1055 2608 1215 2644 animad-

123 2663 145 2688 v
233 2680 240 2687 .

169 2694 252 2736 238
281 2697 390 2734 loru
423 2697 515 2734 libro
543 2700 649 2733 sexto
681 2697 732 2734 ad
761 2697 874 2746 leqem
903 2698 1092 2735 duodecim
1117 2699 1216 2736 tabu—

126 2742 244 2779 larum
309 2742 440 2778 ‘Plebs’
484 2746 540 2779 est
582 2742 693 2779 ceteri
728 2743 821 2779 cives
865 2744 941 2780 sine
976 2744 1214 2789 senatoribus.

127 2791 142 2823 1
170 2790 190 2824 2
226 2787 474 2824 ‘Detestatum'
492 2791 549 2824 est
564 2788 757 2824 testatione
774 2789 1031 2825 denuntiatum.
1057 2789 1215 2835 ‘Pignus’

124 2832 344 2880 appellatum
369 2843 391 2868 a
413 2843 549 2879 pugno,
582 2833 679 2886 quia·
689 2844 768 2877 res,
792 2845 883 2888 quae
906 2834 1048 2880 pignori
1071 2835 1214 2879 dantur,

123 2888 233 2915 manu
254 2877 460 2914 traduntur.
507 2878 603 2915 unde
634 2882 740 2915 etiam
771 2879 883 2919 videri
911 2884 1033 2926 potest
1054 2890 1177 2916 verum
1187 2881 1215 2902 ¹⁷

124 2922 550 3005 ἓεεῗὶὲἐιοέοζεὲὲιίᾱαω
597 2927 719 2969 utant,
742 2925 871 2970 pignus
894 2925 1039 2978 proprie
1062 2926 1115 2961 rei
1138 2936 1214 2962 mo-

441 2980 488 3005 ul.

123 3014 253 3097 ”⁶3²ss
271 3017 508 3113 flgssssssgffls
528 3059 619 3114 ljbro
642 3060 826 3107 sinqulari
846 3060 1041 3114 euchiridii
1077 3061 1213 3114 ‘l’upil-

124 3104 203 3141 ‘lus‘
229 3107 300 3148 est,
326 3114 404 3149 qm,
429 3114 511 3140 cum
532 3105 697 3150 1mpubes
720 3109 793 3149 est,
824 3106 928 3142 desut
950 3117 988 3142 m
1010 3109 1124 3152 patris
1174 3117 1213 3142 o-

127 3153 141 3185 1
190 3153 321 3186 testate
350 3159 430 3186 esse
459 3153 524 3185 aut
546 3154 660 3186 morte
683 3154 747 3186 aut
775 3151 1071 3196 emancipatione.
1120 3155 1129 3171 ⁶
1159 3162 1214 3187 er-

125 3195 271 3230 ‘vorum’
305 3194 500 3241 appellatio
532 3205 577 3231 ex
612 3205 654 3231 eo
686 3195 810 3241 fluxit,
851 3197 948 3242 quod
980 3197 1214 3243 imperatores

123 3239 237 3275 nostri
260 3239 420 3285 captivos
444 3239 596 3276 vendere
618 3250 663 3276 ac
685 3251 750 3286 per
772 3242 842 3278 hoc
866 3252 1008 3279 servare
1026 3252 1094 3279 nec
1118 3242 1214 3279 occi-

125 3287 145 3320 2
193 3283 279 3322 dere
299 3285 428 3322 solent.
477 3285 623 3322 ‘Incola’
648 3289 721 3329 est,
752 3287 814 3333 qui
837 3287 959 3334 aliqua
981 3287 1126 3333 regione
1148 3287 1212 3324 do-

545 2971 555 2988 ‘
573 3016 576 3020 ⁴
592 2969 706 3006 oxiae’
738 2971 980 3016 appellatione
1013 2981 1118 3007 omne
1152 2971 1215 3007 de-

124 3401 164 3441 (1)
190 3400 238 3432 ad
249 3403 267 3438 5
281 3405 300 3432 ²
311 3401 354 3443 cfi
367 3400 448 3433 Inst.
462 3401 495 3441 4,
507 3407 553 3441 18,
567 3407 584 3434 5
692 3401 739 3442 (2)
763 3401 796 3433 et
813 3400 877 3435 del.
987 3403 1034 3444 (3)
1058 3402 1118 3444 qui
1137 3402 1211 3435 edd.

124 3446 168 3486 (4)
192 3453 262 3477 non
272 3444 394 3488 minua]
406 3454 499 3478 nuno
510 3445 606 3489 Ftcf.
621 3456 651 3478 n.
667 3447 697 3484 e)
788 3446 833 3487 (5)
858 3447 897 3479 id
911 3452 980 3480 est:
1002 3446 1045 3480 ab
1065 3457 1105 3480 eo
1121 3446 1213 3489 quod

124 3491 173 3522 est
181 3487 302 3532 procul
392 3490 440 3533 (θ)
458 3497 536 3533 post
545 3489 717 3534 appellant
727 3490 788 3524 im.
804 3491 840 3524 F
848 3501 954 3533 eoque
964 3492 1101 3525 nomine
1112 3491 1213 3534 volgo

125 3533 259 3575 quidem
270 3533 308 3566 id
319 3534 528 3577 significatur
540 3534 630 3577 quod
641 3534 683 3568 ab
695 3545 776 3568 arcu
787 3535 935 3570 mittitur
952 3536 1009 3569 sed
1020 3547 1089 3570 non
1101 3537 1213 3569 minus

123 3589 221 3612 omne
243 3578 453 3622 significatur
475 3580 565 3623 quod
589 3590 665 3613 eum
688 3581 773 3624 (ficit
796 3582 912 3625 opinor
934 3582 1042 3623 euius)
1057 3582 1213 3615 mittitur

124 3633 226 3676 manu
267 3667 285 3678 .
360 3626 405 3667 (7)
430 3626 467 3659 id
485 3632 550 3659 est.-
574 3635 595 3658 a
613 3625 766 3659 iaciendo
890 3627 946 3680 ²(8)
970 3626 1079 3661 Anab.
1093 3629 1125 3669 5,
1139 3634 1167 3668 2,
1172 3633 1212 3679 34

124 3671 288 3748 (ἱεροποιίαι,
310 3671 396 3757 ᾔεις.
407 3677 445 3750 :qd
452 3669 533 3749 {⁸1:51
559 3716 593 3749 et
611 3671 678 3749 {1¹³3
695 3667 1071 3751 ιὲιιῶαὶὲοιῗίοἰέἶαζῗέτ
1082 3683 1214 3749 'aggia'

124 3740 433 3803 sagittae'glandes,
453 3740 553 3794 etiam
572 3759 712 3804 plurimi
730 3759 860 3805 lapides
968 3763 1029 3804 (12)
1050 3741 1142 3804 petet
1160 3761 1213 3794 F²

1206 119 1292 168 867

1277 3625 1432 3669 prolatae

2251 138 2371 180 L16

1284 246 1452 282 micilium
1486 258 1591 285 suum
1603 249 1631 270 ¹⁹
1665 252 1835 288 contulit:
1880 264 1983 298 quem
2020 255 2150 292 Graeci
2192 256 2373 306 πάροικον

1284 292 1479 344 appellant.
1527 304 1594 329 nec
1617 298 1755 348 tantum
1778 297 1832 341 hi,
1862 298 1925 351 qui
1946 300 1984 335 in
2007 301 2139 346 oppido
2174 308 2370 349 morantur,

1284 337 1424 390 incolae
1456 343 1560 382 sunt,
1591 339 1654 375 sed
1685 345 1791 377 etiam
1822 354 1883 389 qui
1912 344 2064 382 alicuius
2088 348 2210 400 oppidi
2239 349 2371 386 finibus

1284 386 1336 418 lta
1366 393 1491 428 agrum
1521 384 1674 438 habent,
1708 390 1748 421 ut
1777 388 1814 422 in
1845 399 1927 424 eum
1959 401 1998 426 se
2027 402 2130 436 quasi
2153 393 2190 428 in
2214 393 2371 440 aliquam

1286 430 1305 463 3
1331 473 1340 480 ⁹
1353 428 1475 481 sedem
1506 434 1691 482 recipiant.
1740 432 1884 469 ‘Munus
1908 435 2101 480 publicum'
2134 442 2190 474 est
2212 438 2372 475 officium

1284 476 1416 519 privati
1439 474 1603 528 homims,
1629 485 1673 510 ex
1697 487 1767 521 quo
1792 479 2016 515 commodum
2039 482 2086 517 ad
2109 483 2268 527 singulos
2292 485 2372 520 uni-

1284 528 1478 564 versosque
1509 530 1603 556 cives
1638 531 1781 566 remque
1813 533 1935 560 eorum
1964 525 2113 571 imperio
2143 529 2371 573 magistratus

1285 567 1307 599 4
1353 564 1677 601 extraordinarium
1712 568 1885 611 pervenit.
1946 570 2116 608 ‘Advena'
2153 578 2226 617 est,
2267 585 2372 627 quem

1286 612 1320 661 5·
1354 608 1486 663 Graeci
1519 610 1675 645 ἄποικον
1705 613 1898 657 appellant.
1953 615 2195 654 ‘Decuriones’
2228 619 2371 664 qmdam

1287 653 1401 690 dictos
1425 659 1528 691 aiunt
1551 665 1596 709 ex
1619 666 1679 700 eo,
1704 657 1799 702 quod
1821 657 1939 702 initio,
1972 670 2053 696 cum
2077 662 2239 699 coloniae
2261 664 2372 700 dedu-

1286 703 1462 744 cerentur,
1495 700 1633 737 decima
1656 711 1741 747 pars
1764 713 1887 739 eorum
1911 705 1972 750 qui
1995 705 2210 745 ducerentur
2234 710 2374 745 consilii

1287 749 1306 780 6
1353 745 1491 791 publici
1512 746 1630 792 gratia
1654 748 1833 784 conscribi
1856 750 1962 785 solita
1979 751 2035 786 sit.
2072 751 2188 789 ‘Urbs’
2210 754 2256 790 ab
2281 755 2371 791 urbo

1285 790 2373 888 33¹³fflssffmeisspffiss'ffiaffiti‘riffssassssssissffsfiofinvffiiss

1286 884 1305 916 7
1355 881 1543 918 condenda
1565 882 1729 936 adhiberi
1753 883 1855 920 solet.
1898 884 2099 931 ‘Oppidum'
2123 888 2170 924 ab
2194 898 2262 934 ope
2285 889 2372 925 dici-

1284 931 1366 969 tur,
1411 927 1508 973 quod
1542 937 1620 964 eius
1655 938 1709 964 rel
1743 939 1854 965 causa
1887 931 2027 966 moenia
2061 932 2132 967 sint
2166 934 2372 970 constituta.

1285 974 1305 1007 8
1354 971 1613 1008 ‘Territorium'
1647 977 1702 1009 est
1732 974 1944 1011 universitas
1974 986 2140 1021 agrorum
2168 978 2263 1015 intra
2284 979 2374 1016 fines

1286 1016 1460 1063 cuiusque
1484 1018 1654 1054 civitatis:
1681 1019 1777 1063 quod
1800 1019 1846 1055 ab
1871 1031 1913 1056 eo
1938 1020 2072 1057 dictum
2120 1022 2239 1059 uidam
2263 1024 2373 1067 aiunt,

1286 1062 1382 1108 quod
1411 1063 1642 1109 magistratus
1675 1064 1751 1100 eius
1781 1065 1851 1101 loci
1879 1065 1974 1101 intra
2006 1077 2066 1103 eos
2121 1078 2183 1104 nes
2207 1069 2373 1112 terrendi,

1285 1111 1306 1144 9
1352 1108 1390 1143 id
1414 1112 1469 1145 est
1492 1109 1735 1145 summovendi
1757 1110 1814 1145 ius
1837 1110 2022 1147 habent20.
2064 1112 2223 1149 Verbum
2247 1115 2373 1150 ‘suum’

1287 1153 1494 1199 ambiguum
1517 1158 1584 1198 est,
1608 1158 1730 1190 utrum
1754 1155 1798 1191 de
1821 1158 1898 1192 toto
1922 1167 1969 1192 an
1994 1157 2037 1193 de
2060 1162 2163 1203 parte
2186 1159 2374 1204 significat.

1285 1202 1321 1235 et
1355 1198 1452 1253 ideo·
1468 1199 1529 1253 qui
1560 1200 1691 1236 iuret²¹
1727 1211 1831 1236 suum
1867 1212 1940 1237 non
1971 1212 2065 1247 esse,
2101 1203 2241 1240 adicere
2270 1204 2375 1240 debet

1284 1255 1329 1280 ne
1354 1255 1399 1280 ue
1423 1246 1493 1281 s1b1
1517 1256 1741 1281 communem
1764 1256 1854 1283 esse.

1361 1289 1414 1328 40
1447 1290 1608 1327 Panos
1636 1302 1686 1327 ex
1719 1292 1820 1328 libris
1848 1303 1917 1329 sex
1941 1292 2032 1329 libro
2056 1294 2183 1340 primo
2206 1295 2374 1342 imperia-

1286 1335 1372 1371 lium
1396 1337 1656 1372 sententiarum
1680 1337 1718 1372 in
1742 1338 2007 1384 cognitionibus
2022 1338 2257 1385 prolatarum
2288 1339 2377 1375 Cum

1286 1381 1547 1426 quaerebatur,
1584 1392 1632 1417 an
1661 1382 1810 1418 verbum
1842 1383 1971 1419 ‘soluto
2000 1384 2226 1421 matrimonio
2258 1384 2377 1421 dotem

1286 1426 1409 1462 ‘reddi’
1433 1437 1508 1463 non
1530 1430 1671 1463 tantum
1694 1427 1901 1471 divortium,
1932 1428 1996 1465 sed
2026 1432 2062 1464 et
2089 1434 2240 1466 mortem
2263 1430 2376 1466 conti-

1284 1475 1405 1515 neret,
1437 1473 1507 1508 hoc
1531 1475 1588 1508 est
1610 1483 1659 1508 an
1683 1473 1726 1509 de
1749 1473 1818 1509 hoc
1848 1484 1989 1519 quoque
2013 1484 2100 1510 casu
2124 1476 2377 1512 contrahentes

1285 1518 1508 1562 sentirent2²‚
1529 1522 1565 1553 et
1584 1518 1687 1554 multi
1706 1519 1885 1564 putabant
1901 1519 1971 1555 hoc
1991 1520 2156 1564 sensisse,
2177 1524 2214 1556 et
2231 1520 2375 1566 quibus-

1285 1563 1368 1599 dam
1391 1563 1469 1599 aliis
1494 1567 1621 1599 contra
1643 1564 1848 1600 videbatur:
1882 1564 2076 1601 secundum
2084 1566 2130 1601 ²³:
2162 1566 2232 1602 hoc
2255 1569 2374 1602 motus

1285 1609 1481 1654 imperator
1504 1610 1747 1654 pronuntiavit
1769 1609 1807 1645 id
1836 1613 1957 1645 actum
1988 1620 2030 1647 eo
2054 1614 2179 1656 pacto,
2212 1615 2253 1647 ut
2275 1611 2373 1648 nullo

1286 1665 1373 1690 casu
1396 1658 1599 1690 remaneret
1623 1655 1687 1691 dos
1712 1655 1810 1700 apud
1833 1656 2011 1691 maritum.

1331 1697 1411 1736 241
1476 1709 1616 1735 omres
1640 1699 1683 1735 M
1688 1710 1801 1736 {Jews
1828 1700 2032 1736 Scaevoia
2072 1701 2162 1737 libro
2194 1701 2381 1749 sinqulari

1286 1741 1386 1793 ὅρων
1518 1745 1621 1782 ‘rutis
1654 1745 1781 1781 caesis'
1820 1756 1865 1782 ea
1899 1750 2001 1791 sunt,
2041 1756 2133 1792 quae
2169 1749 2267 1783 terra
2305 1758 2378 1783 non

1284 1793 1454 1827 tenentur
1476 1801 1640 1837 quaeque
1664 1801 1772 1836 opere
1793 1791 1949 1828 structili
1977 1792 2171 1829 tectoriove
2194 1803 2267 1829 non
2291 1803 2376 1828 con-

1285 1836 1456 1872 tinentur.

1332 1879 1415 1919 242
1455 1880 1503 1918 IA
1512 1891 1684 1918 romnus
1715 1882 1807 1918 libro
1840 1882 1999 1919 seeundo
2033 1893 2084 1918 ex
2111 1883 2377 1929 posterioribus

1285 1926 1469 1963 Labeonis
1527 1927 1668 1963 Malum
1703 1927 1804 1963 navis
1842 1937 1920 1963 esse
1958 1930 2116 1973 partem,
2159 1931 2375 1963 artemonem

1285 1976 1407 2008 autem
1430 1982 1504 2008 non
1526 1982 1606 2009 esse
1624 1972 1748 2009 Labeo
1767 1972 1828 2017 ait,
1854 1973 1938 2018 quia
1960 1973 2152 2018 pleraeque
2171 1983 2280 2009 naves
2300 1973 2375 2009 sine

1286 2018 1381 2054 malo
1413 2017 1558 2054 inutiles
1594 2021 1733 2061 essent,
1772 2017 1925 2063 ideoque
1956 2028 2042 2063 pars
2072 2018 2172 2054 navis
2203 2018 2375 2054 habetur:

1285 2067 1422 2099 artemo
1455 2067 1575 2099 autem
1605 2063 1717 2108 magis
1749 2063 2008 2099 adiectamento
2033 2074 2140 2108 quam
2168 2073 2254 2109 pars
2277 2064 2376 2100 navis

1287 2112 1303 2144 1
1354 2112 1419 2144 est.
1451 2109 1551 2144 Inter
1571 2109 1792 2154 ‘proiectum'
1817 2112 1854 2145 et
1873 2109 2091 2145 ‘immissum'
2115 2109 2185 2145 hoc
2204 2108 2378 2144 interesse

1285 2154 1337 2189 ait
1371 2154 1515 2197 Labeo,
1552 2154 1649 2200 quod
1679 2154 1879 2199 proiectum
1909 2157 2004 2190 esset
2031 2154 2069 2190 id
2099 2154 2194 2200 quod
2217 2154 2269 2189 ita
2291 2163 2375 2207 pro-

1285 2200 1476 2236 veheretur
1499 2202 1539 2234 ut
1562 2210 1740 2245 nusquam
1764 2200 2014 2245 requiesceret,
2047 2200 2167 2245 qualia
2188 2209 2376 2235 maeniana

1285 2248 1322 2280 et
1351 2245 1576 2290 suggrundae
1587 2246 1618 2266 ²⁴
1648 2248 1784 2281 essent:
1817 2245 2013 2281 immissum
2037 2248 2174 2288 autem,
2207 2244 2302 2290 quod
2325 2245 2376 2280 ita

1284 2290 1398 2333 fieret,
1422 2294 1464 2326 ut
1486 2291 1606 2344 aliquo
1629 2291 1710 2326 loco
1734 2291 1986 2335 requiesceret,
2011 2290 2121 2326 veluti
2138 2290 2238 2335 tigna
2254 2290 2375 2326 trabes

1286 2339 1306 2371 2
1354 2345 1446 2381 quae
1469 2336 1758 2372 inmitteretur²⁵.
1807 2336 2014 2378 Plumbum,
2039 2335 2135 2380 quod
2157 2335 2285 2380 tegulis
2309 2345 2373 2380 po-

1285 2385 1432 2417 neretur
1443 2382 1485 2424 ²⁶,
1523 2381 1677 2417 aedificii
1717 2391 1795 2416 esse
1830 2381 1881 2416 ait
1911 2381 2053 2416 Labeo:
2091 2380 2154 2416 sed
2186 2379 2242 2422 id,
2279 2379 2375 2425 quod

1284 2427 1476 2472 hypaethri
1521 2426 1665 2472 tegendi
1705 2437 1815 2463 causa
1854 2429 2067 2471 poneretur,
2114 2429 2241 2461 contra
2284 2435 2373 2461 esse.

1285 2476 1305 2507 3
1353 2472 1531 2508 ‘Viduam’
1563 2483 1636 2509 non
1660 2472 1776 2508 solum
1801 2481 1896 2513 eam,
1931 2481 2024 2516 quae
2046 2470 2238 2516 aliquando
2262 2474 2375 2516 nupta

1284 2517 1432 2560 fuisset,
1457 2517 1521 2553 sed
1544 2527 1623 2553 eam
1646 2527 1788 2562 quoque
1817 2517 2019 2559 mulierem,
2050 2526 2142 2562 quae
2164 2515 2279 2551 virum
2301 2526 2375 2551 uon

1284 2563 1490 2606 habuisset,
1519 2563 1695 2609 appellari
1718 2563 1770 2597 ait
1793 2562 1933 2598 Labeo:
1966 2562 2050 2615 quia
2073 2561 2180 2597 vidua
2202 2561 2255 2597 sic
2277 2560 2375 2596 dicta

1284 2611 1340 2644 est
1363 2608 1468 2653 quasi
1490 2618 1635 2650 vecors,
1667 2618 1840 2650 vesanus,
1894 2607 1932 2642 ui
1960 2616 2037 2643 sine
2060 2606 2169 2643 corde
2192 2609 2256 2642 aut
2275 2605 2372 2659 sani-

1283 2656 1359 2689 tate
1382 2657 1494 2690 esset:
1519 2654 1683 2690 similiter
1704 2653 1847 2689 viduam
1895 2653 2003 2688 ictam
2025 2662 2105 2688 esse
2128 2651 2205 2687 sine
2225 2650 2371 2687 dmtate.

1284 2701 1306 2734 4
1353 2698 1556 2734 Straturam
1580 2699 1650 2734 loci
1681 2699 1832 2734 alicuius
1857 2708 1901 2734 ex
1930 2697 2063 2734 tabulis
2087 2696 2193 2733 factis
2204 2697 2247 2739 ²⁷,
2279 2706 2372 2741 quae

1283 2747 1422 2780 aestate
1445 2744 1658 2780 tollerentur
1680 2747 1716 2779 et
1738 2744 1854 2779 hieme
1876 2746 2106 2788 ponerentur,
2131 2741 2272 2778 aedium
2295 2751 2374 2777 esse

1283 2789 1336 2825 ait
1365 2790 1510 2833 Labeo,
1547 2790 1714 2834 quoniam
1743 2788 1907 2834 perpetui
1936 2798 2024 2824 usus
2053 2790 2203 2834 paratae
2232 2789 2371 2822 essent:

1282 2845 1328 2871 ne
1352 2845 1398 2870 ue
1422 2835 1469 2872 ad
1491 2846 1569 2871 rem
1590 2835 1779 2880 pertinere,
1813 2834 1909 2879 quod
1931 2832 2073 2869 interim
2096 2832 2317 2869 tollerentur.

1359 2878 1411 2918 43
1444 2879 1649 2916 Sermoni
1687 2880 1778 2916 libro
1815 2882 1940 2915 octavo
1977 2878 2114 2914 decimo
2151 2877 2371 2923 diqestorum

1283 2925 1457 2962 Scaevola
1489 2925 1691 2970 respondit:
1724 2934 1864 2970 semper
1887 2927 2074 2969 acceptum
2098 2925 2168 2965 est,
2200 2924 2241 2956 ut
2262 2920 2369 2956 liber-

1282 2974 1403 3007 torum
1435 2971 1677 3018 appellatione
1708 2970 1815 3005 etiam
1844 2969 1882 3003 hi
1912 2967 2087 3004 contineri
2108 2966 2368 3018 intellegantur,

1283 3017 1343 3061 qui
1367 3016 1491 3052 eodem
1514 3018 1727 3051 testamento
1751 3015 1807 3050 vel
1830 3014 2027 3060 posteriore
2043 3013 2123 3048 loco
2142 3014 2367 3048 manumme-

1282 3065 1423 3105 rentur,
1455 3061 1526 3096 nisi
1548 3060 1736 3096 manifeste
1758 3059 1807 3103 is,
1841 3070 1864 3095 a
1887 3070 1957 3111 quo
1980 3056 2211 3104 peteretur20,
2243 3058 2369 3091 contra

1283 3107 1443 3142 defuncti
1466 3106 1685 3142 voluntatem
1708 3105 1854 3142 doceret
1875 3107 1959 3149 peti.

1329 3149 1412 3189 244
1436 3151 1570 3186 Lasso
1597 3151 1689 3186 libro
1714 3153 1845 3196 quarto
1863 3147 2044 3195 pithanon
2067 3158 2091 3182 a
2113 3145 2231 3198 IJaulo
2254 3145 2366 3191 epito-

1282 3201 1460 3233 matorum
1497 3195 1534 3231 Si
1554 3205 1625 3240 qua
1673 3205 1766 3231 oena
1789 3197 1854 3237 est,
1879 3193 1991 3228 multa
2014 3194 2086 3227 est:
2111 3201 2142 3226 si
2165 3199 2237 3235 qua
2254 3189 2367 3225 multa

1282 3245 1353 3285 est,
1385 3251 1502 3287 poena
1533 3244 1598 3276 est.
1679 3249 1823 3276 Ausus.-
1860 3242 1982 3290 utrum
2001 3246 2048 3289 ue
2082 3245 2204 3271 eorum
2235 3234 2366 3269 falsum

1282 3290 1348 3323 est.
1384 3296 1537 3331 namque
1560 3286 1689 3321 harum
1712 3295 1831 3321 rerum
1852 3248 2098 3319 dissimffitudo
2121 3290 2166 3316 ex
2188 3279 2258 3316 hoc
2276 3288 2364 3325 quo-

1280 3402 1340 3442 (13)
1364 3397 1713 3442 dignaF²,1ignaF²
1780 3398 1838 3437 (14)
1863 3394 2007 3427 nominis
2020 3394 2091 3426 edd.
2158 3393 2217 3443 (15)
2247 3391 2362 3435 odyss.

1281 3448 1313 3487 4,
1326 3452 1381 3479 230
1473 3445 1535 3486 (16)
1560 3444 1598 3478 id
1609 3450 1675 3477 est.-
1699 3451 1825 3474 venena
1836 3439 1942 3472 multa
1955 3437 2088 3480 quidem
2100 3446 2243 3479 egregia,
2258 3435 2364 3469 multa

1280 3491 1361 3523 item
1384 3489 1494 3522 noxia.
1633 3488 1691 3530 (17)
1716 3486 1852 3519 verbum
1876 3483 1926 3517 F2
2063 3483 2122 3523 (18)
2146 3481 2235 3523 quod
2255 3493 2316 3533 ⁰²¹¹2
2335 3478 2366 3512 F

1283 3539 1340 3574 (19)
1366 3545 1463 3567 suum
1484 3534 1548 3567 dol.
1569 3533 1622 3567 F²
1723 3532 1786 3573 (20)
1812 3529 1913 3562 habet
1930 3528 1963 3560 F
2069 3528 2127 3567 (21)
2151 3536 2282 3559 servum
2302 3538 2362 3558 ms.

1282 3582 1345 3622 (22)
1368 3579 1515 3612 sentient
1533 3579 1567 3612 F
1669 3579 1731 3617 (23)
1756 3576 1871 3608 desunt
1888 3573 2031 3607 rationes
2052 3573 2093 3604 ab
2114 3577 2249 3613 utraque
2263 3576 2364 3621 1³quae

1523 3624 1586 3665 (24)
1610 3619 1804 3664 suggrunda
1817 3620 1852 3652 F
1930 3618 1995 3658 (25)
2020 3615 2191 3657 trabeaque
2204 3624 2289 3656 quae
2299 3624 2361 3647 un-

1782 3666 1845 3706 (26)
1871 3661 1992 3705 tegulis
2010 3661 2281 3703 interponeretur
2299 3670 2351 3693 scr

1676 3711 1739 3750 (28)
1763 3710 1955 3752 peterentur
1975 3707 2008 3739 F

1280 3669 1494 3705 mitterentur
1518 3669 1649 3702 Cramer

1282 3718 1343 3755 (27)
1368 3715 1489 3747 factam
1511 3714 1582 3746 edd.

2005 3804 2090 3840 109·
