2528 3918
122 176 180 206 DE
211 175 421 207 SENTENT.
453 174 609 206 PASSIS·
659 174 720 204 DE
751 173 971 204 CADAVER.

169 283 218 322 15
243 284 509 321 *Manofflvvs
530 285 619 320 libro
646 310 1204 319 ........................

121 325 369 376 *Deportatus
395 331 573 366 civitatem
597 329 743 370 amittit,
775 328 977 363 libertatem
1009 328 1138 363 retinet
1170 331 1205 363 et

121 376 226 411 *iure
251 376 343 411 civili
368 379 482 418 caret,
515 375 671 419 gentium
695 384 778 409 vero
804 374 925 408 utitur.
973 373 1095 417 itaque
1119 373 1204 408 emit

121 420 279 463 *vendit,
304 422 400 456 locat
419 420 596 461 conducit,
617 422 807 464 permutat,
830 418 932 453 fenus
955 422 1096 453 exercet
1116 419 1203 453 alia-

121 468 217 511 *que
241 466 378 501 similia.
428 465 522 501 unde
555 465 662 500 etiam
695 468 792 499 recte
822 464 974 508 obligat,
1007 474 1099 508 quae
1123 467 1205 507 post

122 511 477 546 *condemnationem
501 510 693 563 quaesivit:
726 509 855 554 quibus
883 509 920 543 in
951 509 1058 544 rebus
1090 508 1202 543 credi-

120 558 244 592 *tores
269 566 424 601 quoque,
459 566 519 600 qul
548 556 644 591 bona
673 554 743 589 fide
768 557 1021 589 contraxerunt
1046 564 1125 588 cum
1150 564 1203 595 eo,

122 601 401 646 *praeferuntur
429 600 515 636 fisco
547 600 590 636 de
618 600 744 635 ortatis
777 598 954 634 defunctis
985 599 1201 634 succedenti.

121 648 232 682 *nam
256 646 367 687 bona,
392 656 483 691 quae
508 656 575 681 con
604 644 813 681 emnationis
838 648 996 688 tempore
1019 643 1203 678 inveniun-

126 695 136 726 ι
189 694 286 733 *tur,
312 691 520 735 deportatus
546 691 702 726 alienare
725 701 797 725 non
820 693 950 734 potest.
987 689 1055 733 Qui
1078 689 1203 724 incon-

120 736 243 772 *sulto
268 736 428 782 principe
451 747 473 771 a
497 736 660 781 praeside
690 735 917 780 deportatur,
950 738 986 769 et
1016 735 1120 769 heres
1150 735 1203 769 in-

120 781 249 818 *stitui
272 786 306 816 et
329 782 447 826 legata
471 791 598 826 capere
622 784 752 827 potest.

169 824 218 864 16
244 826 379 861 *IDEM
408 827 499 862 libro
532 851 1067 862 .......................
1116 824 1204 859 Cum

119 871 320 917 *Ulpianus
353 871 598 908 Damascenus
638 871 684 906 ab
713 871 930 916 imperatore
959 870 1124 915 petisset,
1167 874 1206 905 ut

119 917 253 952 *matri
290 916 500 969 deportatae
536 916 582 952 ad
610 917 741 952 victum
773 915 976 950 necessaria
1006 915 1205 959 relinquere

120 962 217 998 *sibi
240 966 523 1006 permitteretur,
554 962 639 997 item
669 964 783 996 mater
813 971 878 1006 per
908 960 1077 996 libertum
1101 971 1204 995 suum

120 1007 307 1052 *petisset,
332 1011 373 1042 ut
397 1007 570 1052 quaedam
594 1006 666 1042 filio
692 1006 879 1051 deportato
900 1006 1100 1051 relinquere
1119 1005 1202 1041 lice-

119 1054 213 1096 *ret‚
237 1053 432 1097 imperator
455 1051 657 1087 Antoninus
680 1052 732 1087 ita
754 1051 797 1086 iis
821 1051 1017 1104 rescripsit.
1067 1050 1203 1095 ‘Neque

119 1098 336 1133 *⁴hereditas
361 1107 426 1133 nec
454 1098 610 1143 legatum
639 1107 706 1132 nec
735 1096 1046 1132 fideicommissum
1077 1100 1203 1131 contra

119 1143 451 1178 *monsuetudinem
475 1143 658 1188 legemque
682 1142 862 1187 publicam
891 1141 1095 1177 huiusmodi
1122 1152 1202 1187 per-

119 1187 256 1223 *‘sonis
297 1188 449 1233 relinqui
487 1191 607 1234 potest
643 1198 758 1233 neque
797 1198 919 1223 earum
958 1187 1202 1222 condicionem

118 1233 290 1268 *⁴mutari
310 1234 491 1269 convenit:
518 1233 683 1279 quoniam
708 1236 827 1268 autem
850 1232 908 1277 pie
932 1232 1096 1277 rogastis,
1122 1242 1201 1277 per-

118 1281 137 1301 *
149 1279 260 1313 ‘mitto
290 1279 389 1314 vobis
419 1279 543 1314 ultima
572 1279 754 1315 voluntate
783 1278 983 1323 relinquere
1013 1278 1075 1320 iis,
1111 1288 1203 1323 quae

121 1323 207 1359 *‘ad
231 1324 361 1359 victum
384 1324 545 1369 aliosque
569 1334 655 1360 usus
680 1323 900 1359 necessarios
931 1322 1131 1365 sufficiant,
1165 1326 1205 1357 ut

119 1369 191 1449 *ῗί
216 1369 301 1413 quid
325 1369 371 1404 ad
395 1380 455 1405 eos
479 1380 522 1405 ex
546 1370 601 1404 his
627 1369 746 1404 causis
769 1368 976 1414 pertinebit,
1009 1379 1138 1414 capere
1161 1368 1203 1403 iis

118 1418 155 1437 *‘
171 1414 288 1449 iceat'.

167 1457 215 1496 17
235 1459 491 1495 *POMPONIUS
508 1460 598 1496 libro
619 1485 1202 1495 .........................

118 1504 338 1549 *Relegatus
369 1504 499 1540 statuis
529 1509 564 1540 et
591 1504 805 1549 imaginibus
830 1504 1001 1539 honorari
1024 1514 1096 1538 non
1119 1514 1203 1548 pro-

122 1553 133 1584 1
163 1547 244 1593 (18)
268 1550 450 1585 *hibetur.
499 1550 691 1595 Relegatus
723 1553 857 1585 statum
889 1559 992 1584 suum
1025 1549 1203 1594 integrum

118 1597 137 1617 *
149 1595 278 1630 retinet
301 1599 337 1631 et
360 1595 456 1630 bona
475 1606 567 1641 quae
585 1595 695 1631 habet
714 1598 751 1631 et
770 1598 984 1640 potestatem
1002 1594 1040 1629 in
1059 1594 1202 1637 liberos,

118 1641 220 1676 *sive
254 1640 300 1675 ad
336 1644 476 1685 tempus
511 1641 585 1676 sive
615 1641 653 1675 in
684 1644 896 1685 perpetuum
927 1640 1104 1684 relegatus
1138 1643 1202 1675 est.

118 1689 138 1720 2
162 1688 216 1768 (ἱέ
257 1685 496 1731 *Deportatio
521 1690 641 1721 autem
665 1697 738 1722 non
760 1685 802 1720 fit
825 1684 873 1720 ad
895 1688 1047 1730 tempus.

169 1730 184 1767 1
227 1728 309 1775 (19)
319 1730 552 1767 *CALLISTRA
559 1741 628 1767 ws
642 1732 732 1767 libro
747 1756 1201 1766 .........................

52 1817 59 1822 1
118 1776 339 1821 *Relegatus
368 1777 500 1812 morari
528 1787 601 1812 non
630 1779 751 1822 potest
773 1776 925 1818 Romae,
961 1775 1027 1811 etsi
1057 1774 1094 1810 id
1122 1786 1202 1810 sen-

119 1822 259 1857 *tentia
277 1822 572 1867 comprehensum
590 1832 663 1857 non
682 1825 746 1864 est,
768 1822 852 1866 quia
870 1821 1065 1856 communis
1085 1821 1204 1865 patria

118 1868 220 1903 *estz
245 1877 362 1913 neque
383 1867 422 1902 in
446 1878 488 1902 ea
513 1867 672 1911 civitate,
697 1866 735 1901 in
760 1877 831 1912 qua
852 1870 1014 1902 moratur
1036 1867 1203 1911 princeps

119 1913 202 1948 *vel
224 1922 289 1958 per
312 1923 418 1958 quam
442 1913 588 1956 transit,
620 1912 662 1948 iis
687 1912 779 1948 enim
804 1912 888 1947 solis
913 1912 1125 1957 permissum
1149 1915 1205 1947 est

119 1957 341 2011 *principem
364 1957 505 2000 intueri,
532 1958 593 2002 qui
609 1957 761 1993 Romam
778 1956 913 2002 ingredi
931 1960 1093 2003 possunt,
1119 1957 1204 2002 quia

122 2006 135 2037 1
186 2005 380 2049 *princeps
411 2007 517 2048 pater
546 2003 684 2048 patriae
716 2006 781 2038 est.
831 2003 919 2038 Cum
943 2002 1113 2038 adversus
1137 2002 1202 2037 ho-

118 2048 258 2084 *mines
282 2048 413 2084 liberos
438 2048 611 2084 eiusmodi
634 2048 811 2084 sententia
839 2047 971 2090 fertur,
1002 2058 1068 2094 per
1097 2058 1203 2092 quam

118 2094 242 2129 *bona
262 2104 384 2129 eorum
400 2094 642 2139 publicantur,
668 2093 782 2138 qualis
806 2097 862 2129 est
886 2092 1143 2138 deportationis
1167 2093 1203 2128 in

119 2139 316 2181 *insulam‚
361 2150 404 2175 ea
441 2139 521 2185 ipsa
557 2139 733 2175 sententia
769 2139 923 2184 priorem
960 2138 1204 2174 condicionem

118 2185 314 2220 *amittunt
343 2188 380 2219 et
410 2185 531 2220 statim
567 2185 692 2230 poenis
728 2183 797 2220 sibi
832 2184 998 2228 irrogatis
1029 2193 1094 2229 per
1125 2194 1203 2219 eam

119 2230 356 2271 *traduntur,
399 2230 468 2265 nisi
508 2230 594 2275 quid
634 2240 714 2265 cum
749 2229 936 2266 maiestate
972 2229 1202 2265 coniunctum

118 2275 304 2320 *requirit,
330 2278 370 2310 ut
392 2285 509 2321 poena
534 2275 801 2311 exacerbetur.*

572 2413 707 2452 XXIII
719 2412 743 2451 ².

190 2479 253 2510 DE
277 2478 575 2511 SENTENTIAM
598 2479 747 2512 PASSIS
771 2479 831 2512 ET
854 2478 1128 2512 RESTITUTIS.

166 2542 185 2580 1
226 2543 421 2580 ULPIANUS
452 2544 543 2580 libro
576 2545 784 2590 triqensimo
816 2547 940 2580 octavo
971 2544 1021 2579 ad
1048 2544 1202 2580 edictum

119 2589 173 2625 Ad
197 2589 459 2626 successionem
481 2589 599 2626 liberti
618 2593 793 2635 patronus
816 2590 1025 2636 deportatus
1045 2593 1081 2626 et
1100 2589 1202 2626 resti-

1192 156 1267 203 821

1422 223 1444 228 Ὤ
1470 162 1740 206 XXXXVlll
1759 169 1825 209 22.
1842 170 1907 208 23.
1925 170 1989 208 24.
2023 168 2312 210 XXXXVllll
2335 174 2347 208 i

1280 287 1289 317 l
1341 287 1440 336 tutus
1471 284 1680 320 admittitur.
1733 287 1802 322 Sed
1831 289 1861 323 si
1890 288 1926 323 in
1956 290 2135 325 metallum
2167 292 2354 327 damnatus

1274 332 1501 372 restituatur,
1542 331 1712 374 numquid
1745 333 1893 369 servitus
1923 346 2058 378 poenae
2089 337 2270 381 extinguat
2300 338 2354 372 ius

1272 378 1485 419 patronatus
1511 375 1616 409 etiam
1641 380 1722 419 post
1755 379 2037 414 restitutionem?
2085 386 2120 415 et
2152 384 2259 426 inagis
2291 387 2354 426 est,

1274 424 1314 454 ut
1339 430 1410 453 non
1434 420 1618 464 extinguat
1642 422 1790 456 servitus
1814 423 1869 457 ius
1893 429 2114 468 patronatus

1320 461 1345 501 2
1377 462 1484 500 IDEM
1517 465 1607 500 libro
1646 467 1770 510 quinto
1811 470 2017 502 amimam
2073 472 2109 505 Si
2147 472 2354 516 deportatus

1275 510 1485 563 restitutus-²
1524 510 1730 562 dignitatem
1764 512 1836 555 quii
1848 524 1902 547 em
1934 514 2151 558 indulgentia
2184 518 2353 561 principis

1275 559 1504 600 reciperavit,
1529 566 1566 590 m
1589 566 1655 591 sua
1680 559 1796 590 autem
1822 558 1938 592 omnia
1964 559 2056 593 bona
2081 572 2150 596 non
2176 567 2228 595 est
2253 563 2352 597 resti-

1274 603 1394 644 tutus,
1426 611 1492 635 nec
1525 611 1546 635 a
1578 599 1812 636 creditoribus
1846 614 1909 637 nec
1939 604 2081 646 publico
2108 607 2246 641 nomine
2272 618 2354 642 con-

1274 644 1384 680 veniri
1406 649 1536 691 potest.
1585 645 1671 680 sed³
1703 657 1783 680 cum
1814 647 1844 681 ei
1875 648 2028 683 facultas
2061 651 2180 685 oblata
2211 658 2302 686 esset
2335 664 2351 686 a

1274 689 1436 742 principe
1464 691 1559 726 bona
1589 701 1730 735 quoque
1760 702 1826 726 sua
1854 692 2093 737 reciperandi,
2128 697 2290 731 maluerit
2314 709 2355 732 ca

1274 735 1529 781 derelinquere,
1564 735 1764 771 actionibus
1790 747 1919 772 exuere
1944 749 1991 780 se,
2018 740 2144 782 quibus
2170 746 2251 776 ante
2276 754 2351 777 sen-

1273 781 1422 816 tentiam
1446 781 1628 816 subiectus
1652 781 1781 823 fuerat,
1806 793 1877 817 non
1902 784 2042 826 poterit.

1320 824 1343 864 3
1379 825 1626 861 PAPINIANUS
1661 826 1751 862 libro
1789 832 1893 861 sexto
1931 827 2066 863 (lecimo
2102 841 2353 875 responsorum

1273 870 1315 906 In
1338 871 1492 906 insulam
1515 871 1694 916 deportati
1718 872 1813 906 bona
1836 872 1943 907 fiscus
1968 884 2083 917 poena
2105 876 2251 910 remissa
2272 878 2355 911 reti-

1274 916 1368 951 nuit:
1404 917 1598 952 creditores
1631 927 1674 951 ex
1703 920 1787 952 ante
1815 921 1914 962 gesto
1946 929 2017 953 non
2048 919 2178 954 habere
2210 932 2287 955 cum
2315 933 2354 956 co

1274 962 1334 1006 qui
1359 962 1497 997 debitor
1516 961 1701 1042 (quondam
1725 961 1795 998 fuit
1818 962 1976 998 actiones
2002 965 2171 999 constitit.
2210 967 2302 1009 quod
2328 968 2355 1001 si

1273 1008 1369 1043 bona
1404 1018 1484 1042 cum
1540 1006 1697 1051 ignitatis
1730 1008 1955 1043 restitutione
1988 1019 2158 1045 concessa
2182 1011 2355 1055 recipera-

1274 1052 1378 1096 verit‚
1409 1053 1515 1088 utiles
1546 1052 1704 1088 actiones
1730 1053 1955 1089 necessariae
1979 1065 2051 1089 non
2075 1059 2194 1097 erunt,
2221 1066 2299 1090 cum
2325 1062 2357 1090 ct

1274 1098 1431 1133 directae
1455 1101 1673 1143 competunt.

1318 1141 1344 1180 4
1374 1143 1533 1178 PAULUS
1563 1143 1652 1178 libro
1677 1144 1826 1188 septimo
1852 1143 1987 1178 decimo
2013 1147 2259 1190 quaestionum
2316 1147 2357 1180 ln

1273 1189 1453 1223 metallum
1483 1188 1650 1223 damnata
1680 1188 1807 1223 mulier
1830 1199 1911 1223 eum
1935 1200 2038 1233 quem
2063 1191 2161 1234 prius
2187 1202 2357 1235 concepe-

1273 1238 1330 1269 rat
1360 1234 1488 1276 edidit,
1522 1234 1648 1269 deinde
1679 1244 1701 1269 a
1732 1233 1892 1279 principe
1924 1234 2088 1269 restituta
2120 1239 2184 1270 est.
2235 1237 2357 1270 huma-

1273 1279 1352 1360 nihls
1373 1279 1524 1331 'dicetur
1561 1279 1667 1315 etiam
1705 1279 1926 1324 cognationis
1963 1280 2043 1315 iura
2080 1280 2163 1316 huic
2195 1283 2358 1316 restituta

1272 1336 1306 1360 vi
1333 1335 1392 1360 eri.

1724 1462 1878 1500 XXIIII
1890 1462 1913 1499 ⁴.

1462 1529 1524 1560 DE
1549 1527 1868 1560 CADAVERIBUS
1892 1528 2170 1561 PUNlTORUM.

1323 1594 1339 1630 1
1369 1591 1562 1629 ULPIANUS
1579 1593 1670 1629 libro
1688 1604 1783 1629 nono
1801 1593 1845 1628 de
1862 1594 1987 1639 officio
1998 1594 2232 1641 proconsulis
2273 1595 2358 1631 Cor-

1272 1650 1362 1684 pora
1385 1649 1509 1674 eorum
1533 1639 1595 1684 qui
1620 1638 1738 1684 capite
1762 1638 1977 1674 damnantur
2009 1640 2169 1684 cognatis
2201 1640 2357 1686 ipsorum

1272 1684 1435 1730 neganda
1458 1695 1532 1719 non
1554 1688 1655 1720 sunt:
1689 1688 1725 1719 et
1752 1684 1789 1719 id
1820 1694 1858 1719 se
1890 1684 2097 1720 observasse
2128 1686 2234 1720 etiam
2259 1686 2359 1721 divus

1272 1730 1457 1774 Augustus
1495 1730 1587 1765 libro
1621 1729 1756 1765 decimo
1789 1729 1833 1765 de
1866 1730 1938 1765 vita
1969 1740 2035 1765 sua
2066 1731 2200 1766 scribit.
2254 1731 2359 1767 hodie

1273 1779 1392 1811 autem
1416 1785 1559 1818 eorum,
1590 1775 1627 1810 in
1651 1785 1741 1820 quos
1765 1775 2076 1818 animadvertitur,
2109 1786 2260 1822 corpora
2288 1788 2359 1812 non

1273 1821 1376 1856 aliter
1407 1820 1646 1865 sepeliuntur,
1687 1831 1793 1866 quam
1827 1821 1858 1856 si
1892 1820 2000 1856 fuerit
2030 1820 2180 1866 petitum
2212 1825 2247 1857 et
2277 1832 2358 1867 per-

1271 1866 1437 1909 missum,
1474 1869 1510 1901 et
1540 1876 1806 1911 nonnumquam
1836 1877 1909 1901 non
1940 1866 2175 1910 permittitur,
2208 1867 2358 1902 maxime

1272 1912 1469 1947 maiestatis
1501 1921 1613 1947 causa
1644 1911 1903 1947 damnatorum.
1953 1922 2074 1947 eorum
2107 1922 2246 1956 quoque
2279 1923 2357 1947 cor-

1272 1967 1379 2001 pora,
1418 1957 1480 2002 qui
1511 1956 1683 1992 exurendi
1715 1957 1946 1999 damnantur,
1986 1957 2058 2002 peti
2091 1961 2257 2002 possunt,
2290 1958 2357 1992 sci-

1271 2002 1356 2037 licet
1394 2006 1436 2037 ut
1472 2012 1555 2038 ossa
1592 2005 1628 2037 et
1665 2002 1800 2038 cineres
1837 2003 1987 2038 collecta
2024 2003 2226 2047 sepulturae
2263 2003 2356 2038 tradi

1299 2047 1421 2083 ossint.

1272 2059 1295 2093 p
1319 2091 1344 2130 2
1369 2092 1605 2128 MAROJANUS
1631 2092 1721 2127 libro
1745 2092 1901 2127 secundo
1919 2093 2173 2139 publicorum⁵
2219 2093 2256 2128 Si
2279 2093 2358 2138 quis

1271 2138 1309 2173 in
1338 2138 1492 2173 insulam
1523 2138 1734 2182 deportatus
1769 2137 1824 2173 vel
1863 2137 2042 2181 relegatus
2079 2137 2206 2179 fuerit,
2244 2148 2359 2182 poena

1273 2184 1380 2219 etiam
1403 2187 1486 2228 post
1509 2187 1659 2218 mortem
1682 2186 1812 2225 manet,
1838 2193 1904 2218 nec
1927 2183 2011 2218 licet
2036 2193 2116 2217 eum
2138 2182 2220 2218 inde
2242 2187 2358 2218 trans·

1271 2229 1367 2265 ferre
1396 2229 1506 2264 aliubi
1537 2232 1572 2263 et
1595 2228 1747 2273 sepelire
1770 2228 1971 2263 inconsulto
1996 2228 2174 2273 principe:
2208 2232 2248 2263 ut
2279 2239 2356 2263 sae-

1271 2274 1416 2320 pissime
1440 2274 1591 2309 Severus
1616 2278 1651 2308 et
1668 2273 1871 2308 Antoninus
1895 2275 2156 2318 rescripserunt
2179 2277 2215 2308 et
2238 2274 2357 2308 multis

1271 2319 1477 2365 petentibus
1499 2319 1568 2354 hoc
1591 2319 1708 2364 ipsum
1731 2319 1966 2354 indulserunt.

1320 2362 1344 2402 3
1372 2364 1530 2400 was
1550 2364 1640 2400 libro
1658 2365 1778 2410 primo
1797 2364 2054 2398 sententiarum
2101 2362 2259 2407 Corpora
2281 2363 2356 2396 ani-

1274 2409 1539 2491 giadgersorum
1570 2409 1787 2455 quibuslibet
1817 2408 2020 2454 petentibus
2056 2407 2102 2443 ad
2137 2408 2357 2453 sepulturam

1298 2466 1344 2491 an
1371 2466 1393 2491 a
1416 2458 1510 2491 sunt.

771 3138 950 3189 LIBER
980 3138 1474 3198 QUADRAGESIMUS
1503 3136 1711 3188 NONUS.

630 3266 651 3305 1
659 3265 687 3305 ⁸.

180 3332 242 3364 DE
265 3332 689 3365 APPELLATIONIBUS
711 3332 771 3365 ET
794 3332 1143 3366 RELATIONIBUS.

167 3395 185 3433 1
221 3395 414 3433 ULPIAst
443 3397 533 3433 libro
556 3397 680 3443 primo
710 3398 755 3433 de
778 3399 1082 3445 appellationibus
1127 3400 1202 3444 Ap-

119 3441 274 3487 pellandi
305 3452 392 3477 usus
423 3453 531 3488 quam
561 3442 607 3478 sit
636 3442 804 3488 frequens
836 3454 1012 3489 quamque
1036 3454 1201 3480 necessa-

118 3487 210 3530 rius,
239 3497 342 3522 nemo
367 3490 422 3523 est
444 3489 504 3540 qui
527 3488 683 3531 nesciat,
715 3488 845 3533 quippe
875 3499 956 3524 cum
978 3489 1202 3534 iniquitatem

118 3531 352 3567 iudicantium
374 3532 431 3567 vel
453 3532 665 3578 nnperitiam
688 3533 899 3578 recorrigat:
924 3533 1008 3569 licet
1028 3545 1201 3570 nonnum-

120 3587 227 3622 quam
250 3576 342 3611 bene
363 3576 457 3612 latas
481 3578 675 3614 sententias
698 3578 736 3613 in
759 3578 859 3623 peius
882 3578 1063 3622 reformet,
1087 3589 1202 3624 neque

165 3692 204 3730 (1)
230 3691 351 3725 Sab.1.
364 3697 399 3730 2:
425 3691 509 3734 Pap.
524 3698 551 3725 3.
565 3699 591 3725 4.
604 3709 649 3715 —
667 3693 748 3724 Bas.
763 3693 817 3734 60,
830 3699 878 3727 ⁸8.
891 3710 935 3717 —
959 3693 1009 3736 Cf
1029 3695 1107 3727 God.
1122 3695 1153 3735 9,
1167 3700 1199 3728 51

120 3737 163 3778 (¹2)
187 3735 322 3767 restitus
335 3735 370 3768 F
452 3738 494 3776 (3)
519 3736 548 3768 si
561 3737 621 3769 ins.
638 3738 708 3769 edd.

166 3782 207 3820 (4)
226 3780 382 3819 Sab.1.2;
400 3781 760 3825 Pap-³.—Bas.60,69
806 3783 851 3825 (5)
869 3782 1071 3817 iudiciorum
1081 3782 1200 3817 ins.F²

1272 3263 1366 3300 enim
1394 3263 1519 3307 utique
1549 3262 1674 3299 melius
1706 3262 1913 3307 pronuntiat
1943 3260 2001 3305 qui
2030 3258 2239 3294 novissimus
2271 3269 2350 3293 sen-

1275 3313 1289 3343 1
1340 3309 1486 3343 tentiam
1510 3308 1648 3343 laturus
1674 3312 1736 3343 est.
1786 3307 1991 3352 Quaesitum
2015 3309 2086 3346 est,
2111 3314 2157 3338 an
2177 3303 2350 3355 ’adversus

1271 3354 1482 3398 rescriptum
1505 3353 1676 3398 principis
1694 3352 1880 3398 provocari
1897 3351 2021 3395 possit,
2046 3349 2138 3383 forte
2156 3359 2186 3382 s1
2205 3358 2349 3392 praeses

1271 3398 1475 3443 provinciae
1498 3398 1559 3433 vel
1577 3399 1655 3442 quis
1680 3399 1770 3433 alius
1796 3395 2010 3432 consuluerit
2041 3398 2078 3445 et
2107 3393 2175 3427 ad⁷
2209 3392 2349 3443 consul-

1270 3443 1442 3478 tationem
1465 3443 1541 3478 eius
1564 3443 1673 3478 fuerit
1692 3442 1921 3486 rescriptum:
1948 3443 2001 3474 est
2024 3449 2115 3473 enim
2140 3441 2346 3489 quaesitum,

1270 3499 1318 3523 an
1347 3487 1552 3533 appellandi
1581 3488 1637 3523 ius
1669 3487 1832 3532 supersit.
1882 3484 1965 3529 quid
1994 3484 2103 3524 enim,
2135 3492 2166 3517 si
2193 3493 2246 3534 m·
2265 3492 2348 3516 con-

1271 3533 1420 3568 sulendo
1449 3533 1616 3568 mentitus
1647 3533 1725 3567 est?
1764 3531 1807 3565 de
1839 3540 1909 3574 qua
1939 3538 1976 3563 re
2008 3531 2106 3562 extat
2137 3530 2348 3578 rescriptum

1270 3578 1341 3613 divi
1358 3578 1414 3613 Pii
1436 3578 1524 3623 πρὸς
1547 3577 1590 3612 τὸ
1611 3576 1733 3611 κοινὸν
1751 3577 1827 3609 τῶν
1848 3574 2001 3619 Θρᾳκῶν
2012 3574 2035 3614 ⁸,
2061 3582 2130 3615 quo
2152 3571 2348 3606 ostendltur

1314 3693 1358 3734 (6)
1385 3692 1575 3729 Sab.1...13;
1597 3691 1661 3723 Ed.
1673 3696 1789 3727 14...21;
1811 3689 1893 3730 Pap.
1906 3693 2031 3724 22...2·1;
2051 3686 2137 3727 App.
2148 3692 2248 3718 zs.-
2263 3685 2343 3716 Bas.

1269 3739 1301 3779 9,
1314 3745 1395 3771 1.-
1412 3738 1462 3781 Cf.
1481 3738 1556 3770 Cod.
1571 3738 1603 3776 7,
1617 3743 1660 3776 61,
1674 3742 1690 3767 c
1783 3740 1824 3773 (7)
1850 3733 1885 3765 in
1900 3733 1958 3766 ins.
1976 3732 2008 3763 F
2094 3734 2135 3770 (8)
2163 3731 2199 3762 id
2216 3737 2280 3762 est.-
2305 3729 2346 3763 ad

1268 3792 1440 3816 commune
1451 3782 1617 3815 Thracum
