2528 3918
166 92 396 136 XXXVIII
430 96 480 136 10

459 214 552 251 iilius
643 225 755 260 nepos
845 226 1025 261 pronepos
1116 215 1276 261 abnepos

459 258 534 295 filia
643 270 754 306 nepos
845 270 1025 306 pronepos
1116 260 1276 306 abnepos

458 303 552 341 filius
644 305 762 351 neptis
845 315 1026 351 pronepos
1116 305 1276 351 abnepos

458 349 534 385 filia
645 350 762 396 neptis
846 360 1025 397 pronepos
1116 350 1276 395 abnepos

458 394 553 430 filius
645 404 756 441 nepos
846 395 1031 441 proneptis
1116 395 1276 441 abnepos

458 439 535 475 filia
644 450 756 486 nepos
846 440 1032 486 proneptis
1116 441 1275 486 abnepos

458 484 553 521 filius
644 487 762 531 neptis
845 485 1031 532 proneptis
1116 485 1276 531 abnepos

457 528 534 565 filia
645 531 761 576 neptis
846 530 1032 576 proneptis
1116 531 1275 576 abnepos

457 573 553 612 filius
644 586 755 622 nepos
846 585 1026 621 pronepos
1118 575 1282 621 abneptis

458 619 535 656 filia
644 631 755 667 nepos
846 630 1026 666 pronepos
1117 620 1282 666 abneptis

457 664 553 701 filius
643 676 755 711 nepos
846 666 1033 712 proneptis
1118 665 1282 711 abneptis

457 709 533 746 filia
644 720 756 756 nepos
847 711 1034 756 proneptis
1118 711 1282 756 abneptis

457 755 553 792 filius
644 757 761 802 neptis
845 766 1025 802 pronepos
1116 756 1283 801 abneptis

459 800 534 836 filia
643 800 760 847 neptis
845 811 1027 847 pronepos
1117 800 1282 847 abneptis

455 845 550 882 filius
643 846 761 892 neptis
845 846 1032 892 proneptis
1117 846 1282 892 abneptis

456 890 532 927 filia
643 891 761 937 neptis
845 892 1030 938 proneptis
1117 891 1282 937 abneptis

455 935 551 972 filius
642 946 755 983 nepos
845 946 1025 983 pronepos
1117 937 1276 982 abnepos

457 981 532 1017 filia
642 991 755 1028 nepos
845 991 1025 1028 pronepos
1116 982 1276 1027 abnepos

455 1026 550 1062 filius
642 1027 759 1074 neptis
843 1037 1024 1074 pronepos
1117 1028 1277 1072 abnepos

456 1071 532 1107 filia
642 1072 760 1118 neptis
844 1082 1024 1118 pronepos
1117 1073 1276 1118 abnepos

455 1116 550 1152 filius
643 1127 754 1164 nepos
845 1117 1031 1163 proneptis
1118 1118 1276 1163 abnepos

456 1161 531 1197 filia
642 1172 754 1209 nepos
846 1164 1031 1208 proneptis
1116 1163 1276 1208 abnepos

455 1206 550 1243 filius
642 1207 761 1254 neptis
846 1208 1031 1254 proneptis
1115 1208 1276 1253 abnepos

456 1252 531 1287 filia
644 1253 762 1298 neptis
846 1253 1031 1298 proneptis
1115 1253 1276 1299 abnepos

454 1295 550 1333 filius
642 1308 754 1344 nepos
845 1308 1025 1344 pronepos
1117 1299 1281 1344 abneptis

455 1341 530 1378 filia
641 1353 754 1389 nepos
845 1353 1026 1389 pronepos
1117 1344 1283 1389 abneptis

455 1387 549 1423 filius
642 1398 754 1434 nepos
846 1388 1034 1435 proneptis
1119 1389 1284 1435 abneptis

454 1431 531 1468 fllia
641 1443 754 1479 nepos
846 1434 1031 1480 proneptis
1118 1434 1285 1480 abneptis

453 1477 550 1514 filius
642 1478 759 1524 neptis
845 1489 1026 1526 pronepos
1118 1479 1284 1524 abneptis

454 1522 529 1558 filia
641 1523 758 1570 neptis
846 1533 1026 1571 pronepos
1118 1524 1284 1570 abneptis

452 1567 549 1604 filius
640 1569 758 1615 neptis
845 1569 1033 1616 proneptis
1119 1569 1287 1616 abneptis

452 1612 529 1649 filia
640 1614 759 1660 neptis
844 1614 1031 1660 proneptis
1119 1614 1285 1661 abneptis

166 1707 204 1738 18
251 1703 410 1750 Septimo
432 1703 548 1749 gradu
571 1714 748 1758 personae
772 1704 1000 1740 continentur
1017 1704 1114 1740 mille
1129 1705 1252 1750 viginti

161 1753 331 1795 quattuor
354 1749 443 1785 hae:
474 1749 595 1785 tritavi
623 1749 781 1795 itemque
804 1750 968 1785 tritaviae
991 1753 1095 1796 pater
1118 1754 1251 1786 mater:

160 1804 332 1840 personas
363 1793 525 1830 efficiunt
554 1799 698 1830 centum
726 1795 849 1840 viginti
878 1799 981 1831 octo:
1014 1795 1137 1831 tritavi
1160 1795 1252 1831 enim

159 1843 281 1886 patres
308 1843 364 1875 tot
392 1842 499 1875 sunt¹
530 1844 617 1885 quot
638 1840 777 1886 ipsius2
805 1841 943 1883 tritavi,
977 1841 1063 1876 item
1092 1840 1252 1876 eiusdem

160 1890 292 1921 matres
323 1884 489 1928 totidem,
518 1885 611 1921 fiunt
633 1885 818 1938 sexaginta
842 1889 1031 1931 quattuor:
1062 1885 1156 1921 idem
1184 1897 1252 1921 nu-

160 1940 280 1966 merus
302 1930 467 1967 tritaviae
490 1931 604 1977 patris
628 1934 833 1976 matrisque.
870 1931 967 1966 atavi
983 1930 1124 1967 ataviae
1139 1930 1254 1966 frater

161 1976 349 2012 sororve³:
373 1976 412 2011 hi
435 1979 521 2012 sunt
542 1976 664 2011 tritavi
685 1975 780 2012 filius
798 1975 885 2020 filia,
909 1976 1037 2013 abavi*
1062 1977 1254 2012 abaviaeve

161 2025 313 2067 patruus
338 2021 535 2057 avunculus
559 2022 670 2057 amita
692 2025 897 2065 matertera,
920 2021 1045 2068 proavi
1061 2022 1254 2068 proaviae⁵

160 2070 312 2112 patruus
335 2076 486 2111 magnus
511 2067 709 2102 avunculus
733 2077 884 2112 magnus
902 2067 1012 2102 amita
1029 2076 1160 2112 magna
1176 2077 1252 2102 ma-

160 2115 294 2147 tertera
316 2121 459 2157 magna,
484 2111 542 2147 avi
564 2112 707 2148 aviaeve
738 2116 958 2158 propatruus
986 2112 1253 2165 proavunculus

160 2157 665 2238 {itffitfflffltffiffi
690 2157 883 2238 „3231AEss
892 2161 1035 2238 -mffit
1055 2157 1253 2248 8ξὲῗέἔὲἓὲ

160 2247 257 2283 atavi
279 2247 403 2284 fiatris
423 2248 570 2293 triginta
587 2247 701 2283 duo‘:
727 2258 810 2283 nam
825 2247 993 2291 sedecim,
1017 2257 1107 2293 quas
1125 2251 1252 2283 atavus

159 2293 295 2339 explet,
335 2292 514 2328 accedunt
551 2293 700 2330 totidem
736 2296 885 2340 propter
917 2292 1041 2328 fratris
1074 2292 1252 2339 duplicem

160 2348 369 2384 personam:
409 2348 557 2374 0808888
591 2342 646 2374 881
677 2339 785 2374 nam⁷
815 2338 968 2374 sedecim
996 2338 1129 2374 fratres
1158 2339 1252 2373 atavi

160 2394 205 2419 ex
228 2388 332 2430 patre
356 2387 609 2430 computentur
620 2385 645 2427 ⁸,
669 2383 824 2420 sedecim
847 2393 892 2419 ex
916 2387 1042 2420 matre.
1091 2383 1254 2419 similiter

161 2429 257 2464 atavi
278 2438 420 2465 sorores
443 2429 588 2474 triginta
611 2428 726 2465 duo⁶:
750 2428 842 2464 fiunt
858 2429 1045 2481 sexaginta
1062 2432 1251 2474 quattuor:

161 2478 197 2510 et
218 2473 367 2510 totidem
391 2473 531 2510 ataviae
554 2474 695 2517 fratris,
725 2474 811 2509 item
840 2484 985 2516 sororis.
1032 2473 1155 2526 patrui
1175 2484 1251 2510 ma-

160 2519 246 2555 ximi
266 2518 363 2555 filius
386 2519 477 2555 filia:
507 2519 546 2555 hi
580 2524 666 2554 sunt
697 2520 792 2555 atavi
821 2529 933 2565 nepos
957 2524 1075 2566 neptis
1098 2529 1143 2555 ex
1165 2518 1252 2562 filio,

161 2565 266 2601 abavi
288 2564 413 2600 fratris
437 2564 533 2601 filius
556 2564 641 2600 filia.
689 2564 819 2600 amitae
842 2564 1018 2600 maximae
1039 2563 1135 2600 filius
1158 2563 1251 2600 filia:

163 2610 202 2645 hi
224 2613 309 2646 sunt
331 2609 429 2645 atavi
450 2620 563 2656 nepos
581 2609 699 2656 neptis
718 2620 762 2645 ex
776 2609 861 2652 filia,
886 2609 992 2646 abavi
1008 2609 1142 2646 sororis
1157 2609 1252 2645 filius

161 2654 246 2691 filia.
295 2654 462 2691 avunculi
483 2655 630 2690 maximi
652 2654 747 2691 filius
770 2654 863 2691 filia:
896 2655 934 2690 hi
963 2658 1048 2691 sunt
1070 2654 1167 2690 atavi
1189 2664 1253 2690 ne-

161 2711 228 2746 pos
251 2701 368 2746 neptis
393 2711 438 2736 ex
460 2699 550 2744 filio,
580 2700 729 2736 abaviae
751 2700 899 2736 fratris⁹
921 2700 1017 2736 filius
1041 2699 1128 2735 filia.
1175 2710 1251 2735 ma-

160 2749 315 2782 terterae
337 2744 514 2780 maximae
536 2745 631 2781 filius
655 2745 730 2781 filia
741 2747 786 2780 ¹⁰:
811 2745 850 2781 hi
873 2749 958 2781 81101
980 2745 1115 2781 atavi¹¹
1139 2754 1251 2791 nepos

161 2790 278 2837 neptis
302 2801 346 2826 ex
368 2790 493 2834 filia¹²,
518 2791 668 2826 abaviae
690 2790 824 2844 sororis
847 2790 942 2843 iilius
965 2789 1051 2844 ΕΗΒ..
1085 2790 1156 2826 hae
1175 2799 1250 2843 oin-

161 2846 241 2916 2⁹32
248 2845 441 2926 4’25‘2‘223‘5’1
463 2835 1014 2927 tsssszatt‘ssuzfflfflzfflt‘z
1031 2845 1251 2926 ῖῖῗὲἓᾶῗὲ

163 2925 362 2972 quaeritur,
391 2926 418 2947 ¹⁴
428 2926 665 2962 consobrinae
688 2930 791 2970 sunt,
818 2926 876 2962 avi
899 2926 1070 2972 aviaeque
1093 2926 1251 2962 eiusdem

162 2970 311 3018 propius
354 2970 521 3006 sobrinis.
576 2971 631 3007 sin
718 2981 738 3008 e
772 2971 1031 3018 appellationes
1067 2971 1251 3007 continent

163 3025 337 3097 personas
359 3015 513 3051 sedecim
527 3017 565 3058 ¹⁸,
590 3027 693 3062 quia,
718 3027 798 3053 cum
821 3021 972 3063 patruus
994 3016 1169 3052 maximus
1193 3026 1249 3052 se-

186 3061 274 3098 ecim
298 3060 451 3103 efficiat,
480 3061 575 3097 filius
606 3061 682 3098 eius
706 3061 854 3098 eandem
877 3061 988 3098 habet
1011 3062 1249 3098 enumeratio-

163 3117 244 3142 nem
266 3105 484 3151 totidemque
506 3105 598 3142 filia:
631 3111 666 3142 et
687 3106 730 3142 fit
752 3117 797 3143 ex
821 3106 984 3143 omnibus
1008 3107 1081 3152 1118,
1114 3117 1204 3159 quas
1227 3116 1251 3142 a

163 3151 327 3198 patrui¹⁸
361 3150 506 3187 maximi
539 3151 612 3187 filio
642 3152 993 3205 comprehendimus,
1030 3152 1148 3188 ductis
1185 3162 1251 3198 per

164 3201 244 3233 octo
269 3196 438 3241 sedecies,
467 3197 494 3218 ¹⁷
505 3201 646 3232 centum
669 3198 795 3242 viginti
817 3201 912 3234 octo.
958 3197 1080 3244 patrui
1105 3197 1250 3233 maioris

163 3242 1249 3333 {23222⁹⁹2?ss&nimi‘ssdffissussaeffcssffssmnississffi‘

1239 3314 1249 3331 2

164 3336 312 3379 nepotes
365 3332 396 3368 is
427 3332 539 3368 octies
571 3332 767 3377 computati
797 3342 909 3378 supra
931 3333 1103 3380 scriptum
1126 3342 1249 3368 nume-

163 3389 242 3413 rum
266 3377 438 3414 efficiunt.
486 3377 609 3425 patrui
630 3377 775 3413 maioris
798 3377 916 3424 neptis
938 3377 1036 3415 item.
1083 3377 1251 3414 avunculi

164 3493 204 3533 (1)
227 3491 344 3526 sintF

426 3492 470 3532 (2)
494 3489 559 3534 ipsi
570 3502 634 3525 scr.
714 3490 760 3532 (³)
784 3491 951 3525 ataviaeve
962 3490 1066 3525 frater
1076 3501 1173 3525 soror
1183 3503 1246 3525 ser.

1242 89 1328 138 584
1505 53 1571 149 Ὗ(
1591 160 1600 163 χ

1493 4 1501 57 4.

1729 105 1790 136 DE
1820 104 2044 136 GBADIBUS
2071 104 2129 135 m·
2155 105 2396 137 anmimsus

1367 213 1527 260 adnepos
1618 215 1775 260 trinepos
1835 215 1918 249 item
1941 213 2105 259 trineptis

1367 258 1526 304 adnepos
1617 260 1775 306 trinepos
1835 259 1919 294 item
1942 259 2106 304 trineptis

1367 303 1526 350 adnepos
1615 305 1773 351 trinepos
1835 305 1919 340 item
1943 304 2106 349 trineptis

1368 349 1526 395 adnepos
1615 350 1774 397 trinepos
1834 349 1917 384 item
1942 348 2106 394 trineptis

1367 393 1526 439 adnepos
1615 394 1776 441 trinepos
1834 394 1919 429 item
1942 393 2108 439 trineptis

1367 439 1526 485 adnepos
1615 439 1774 486 trinepos
1835 439 1919 475 item
1942 438 2106 484 trineptis

1368 484 1525 530 adnepos
1615 484 1774 531 trinepos
1836 484 1921 519 item
1943 483 2107 528 trineptis

1367 529 1526 575 adnepos
1616 529 1774 576 trinepos
1835 529 1920 564 item
1942 529 2108 574 trineptis

1367 574 1525 621 adnepos
1616 573 1776 622 trinepos
1836 573 1921 610 item
1943 574 2107 619 trineptis

1366 619 1525 666 adnepos
1617 619 1776 666 trinepos
1837 619 1921 654 item
1944 619 2108 665 trineptis

1366 664 1526 711 adnepos
1616 664 1777 711 trinepos
1837 665 1921 700 item
1944 663 2109 711 trineptis

1366 709 1526 756 adnepos
1617 709 1775 756 trinepos
1837 709 1923 745 item
1945 709 2109 755 trineptis

1366 754 1527 801 adnepos
1617 755 1776 801 trinepos
1838 754 1923 790 item
1946 754 2109 800 trineptis

1367 800 1526 846 adnepos
1617 800 1775 846 trinepos
1840 800 1923 835 item
1946 799 2110 845 trineptis

1367 845 1527 891 adnepos
1618 845 1776 892 trinepos
1840 845 1923 879 item
1946 843 2112 890 trineptis

1367 894 1518 937 atnepos
1617 890 1776 936 trinepos
1839 889 1925 924 item
1947 889 2111 935 trineptis

1369 935 1533 982 adneptis
1617 935 1776 982 trinepos
1840 934 1924 970 item
1946 934 2110 980 trineptis

1369 980 1534 1027 adneptis
1616 980 1775 1027 trinepos
1839 979 1924 1014 item
1947 979 2111 1025 trineptis

1369 1025 1534 1071 adneptis
1618 1026 1774 1072 trinepos
1839 1024 1924 1060 item
1947 1024 2110 1070 trineptis

1368 1071 1533 1117 adneptis
1616 1071 1775 1117 trinepos
1838 1069 1924 1106 item
1947 1068 2111 1116 trineptis

1369 1116 1534 1162 adneptis
1618 1118 1775 1162 trinepos
1840 1115 1924 1151 item
1947 1115 2111 1161 trineptis

1369 1162 1533 1207 adneptis
1618 1161 1777 1207 trinepos
1840 1160 1925 1195 item
1947 1159 2111 1206 trineptis

1369 1206 1532 1252 adneptis
1618 1207 1776 1253 trinepos
1841 1206 1925 1241 item
1948 1204 2113 1251 trineptis

1368 1251 1532 1297 adneptis
1618 1252 1777 1298 trinepos
1841 1251 1924 1286 item
1948 1250 2112 1296 trineptis

1368 1297 1532 1342 adneptis
1617 1296 1776 1343 trinepos
1841 1297 1926 1332 item
1948 1296 2112 1342 trineptis

1368 1342 1532 1388 adneptis
1618 1342 1777 1388 trinepos
1840 1342 1924 1377 item
1947 1341 2112 1386 trineptis

1369 1387 1533 1433 adneptis
1618 1387 1777 1433 trinepos
1840 1387 1924 1422 item
1948 1385 2114 1432 trineptis

1369 1432 1534 1478 adneptis
1616 1433 1776 1478 trinepos
1840 1431 1924 1468 item
1948 1431 2111 1477 trineptis

1370 1479 1527 1524 atneptis
1617 1478 1775 1523 trinepos
1839 1476 1924 1513 item
1948 1476 2112 1523 trineptis

1372 1523 1528 1569 atneptis
1615 1523 1775 1569 trinepos
1839 1522 1924 1558 item
1948 1521 2113 1568 trineptis

1371 1569 1528 1614 atneptis
1615 1569 1775 1614 trinepos
1841 1568 1925 1603 item
1948 1566 2113 1613 trineptis

1370 1614 1525 1660 atneptis
1617 1614 1777 1659 trinepos
1840 1612 1925 1648 item
1948 1611 2111 1658 trineptis

1319 1704 1465 1740 maioris
1500 1714 1611 1749 nepos
1643 1705 1759 1750 neptis
1789 1702 1927 1739 eadem>
1943 1703 2082 1738 ratione
2114 1711 2287 1748 personas
2321 1711 2406 1736 con-

1320 1749 1470 1796 plebunt
1492 1749 1637 1794 triginta
1661 1749 1782 1785 duo¹⁸.
1830 1749 1962 1784 amitae
1984 1746 2130 1783 maioris
2152 1756 2265 1792 nepos
2289 1746 2406 1792 neptis

1320 1795 1444 1830 eadem
1462 1794 1603 1830 ratione
1619 1794 1714 1830 item.
1750 1798 1964 1830 materterae
1986 1792 2130 1828 maioris
2154 1801 2265 1837 nepos
2289 1792 2406 1844 neptis

1320 1840 1416 1876 item.
1463 1843 1501 1875 et
1529 1839 1582 1875 sic
1612 1849 1656 1876 ex
1684 1839 1849 1875 omnibus
1879 1838 2094 1883 colliguntur
2120 1841 2263 1873 centum
2285 1841 2407 1882 viginti

1321 1889 1415 1921 octo.
1462 1885 1519 1921 his
1547 1885 1711 1938 personis
1737 1895 1824 1921 avus
1854 1884 1933 1920 avia
1956 1884 2047 1928 eius,
2079 1882 2125 1919 de
2148 1883 2250 1918 cuius
2274 1892 2405 1927 cogna-

1320 1930 1419 1966 tione
1449 1933 1649 1976 quaeritur,
1678 1930 1825 1976 propius
1854 1929 2008 1966 sobrinis
2037 1932 2138 1971 sunt,
2167 1931 2270 1974 pater
2292 1932 2406 1962 mater

1321 1975 1487 2012 sobrinus
1518 1975 1684 2012 sobrina:
1715 1976 1746 2011 is
1776 1975 1820 2010 de
1851 1975 1952 2010 cuius
1977 1973 2187 2019 cognatione
2210 1973 2405 2019 quaeritur,

1321 2021 1466 2058 sobrino
1497 2024 1604 2056 natus
1635 2024 1707 2057 est:
1746 2020 1842 2057 ¹⁹hic
1901 2019 2037 2055 roximo
2066 2018 2209 2055 nomine
2239 2017 2407 2054 definitur

1320 2066 1479 2113 parentis
1503 2066 1560 2102 sui
1583 2066 1765 2110 sobrinus,
1789 2069 1831 2101 ut
1887 2065 2044 2101 rebatius
2068 2064 2135 2108 ait,
2164 2063 2406 2109 rationemque

1321 2111 1473 2147 nominis
1497 2111 1591 2147 hanc
1614 2110 1732 2146 reddit
1740 2111 1782 2154 ²⁰,
1807 2110 1903 2156 quod
1920 2110 2036 2145 ultimi
2053 2119 2096 2145 co
2145 2109 2304 2144 ationum
2322 2118 2404 2154 gra-

1321 2156 1387 2192 dus
1411 2156 1638 2193 sobrinorum
1660 2156 1753 2191 fiunt
1774 2156 1897 2202 itaque
1921 2154 2056 2191 sobrini
2119 2155 2189 2190 'um
2207 2159 2306 2190 recte
2347 2164 2404 2190 ro-

1319 2202 1455 2238 ximum
1477 2212 1618 2238 nomen.
1665 2202 1711 2238 ab
1736 2212 1778 2238 eo
1801 2202 1880 2248 ipso
1903 2201 2009 2254 huius
2032 2199 2169 2253 sobrini
2190 2199 2286 2252 filius
2309 2165 2404 2235 ‹fice-

1319 2251 1395 2291 tur,
1421 2251 1457 2283 et
1478 2247 1559 2283 ideo
1585 2257 1662 2289 eos,
1693 2247 1754 2292 qui
1777 2257 1822 2282 ex
1845 2246 1999 2282 sobrinis
2022 2249 2099 2281 nati
2121 2248 2222 2287 sunt,
2250 2249 2343 2280 inter
2365 2254 2405 2280 se

1320 2293 1522 2339 proximum
1544 2302 1674 2328 nomen
1697 2292 1936 2339 appellarem:
1961 2291 2027 2327 bos
2051 2290 2144 2326 enim
2167 2290 2303 2326 nullum
2321 2300 2404 2343 pro:

1319 2337 1438 2384 prium
1459 2338 1593 2374 habere
1615 2348 1760 2380 nomen,
1785 2347 1855 2383 quo
1879 2337 1973 2372 inter
1995 2346 2034 2372 se
2055 2341 2239 2372 vocentur.
2285 2339 2406 2382 patrui

1319 2383 1439 2427 magni
1462 2393 1642 2436 pronepos
1666 2383 1863 2429 proneptis.
1899 2381 2066 2417 avunculi
2088 2381 2207 2426 magni
2225 2390 2404 2427 pronepos

1319 2433 1517 2474 proneptis.
1563 2428 1694 2463 amitae
1716 2437 1866 2473 magnae
1880 2437 2069 2473 pronepos
2092 2426 2287 2473 proneptis.
2328 2435 2404 2461 ma-

1320 2477 1476 2509 terterae
1498 2483 1649 2518 magnae
1671 2483 1850 2519 pronepos
1873 2482 1986 2519 prone
2011 2471 2070 2508 tis.
2105 2481 2151 2507 ex
2169 2471 2403 2524 his-omnibus

1321 2522 1465 2554 eentum
1486 2517 1611 2563 viginti
1634 2522 1716 2554 octo
1739 2527 1916 2564 personae
1939 2527 1958 2552 e
2001 2516 2156 2559 ciuntur,
2180 2526 2265 2562 quia
2283 2527 2403 2562 singu-

1319 2563 1377 2600 lae
1390 2563 1648 2610 appellationes
1666 2563 1821 2599 sedecim
1835 2563 2031 2616 complent:
2055 2571 2139 2598 nam
2156 2572 2245 2614 cum·
2254 2562 2404 2608 exempli

1319 2609 1436 2654 gratia
1457 2613 1609 2655 patruus
1631 2618 1782 2654 magnus
1807 2607 2063 2654 quadrifariam
2090 2607 2326 2652 intellegitur,
2358 2606 2404 2642 ad

1320 2654 1542 2699 singulorum
1560 2658 1772 2700 patruorum
1789 2663 1997 2700 magnorum
2005 2653 2037 2674 ²²
2055 2662 2227 2699 personas
2247 2652 2403 2719 quadru-

1318 2699 1474 2745 plicatus
1504 2709 1703 2745 pronepos,
1741 2700 1827 2736 item
1860 2697 2044 2745 proneptis
2077 2697 2246 2743 triginta²
2292 2697 2404 2733 (111οη

1319 2755 1492 2790 personas
1514 2744 1649 2787 reddet,
1674 2749 1798 2790 totque
1815 2748 1942 2790 quater
1957 2746 2166 2781 numeratae
2181 2743 2288 2787 illam,
2312 2753 2403 2789 quae

1319 2790 1505 2836 proposita
1528 2794 1594 2834 est,
1622 2800 1796 2827 summam
1819 2789 1991 2826 efficiunt.
2037 2798 2162 2825 eorum
2183 2791 2304 2834 patres
2326 2799 2401 2823 ma-

1319 2840 1463 2888 tresque
1493 2835 1542 2878 ei,
1580 2835 1625 2871 de
1657 2835 1758 2872 cuius
1790 2835 2000 2880 cognatione
2030 2833 2232 2887 quaeritur,
2267 2833 2401 2886 sobrini

1320 2881 1555 2926 sobrinaeque
1574 2883 1668 2924 sunt,
1691 2881 1769 2926 ipse
1788 2885 1908 2916 autem
1926 2878 2039 2916 isdem
2053 2878 2199 2915 sobrino
2215 2878 2401 2915 sobrinave

1319 2929 1426 2962 natus
1437 2926 1479 2961 ²⁴.
1516 2925 1637 2972 patrui
1659 2926 1819 2971 abnepos
1842 2924 2019 2971 abneptis.
2054 2923 2222 2960 avunculi
2242 2924 2401 2970 abnepos

1318 2971 1495 3017 abneptis.
1542 2971 1672 3007 amitae
1696 2971 1855 3016 abnepos
1878 2970 2053 3015 abneptis.
2099 2973 2314 3005 materterae
2336 2969 2400 3005 ab·

1318 3026 1430 3062 nepos
1460 3015 1636 3062 abneptis.
1682 3017 1773 3052 haec
1801 3016 1857 3053 sin
1963 3014 2139 3051 vocabula
2162 3023 2268 3050 senas
2291 3014 2401 3050 denas

1318 3061 1544 3098 continent²⁵
1574 3071 1767 3107 personas:
1797 3071 1859 3098 ver
1883 3060 1897 3096 i
1925 3060 2019 3097 enim
2045 3059 2160 3105 gratia
2187 3060 2307 3105 patrui
2336 3060 2399 3095 ab·

1317 3117 1430 3152 nepos
1449 3106 1543 3142 81020
1561 3106 1838 3150 enumerabitur,
1862 3110 1903 3142 ut
1921 3104 2086 3142 bifariam
2102 3109 2233 3151 patruo
2251 3108 2400 3157 accepto

1318 3155 1444 3198 quater
1465 3161 1661 3198 pronepos,
1684 3151 1815 3188 totiens
1862 3150 2020 3196 roneptis
2043 3150 2199 3186 ducatur
2221 3154 2258 3187 et
2279 3160 2331 3186 sic
2354 3149 2401 3186 ad

1318 3207 1441 3233 eorum
1470 3196 1564 3233 filios
1601 3196 1764 3232 veniatur
1799 3206 1839 3233 se
1864 3195 1957 3234 ecies
1992 3199 2236 3242 computatos:
2276 3194 2400 3231 eadem

1317 3242 1455 3278 ratione
1478 3241 1526 3278 ad
1547 3240 1676 3278 filiam:
1706 3242 1791 3278 item
1819 3242 1857 3277 in
1887 3242 2083 3278 0818108271
2114 3245 2150 3276 et
2175 3250 2241 3286 per
2262 3240 2332 3276 1100
2355 3249 2399 3275 ex

1318 3286 1482 3324 omnibus
1510 3285 1687 3323 efficietur
1716 3297 1885 3323 numerus
1915 3296 2150 3332 personarum
2178 3290 2320 3322 centum
2348 3285 2398 3321 vi·

1315 3332 1406 3378 ginti
1424 3336 1518 3368 octo.
1552 3332 1591 3367 111
1609 3336 1694 3368 sunt
1711 3332 1754 3375 ei,
1780 3331 1824 3368 de
1847 3331 1950 3368 cuius
1973 3331 2183 3378 cognatione
2206 3330 2398 3377 quaeritur,

1317 3377 1614 3414 consobrinorum
1636 3382 1786 3424 nepotes
1807 3380 2019 3423 neptesque,
2047 3376 2158 3423 ipsi²⁸
2186 3386 2325 3419 eorum,
2354 3374 2399 3411 de

1315 3490 1376 3533 (18)
1400 3489 1482 3523 duas
1495 3493 1569 3525 dete.
1629 3491 1852 3544 (ip-ipsiius.
1880 3535 1889 3543 θ
1911 3492 1977 3532 (20)
1999 3490 2146 3524 reddidit
2158 3489 2211 3524 F*
2271 3491 2330 3531 (21)
2355 3490 2396 3524 ab

165 3539 209 3577 (4)
231 3536 350 3570 abavia
369 3537 418 3570 1³
533 3538 575 3578 (ὁ)
598 3535 795 3579 proaviaeve
813 3548 874 3569 scr.
991 3537 1035 3577 (6)
1059 3536 1144 3570 duae
1163 3535 1246 3570 Hal.
1314 3545 1354 3568 80
1372 3535 1445 3579 ipso
1464 3536 1566 3569 11111118
1583 3547 1620 3570 ιο
1794 3545 1983 3579 proximum
2006 3545 2127 3569 nomen
2146 3534 2314 3579 appellare
2332 3536 2396 3570 del.

167 3585 208 3623 ιτ)
233 3591 310 3614 nam
329 3591 458 3615 necesse
476 3583 527 3614 est
543 3593 606 3615 ner.
707 3584 751 3623 (8)
776 3582 811 3614 81
827 3582 887 3615 ins.
902 3581 953 3614 1:⁶²
1051 3583 1096 3623 (⁹)
1120 3581 1234 3615 fratris
1315 3583 1376 3621 (22)
1399 3583 1534 3624 patrum
1550 3581 1714 3615 maios-nm
1729 3581 1764 3614 F
1872 3584 1934 3622 (23)
1958 3581 2139 3624 trigintiF'
2245 3583 2306 3621 (24)
2331 3581 2396 3624 ipsi

164 3627 286 3660 sororis
298 3627 333 3660 F
423 3627 483 3668 (10)
507 3625 597 3660 filiae
608 3626 641 3659 F
734 3626 791 3668 (ii)
813 3624 909 3658 abavi
922 3626 955 3658 F
1053 3628 1112 3667 (12)
1136 3625 1208 3659 mio
1312 3626 1424 3659 autem
1434 3625 1535 3659 iidem
1547 3625 1682 3660 sobrino
1693 3625 1866 3660 sobrinave
1877 3626 1951 3659 nati
1960 3626 2089 3671 fiuiny
2201 3627 2264 3667 (25)
2289 3625 2395 3659 eonti-

166 3674 225 3713 (13)
249 3670 598 3705 enumeraverimusF
681 3672 739 3711 (14)
763 3669 951 3704 consobrini
966 3670 1022 3703 z‘m.
1113 3673 1171 3710 (15)
1195 3680 1246 3704 se-
1312 3670 1418 3704 netF
1506 3674 1569 3713 (28)
1593 3671 1672 3706 uiF
1760 3672 1823 3713 (2¹1)
1848 3671 1967 3705 oet-eris
1976 3683 2030 3705 ter
2131 3672 2195 3713 (28)
2219 3670 2284 3715 ipsi
2296 3683 2352 3704 om.
2366 3671 2401 3704 F

167 3726 223 3753 nas
243 3716 342 3751 denas
362 3716 440 3750 Hal.
556 3719 614 3757 (¹6¹
640 3719 760 3759 patruo
779 3715 812 3748 F
922 3722 978 3756 (17)
1006 3725 1162 3748 numerus
1183 3717 1242 3749 ine.

2519 3118 2528 3227 ‘ste-,u
2520 3045 2528 3112 ’.μη-
2521 3025 2528 3038 μ
2524 3002 2528 3017 ..
2523 2969 2528 2983 ».
2524 2951 2527 2954 i
2526 2879 2528 2881 .
