2528 3918
97 127 439 158 TREBELLIANUM

97 241 222 284 sponte
238 237 374 280 adierit,
400 248 444 272 ex
461 238 585 274 eodem
602 242 748 274 senatus
766 240 931 275 consulto
950 241 1182 276 restituturus

96 289 167 326 est,
199 283 374 328 quamvis,
413 295 493 318 cum
525 294 662 319 summa
691 288 755 319 aut
787 288 923 320 certum
956 295 1088 330 corpus
1118 296 1184 331 per

95 328 402 364 fideicommissum
434 330 478 364 ab
510 339 552 364 eo
584 329 645 374 qui
676 330 844 365 solvendo
875 341 947 366 non
971 330 1038 366 fuit
1062 331 1183 366 datum

95 378 160 416 est,
184 373 329 419 perinde
346 384 418 408 non
443 374 615 410 debeatur
638 378 745 420 atque
768 375 800 411 si
823 376 978 420 legatum
1003 381 1113 412 esset:
1140 387 1181 412 eo

95 419 186 455 enim
202 429 287 454 casu
304 419 474 464 legatarii,
501 420 703 464 superiore¹
720 420 861 457 heredis
878 421 955 457 vice
971 422 1070 466 fungi
1088 433 1181 464 eum,

100 469 109 498 1
163 464 220 499 6111
243 463 555 500 fideicommissum
581 465 744 500 relictum
769 470 833 501 est.
882 466 920 502 Si
943 471 1055 502 totam
1078 468 1181 503 here-

96 510 240 545 ditatem
272 513 418 554 rogatus
449 511 637 546 restituere
667 515 708 545 tu
740 515 868 556 sponte
892 512 1022 548 adieris
1046 517 1083 548 et
1105 513 1182 549 sine

94 554 305 590 deductione
323 558 472 599 quartae
494 556 610 600 partis
633 557 844 600 restitueris,
870 557 1016 593 difficile
1040 558 1182 611 quidem

94 599 247 635 crederis
278 610 343 645 per
372 600 608 644 ignorantiam
632 601 760 647 magis,
797 613 869 637 non
892 613 936 638 ex
963 603 1058 639 lendi
1080 603 1181 639 fidei-

94 645 270 682 commissi
301 655 412 681 causa
442 646 512 682 hoc
542 646 687 682 fecisse:
724 647 788 682 sed
819 648 849 683 si
878 659 943 693 pro
972 650 1085 684 averis
1116 659 1182 694 per

92 700 247 726 errorem
270 694 305 726 te
338 695 502 735 quartam
531 702 604 727 non
632 692 838 735 retinuisse,
871 694 1072 739 reciperare
1104 705 1181 729 eam

117 736 235 772 oteris.

91 748 113 782 p
137 779 187 818 71
212 777 293 825 (69)
317 780 553 818 MAECIANUS
569 782 660 818 libro
680 786 806 819 octavo
822 785 1181 829 fideicommissorum

91 827 146 862 De
174 827 348 862 evictione
378 827 606 872 praediorum
637 828 692 863 vel
723 830 982 874 mancipiorum
1005 830 1061 866 vel
1086 833 1181 866 cete-

91 883 210 907 rarum
225 882 343 907 rerum
367 872 685 908 hereditariarum²
711 884 835 910 cavere
859 876 974 918 heres,
1002 887 1083 911 cum
1105 886 1180 911 res-

90 918 187 952 tituit
215 917 465 960 hereditatem,
490 929 562 954 non
587 919 709 954 debet:
736 920 821 964 quin
844 921 950 956 immo
975 921 1012 956 in
1037 925 1180 957 contra-

90 963 181 998 rium
212 963 331 998 caveri
353 963 475 999 heredi
499 968 658 1009 oportet,
691 965 721 999 si
745 966 851 1010 quid³
875 977 920 1002 ex
943 967 999 1002 his
1024 967 1175 1002 evictum

91 1012 194 1050 esset,
244 1019 312 1044 uae
337 1009 382 1044 ab
405 1009 484 1054 ipso
509 1009 639 1045 herede
663 1011 853 1046 venissent.

137 1051 189 1091 72
214 1019 295 1097 (qu)
322 1053 552 1090 POMPONIUS
578 1055 670 1091 libro
701 1057 858 1092 secundo
887 1057 1179 1102 fideicommisso-

89 1110 168 1134 rum
216 1099 254 1135 Si
284 1100 389 1135 heres
420 1100 606 1136 institutus
640 1101 734 1136 Titio
766 1106 912 1147 rogatus
944 1102 1054 1137 fuerit
1076 1103 1179 1138 resti-

89 1148 189 1181 tuere
205 1145 439 1180 hereditatem
451 1148 488 1181 et
503 1156 629 1181 rursus
645 1146 760 1183 Titius
774 1147 896 1182 heredi
919 1152 1003 1192 post
1026 1152 1178 1193 tempus,

92 1194 104 1224 1
157 1190 340 1226 sufficiunt
356 1190 512 1226 directae
531 1191 689 1227 actiones
713 1193 846 1228 heredi.
890 1193 928 1228 Si
951 1193 1054 1228 heres
1079 1198 1179 1228 ante-

89 1246 195 1280 quam
213 1236 523 1272 fideicommissam
546 1237 779 1272 hereditatem
803 1239 1019 1281 restitueret,
1046 1239 1178 1274 aliena—

88 1281 178 1316 verit
217 1281 303 1325 quid
331 1291 377 1317 ex
410 1282 608 1318 hereditate
648 1286 712 1317 aut
749 1294 888 1319 servum
926 1284 1179 1319 hereditarium

88 1326 331 1362 manumiserit
354 1331 417 1362 aut
440 1328 578 1372 ruperit
601 1328 686 1372 quid
710 1329 765 1363 vel
788 1329 934 1374 fregerit
957 1330 1012 1365 vel
1035 1330 1178 1372 usserit,

88 1383 160 1407 non
177 1372 346 1417 competit
361 1372 399 1407 in
415 1382 495 1407 eum
513 1373 586 1407 ulla
607 1373 716 1409 civilis
741 1375 835 1410 actio
860 1375 1027 1410 restituta
1051 1379 1178 1422 postea

87 1417 284 1452 hereditate
318 1427 362 1453 ex
393 1417 618 1453 Trebelliano
651 1423 795 1455 senatus
827 1420 1001 1463 consulto,
1036 1420 1098 1455 sed
1134 1431 1177 1455 ex

88 1462 349 1498 fideicommissi
379 1473 489 1498 causa
519 1463 587 1499 erit
616 1464 685 1499 hoc
716 1465 812 1509 quod
837 1465 1029 1510 deperierit
1051 1476 1174 1510 perse-

87 1508 275 1553 quendum.
314 1509 368 1543 sin
384 1518 467 1544 vero
481 1513 564 1553 post
583 1510 785 1545 restitutam
799 1511 1032 1547 hereditatem
1049 1511 1177 1546 horum

87 1553 171 1598 quid
195 1553 377 1589 admiserit
399 1553 512 1596 heres,
539 1554 728 1590 dicendum
752 1560 807 1591 est
830 1557 906 1609 lege
926 1557 1071 1601 Aquilia
1097 1568 1178 1592 cum

87 1610 127 1634 eo
142 1599 198 1644 agi
213 1609 329 1644 posse,
355 1599 385 1635 si
409 1609 550 1635 servum
574 1600 667 1636 forte
690 1601 946 1636 hereditarium
970 1606 1033 1637 aut
1055 1603 1176 1639 vulne-

87 1648 105 1678 2
152 1644 283 1680 raverit
299 1648 362 1680 aut
378 1645 559 1680 occiderit.
604 1645 642 1681 Si
665 1648 871 1691 temporalis
897 1648 990 1683 actio
1014 1648 1052 1682 in
1075 1648 1177 1684 here-

87 1690 197 1725 ditate
221 1690 347 1726 relicta
370 1690 488 1732 fuerit,
513 1696 666 1737 tempus,
692 1703 762 1736 quo
787 1693 890 1729 heres
916 1694 1070 1738 experiri
1094 1697 1178 1729 ante

85 1736 286 1771 restitutam
317 1736 551 1771 hereditatem
582 1738 719 1782 potuit,
758 1738 995 1783 imputabitur
1029 1739 1062 1774 ei
1094 1739 1178 1775 cui⁴

86 1781 252 1816 restituta
275 1781 394 1816 fuerit.

132 1824 183 1863 73
211 1824 294 1870 (71)
310 1826 549 1862 MAEOIANUS
561 1827 653 1863 libro
667 1828 804 1864 decimo
817 1829 1176 1874 fideicommissorum

87 1872 216 1907 Omnes
249 1872 310 1917 qui
338 1871 382 1907 de
414 1872 611 1909 hereditate
643 1873 842 1909 deliberant
873 1874 1097 1910 desiderante
1122 1886 1175 1918 eo,

86 1917 147 1961 qui
178 1927 243 1952 suo
273 1917 435 1962 periculo
459 1918 543 1953 velit
575 1918 665 1953 adiri
697 1919 931 1955 hereditatem
943 1922 966 1963 ⁵,
1000 1925 1177 1965 coguntur

85 1963 201 2005 adire,
237 1963 301 1998 sed
332 1974 403 1998 non
435 1964 553 1998 statim
585 1965 792 2007 restituere,
833 1965 897 2000 sed
928 1970 968 2000 ut
1000 1967 1176 2011 completo

85 2012 245 2053 tempore
270 2008 551 2052 deliberationis,
576 2009 632 2045 316
656 2020 699 2045 ex
726 2010 824 2046 edire
847 2011 916 2046 sibi
941 2013 1178 2057 compererint

84 2054 336 2096 hereditatem,
366 2055 523 2090 sentiant
546 2065 682 2091 commo
710 2066 770 2091 um
793 2058 997 2092 testamenti
1020 2068 1063 2093 60
1086 2057 1175 2100 11116,

86 2110 156 2144 quo
192 2100 222 2135 si
253 2103 380 2144 sponte
412 2099 589 2142 adissent,
630 2101 686 2136 sin
716 2112 800 2137 vero
832 2106 960 2138 contra
989 2113 1175 2138 onerosam

86 2144 319 2187 crediderint,
352 2145 518 2181 restituta
549 2156 592 2181 ea
622 2151 862 2182 exonerentur
886 2147 1089 2184 actionibus
1112 2148 1175 2184 he-

84 2190 272 2225 reditariis.

131 2233 184 2272 74
210 2233 294 2279 (72)
321 2235 549 2272 POMPONIUS
564 2236 655 2272 libro
669 2241 801 2283 quarto
818 2238 1176 2283 fideicommissorum

84 2281 198 2316 Heres
221 2285 414 2326 praecepto
438 2281 549 2318 fundo
574 2286 721 2327 rogatus
746 2288 823 2318 erat
847 2283 1080 2319 hereditatem
1099 2294 1175 2320 res-

84 2327 230 2362 tituere:
256 2327 388 2362 fundus
409 2327 545 2363 alienus
560 2332 647 2363 erat.
684 2328 807 2364 Aristo
833 2329 952 2364 aiebat
975 2329 1174 2372 videndum,

85 2377 204 2407 utrum
234 2373 437 2408 omnimodo
462 2383 570 2417 penes
594 2373 762 2409 heredem
787 2374 937 2409 fundum
962 2385 1039 2410 esse
1064 2376 1177 2411 voluit

84 2422 236 2453 testator
257 2428 304 2452 an
326 2418 378 2453 ita
401 2418 552 2460 demum,
578 2419 630 2454 si⁷
654 2419 767 2464 ipsius
792 2424 863 2455 est:
890 2420 953 2456 sed
977 2421 1045 2456 sibi
1069 2431 1174 2466 supe-

84 2464 158 2498 rius
182 2463 342 2508 placere:
367 2464 518 2509 ideoque
542 2465 743 2500 aestimatio
768 2466 843 2501 eius
868 2466 1054 2501 retinenda
1078 2472 1142 2502 est.

131 2506 182 2545 75
209 2506 293 2552 (73)
316 2508 553 2545 MAEGIANUS
581 2510 672 2545 libro
704 2512 809 2546 tertio
834 2511 970 2547 decimo
991 2512 1171 2557 fideicom-

85 2556 275 2589 missorum
318 2553 357 2590 Si
378 2554 480 2590 heres
497 2555 686 2600 pecuniam
709 2556 962 2592 hereditariam
987 2557 1177 2593 crediderit

85 2604 119 2635 et
151 2600 188 2634 in
220 2610 298 2634 eam
334 2610 481 2635 causam
509 2601 660 2645 pignora
695 2603 894 2646 acceperit,
920 2603 1078 2638 actiones
1103 2615 1175 2639 non

85 2649 293 2690 competunt
310 2645 352 2688 ei,
379 2646 437 2680 cui
451 2647 464 2666 ⁴
483 2646 650 2681 restituta
664 2646 772 2681 fuerit
788 2647 978 2690 hereditas,
1005 2648 1175 2684 adversus

83 2692 162 2735 ipsa
190 2691 353 2735 pignora.
401 2691 464 2726 sed
495 2691 616 2736 aliqua
651 2691 827 2728 dubitatio
851 2694 1059 2737 remanebit,
1086 2695 1116 2729 si
1139 2695 1176 2729 in

83 2746 164 2771 eum
189 2740 423 2780 contractum,
450 2736 512 2781 qui
534 2747 580 2772 ex
603 2736 773 2773 defuncto
798 2738 916 2781 fuerit,
941 2739 1174 2784 interpositus

84 2782 199 2823 heres,
224 2785 415 2827 antequam
430 2782 634 2818 restitueret
649 2783 894 2826 hereditatem,
919 2784 1046 2829 pignus
1072 2795 1175 2820 acce-

84 2827 185 2871 perit.
223 2827 286 2862 sed
302 2837 368 2862 nec
386 2827 437 2863 sic
456 2827 597 2872 quidem
620 2828 698 2873 ipse
724 2828 989 2864 admitteretur:
1016 2840 1060 2864 ex
1076 2829 1175 2865 fidei-

85 2872 272 2908 commisso
304 2877 424 2908 tamen
454 2873 564 2908 habet
595 2873 766 2910 adversus
796 2874 963 2910 heredem
988 2876 1174 2918 actionem,

87 2921 101 2951 1
151 2922 192 2952 ut
210 2918 241 2952 ei
257 2918 361 2953 cedat
375 2929 440 2964 pro
456 2919 613 2964 pignoris
640 2919 824 2955 commodo
849 2921 1036 2955 actionem.
1087 2921 1176 2956 Cum

85 2973 128 2997 ex
151 2963 376 3000 Trebelliano
401 2968 547 2999 senatus
572 2965 734 3000 consulto
759 2965 960 3001 restituitur
982 2966 1174 3009 hereditas,

85 3008 290 3050 servitutes,
346 3019 412 3044 uas
444 3013 567 3044 mutuo
597 3010 745 3054 praedia
768 3011 908 3046 heredis
933 3015 969 3046 et
991 3012 1175 3048 testatoris

85 3053 227 3095 habent,
252 3054 327 3089 nihi
343 3065 363 3089 0
387 3054 505 3090 minus
528 3055 657 3090 valent.
740 3088 743 3092 ,

133 3096 184 3135 76
209 3096 291 3142 (74)
323 3099 482 3136 ΡΑυιυ3
512 3100 603 3135 libro
634 3101 790 3136 secundo
822 3101 1047 3138 decretorum
1107 3101 1176 3146 Qui

86 3143 197 3177 filium
221 3148 256 3179 et
278 3144 388 3179 filiam
411 3145 585 3188 habebat,
610 3150 863 3182 testamentum
886 3147 972 3182 fecit
997 3151 1032 3183 et
1055 3147 1107 3182 ita
1131 3148 1175 3183 de

86 3187 159 3222 filia.
172 3199 238 3223 Sua
255 3195 416 3226 caverat:
442 3190 650 3235 ἐντέλλομαί
665 3205 723 3226 σοι
738 3191 786 3236 μὴ
812 3190 1062 3234 διατίθεσθαι,
1088 3196 1175 3240 πρὶν

85 3236 191 3266 τέκνα
224 3247 282 3268 σοι
308 3236 515 3280 γενέσθαιῦ.
571 3237 816 3281 pronuntiavit
845 3238 1039 3283 imperator
1073 3238 1173 3273 fidei-

87 3278 312 3314 commissum
344 3290 388 3315 ex
417 3281 487 3316 hac
512 3282 690 3327 scriptura
715 3282 854 3325 deberi,
880 3284 981 3328 quasi
1005 3294 1070 3328 per
1092 3284 1173 3326 hoc,

86 3323 181 3367 quod
213 3324 456 3368 prohibuisset
487 3337 565 3362 eam
597 3328 740 3369 testari,
773 3329 936 3372 petisset,
962 3333 1002 3363 ut
1026 3329 1174 3364 fratrem

86 3378 189 3403 suum
219 3368 384 3405 heredem
415 3371 566 3407 faceret:
608 3373 660 3407 316
692 3373 786 3408 6111111
816 3374 1060 3419 accipiendam
1097 3385 1174 3410 eam

87 3414 316 3458 scripturam,
357 3425 400 3450 ac
435 3417 465 3451 si
498 3417 732 3453 hereditatem
763 3429 864 3454 suam
899 3424 1061 3463 rogasset
1096 3430 1174 3455 eam

90 3462 101 3491 1
154 3459 354 3494 restituere.
402 3460 560 3497 Fabius⁹
582 3464 786 3500 Antoninus
810 3464 1030 3509 impuberem
1062 3465 1174 3500 filium

86 3504 306 3539 Antoninum
321 3508 358 3539 et
372 3505 482 3541 filiam
495 3507 716 3544 Honoratam
732 3509 935 3554 relinquens
949 3510 1174 3546 exheredatis

1171 114 1258 162 533

2099 123 2286 165 XXXVI
2322 126 2336 163 1

1251 240 1307 276 his
1320 244 1469 276 matrem
1483 251 1605 277 eorum
1620 241 1757 276 Iuniam
1767 242 1996 279 Valerianam
2009 244 2175 281 heredem
2187 245 2343 281 instituit

1252 290 1288 321 et
1303 287 1349 322 ab
1365 297 1407 322 ea
1419 291 1579 322 trecenta
1589 290 1626 323 et
1638 288 1811 332 quasdam
1823 299 1880 324 res
1893 289 1988 326 filiae
2001 290 2153 336 reliquit,
2167 291 2341 335 reliquam

1252 342 1391 367 omnem
1408 332 1642 368 hereditatem
1661 333 1733 368 filio
1751 334 1944 377 Antonino,
1970 346 2050 370 cum
2071 337 2117 371 ad
2137 347 2270 372 annum
2292 337 2340 371 vi-

1253 377 1446 412 censimum
1470 379 1599 413 aetatis
1623 378 1853 431 pervenisset,
1874 380 1985 415 voluit
2009 382 2165 417 restitui:
2192 383 2288 426 quod
2312 383 2342 417 si

1252 426 1336 458 ante
1353 433 1486 458 annum
1500 423 1730 458 vicensimum
1743 423 1953 460 decessisset
1972 426 2076 470 filius,
2103 438 2179 462 eam
2204 427 2339 463 heredi-

1251 471 1362 503 tatem
1385 468 1593 504 Honoratae
1616 468 1756 504 restitui
1787 471 1979 515 praecepit.
2028 476 2142 508 mater
2171 473 2337 511 intestata

1253 513 1406 548 decessit
1434 514 1596 559 utrisque
1625 514 1747 550 liberis
1777 515 1941 560 legitimis
1971 516 2163 553 heredibus
2194 518 2339 554 relictis.

1250 562 1377 610 postea
1392 558 1485 594 filius
1505 570 1638 594 annum
1654 570 1765 605 agens
1780 560 1926 605 plenum
1950 573 2083 596 nonum
2108 563 2282 599 decimum
2306 568 2342 599 et

1250 614 1432 648 ingressus
1450 604 1680 640 vicensimum
1694 605 1847 640 necdum
1867 610 1986 641 tamen
2011 618 2052 642 eo
2077 609 2216 653 expleto
2229 611 2256 630 ¹⁰
2280 609 2340 644 de-

1252 649 1360 684 cessit
1390 649 1464 684 filia
1494 650 1627 686 herede
1650 650 1766 686 Fabia
1787 650 1980 686 Valeriana
2010 654 2114 687 sua¹¹
2147 654 2287 697 relicta,
2321 666 2341 689 a

1251 704 1323 738 qua
1361 694 1471 729 amita
1500 695 1813 732 fideicommissum
1845 700 1881 731 et
1911 707 1956 732 ex
1986 701 2200 735 testamento
2229 701 2341 745 patris

1250 739 1451 784 portionem
1486 740 1696 776 hereditatis
1732 742 1896 786 petebat:
1942 746 1977 777 et
2011 743 2107 788 apud
2142 746 2341 789 praesidem

1251 784 1466 830 optinuerat.
1524 789 1662 822 tutores
1686 787 1899 822 Valerianae
1930 787 2025 823 filiae
2048 789 2220 824 Antonini
2243 801 2341 844 eges-

1250 833 1360 865 tatem
1379 830 1455 866 eius
1478 832 1764 875 praetendebant
1788 836 1823 867 et
1845 833 2050 868 recitabant
2073 834 2143 869 divi
2166 835 2340 872 Hadriani

1251 875 1557 919 constitutionem,
1594 877 1631 912 in
1656 888 1727 922 qua
1751 881 1925 922 quantum
1950 878 1996 914 ad
2019 890 2168 915 munera
2192 883 2342 917 munici-

1249 920 1347 966 palia
1361 921 1517 956 iusserat
1533 932 1613 958 eum
1630 933 1774 965 annum,
1801 934 1904 968 quem
1928 924 2007 969 quis
2031 924 2212 969 ingressus
2238 932 2341 969 esset,

1248 976 1315 1011 pro
1332 966 1478 1012 impleto
1493 968 1685 1003 numerari.
1724 969 1919 1014 imperator
1935 973 2054 1005 autem
2078 975 2202 1007 noster
2224 978 2342 1008 motus

1250 1015 1286 1046 et
1316 1012 1495 1057 aequitate
1527 1013 1581 1048 rei
1611 1017 1646 1048 et
1676 1014 1794 1049 verbis
1824 1015 2028 1050 testamenti
2059 1016 2101 1051 ‘si
2132 1017 2179 1051 ad
2211 1027 2341 1052 annum

1251 1057 1492 1093 ‘vicensimum
1517 1059 1669 1101 aetatis'‚
1695 1060 1854 1105 quamvis
1878 1061 1970 1096 scire
1994 1071 2033 1096 se
2058 1061 2194 1097 diceret
2217 1073 2238 1097 a
2263 1063 2341 1098 divo

1249 1102 1375 1138 Marco
1396 1113 1470 1139 non
1494 1108 1703 1140 excusatum
1727 1115 1749 1140 a
1771 1105 1885 1140 tutela
1909 1116 1989 1141 eum
2014 1107 2074 1151 qui
2098 1109 2341 1153 septuagensi-

1250 1159 1345 1183 mum
1377 1159 1510 1184 annum
1542 1150 1671 1186 aetatis
1695 1151 1878 1195 ingressus
1901 1151 2041 1194 fuisset,
2067 1153 2170 1188 nobis
2195 1157 2231 1188 et
2255 1154 2342 1199 legis

1249 1193 1372 1229 Aeliae
1388 1193 1532 1230 Sentiae
1557 1200 1769 1240 argumenta
1792 1196 2056 1241 proferentibus
2082 1202 2117 1233 et
2140 1199 2210 1233 alia
2235 1210 2342 1244 quae-

1249 1239 1342 1279 dam,
1369 1245 1496 1275 contra
1520 1241 1719 1285 petitricem
1744 1242 1996 1286 pronuntiavit.

1296 1282 1348 1321 77
1375 1283 1455 1328 (75)
1484 1285 1513 1321 S
1518 1296 1689 1321 CAEVOLA
1706 1287 1797 1322 libro
1815 1293 1942 1323 octavo'
1958 1288 2094 1324 decimo
2120 1289 2341 1336 dz'qestorum

1248 1329 1453 1374 Epistulam
1468 1331 1514 1366 ad
1531 1332 1700 1367 heredem
1714 1343 1819 1368 suum
1834 1333 1873 1367 in
1887 1334 1914 1354 ¹2
1937 1334 2027 1369 haec
2050 1335 2160 1370 verba
2181 1336 2341 1380 scripsit:

1250 1375 1378 1411 ‘Titius
1397 1376 1562 1412 Cornelio
1576 1378 1601 1398 ¹³
1625 1378 1748 1413 heredi
1763 1389 1829 1413 suo
1844 1378 2007 1414 salutern.
2046 1384 2117 1415 ate
2134 1384 2229 1425 peto,
2256 1381 2342 1416 Cor-

1250 1421 1343 1463 ‘neli,
1370 1421 1538 1465 quoniam
1561 1423 1606 1457 ad
1629 1426 1665 1458 te
1690 1423 1857 1458 devoluta
1874 1427 1929 1459 est
1946 1435 2030 1469 pars
2048 1426 2172 1461 matris
2190 1437 2291 1461 meae
2305 1428 2342 1470 ¹⁴,

1250 1466 1344 1501 ‘item
1357 1477 1443 1511 pars
1457 1467 1657 1512 Sempronii
1673 1469 1851 1504 curatoris
1870 1470 2050 1514 quondam
2069 1471 2137 1506 mei
2162 1472 2344 1507 contraria

1249 1511 1406 1547 ‘fortuna
1437 1513 1494 1548 usi
1524 1518 1560 1548 et
1589 1524 1654 1558 per
1678 1514 1746 1550 hoc
1770 1518 1868 1550 totus
1894 1525 1934 1550 as
1958 1526 2058 1551 meus
2084 1516 2181 1561 apud
2203 1521 2239 1552 te
2264 1528 2342 1553 esse

1249 1559 1435 1602 ‘speratur‚
1462 1558 1515 1593 uti
1527 1559 1656 1594 reddas
1682 1560 1851 1595 restituas
1866 1559 1957 1596 Gaio
1983 1561 2063 1597 Seio
2088 1562 2213 1598 uncias
2239 1568 2340 1607 quat-

1246 1604 1352 1638 tuor’.
1403 1604 1604 1647 quaesitum
1637 1609 1706 1648 est,
1741 1616 1822 1640 cum
1847 1605 2078 1651 Sempronius
2102 1608 2140 1642 111
2164 1608 2341 1653 integrum

1246 1649 1435 1684 restitutus
1450 1649 1497 1683 sit
1512 1650 1558 1685 ab
1572 1650 1801 1695 Imperatore,
1818 1661 1840 1685 a
1853 1653 1881 1672 ¹⁵
1899 1663 1969 1696 quo
1984 1652 2104 1688 fuerat
2119 1653 2340 1698 deportatus,

1247 1698 1283 1729 et
1312 1694 1440 1729 adierit
1469 1695 1719 1738 hereditatem,
1750 1706 1797 1731 an
1820 1697 1850 1732 is
1877 1707 2017 1742 quoque
2049 1703 2195 1743 rogatus
2219 1699 2276 1743 sit,
2302 1706 2343 1734 ut

1246 1750 1292 1774 ex
1334 1749 1400 1774 sua
1442 1741 1607 1784 portione
1647 1742 1814 1776 restituat
1854 1742 2097 1778 hereditatem.
2157 1745 2343 1789 respondit

1248 1784 1496 1829 Sempronium
1511 1786 1653 1831 quidem
1667 1797 1739 1822 non
1758 1788 1912 1832 proponi
1934 1793 2109 1833 rogatum,
2137 1789 2341 1825 Cornelium

1246 1834 1367 1865 autem
1379 1830 1547 1866 heredem
1565 1832 1694 1868 debere
1717 1843 1784 1885 pro
1808 1836 1888 1868 rata
1911 1834 2076 1878 portione
2099 1839 2341 1871 maternarum

1252 1880 1262 1909 l
1315 1875 1476 1911 defuncti
1499 1887 1620 1912 rerum
1643 1878 1906 1914 restitutionem
1925 1878 2006 1914 Seio
2032 1879 2161 1916 facere.
2210 1881 2342 1917 Mulier

1245 1920 1387 1956 heredis
1423 1922 1579 1957 instituti
1615 1923 1696 1958 fidei
1727 1924 1918 1967 commisit,
1961 1928 2002 1959 111
2031 1927 2209 1961 retenta¹6
2238 1931 2341 1971 parte

1246 1970 1375 2011 quarta
1388 1968 1414 1987 ¹⁷
1447 1967 1512 2002 reli
1538 1978 1621 2002 uam
1643 1972 1782 2013 partem
1805 1969 2010 2006 restitueret
2032 1971 2139 2006 nurui
2163 1972 2341 2015 quondam

1246 2021 1342 2054 suae,
1370 2012 1471 2047 cuius
1485 1979 1570 2048 fidei
1594 2014 1770 2049 commisit
1793 2014 1831 2048 in
1854 2015 1944 2050 haec
1957 2016 2081 2051 verba:
2109 2018 2205 2061 ‘rogo
2229 2021 2276 2061 te,
2301 2022 2342 2052 ut

1247 2057 1304 2099 ί111,
1331 2057 1427 2101 quod
1448 2058 1493 2093 ad
1517 2062 1552 2093 te
1577 2069 1620 2093 ex
1644 2059 1748 2094 bonis
1773 2060 1860 2095 meis
1884 2062 2095 2105 pervenerit,
2121 2062 2234 2098 facias
2258 2074 2340 2107 per-

1247 2102 1378 2138 ‘venire
1408 2103 1454 2138 ad
1483 2103 1595 2138 filium
1627 2106 1758 2139 tuum':
1786 2107 1987 2185 guaesitum
2012 2111 2077 2149 est,
2103 2108 2247 2153 quando
2271 2109 2341 2144 hoc

1245 2148 1560 2184 fideicommissum
1571 2150 1760 2185 restituere
1811 2151 1925 2193 ebeat,
1950 2156 2117 2188 utrumne
2139 2158 2223 2198 post
2247 2165 2340 2189 mor-

1244 2197 1317 2229 tem
1346 2204 1449 2229 suam
1480 2205 1527 2229 an
1555 2195 1627 2230 iam
1651 2206 1758 2231 nunc.
1807 2197 1994 2241 respondit
2017 2198 2064 2233 ad
2087 2202 2244 2244 tempus,
2270 2210 2340 2244 quo

1245 2249 1359 2274 nurus
1382 2244 1591 2283 moreretur,
1616 2241 1930 2277 fideicommissum
1954 2243 2151 2288 aptandum
2175 2254 2264 2280 esse.

1291 2282 1343 2322 78
1370 2283 1452 2328 (76)
1476 2285 1683 2322 IDEMlibro
1697 2298 1792 2322 nono
1812 2287 1948 2323 decimo
1974 2289 2194 2335 diqestorum
2234 2290 2340 2325 Scae-

1244 2330 1324 2365 vola
1354 2331 1556 2383 respondit,
1587 2332 1618 2367 si
1649 2336 1753 2377 pater
1783 2332 1895 2367 filium
1925 2344 2030 2369 suum
2052 2334 2272 2379 impuberem
2296 2346 2340 2371 ex

1245 2386 1325 2411 asse
1358 2377 1543 2421 scrlpserit
1574 2377 1740 2413 heredem
1772 2378 1875 2423 eique
1906 2379 2077 2414 codicillis
2103 2381 2338 2423 substituerit,

1246 2421 1372 2456 deinde
1402 2421 1498 2457 filius
1528 2422 1691 2467 impubes
1717 2423 1919 2466 decesserit,
1945 2424 2029 2459 licet
2052 2426 2260 2461 substitutio
2284 2426 2338 2461 in-

1245 2467 1342 2501 utilis
1372 2467 1428 2509 sit,
1461 2468 1545 2511 quia
1576 2468 1747 2503 codicillis
1778 2469 1958 2504 hereditas
1982 2480 2098 2514 neque
2122 2470 2201 2505 dari
2224 2482 2339 2517 neque

1245 2512 1353 2547 adimi
1376 2517 1505 2557 potest,
1531 2518 1650 2548 tamen
1674 2513 1828 2558 benigna
1851 2514 2146 2559 interpretatione
2169 2517 2338 2561 placet¹⁸,

1245 2562 1285 2592 ut
1299 2562 1424 2601 mater,
1455 2569 1546 2603 quae
1569 2559 1616 2594 ab
1639 2559 1808 2594 intestato
1833 2560 1970 2604 pupillo
1995 2561 2179 2605 successit,
2205 2563 2338 2598 substi-

1244 2603 1332 2638 tutis
1347 2603 1622 2639 fideicommisso
1638 2605 1828 2649 obligetur:
1857 2605 1953 2649 quod
1971 2605 2002 2641 si
2018 2606 2168 2641 invicem
2193 2607 2339 2642 fuerunt

1245 2649 1440 2692 substituti,
1467 2653 1503 2684 et
1525 2650 1563 2683 in
1587 2649 1859 2685 fideicommisso
1885 2651 2176 2687 substitutionem
2200 2653 2335 2688 valere:

1245 2704 1387 2737 unoque
1403 2704 1527 2729 eorum
1544 2700 1686 2730 mortuo
1703 2696 1762 2739 qui
1786 2699 1981 2740 supersunt
2003 2700 2119 2732 totum
2143 2698 2335 2743 accipiunt.

1292 2738 1344 2777 79
1371 2738 1453 2782 (77)
1478 2740 1587 2775 IDEM
1611 2741 1702 2775 libro
1735 2742 1927 2776 vicensimo
1957 2742 2177 2788 diqestorum
2224 2744 2336 2779 Here-

1245 2785 1349 2820 dibus
1363 2785 1538 2821 institutis
1553 2785 1636 2821 filiis
1661 2786 1848 2831 utriusque
1873 2796 1980 2823 sexus
2006 2788 2164 2832 singulos
2189 2790 2335 2834 rogavit,

1244 2831 1359 2875 utqui
1383 2831 1458 2866 sine
1482 2831 1605 2866 liberis
1631 2831 1818 2866 decederet
1841 2836 1979 2875 partem
2004 2843 2104 2868 suam
2128 2834 2336 2870 hereditatis

1245 2877 1360 2911 sorori
1375 2876 1524 2911 fratrive
1538 2877 1565 2896 ¹⁹
1589 2877 1795 2911 restitueret
1819 2881 1891 2920 aut,
1917 2878 1949 2912 si
1972 2878 2084 2913 frater
2101 2890 2246 2915 sororve
2264 2892 2337 2915 non

1245 2926 1348 2964 esset,
1374 2922 1481 2956 matri
1494 2931 1580 2956 suae
1593 2925 1628 2956 et
1646 2922 1736 2957 haec
1748 2923 1857 2957 verba
1881 2923 2028 2958 adiecit:
2056 2927 2209 2970 ‘vosque,
2234 2926 2337 2960 liberi

1247 2967 1449 3010 ‘carissimi,
1492 2967 1562 3001 hoc
1601 2966 1873 3002 fideicommisso
1913 2970 2028 3004 teneri
2062 2970 2210 3006 invicem
2243 2971 2334 3013 volo,

1245 3012 1369 3047 ‘donec
1393 3012 1495 3047 binos
1520 3012 1652 3047 liberos
1677 3013 1936 3049 educaveritis’.
1985 3016 2185 3060 quaesitum
2210 3019 2280 3059 est,
2306 3017 2334 3050 si

1245 3058 1323 3102 quis
1338 3067 1384 3092 ex
1395 3057 1515 3092 liberis
1531 3056 1621 3092 duos
1636 3057 1728 3093 filios
1773 3060 2001 3103 rocreaverit,
2051 3061 2185 3096 uamvis
2210 3071 2333 3106 super-

1245 3103 1346 3138 stites
1363 3113 1435 3137 non
1459 3103 1652 3147 reliquerit,
1678 3113 1725 3138 an
1775 3104 1898 3139 eredes
1925 3105 1999 3140 eius
2040 3106 2333 3141 'deicommissum

1244 3148 1407 3183 debeant.
1449 3148 1635 3192 respondit
1654 3149 1849 3184 secundum
1874 3160 1916 3185 ea
1941 3161 2032 3195 quae
2049 3155 2334 3196 proponerentur

1248 3197 1260 3227 1
1312 3193 1423 3227 videri
1446 3192 1709 3228 fideicommissi
1733 3205 1841 3230 onere
1864 3195 2033 3232 liberatos
2045 3198 2087 3231 ²⁰.
2132 3197 2246 3231 Titius
2271 3206 2331 3230 ne-

1243 3242 1346 3283 potes
1364 3248 1408 3273 ex
1424 3237 1497 3273 filia
1512 3242 1548 3273 et
1565 3238 1737 3275 furiosam
1756 3239 1865 3275 filiam
1883 3252 1985 3276 suam
2008 3242 2156 3277 heredes
2180 3241 2334 3275 instituit

1244 3288 1280 3318 et
1300 3283 1384 3318 fidei
1404 3284 1580 3318 commisit
1604 3284 1707 3327 filiae,
1733 3289 1783 3326 ut,
1809 3286 1839 3321 si
1864 3287 1939 3321 sine
1963 3287 2083 3322 liberis
2110 3286 2330 3327 decessisset,

1243 3340 1328 3374 pars
1352 3329 1385 3364 ei
1409 3328 1493 3363 data
1516 3330 1717 3374 perveniret
1740 3331 1787 3366 ad
1811 3332 2023 3367 coheredes:
2061 3342 2138 3365 eam
2161 3331 2331 3365 furiosam

1242 3375 1319 3419 ipse
1336 3374 1452 3409 Titius
1469 3375 1506 3409 in
1522 3375 1748 3411 matrimonio
1764 3377 1951 3411 collocavit
1971 3380 2005 3411 et
2018 3376 2121 3411 enixa
2145 3380 2199 3410 est
2222 3376 2330 3410 filiam

1242 3423 1326 3464 post
1349 3423 1503 3455 mortem
1525 3421 1649 3465 patris.
1699 3422 1900 3465 quaesitum
1925 3426 1978 3456 est
2003 3421 2171 3455 defuncta
2194 3421 2331 3455 furiosa

1242 3465 1435 3510 superstite
1467 3475 1511 3500 ex
1543 3466 1717 3502 eiusmodi
1750 3466 2000 3502 coniunctione
2031 3470 2136 3510 parta
2158 3466 2248 3506 filia,
2285 3476 2330 3500 an

1241 3510 1553 3546 fideicommissum
1584 3511 1630 3546 ad
1654 3512 1845 3547 coheredes
1877 3511 2081 3556 pertineret.
2136 3510 2330 3554 respondit,

87 3619 125 3658 (1)
150 3618 335 3660 superiores
347 3619 380 3651 F
424 3622 466 3660 (2)
484 3621 624 3653 161.1161.
636 3623 784 3655 add.sec.
798 3623 843 3664 Β,
858 3636 914 3655 οηι.
928 3623 959 3655 F
1003 3625 1043 3665 (3)
1062 3625 1137 3666 quis
1146 3626 1179 3657 F

86 3664 128 3702 (4)
154 3664 212 3704 qui
226 3665 261 3696 F
323 3666 364 3704 (5)
391 3665 574 3697 hereditate
588 3666 622 3698 F
682 3668 727 3708 (6)
752 3668 782 3700 si
794 3680 851 3700 om.
870 3669 903 3700 F
964 3670 1006 3709 (7)
1032 3669 1060 3701 si
1073 3683 1130 3702 om.
1148 3671 1183 3703 F

87 3709 132 3746 (8)
157 3710 193 3740 id
205 3716 270 3741 esc:
283 3708 382 3742 iubeo
396 3713 428 3742 te
441 3712 672 3743 testamentum
683 3722 751 3744 non
764 3713 871 3745 facere
885 3715 1064 3755 antequam
1075 3715 1174 3747 liberi

86 3752 149 3785 tibi
160 3756 339 3786 nascantur
424 3756 469 3795 (9)
494 3755 626 3787 sabinus
639 3757 671 3787 F
675 3762 724 3797 em,
737 3757 871 3789 sabinus
884 3759 953 3789 Fae
1032 3759 1093 3802 (10)
1119 3771 1173 3792 ex-

1242 3623 1351 3666 plecto
1372 3624 1405 3655 F
1552 3626 1605 3666 (11)
1632 3625 1702 3657 filia
1722 3624 1828 3657 Fabia
1847 3624 2027 3656 Valeriana
2048 3623 2166 3656 herede
2187 3634 2246 3655 sua
2266 3637 2327 3656 scr.

1243 3673 1301 3711 (12)
1326 3669 1363 3701 111
1377 3671 1481 3702 om.F
1560 3673 1617 3711 (13)
1644 3669 1809 3703 cornelius
1822 3670 1855 3701 F
1931 3671 1987 3710 (14)
2012 3679 2104 3700 mace.
2121 3670 2150 3699 F
2229 3671 2285 3708 (15)
2311 3679 2330 3700 a

1244 3728 1300 3747 mn.
1319 3715 1348 3746 F
1455 3715 1514 3755 (16)
1540 3718 1688 3749 rectenta
1706 3716 1739 3747 F
1840 3717 1897 3754 (17)
1923 3716 2022 3755 quata
2038 3715 2066 3745 F
2175 3720 2232 3753 (13)
2258 3714 2327 3756 pla-

1243 3770 1316 3792 cere
1329 3772 1391 3792 scr.
1486 3765 1546 3802 (19)
1571 3761 1690 3792 fatrive
1703 3761 1737 3792 F
1825 3762 1887 3800 (20)
1912 3759 2072 3793 liberatus
2085 3759 2116 3791 F
