2528 3918
187 125 286 169 X2
1269 116 1347 166 14⁰

187 251 208 282 -1
256 255 335 282 nem
357 245 514 286 fecerint,
539 243 676 279 scilicet
693 243 724 279 si
736 254 859 280 omnes
870 254 926 280 res
940 244 1072 280 divisae
1081 244 1162 279 sint.
1199 242 1270 277 Fa·

187 291 305 327 miliae
335 288 565 342 erciscundae
587 287 757 341 iudiciuin
781 289 932 335 mplius
956 299 1060 341 quam
1084 287 1193 323 semel
1216 287 1271 331 agi

186 333 1191 420 &aazrteffiaffsszzaewaesssff{fieldffifidffi
1215 342 1272 412 {55¹3

188 429 208 459 5
256 425 313 470 agi
335 427 465 469 potest.
511 422 730 475 Papinianus
754 423 823 466 ait,
854 423 885 459 si
915 424 977 459 uni
1009 433 1053 474 en
1082 421 1272 474 heredibus

186 479 279 505 onus
311 469 402 503 aeris
433 468 540 502 alieni
570 467 797 513 iniungatur¹
830 468 920 503 citra
959 477 1125 518 speciem.
1152 467 1271 518 legati,

187 514 308 550 officio
327 512 453 548 iudicis
473 511 628 548 familiae
649 513 880 548 erciscundae
900 516 1145 557 cognoscemus
1158 521 1271 547 susci-

188 569 272 604 pere
296 568 374 593 eum
395 557 431 592 id
456 561 632 602 oportere,
656 557 719 593 sed
742 568 814 593 non
838 558 933 592 ultra
957 557 1165 592 dodrantem
1188 567 1271 602 por-

187 603 295 639 tionis
307 612 405 645 suae,
427 606 469 637 ut
481 601 714 648 quadrantem
726 603 901 637 illibatum
921 602 1069 636 habeat:
1089 601 1272 636 indemnes

189 652 209 684 6
254 648 362 692 igitur
398 646 591 682 coheredes
626 658 711 683 suos
752 651 936 699 praestare
980 646 1128 681 cavebit.
1175 645 1273 681 Idem

188 692 313 728 scribit
336 696 373 728 et
395 692 425 727 si
448 691 542 727 filius
565 692 602 727 in
634 692 838 727 munenbus
870 691 1042 736 publicis,
1073 691 1112 726 in
1143 691 1272 735 quibus

187 741 290 783 pater
313 737 346 772 ei
369 737 546 772 consentit
555 738 581 779 ²,
605 737 798 782 reliquatus
823 741 877 771 est
900 740 935 771 et
956 746 1021 781 pro
1045 739 1148 781 parte
1170 736 1273 771 heres

188 783 342 828 scriptus
366 786 439 825 est,
461 782 533 818 hoc
556 792 698 827 quoque
723 782 852 816 debere
875 780 1098 826 praecipere,
1130 780 1215 826 quia
1239 785 1274 814 et

187 828 257 863 hoc
280 826 392 872 patris
415 836 477 862 aes
501 826 655 862 alienum
678 826 765 861 fuit:
791 826 853 860 sed
878 826 908 860 si
932 836 1003 870 qua
1025 836 1175 861 munera
1190 829 1274 870 post

188 876 337 908 mortem
361 872 472 917 patris
496 872 662 916 suscepit,
687 871 733 906 ab
757 870 812 906 his
836 870 984 906 heredes
1008 871 1147 915 patris³
1165 870 1273 906 soluti

189 920 207 950 Ἰ
255 921 349 952 sunt.
396 916 564 952 Neratius
589 920 706 951 autem
730 915 930 970 respondit:
956 926 1046 958 eum,
1071 915 1131 961 qui
1154 915 1273 960 plures

188 962 279 997 filios
291 961 451 1004 haberet,
467 972 578 996 unum
590 971 634 996 ex
650 960 753 997 filiis⁴
774 960 1031 1007 αγωνοθεσίαν
1040 961 1066 981 ⁴¹
1086 964 1272 1005 susceptu-

187 1017 267 1042 rum
289 1006 490 1052 professum
514 1016 591 1041 esse
622 1009 659 1040 et
714 1005 786 1040 rius
812 1015 895 1040 uam
925 1006 1086 1041 honore⁶
1108 1005 1272 1050 fungere-

187 1055 257 1094 tur,
282 1055 462 1086 mortuum
485 1061 562 1086 esse
586 1051 681 1086 omni
707 1061 748 1085 us
812 1050 852 1085 “s
874 1050 1064 1085 heredibus
1088 1050 1272 1092 institutis,

187 1101 225 1132 et
247 1096 447 1142 quaesitum
471 1106 559 1137 esse,
583 1106 629 1130 an
652 1095 682 1129 is
706 1095 813 1138 filius,
837 1095 933 1140 quod
955 1095 993 1130 in
1016 1105 1094 1131 eam
1117 1106 1192 1131 rem
1207 1096 1272 1130 im-

187 1141 388 1186 pendisset,
419 1140 576 1175 familiae
611 1140 842 1175 erciscundae
877 1145 1135 1185 consequatur:
1172 1140 1274 1186 eique

187 1185 438 1231 respondisse⁶
473 1186 570 1219 nulla
604 1185 744 1220 actione
784 1185 901 1220 idem⁷
945 1185 1115 1230 consequi
1155 1195 1271 1230 posse.

212 1230 284 1266 uod
307 1230 431 1265 merito
456 1230 627 1275 displicet.
664 1229 771 1264 debet
792 1229 914 1274 itaque
945 1230 1015 1266 hoc
1046 1230 1084 1265 in
1114 1229 1272 1265 familiae

188 1243 211 1311 g
258 1275 666 1311 erciscundaeiudicium
679 1275 807 1310 venire.
852 1275 940 1310 Item
952 1275 1172 1320 Papinianus
1184 1275 1272 1310 scri-

187 1320 258 1362 bit,
283 1320 314 1355 si
336 1320 483 1355 maritus
508 1320 659 1354 alterum
683 1329 726 1354 ex
749 1319 940 1355 heredibus
967 1330 1058 1355 onus
1082 1319 1177 1355 dotis
1200 1320 1270 1355 sol-

187 1365 340 1407 vendae,
365 1375 457 1410 quae
479 1365 516 1399 in
540 1364 803 1409 stipulationem
827 1365 940 1407 venit,
965 1365 1147 1410 suscipere
1169 1364 1274 1400 iussit

187 1414 225 1445 et
247 1410 372 1445 mulier
394 1409 563 1444 adversus
586 1413 706 1444 utrum
732 1419 776 1444 ue
797 1409 924 1455 dirigat
943 1409 1036 1445 dotis
1051 1410 1271 1462 petitionem,

188 1454 397 1490 coheredem
428 1464 505 1489 esse
536 1454 711 1489 defenden
737 1465 797 1489 um
828 1455 874 1490 ab
905 1464 967 1497 eo,
1000 1466 1061 1500 qul
1091 1455 1273 1500 suscipere

188 1510 278 1535 onus
310 1500 428 1534 iussus
460 1502 524 1534 est.
561 1499 624 1534 sed
655 1499 791 1544 legata,
824 1509 917 1545 quae
947 1499 994 1534 ab
1025 1503 1178 1545 utroque
1233 1510 1271 1535 ro

187 1545 270 1580 dote
293 1544 378 1579 data
402 1543 514 1579 electa
537 1543 619 1579 dote
642 1545 849 1587 retinentur,
872 1545 910 1579 in
934 1545 1142 1589 compendio
1166 1555 1207 1580 co
1236 1555 1271 1580 e-

186 1589 282 1625 redis
307 1599 395 1631 esse,
420 1589 480 1634 qui
504 1588 622 1624 debito
647 1589 802 1630 levatur,
828 1600 900 1625 non
924 1593 1085 1634 oportet,
1109 1589 1273 1625 videlicet

187 1638 228 1669 ut
251 1633 415 1676 coheres,
448 1633 508 1678 qui
539 1644 629 1669 onus
661 1634 754 1669 aeris
786 1634 914 1669 alieni⁸
943 1635 1120 1679 suscepit,
1152 1634 1271 1670 officio

186 1678 312 1714 iudicis
336 1679 490 1723 legatum
515 1682 764 1730 consequatur.
803 1683 839 1714 et
860 1688 983 1714 verum
1007 1683 1062 1715 est
1084 1679 1172 1722 hoc,
1204 1680 1272 1715 nisi

186 1726 207 1759 9
254 1723 352 1758 aliud
375 1727 526 1758 testator
550 1723 669 1759 edixit.
718 1723 815 1759 Idem
840 1724 982 1767 scribit,
1015 1724 1112 1769 quod
1142 1724 1205 1759 uni
1228 1735 1272 1760 ex

187 1768 419 1804 coheredibus
444 1768 632 1803 statuliber
656 1769 873 1805 condicionis
897 1769 1097 1814 implendae
1128 1769 1271 1805 nomine

186 1813 284 1848 dedit
315 1813 359 1848 de
388 1813 547 1858 peculio,
582 1813 619 1848 in
650 1813 719 1849 hoc
750 1813 921 1849 iudicium
951 1824 1024 1850 non
1054 1814 1173 1850 venire
1205 1825 1271 1850 nec

186 1858 439 1894 communicari
463 1858 609 1894 debere:

232 1901 281 1940 21
311 1903 366 1938 ΡΑ
374 1913 417 1938 σι
425 1913 468 1938 vs
485 1903 576 1938 libro
595 1903 784 1939 vicensimo
806 1904 910 1939 tertio
930 1904 980 1939 ad
990 1903 1144 1940 edictum
1177 1903 1271 1939 idem

186 1952 223 1984 et
246 1949 283 1982 in
308 1948 486 1983 communi
509 1948 711 1984 dividundo.

232 1990 286 2030 22
317 1992 511 2029 Uzpmvvs
530 1993 621 2028 libro
644 2003 739 2029 nono
763 1992 900 2029 decimo
924 1993 974 2028 ad
996 1993 1149 2029 edictum
1184 1993 1271 2028 Item

186 2037 309 2074 Labeo
333 2038 468 2080 scribit,
492 2037 523 2073 si
545 2048 638 2073 unus
662 2037 832 2073 heredum
855 2038 1089 2073 thensaurum
1111 2038 1272 2073 relictum

187 2093 210 2118 a
231 2086 403 2119 testatore
427 2082 568 2125 effodit,
599 2082 756 2118 familiae
781 2083 1013 2119 erciscundae
1036 2083 1166 2119 iudicio
1191 2093 1272 2118 eum

191 2131 204 2162 1
254 2128 378 2170 teneri,
404 2128 470 2163 etsi
490 2138 571 2163 cum
591 2132 760 2163 extraneo
773 2128 916 2164 conscio
929 2128 1082 2173 partitus
1094 2128 1152 2163 sit.
1199 2128 1270 2163 Fa-

186 2173 302 2208 miliae
326 2172 558 2208 erciscundae
580 2172 687 2208 iudex
709 2172 761 2208 ita
783 2176 904 2218 potest
925 2173 1089 2225 pluribus
1122 2172 1271 2208 eandem

186 2227 260 2253 rem
284 2217 499 2260 adiudicare,
524 2218 554 2252 si
578 2221 641 2252 aut
664 2218 826 2263 pluribus
845 2217 955 2252 fuerit
974 2218 1078 2253 unius
1097 2218 1148 2253 rei
1166 2227 1270 2263 prae-

186 2263 303 2307 ceptio
328 2263 453 2298 relicta
476 2262 550 2303 (ubi
576 2262 684 2298 etiam
707 2263 955 2298 necessitatem
977 2262 1097 2298 facere
1115 2262 1270 2308 Pompo-

186 2307 267 2342 nius
299 2308 441 2350 scribit,
472 2312 513 2342 ut
543 2307 704 2352 pluribus
735 2307 971 2349 adiudicetur)
1003 2307 1058 2343 vel
1081 2308 1112 2343 si
1136 2312 1271 2343 certam

186 2356 323 2397 partem
357 2353 547 2405 unicuique
583 2352 796 2388 coheredum
831 2352 1009 2397 adsignet:
1054 2352 1117 2388 sed
1151 2356 1271 2398 potest

186 2400 206 2431 2
254 2397 359 2432 etiam
382 2397 577 2433 licitatione
602 2397 758 2432 admissa
778 2398 839 2432 uni
858 2408 932 2432 rem
952 2397 1175 2433 adiudicare:
1200 2397 1271 2433 Sed

186 2445 222 2476 et
251 2442 451 2487 regionibus
484 2442 634 2477 divisum
662 2441 813 2477 fundum
868 2452 949 2478 osse
979 2442 1183 2478 adiudicare
1215 2452 1269 2477 se-

187 2489 206 2521 3
255 2487 407 2522 cundum
433 2487 637 2523 divisionem
660 2497 763 2522 nemo
788 2487 836 2522 du
862 2487 1012 2522 itaverit.
1060 2487 1130 2522 Sed
1164 2487 1271 2522 etiam

188 2542 269 2565 cum
293 2532 493 2575 adiudicat,
517 2532 651 2577 poterit
672 2532 854 2577 imponere
877 2532 1031 2577 aliquam
1055 2533 1270 2574 servitutem,

187 2579 227 2610 ut
249 2576 355 2611 alium
380 2577 439 2611 alii
462 2587 601 2612 servum
616 2577 728 2612 faciat
747 2587 792 2612 ex
810 2577 854 2612 iis
874 2587 963 2622 quos
983 2577 1182 2612 adiudicat:
1208 2578 1271 2613 sed

189 2621 219 2655 si
238 2631 327 2665 pure
348 2621 407 2655 alii
427 2622 682 2657 adiudicaverit
700 2622 860 2664 fundum,
882 2622 1014 2657 alium⁹
1033 2622 1269 2658 adiudicando

187 2667 208 2699 4
254 2666 404 2710 amplius
436 2668 638 2702 servitutem
662 2668 841 2712 imponere
866 2678 937 2702 non
960 2667 1102 2712 poterit.
1150 2667 1269 2702 Fami-

187 2709 255 2744 liae
279 2710 507 2746 erciscundae
529 2712 698 2746 iudicium
722 2722 766 2747 ex
790 2712 928 2747 duobus
953 2716 1113 2754 constat,
1146 2712 1183 2747 id
1216 2717 1270 2748 est

190 2754 297 2789 rebus
334 2759 441 2800 atque
474 2757 791 2801 praestationibus,
827 2767 919 2802 quae
949 2761 1034 2792 sunt
1064 2758 1269 2802 personales

187 2802 207 2833 5
255 2799 413 2834 actiones
428 2802 464 2835 ¹⁰.
512 2801 730 2845 Papinianus
762 2801 806 2837 de
835 2812 874 2837 re
904 2811 997 2847 quae
1029 2802 1124 2846 apud
1147 2802 1268 2838 hostes

187 2847 242 2878 est
254 2844 462 2879 Marcellum
474 2846 707 2897 reprehendit,
733 2846 829 2891 quod
848 2857 921 2883 non
940 2850 1046 2892 putat
1064 2847 1099 2881 in
1115 2849 1139 2868 ¹¹
1162 2858 1266 2892 prae-

187 2889 359 2924 stationes
384 2890 458 2924 eius
482 2900 533 2925 rei
555 2891 673 2926 venire
696 2892 731 2926 in
755 2891 909 2927 familiae
929 2891 1159 2927 erciscundae
1176 2892 1268 2928 iudi-

187 2933 310 2974 cium,·
332 2943 423 2986 quae
456 2935 551 2978 apud
575 2935 694 2971 hostes
720 2941 781 2971 est.
818 2937 902 2982 quid
926 2936 1017 2972 enim
1040 2937 1267 2982 impedimen·

186 2982 261 3013 tum
286 2982 341 3013 est
362 2989 414 3013 rei
435 2981 710 3023 praestationem
733 2982 862 3023 venire,
888 2992 969 3017 cum
994 2986 1029 3017 et
1050 2981 1062 3016 i
1089 2992 1130 3017 sa
1152 2982 1269 3018 veniat

233 3020 286 3058 23
323 3022 377 3057 ΡΑ
387 3033 482 3058 vsvs
525 3024 614 3059 libro
653 3027 842 3061 vicensimo
883 3028 987 3062 terito
1027 3038 1050 3061 α
1113 3026 1266 3063 edictum

186 3070 332 3113 propter
350 3077 447 3112 spem
468 3069 696 3120 postliminii?
721 3071 855 3106 scilicet
879 3082 961 3106 cum
984 3071 1160 3114 cautione,
1185 3073 1268 3117 quia

211 3117 334 3147 ossum
369 3122 438 3147 non
468 3118 612 3148 reverti:
650 3115 716 3149 nisi
748 3115 778 3150 si
809 3119 947 3151 tantum
979 3117 1186 3152 aestimatus
1221 3117 1268 3152 sit

211 3156 316 3192 ubius
340 3160 496 3192 eventus.

231 3198 286 3238 24
317 3200 511 3237 Usmnvs
531 3202 620 3237 libro
645 3214 739 3239 nono
764 3204 899 3240 decimo
924 3205 974 3240 ad
995 3205 1150 3242 edictum
1195 3205 1266 3241 Sed

186 3249 223 3282 et
253 3246 328 3281 eius
358 3246 428 3287 rei,
461 3257 552 3291 quae
576 3247 611 3281 in
636 3249 740 3283 rebus
764 3249 926 3285 humanis
951 3260 1029 3286 esse
1052 3250 1176 3293 desiit,
1207 3261 1264 3285 ve-

185 3290 289 3326 niunt
322 3292 597 3336 praestationes:
645 3297 680 3327 et
721 3303 783 3337 ego
826 3294 1023 3339 Papiniano
1069 3295 1263 3331 consentio.

189 3338 204 3370 1
254 3335 425 3371 Familiae
455 3336 684 3372 erciscundae
713 3338 879 3373 iudicium
912 3343 947 3374 et
977 3341 1070 3376 inter
1092 3340 1266 3376 bonorum

185 3390 409 3426 possessores
434 3383 470 3414 ct
492 3381 584 3416 inter
607 3391 685 3416 eum
718 3383 774 3416 cui
806 3383 971 3419 restituta
1003 3389 1057 3420 est
1087 3386 1264 3421 hereditas

186 3538 226 3579 (1)
251 3536 496 3579 iniungith
619 3540 662 3578 (2)
688 3539 857 3570 consensit
866 3539 946 3573 Hal.
1069 3543 1111 3584 (3)
1136 3542 1269 3584 patriF

186 3583 229 3623 (4)
254 3581 367 3614 filioF
451 3583 505 3619 (Γ)
530 3582 567 3615 id
574 3583 775 3615 mmaneris
788 3583 968 3616 editionem
1061 3588 1105 3628 (5)
1128 3596 1265 3619 munere

187 3626 229 3668 L,
238 3626 361 3659 honere
371 3626 412 3659 ΙΝ
529 3627 573 3667 (ο)
597 3636 632 3659 se
642 3627 701 3660 im.
822 3629 866 3669 (7)
891 3629 991 3670 idem]
1001 3630 1035 3662 id
1045 3641 1119 3663 eum
1127 3643 1188 3664 ser.
1202 3643 1265 3664 esc.

190 3670 355 3705 &facium
468 3672 513 3712 (s)
537 3670 658 3704 alienis
666 3671 701 3704 F·
794 3674 838 3713 (s)
863 3672 979 3715 alium]
989 3674 1047 3707 alii
1056 3675 1159 3707 alium
1169 3676 1266 3719 Hoffi

188 3727 283 3747 mann
376 3717 435 3752 (10)
452 3715 600 3748 actiones
611 3716 672 3750 del.
764 3719 819 3758 (11)
837 3718 871 3750 in
887 3718 949 3751 del.

1044 3721 1101 3760 (12)
1126 3724 1160 3753 et
1168 3732 1227 3753 om.
1237 3720 1272 3753 F
1334 3720 1408 3754 odd.

2212 137 2430 172 nsum

1340 252 1384 278 ex
1403 241 1628 279 Trebelliano
1648 248 1793 280 senatus
1817 244 1981 281 consulto
2005 250 2042 281 et
2061 249 2197 282 ceteros
2217 245 2428 284 honorarius

1340 296 1566 323 successores
1588 287 1707 324 locum
1728 288 1849 324 habet.

1387 329 1440 368 25
1465 330 1626 368 Panos
1644 332 1744 369 libro*
1757 333 1952 370 vicensimo
1973 334 2077 369 tertio
2097 334 2148 370 ad
2166 335 2319 372 edictum
2353 337 2428 374 He-

1341 376 1443 412 redes
1467 376 1555 420 eius,
1579 376 1642 422 qui
1663 377 1760 424 apud
1782 378 1903 414 hostes
1928 378 2092 420 decessit,
2117 379 2186 415 hoc
2208 380 2339 416 iudicio
2363 393 2426 418 ex·

1343 424 1359 456 1
1407 421 1516 466 periri
1533 425 1696 467 possunt.
1731 421 1771 458 Si
1791 423 1892 459 miles
1915 422 2024 459 alium
2049 425 2295 467 castrensium,
2320 426 2427 462 alium

1342 469 1539 501 ceterorum
1562 466 1736 503 bonorum
1765 467 1933 506 heredem
1962 467 2106 510 fecerit,
2138 480 2211 505 non
2241 475 2296 506 est
2325 471 2427 507 locus

1340 510 1496 546 familiae
1529 511 1762 548 erciscundae
1790 512 1942 548 iudicio:
1976 512 2124 549 divisum
2155 518 2211 550 est
2241 515 2333 551 enim
2389 526 2427 552 er

1342 555 1612 591 constitutiones
1635 556 1729 592 inter
1751 567 1812 593 eos
1835 557 2107 603 patrimonium,
2131 559 2340 604 quemadmo
2366 571 2423 600 um

1342 604 1461 636 cessat
1489 600 1647 637 familiae
1678 602 1910 638 erciscundae
1939 602 2128 645 iudicium,
2160 614 2243 639 cum
2273 605 2359 640 nihil
2390 606 2426 641 in

1342 648 1362 680 2
1410 645 1632 690 corporibus,
1655 646 1720 682 sed
1741 647 1860 683 omnia
1881 647 1920 682 in
1943 647 2145 684 nominibus
2170 654 2264 684 sunt.
2305 649 2425 694 Quan-

1341 693 1418 725 tum
1448 700 1531 726 vero
1565 690 1612 726 ad
1635 691 1882 736 accipiendum
1904 691 2060 727 familiae
2083 693 2313 729 erciscundae
2335 695 2426 730 iudi-

1342 735 1436 770 cium
1460 735 1548 770 nihil
1576 735 1742 779 interest,
1799 736 1956 772 ossideat
1988 737 2068 781 quis
2098 737 2330 774 hereditatem
2360 750 2426 775 nec

1343 782 1362 814 3
1410 790 1466 815 ne.
1513 779 1569 816 De
1591 780 1751 825 pluribus
1795 781 2038 824 ereditatibus,
2062 792 2154 827 quae
2172 782 2266 819 inter
2284 784 2427 820 eosdem

1343 835 1387 859 ex
1411 824 1557 860 diversis
1581 825 1699 861 causis
1723 836 1927 861 communes
1951 826 2034 869 sint,
2057 837 2169 863 unum
2190 827 2346 864 familiae
2370 839 2425 864 er-

1342 873 1363 904 4
1411 869 1603 905 ciscundae
1624 870 1794 906 iudicium
1817 871 1910 906 sumi
1932 874 2063 923 potest.
2111 871 2150 907 Si
2179 872 2274 908 inter
2305 883 2361 909 me
2392 879 2428 909 et

1341 917 1378 950 te
1401 914 1544 950 Titiana
1566 915 1746 950 hereditas
1777 926 1973 951 commums
2004 916 2069 959 sit,
2099 917 2192 952 inter
2222 928 2279 953 me
2309 922 2427 954 autem

1343 962 1379 993 et
1400 961 1438 994 te
1461 959 1537 994 et¹²
1560 959 1693 995 Titium
1716 959 1864 1003 Seiana,
1896 971 2004 1006 posse
2033 972 2145 997 unum
2173 961 2342 998 iudicium
2366 973 2426 999 ac-

1343 1007 1362 1038 5
1411 1003 1444 1039 ci
1468 1004 1482 1039 i
1503 1004 1597 1040 inter
1619 1009 1692 1040 tres
1715 1005 1933 1050 Pomponius
1958 1006 2092 1042 scribit.
2139 1007 2230 1043 Item
2252 1008 2284 1043 si
2305 1008 2427 1054 plures

1341 1049 1426 1084 here
1464 1053 1557 1084 tates
1579 1049 1672 1085 inter
1694 1060 1760 1085 nos
1792 1060 1996 1086 communes
2028 1055 2131 1094 sunt,
2161 1062 2352 1097 possumus
2383 1053 2429 1089 de

1343 1097 1363 1129 6
1410 1104 1484 1129 una
1513 1093 1668 1130 familiae
1707 1095 1938 1131 erciscundae
1975 1095 2147 1132 iudicium
2180 1107 2224 1132 ex
2250 1098 2341 1133 eriri.
2390 1098 2429 1133 Si

1341 1141 1495 1174 testator
1524 1149 1600 1174 rem
1632 1149 1854 1175 communem
1877 1150 1958 1175 cum
1982 1145 2149 1177 extraneo
2172 1142 2222 1177 ha
2248 1142 2331 1178 ebat
2353 1143 2427 1178 sive

1341 1183 1394 1218 rei
1424 1193 1512 1219 suae
1542 1187 1681 1236 partem
1711 1184 1820 1220 alicui
1849 1185 1978 1230 legavit
2009 1189 2073 1221 aut
2102 1186 2206 1222 heres
2230 1191 2313 1222 ante
2334 1187 2426 1223 iudi·

1343 1229 1435 1263 cium
1469 1228 1626 1264 familiae
1660 1229 1893 1265 erciscundae
1927 1237 2116 1275 acceptum
2150 1237 2290 1277 partem
2323 1243 2425 1268 suam

1342 1273 1527 1316 alienavit,
1559 1273 1606 1309 ad
1629 1273 1787 1310 officium
1808 1274 1936 1311 iudicis
1960 1276 2132 1320 pertinet,
2164 1280 2206 1311 ut
2235 1287 2313 1312 eam
2369 1288 2426 1313 ar-

1342 1321 1360 1352 7
1408 1322 1491 1361 tem,
1512 1328 1605 1363 quae
1615 1320 1798 1355 testatoris
1809 1319 1888 1360 fuit.
1909 1320 2016 1356 alicui
2033 1320 2155 1356 iubeat
2172 1321 2277 1357 tradi.
2325 1289 2429 1366 (groti

1340 1373 1494 1443 ffiofaen}
1510 1363 2426 1456 'areerffigeleganciofii‘dtssciigliliwvefflgrgseggg83:113:

1342 1455 1362 1488 8
1403 1453 1549 1505 ponius.
1597 1453 1696 1488 Idem
1708 1454 1843 1497 scribit,
1865 1465 1945 1490 cum
2053 1459 2089 1491 et
2108 1460 2147 1491 tu
2165 1456 2312 1492 heredes
2332 1457 2427 1493 Titio

1341 1499 1598 1541 extitissemus,
1629 1499 1662 1534 si
1684 1502 1724 1534 tu
1747 1503 1885 1544 partem
1908 1499 1972 1535 fun
1999 1501 2027 1542 ‘‚
2059 1511 2163 1545 quem
2186 1504 2302 1537 totum
2325 1501 2427 1537 here-

1341 1543 1507 1578 ditarium
1531 1543 1687 1586 dicebas,
1712 1555 1735 1579 a
1758 1544 1966 1589 Sempronio
1990 1545 2134 1590 petieris
2159 1549 2195 1581 et
2217 1546 2333 1582 victus
2348 1546 2426 1582 fue·

1340 1589 1409 1630 ris,
1434 1599 1517 1623 mox
1541 1588 1690 1624 eandem
1713 1593 1851 1635 partem
1875 1599 1898 1624 a
1920 1589 2128 1635 Sempronio
2153 1600 2270 1626 emero
2296 1594 2332 1626 et
2353 1596 2426 1626 tra-

1341 1633 1435 1668 ditus
1459 1633 1546 1668 mihi
1575 1633 1701 1676 fuerit,
1733 1638 1860 1679 agente
1882 1638 1918 1670 te
1941 1634 2096 1670 familiae
2120 1635 2351 1672 erciscundae
2372 1636 2426 1672 iu-

1341 1678 1433 1713 dicio
1468 1688 1542 1714 non
1580 1679 1697 1714 veniet
1727 1690 1802 1715 non
1832 1679 1945 1714 solum
1975 1680 2046 1715 hoc
2077 1680 2173 1725 quod
2203 1691 2268 1725 pro
2299 1681 2428 1717 herede

1341 1722 1551 1767 possidetur,
1571 1723 1634 1758 sed
1653 1734 1719 1759 nec
1738 1724 1776 1759 id
1793 1724 1889 1769 quod
1907 1735 1972 1776 pro
1993 1728 2152 1770 emptore
2165 1726 2210 1760 ¹³:
2236 1736 2317 1761 cum
2336 1726 2427 1761 enim

1339 1778 1405 1813 per
1430 1768 1584 1803 iudicem
1603 1769 1756 1813 priorem
1776 1773 1945 1815 apparuit
1962 1773 2075 1805 totam
2088 1771 2115 1792 ¹⁴
2135 1781 2208 1806 non
2227 1780 2305 1806 esse
2324 1771 2425 1806 here-

1341 1812 1483 1855 ditatis,
1516 1813 1812 1858 quemadmodum
1841 1815 1879 1849 in
1901 1813 2058 1850 familiae
2082 1815 2314 1851 erciscundae
2335 1816 2423 1852 iudi-

1341 1860 1361 1892 9
1410 1858 1503 1893 cium
1527 1858 1671 1893 veniat?
1704 1859 1763 1894 An
1787 1869 1830 1894 ea
1853 1859 2055 1905 stipulatio,
2079 1870 2152 1905 qua
2174 1860 2230 1895 sin
2293 1860 2301 1868 '
2325 1861 2426 1896 here-

1341 1902 1404 1938 des
1426 1903 1463 1938 in
1485 1902 1638 1938 solidum
1661 1903 1795 1939 habent
1817 1904 2012 1947 actionem,
2044 1904 2164 1940 veniat
2184 1905 2220 1940 in
2269 1915 2313 1941 oc
2335 1905 2426 1941 iudi·

1341 1947 1454 1990 cium,
1480 1948 1682 1983 dubitatur:
1714 1948 1824 1984 veluti
1855 1949 1886 1984 si
1915 1949 1946 1984 is
1977 1949 2038 1994 qui
2067 1949 2161 1985 viam
2190 1949 2259 1985 iter
2282 1954 2384 1986 actus
2400 1952 2428 1973 ¹⁸

1341 1992 1533 2037 stipulatus
1563 1997 1642 2028 erat
1672 1993 1882 2036 decesserit,
1914 1994 1998 2039 quia
2027 1994 2110 2030 talis
2145 1994 2326 2040 stipulatio
2361 2006 2426 2041 per

1341 2037 1452 2082 legem
1476 2037 1663 2073 duodecim
1693 2038 1897 2090 tabularum
1928 2049 2000 2074 non
2016 2039 2215 2092 dividitur,
2247 2041 2427 2093 quiamec

1340 2082 1829 2163 ξὲἇθὲξωῗξὲἐέἔᾚἘῗιέιῗ
1847 2084 2426 2174 ἓξὲρζῗεᾞαίἶῗηὲᾘῖἳῖωὲῗῗέ

1341 2183 1411 2207 non
1435 2176 1639 2217 praestetur
1661 2173 1730 2215 via,
1754 2184 1820 2218 pro
1844 2178 1948 2219 parte
1971 2173 2188 2209 hereditaria
2211 2174 2424 2210 condemna—

1343 2220 1383 2252 10
1430 2217 1563 2252 tionem
1587 2217 1664 2253 fieri
1698 2222 1850 2263 oportet.
1899 2218 2034 2254 Contra
2064 2219 2095 2254 si
2125 2219 2319 2264 promissor
2348 2221 2426 2255 viae

1341 2261 1530 2297 decesserit
1553 2262 1714 2307 pluribus
1738 2263 1928 2298 heredibus
1950 2263 2144 2306 institutis,
2168 2274 2235 2300 nec
2259 2264 2426 2300 dividitur

1340 2307 1507 2352 obligatio
1533 2317 1599 2342 nec
1623 2307 1770 2342 dubium
1793 2311 1849 2343 est
1871 2308 1957 2353 quin
1980 2308 2104 2350 duret,
2135 2309 2302 2353 quoniam
2334 2310 2424 2344 viam

1339 2352 1545 2396 promittere
1568 2355 1604 2387 et
1626 2352 1656 2387 is
1678 2355 1816 2404 potest,
1847 2353 1908 2398 qui
1938 2352 2089 2388 fundum
2113 2364 2184 2389 non
2207 2353 2326 2390 habet.
2363 2356 2424 2399 igi-

1341 2401 1400 2431 tur
1423 2397 1508 2442 quia
1531 2396 1659 2442 singuli
1680 2408 1718 2432 in
1748 2397 1900 2432 solidum
1930 2401 2114 2441 tenentur,
2148 2398 2268 2434 officio
2298 2399 2425 2435 iudicis

1340 2442 1523 2477 cautiones
1547 2442 1723 2487 interponi
1748 2442 1895 2485 debere,
1927 2446 1985 2485 ut,
2017 2443 2048 2478 si
2078 2442 2157 2496 quis
2192 2454 2237 2479 ex
2259 2443 2316 2480 his
2339 2455 2424 2480 con-

1339 2490 1463 2521 ventus
1487 2487 1558 2522 litis
1583 2487 1864 2522 aestimationem
1893 2487 2129 2533 praestiterit,
2160 2487 2198 2523 id
2227 2499 2292 2534 pro
2323 2492 2425 2535 parte

1345 2535 1379 2566 11
1430 2541 1453 2566 a
1476 2531 1603 2567 ceteris
1628 2536 1878 2577 consequatur.
1925 2532 2024 2567 Idem
2047 2532 2235 2568 dicendum
2258 2536 2313 2569 est
2335 2537 2371 2569 et
2394 2535 2424 2570 si

1344 2579 1382 2611 12
1429 2580 1583 2612 testator
1604 2577 1696 2611 viam
1719 2577 1898 2622 legaverit.
1946 2578 1987 2612 In
2018 2577 2080 2612 illa
2110 2588 2251 2623 quoque
2275 2578 2422 2624 stipula-

1337 2621 1434 2657 tione
1455 2621 1743 2666 prospiciendum
1766 2626 1821 2658 est
1844 2622 2088 2664 coheredibus,
2113 2622 2144 2658 si
2165 2626 2318 2659 testator
2364 2634 2421 2660 ro—

1338 2667 1484 2702 miserat
1507 2670 1633 2712 ‘neque
1655 2677 1720 2712 per
1743 2677 1782 2702 se
1804 2677 1919 2712 neque
1938 2677 2007 2727 per
2029 2667 2194 2702 heredem
2213 2678 2317 2703 suum
2362 2669 2423 2712 eri,

1339 2714 1420 2756 ‘quo
1452 2711 1569 2747 minus
1598 2711 1651 2747 ire
1681 2721 1787 2757 agere
1823 2712 1960 2758 possit,
1994 2712 2162 2757 quoniam
2199 2723 2271 2748 uno
2301 2713 2422 2758 prohi-

1338 2757 1444 2792 bente
1479 2757 1517 2791 in
1551 2756 1702 2792 solidum
1737 2756 1968 2792 committitur
2001 2757 2203 2801 stipulatio,
2238 2767 2283 2793 ne
2317 2758 2422 2793 unius

1341 2804 1382 2836 13
1428 2801 1565 2836 factum
1590 2801 1716 2837 ceteris
1739 2801 1949 2837 damnosum
1971 2801 2028 2836 sit.
2076 2801 2174 2837 Idem
2196 2802 2283 2838 iuris
2307 2807 2362 2838 est
2385 2803 2420 2838 in

1338 2847 1491 2891 pecunia
1514 2846 1689 2891 promissa
1711 2856 1734 2882 a
1756 2850 1938 2888 testatore,
1963 2846 1993 2882 si
2017 2846 2083 2881 sub
2107 2857 2225 2891 poena
2246 2847 2422 2892 promissa

1339 2891 1404 2926 sit:
1439 2901 1523 2926 nam
1554 2891 1638 2927 licet
1668 2891 1758 2927 haec
1796 2891 1964 2936 obligatio
2003 2891 2181 2926 dividatur
2213 2902 2278 2938 per
2310 2892 2420 2937 legem

1339 2935 1525 2971 duodecim
1548 2936 1762 2979 tabularum,
1787 2940 1906 2971 tamen
1929 2936 2012 2981 quia
2035 2936 2183 2971 nihilum
2205 2936 2353 2982 prodest
2375 2937 2420 2973 ad

1364 2991 1490 3016 oenam
1513 2980 1713 3016 evitandam
1743 2984 1881 3026 partem
1912 2991 2013 3016 suam
2043 2981 2197 3024 solvere,
2229 2981 2302 3017 sive
2331 2992 2418 3018 non·

1360 3036 1420 3061 um
1434 3026 1462 3046 ¹⁸
1484 3025 1603 3061 soluta
1627 3030 1682 3061 est
1703 3026 1857 3071 pecunia
1880 3035 1946 3061 nec
1971 3026 2044 3061 dies
2067 3026 2173 3068 venit,
2198 3027 2418 3072 prospicien-

1336 3070 1419 3105 dum
1443 3073 1499 3105 est
1516 3079 1581 3115 per
1601 3070 1814 3113 cautionem,
1838 3074 1879 3105 ut
1899 3070 1943 3105 de
1961 3070 2193 3106 indemnitate
2212 3075 2337 3107 caveat
2356 3082 2422 3117 per

1335 3125 1439 3160 quem
1457 3114 1594 3150 factum
1612 3114 1730 3157 fuerit,
1755 3126 1801 3151 ne
1819 3115 1934 3151 omnis
1979 3115 2107 3151 ecunia
2125 3115 2332 3158 solveretur,
2356 3121 2420 3151 aut

1334 3164 1376 3195 ut
1399 3163 1523 3195 caveat
1546 3169 1584 3194 se
1608 3159 1639 3194 ei
1664 3160 1724 3204 qui
1748 3160 1899 3195 solidum
1921 3170 1962 3196 so
1977 3160 2066 3195 verit
2087 3164 2226 3205 partem
2257 3165 2419 3205 praesta-

1333 3210 1470 3240 turum:
1496 3204 1568 3239 sive
1593 3204 1698 3239 etiam
1712 3205 1739 3226 ¹⁹
1763 3205 1867 3240 solvit
1890 3215 1981 3240 unus
2005 3204 2204 3239 universam
2228 3206 2418 3250 pecuniam

1358 3260 1439 3284 uam
1463 3248 1652 3284 defunctus
1700 3249 1850 3284 romittit
1858 3250 1900 3291 ²⁰,
1924 3260 1969 3285 ne
1990 3259 2106 3294 poena
2130 3250 2417 3292 committeretur,

1349 3294 1488 3330 amiliae
1511 3294 1672 3330 erciscun
1697 3303 1739 3329 ae
1761 3293 1892 3330 iudicio
1916 3303 1939 3328 a
1963 3293 2195 3329 coheredibus
2218 3298 2338 3339 partes
2361 3305 2417 3331 re·—

1336 3342 1376 3374 14
1423 3339 1542 3384 cipere
1574 3338 1715 3384 poterit.
1762 3338 1859 3374 Idem
1893 3339 2102 3374 observatur
2135 3338 2171 3373 in
2212 3339 2418 3384 pignoribus

1332 3383 1470 3419 luendis
1480 3384 1529 3418 ²¹:
1562 3394 1645 3418 nam
1675 3383 1743 3419 nisi
1752 3383 1783 3404 ²²
1812 3383 2016 3418 universum
2039 3382 2134 3429 quod
2157 3383 2308 3419 debetur
2330 3384 2415 3420 offe·

1334 3542 1391 3582 (13)
1416 3551 1484 3573 non
1493 3540 1600 3573 solum
1607 3541 1671 3574 hoo
1680 3539 1769 3583 quod
1785 3549 1846 3583 pro
1854 3543 2003 3583 emptore
2019 3540 2210 3583 possidetur
2228 3540 2285 3573 sed
2302 3550 2363 3573 noc
2380 3541 2415 3573 id

1333 3585 1423 3628 quod
1431 3595 1492 3628 pro
1500 3586 1620 3620 herede
1628 3597 1693 3620 scr.
1701 3597 1764 3619 ecc.
1772 3585 1858 3619 Bae.
2019 3587 2077 3630 (u)
2101 3588 2207 3618 totum
2219 3586 2291 3618 dett.
2302 3598 2371 3619 cum
2380 3587 2415 3619 Β

1332 3631 1393 3672 (15)
1405 3633 1517 3663 actum
1527 3632 1599 3665 deu.
1704 3630 1764 3671 (to)
1788 3629 1859 3671 sed]
1868 3633 1902 3662 et
1909 3642 1971 3664 scr.
2073 3631 2130 3672 (1⁷)
2155 3634 2189 3662 et
2196 3630 2239 3671 si]
2249 3629 2306 3663 sed
2315 3629 2344 3663 si
2352 3642 2412 3663 scr.

1333 3676 1394 3717 (18)
1418 3685 1487 3707 non
1496 3685 1571 3708 cum
1579 3675 1615 3708 F
1708 3675 1769 3714 (1⁹)
1792 3674 1908 3716 etiam]
1918 3674 1985 3707 iam
1996 3675 2078 3709 Hal.
2171 3676 2234 3714 (2ο)
2258 3674 2413 3718 promisit

1493 3722 1551 3761 (21)
1575 3719 1743 3753 solvendis
1751 3719 1786 3752 F
1792 3719 1803 3740 ¹
1886 3721 1948 3759 (22)
1973 3719 2042 3752 nisi
2049 3719 2085 3753 F
2092 3719 2114 3759 ¹,
2123 3719 2152 3752 si
2162 3719 2195 3752 F
2198 3719 2213 3739 ⁸

2361 0 2528 123 ῃ

2500 3647 2528 3737 ³}
