2528 3918
143 115 331 160 XXVIII
360 118 385 158 6

1206 107 1292 157 390

1494 0 1502 50 'i

1503 46 1565 128 Ὗ

1563 134 1609 157 *a
2001 122 2063 154 DE
2091 121 2294 155 umam
2321 118 2382 153 m*

148 248 218 272 non
233 236 471 276 necessarius,
496 235 558 271 sed
574 234 798 271 voluntarius
814 234 856 270 fit
870 234 986 277 heres,
1010 236 1052 269 ut
1066 233 1229 269 Iulianus
1297 233 1335 268 in
1358 232 1516 268 hostium
1539 234 1719 277 potestate
1751 232 1904 268 decessit
1932 231 2006 267 filio
2037 230 2225 276 impubere
2254 230 2378 266 relicto

148 283 240 318 libro
263 282 445 325 trigesimo
472 281 689 325 digestorum
713 281 870 317 scribit¹:
897 279 991 324 quod
1015 279 1045 314 si
1069 288 1184 323 neque
1207 287 1231 313 a

145 333 248 374 patre
279 336 394 371 neque
423 336 446 361 a
477 326 612 371 pupillo
645 325 756 361 fuerit
783 326 1007 370 redemptus,
1036 333 1079 358 ae
1106 322 1230 374 uitatis

146 373 238 408 ratio
269 371 443 415 suggerit,
477 375 519 405 ut
548 371 626 415 ipse
654 371 808 415 pretinm
838 370 951 415 partis
976 378 1063 404 suae
1113 377 1230 403 omino

147 417 301 453 offerens
351 416 440 452 ossit
456 419 492 451 et
507 415 708 451 libertatem
728 418 766 451 et
789 414 1022 450 hereditatem
1048 412 1230 457 consequi.

148 466 162 497 1
203 462 239 496 Si
264 461 308 496 Ti
338 472 359 496 o
390 460 534 495 fueriti
578 464 660 496 atus
690 470 832 501 servus,
867 469 973 503 posse
1005 457 1234 510 eum-impu·

147 507 223 542 beri
255 505 425 541 substitui
454 515 534 540 cum
571 505 740 545 ibertate,
772 503 1069 549 quemadmodum
1092 502 1234 537 institui

149 551 300 597 potuit²,
337 555 373 585 et
407 550 589 586 evanescit
622 550 777 596 legatum
812 549 987 584 existente
1023 547 1234 583 condicione

147 595 424 632 substitutionis.

197 639 246 678 19
273 639 465 676 IULIANUS
480 639 572 674 libro
591 640 774 685 triqesimo
799 638 1022 683 (liqestorum
1059 635 1156 670 Idem
1179 638 1236 671 est

147 687 185 721 et
208 686 239 721 si
262 687 346 731 post
368 688 517 719 mortem
542 683 706 728 legatarii
729 693 853 719 servus
878 682 1098 717 substitutus
1122 681 1180 716 sit.

194 727 248 768 20
287 728 484 765 mmm
520 727 612 763 libro
651 731 757 762 sexto
799 727 936 762 decimo
976 725 1026 761 ad
1063 725 1238 762 Sabinum

149 773 267 810 Patris
288 776 325 809 et
346 773 412 808 filii
435 776 687 808 testamentum

148 821 226 855 iure
247 818 450 865 praetorio:
482 828 584 860 nam,
616 821 658 852 ut

737 781 776 806 ro
801 781 873 806 uno
897 771 1050 806 habetur
1073 770 1180 806 etiam
1202 770 1240 805 in

721 816 873 851 arcellus
904 816 995 851 libro
1024 815 1243 860 digestorum

150 874 245 900 nono
265 863 400 905 scribit,
425 862 560 898 sufficit
581 861 725 897 tabulas
746 871 824 896 esse
844 861 959 906 patris
979 861 1149 906 signatas,
1174 860 1240 896 etsi
1273 867 1275 882 ¹

149 910 219 945 resi
268 912 351 944 atae
371 908 444 943 sint
461 907 535 949 filii,
558 911 594 942 et
614 910 750 951 septem
768 906 870 951 signa
889 906 1026 958 patris³
1044 905 1240 941 sufficiunt.

155 959 166 990 1
218 919 267 989 gp
279 957 384 999 pater
405 953 473 988 sibi
496 962 561 997 per
585 952 819 1003 scripturam,
851 951 924 986 fiho
956 961 1021 996 per
1053 960 1240 1003 nuncupa-

149 1000 285 1035 tionem
308 998 363 1034 vel
386 1002 514 1034 contra
536 997 664 1032 fecerit
686 1001 951 1038 testamentum,
974 996 1115 1032 valebit.

194 1043 242 1084 21
277 1043 494 1080 Πιηᾼινσε*
519 1043 609 1078 libro
634 1041 913 1094 quadraqesimo
930 1042 1056 1093 primo
1076 1041 1126 1076 ad
1144 1040 1240 1076 edic-

151 1094 225 1125 tum
273 1088 312 1124 Si
341 1089 394 1124 ita
424 1087 504 1133 quis
535 1086 778 1122 substituerit:
816 1086 859 1122 ‘si
888 1086 984 1122 filius
1015 1096 1116 1122 meus
1146 1086 1242 1121 intra

150 1134 338 1171 ‘decimum
356 1143 490 1168 annum
510 1132 714 1174 decesserit,
740 1131 841 1167 Seius
861 1132 966 1167 heres
988 1131 1090 1173 esto',
1115 1130 1242 1166 deinde

151 1180 209 1216 hic
232 1183 317 1215 ante
340 1182 508 1224 quartum
532 1178 707 1212 decimum
734 1181 817 1222 post
841 1176 1016 1211 decimum
1039 1175 1241 1219 decesserit,

151 1225 263 1270 magis
288 1227 354 1266 est,
378 1227 420 1258 ut
442 1233 515 1258 non
538 1222 653 1267 possit
676 1222 851 1257 bonorum
874 1221 1138 1266 possessionem
1157 1221 1242 1256 sub·

150 1270 297 1306 stitutus
332 1272 472 1314 petere:
509 1278 582 1303 non
617 1267 710 1302 enim
745 1266 885 1302 videtur
919 1267 956 1301 in
992 1267 1087 1302 hunc
1119 1276 1242 1302 casum

151 1315 378 1352 substitutus.

198 1357 251 1397 22
286 1359 410 1395 (ἔωσε
438 1358 530 1394 libro
562 1358 687 1403 qutnto
719 1356 857 1392 decimo
891 1356 942 1392 ad
972 1356 1126 1392 edictum
1152 1367 1243 1403 pro—

151 1404 304 1441 vinciale
357 1404 393 1439 Is
433 1403 494 1448 qui
532 1406 659 1438 contra
697 1402 840 1437 tabulas
882 1401 1088 1437 testamenti
1128 1401 1243 1447 patris

151 1451 327 1486 bonorum
361 1448 623 1494 possessionem
658 1447 819 1493 petierit,
864 1446 896 1482 si
930 1446 1035 1482 fratri
1067 1446 1244 1492 impuberi

151 1495 366 1531 substitutus
391 1494 448 1535 sit,
472 1493 657 1538 repellitur
679 1503 702 1527 a
725 1492 990 1527 substitutione.

197 1537 250 1577 23
276 1538 525 1575 Psmmmvs
545 1537 636 1574 libro
659 1542 766 1573 sexto
789 1547 1047 1584 responsorum
1079 1535 1148 1581 Qui
1163 1536 1242 1581 plu-

151 1595 209 1621 res
232 1584 381 1620 heredes
404 1583 576 1625 instituit,
607 1582 660 1618 ita
683 1582 845 1627 scripsit·
888 1591 1021 1627 eosque
1044 1592 1166 1617 omnes
1188 1582 1243 1618 in-

153 1631 275 1666 ‘vicem
299 1628 502 1665 substituo’.
550 1630 634 1674 post
663 1628 797 1663 aditam
829 1638 852 1663 a
882 1627 1094 1673 quibusdam
1122 1637 1166 1662 ex
1188 1627 1244 1662 his

151 1675 386 1711 hereditatem
416 1684 489 1709 uno
522 1683 646 1708 eorum
677 1673 868 1715 defuncto,
900 1672 932 1708 si
963 1672 1125 1708 condicio
1158 1672 1244 1707 sub·

152 1719 347 1757 stitutionis
383 1718 519 1755 exstitit
553 1718 623 1754 alio
658 1717 790 1754 herede
823 1721 964 1763 partem
1002 1727 1105 1752 suam
1138 1727 1244 1770 repu-

153 1766 284 1807 diante,
308 1765 356 1800 ad
379 1764 589 1809 superstites
614 1767 691 1798 tota
709 1763 826 1808 portio
849 1763 1054 1808 pertinebit,
1078 1772 1244 1815 quomam

151 1810 302 1847 invicem
333 1810 371 1845 in
405 1819 546 1844 omnem
577 1819 724 1844 causam
759 1808 887 1853 singuli
921 1808 1115 1844 substitu1⁶
1147 1807 1244 1843 vide·

151 1857 305 1892 buntur:
339 1854 425 1890 “ubi
452 1854 546 1890 enim
569 1854 648 1899 quis
671 1853 822 1892 heredes
845 1853 1001 1889 instituit
1023 1857 1059 1888 et
1081 1853 1133 1888 ita
1156 1852 1244 1888 scri·
1274 1865 1277 1894 i

152 1901 224 1936 bit:
250 1904 323 1936 ‘eos
349 1910 395 1935 ue
417 1899 567 1935 invicem
590 1899 794 1941 substituo’,
818 1898 855 1933 hi
879 1898 1049 1934 substitui
1072 1897 1244 1934 videbun·
1275 1898 1277 1913 ³

1275 1951 1276 1954 ¹
1306 1944 1377 1975 tem
1396 1945 1559 1984 quartam
1577 1940 1787 1976 hereditatis
1812 1941 1856 1976 de
1873 1951 1943 1986 qua
1959 1941 2144 1986 quaeritur
2160 1941 2207 1977 ad
2223 1941 2390 1986 Quietum

199 1988 255 2028 24
285 1989 477 2026 ULPIANUS
493 1989 585 2025 libro
602 1992 735 2034 quarto
753 1988 1038 2034 disputationum
1070 1987 1108 2023 Si
1124 1988 1245 2034 plures
1274 1999 1276 2020 z

154 2036 227 2072 sint
249 2035 404 2070 instituti
427 2044 472 2069 ex
502 2034 650 2069 diversis
681 2034 845 2079 partibus
877 2036 914 2068 et
944 2043 1066 2069 omnes
1095 2033 1246 2068 invicem
1275 2039 1277 2053 ¹

154 1954 224 1987 tur,
249 1945 310 1991 qui
359 1944 484 1980 eredes
508 1943 732 1979 exstiterunt.

154 2080 358 2122 substituti,
390 2080 598 2124 plerumque
630 2078 846 2130 credendum
873 2079 1004 2130 αι’-εκ
1026 2077 1138 2130 isdem
1153 2089 1245 2158 Far-

154 2126 250 2162 tibus
275 2125 501 2167 substitutos,
526 2134 571 2160 ex
595 2124 724 2169 quibus
746 2124 902 2158 instituti
920 2127 1003 2166 sint,
1027 2127 1079 2166 ut,
1103 2134 1134 2158 si
1169 2127 1247 2159 orte

155 2181 249 2207 unus
265 2180 311 2206 ex
326 2170 445 2212 uncia,
470 2169 650 2205 secundus
666 2179 711 2204 ex
727 2172 821 2210 octo,
843 2168 970 2204 tertius
987 2178 1031 2204 ex
1047 2168 1247 2213 quadrante

155 2217 203 2252 sit
225 2216 423 2258 institutus,
447 2214 659 2260 repudiante
682 2213 793 2249 tertio
817 2214 854 2249 in
875 2223 1000 2249 novem
1019 2217 1139 2266 partes
1160 2213 1246 2249 divi-

156 2261 262 2298 datur
295 2260 476 2306 quadrans
510 2259 675 2304 feratque
710 2262 791 2294 octo
823 2263 945 2304 partes
976 2269 1038 2304 qul
1067 2268 1115 2293 ex
1144 2259 1248 2294 besse

156 2306 344 2342 institutus
365 2305 496 2348 fuerat,
521 2314 629 2339 unam
651 2308 790 2350 partem
814 2304 876 2349 qui
899 2314 944 2339 ex
966 2303 1073 2338 uncia
1091 2303 1163 2339 scri
1188 2307 1248 2339 tus

157 2356 229 2388 est:
262 2351 331 2386 nisi
361 2350 456 2386 forte
484 2350 555 2385 alia
577 2359 676 2385 mens
700 2349 810 2384 fuerit
832 2349 1036 2385 testatoris:
1071 2358 1141 2393 quo
1189 2349 1248 2385 vix

157 2396 374 2432 credendum
398 2399 464 2437 est,
488 2395 558 2430 nisi
581 2394 761 2430 evidenter
783 2394 893 2429 fuerit
917 2403 961 2429 ex
986 2403 1133 2429 ressum.

202 2440 255 2478 25
281 2441 475 2476 IULIANUS
495 2440 586 2476 libro
610 2440 776 2492 uicesimo
801 2443 933 2491 quart-o
980 2440 1176 2492 ige-storum
1211 2438 1249 2474 Si

156 2491 259 2533 pater
282 2486 484 2531 impuberes
507 2485 600 2520 filios
623 2494 775 2520 invicem
799 2484 1023 2520 substituerit
1046 2488 1082 2519 et
1105 2494 1156 2527 ei,
1189 2484 1249 2530 qui

156 2531 367 2568 novissimus
391 2535 554 2566 mortuus
576 2530 696 2573 fuerit,
721 2528 865 2572 Titium,
889 2529 1175 2575 respondendum
1195 2533 1249 2564 est

157 2577 253 2613 solos
287 2576 417 2611 fratres
453 2576 629 2611 bonorum
663 2575 927 2620 possessionem
962 2578 1174 2620 accepturos
1214 2577 1248 2610 et

157 2621 419 2667 quodammodo
452 2621 542 2656 duos
572 2619 703 2665 gradus
731 2619 837 2655 huius
861 2620 1095 2655 institutionis
1119 2619 1247 2662 factos,

157 2671 198 2702 ut
221 2667 334 2712 primo
358 2666 489 2701 fratros
512 2666 664 2700 invicem
687 2665 1006 2708 substituerentur,
1037 2665 1068 2700 si
1098 2664 1148 2700 illi
1175 2675 1247 2700 non

157 2715 287 2752 essent,
319 2715 407 2746 tunc
431 2711 547 2746 Titius
571 2714 771 2746 vocaretur.

204 2754 258 2793 26
283 2755 388 2791 Imm
409 2756 500 2791 libro
524 2757 688 2791 vicesimo
712 2765 808 2791 nono
832 2754 1053 2802 diqestorum
1089 2754 1127 2790 Si
1145 2758 1249 2800 pater

158 2801 270 2837 fllium
302 2801 522 2846 impuberem
556 2800 722 2836 heredem
756 2800 942 2845 scripserit
976 2803 1012 2835 et
1045 2800 1078 2835 ei
1114 2799 1246 2835 substi-

158 2846 278 2888 tuerit,
303 2846 334 2881 si
359 2846 438 2890 quis
463 2846 529 2880 sibi
553 2850 636 2890 post
658 2846 833 2881 mortem⁰
864 2848 970 2881 natus
1002 2845 1087 2888 erit,
1121 2845 1250 2881 deinde

158 2891 236 2927 vivo
261 2891 374 2926 fratre
397 2894 584 2936 postumus
609 2894 715 2926 natus
734 2890 853 2932 fuerit,
878 2893 1131 2926 testamentum
1150 2901 1248 2925 rum-

159 2941 281 2982 petur:
306 2939 390 2981 post
414 2940 562 2970 mortem
586 2940 705 2971 autem
729 2935 852 2971 fratris
875 2935 954 2971 vivo
985 2936 1113 2981 patre‘
1142 2939 1249 2971 natus

159 2982 258 3018 solus
281 2981 385 3016 heres
408 2981 502 3025 patri
525 2991 590 3016 suo
615 2981 752 3016 existet.

205 3023 258 3064 27
291 3025 399 3061 Imm
430 3025 520 3060 libro
560 3026 742 3071 triqesimo
783 3025 824 3061 di
848 3030 1003 3060 estorum
1060 3024 1098 3060 Si
1132 3024 1250 3060 Titius

159 3070 327 3108 coheredi
345 3080 411 3106 sno
431 3070 646 3105 substitutus
666 3070 784 3113 fuerit,
834 3070 936 3106 einde
956 3070 989 3105 ei
1007 3070 1248 3115 Sempronius,

159 3117 276 3152 verius
307 3119 394 3162 puto
426 3115 462 3150 in
494 3119 680 3160 utramque
711 3120 850 3160 partem
881 3115 1129 3161 Sempronium
1164 3115 1248 3151 sub-

159 3162 324 3197 stitutum
348 3170 436 3196 esse.

206 3204 260 3244 28
291 3205 399 3242 IDEM
430 3204 521 3240 libro
559 3206 786 3250 seaeaqesimo
829 3205 987 3241 secundo
1029 3205 1249 3252 diqestorum

162 3252 238 3287 Lex
254 3250 430 3292 Cornelia,
455 3259 546 3295 quae
569 3253 783 3285 testamenta
807 3260 928 3286 eorum
953 3250 1013 3296 qui
1036 3251 1074 3285 in
1094 3251 1249 3286 hostium

186 3300 340 3332 otestate
362 3295 595 3331 decesserunt
618 3294 816 3337 confirmat,
841 3305 914 3331 non
937 3295 1051 3331 solum
1076 3295 1123 3330 ad
1146 3295 1248 3330 here-

186 3342 308 3377 itatem
327 3341 486 3386 ipsorum
507 3339 568 3385 qui
588 3342 804 3374 testamenta
819 3340 982 3375 fecerunt
996 3340 1162 3386 pertinet,
1186 3339 1249 3376 sed

161 3386 208 3422 ad
232 3396 354 3422 omnes
377 3384 612 3426 hereditates,
646 3394 738 3428 quae
769 3384 813 3418 ad
846 3396 1020 3430 quemque
1051 3395 1095 3420 ex
1127 3396 1248 3420 eorum

160 3435 373 3467 testamento
405 3430 584 3476 pertinere
614 3429 834 3474 potuissent,
867 3430 897 3464 si
929 3431 966 3464 in
996 3430 1151 3466 hostium
1183 3440 1247 3475 po-

161 3480 328 3511 testatem
362 3485 435 3512 non
469 3474 722 3520 pervenissent.
778 3479 996 3519 quapropter
1032 3486 1111 3510 cum
1146 3480 1250 3520 pater

154 3588 193 3620 (ll
218 3581 358 3624 scripsit
375 3581 428 3614 F'

154 3625 199 3669 (ι)
224 3626 310 3658 mem
325 3625 377 3659 Fa
564 3582 608 3623 (ἵ)
632 3579 780 3622 legatum
800 3581 860 3613 fn..
874 3580 909 3612 F

454 3628 499 3668 (⁶)
525 3625 710 3659 substitiF
1041 3587 1082 3619 (³³
1107 3584 1198 3624 patu
1216 3580 1252 3614 Γ

785 3630 828 3664 (ο)
854 3626 1041 3659 exciderunt
1054 3627 1242 3668 tat'iasere:

156 3671 235 3702 item
257 3671 363 3704 altero
382 3671 504 3704 herede
524 3675 558 3704 et
577 3672 652 3714 ipso
669 3673 798 3713 partem
812 3679 904 3702 suam
918 3671 1117 3712 repudiante
1131 3671 1173 3703 ad
1186 3681 1242 3703 eos

155 3719 212 3757 qui
236 3716 372 3748 heredes
393 3716 474 3749 facti
495 3720 575 3749 sunt
595 3720 665 3748 tota
687 3715 898 3757 repudiantis
922 3716 1034 3756 portio
1059 3715 1243 3757 pertinebit

1274 994 1276 1007 '
1303 993 1342 1030 Si
1372 998 1477 1039 pater
1509 999 1637 1039 captus
1660 994 1708 1030 sit
1731 995 1777 1029 ab
1801 995 1982 1036 hostibus,
2014 1005 2097 1030 mox

1298 279 1334 313 in
1359 277 1503 312 civitate
1525 281 1562 312 et
1592 276 1624 311 is
1646 277 1742 312 intra
1770 281 1911 322 tempus
1943 276 2142 321 pubertatis
2173 275 2379 318 decesserit,

1297 322 1478 358 hereditas
1495 320 1543 356 ad
1558 321 1791 357 substitutum
1816 322 1981 367 pertinet,
2007 320 2155 365 perinde
2170 330 2214 356 ac
2230 321 2261 356 si
2277 324 2380 365 pater

1297 368 1335 403 in
1358 367 1514 402 hostium
1564 368 1751 401 otestatem
1768 377 1839 402 non
1863 366 2095 411 pervenisset.
2134 365 2199 401 sed
2223 365 2254 400 si
2275 368 2381 410 pater

1298 412 1336 447 in
1361 411 1507 446 civitate
1555 411 1702 453 ecessit,
1730 410 1826 447 filius
1858 411 2021 463 impubes
2053 410 2151 455 apud
2182 411 2320 452 hostes,
2348 409 2381 445 si

1300 456 1441 501 quidem
1472 460 1612 491 mortuo
1643 460 1746 500 patre
1779 456 1874 492 filius
1909 467 1945 491 m
1978 456 2132 491 hostium
2165 459 2380 508 potestatem

1299 501 1513 547 pervenerit,
1538 510 1609 535 non
1624 500 1847 536 incommode
1860 502 1888 523 ¹⁰
1905 501 2036 536 dicitur
2051 500 2287 535 hereditatem
2303 500 2380 535 eius

1298 556 1345 582 ex
1377 555 1421 581 ea
1452 546 1529 589 lege
1559 546 1606 581 ad
1641 546 1853 581 substitutos
1885 547 2082 591 pertinere:
2119 546 2151 581 si
2184 555 2268 582 vero
2302 545 2380 580 vivo

1299 593 1405 636 patre
1434 590 1530 625 filius
1559 591 1596 625 in
1626 589 1782 625 hostium
1811 594 2026 636 potestatem
2059 591 2271 636 pervenerit.
2309 600 2382 625 non

1301 635 1465 671 existimo
1490 634 1559 679 legi
1575 635 1760 670 Corneliae
1781 636 1898 671 locum
1914 646 2002 676 esse,
2028 636 2112 680 quia
2135 645 2208 671 non
2226 635 2381 670 efficitur

1328 690 1367 715 er
1390 690 1485 722 eam,
1518 684 1559 714 ut
1581 679 1630 723 is,
1662 681 1724 725 qui
1746 680 1846 715 nulla
1870 681 1966 716 bona
1994 682 2031 716 in
2056 680 2200 716 civitate
2228 680 2381 725 reliquit,

1300 691 1450 760 {eredes
1480 725 1623 760 habeat.
1679 734 1789 770 quare
1826 726 1932 760 etiam
1971 725 2002 760 si
2031 726 2146 770 pubes
2178 725 2273 761 filius
2303 726 2382 760 vivo

1302 776 1405 815 patre
1430 774 1558 814 captus
1584 769 1708 814 fuerit,
1739 770 1866 805 deinde
1888 775 2027 806 mortuo
2051 771 2087 805 in
2112 770 2256 806 civitate
2279 775 2383 815 patre

1300 817 1337 850 in
1371 815 1527 850 hostium
1557 817 1736 859 potestate
1767 815 1974 856 decesserit,
2023 815 2112 850 atris
2135 815 2315 851 hereditas
2337 825 2383 850 ex

1301 860 1379 904 lege
1404 859 1591 895 duodecim
1614 860 1839 902 tabularum,
1867 870 1939 895 non
1962 859 1987 895 fi
2014 860 2027 895 i
2049 870 2094 895 ex
2117 861 2194 905 lege
2217 859 2384 896 Cornelia

1301 905 1351 941 ad
1375 904 1571 948 adgnatum
1594 905 1795 949 proximum
1819 905 1983 949 pertinet.

1349 947 1403 987 29
1435 949 1638 985 Seuerou
1676 950 1767 985 libro
1807 950 1934 995 quinto
1965 949 2103 985 decimo
2157 949 2383 1029 ιιαεὲτίοηιιὶη

2162 995 2215 1030 ‘us
2272 997 2311 1030 et
2331 994 2346 1029 i
2371 994 2385 1029 i

1301 1040 1408 1075 ambo
1425 1039 1611 1082 decedant,
1628 1040 1789 1084 quamvis
1805 1040 1904 1084 prior
1919 1044 2024 1084 pater
2039 1039 2201 1082 decedat,
2222 1039 2280 1074 lex
2296 1039 2384 1075 Cor·

1273 1096 1275 1130 2
1302 1085 1397 1119 nelia
1427 1084 1474 1119 ad
1503 1083 1630 1130 pupilli
1658 1084 1952 1120 substitutionem
1980 1095 2051 1119 non
2074 1085 2286 1129 pertinebit,
2315 1083 2386 1119 nisi

1301 1139 1468 1165 reversus
1491 1130 1528 1164 in
1555 1129 1697 1164 civitate
1719 1130 1884 1174 impubes
1908 1130 2072 1172 decedat,
2101 1129 2270 1175 quoniam
2293 1130 2331 1164 et
2353 1128 2386 1165 si

1302 1175 1409 1210 ambo
1432 1175 1470 1209 in
1495 1174 1638 1210 civitate
1662 1174 1910 1216 decessissent,
1934 1175 2070 1210 veniret
2093 1174 2323 1210 substitutus.

1351 1219 1404 1256 30
1430 1218 1623 1254 [nmmos
1647 1219 1739 1254 libro
1766 1220 2034 1266 septuaqesimo
2067 1225 2194 1256 octavo
2226 1219 2385 1266 diqcsto-

1302 1274 1385 1300 rum
1431 1264 1584 1309 Quidam
1608 1266 1824 1300 testamento
1848 1264 2040 1300 Proculum
2063 1274 2107 1299 ex
2130 1266 2234 1310 parte
2257 1268 2388 1308 quarta

1304 1311 1341 1345 et
1365 1309 1532 1354 Quietum
1563 1319 1607 1344 ex
1638 1314 1743 1354 parte
1766 1309 1910 1344 dimidia
1931 1314 1969 1345 et
1992 1314 2120 1355 quarta
2143 1310 2309 1345 heredem
2332 1309 2386 1345 in-

1303 1355 1432 1396 stituit,
1457 1354 1584 1389 deinde
1607 1353 1736 1398 Quieto
1762 1355 1920 1396 Florum,
1944 1355 2101 1390 Proculo
2123 1354 2260 1390 Sosiam
2284 1355 2387 1390 here-

1276 1434 1278 1448 ,
1305 1400 1368 1436 des
1392 1400 1595 1442 substituit,
1619 1399 1764 1443 deinde,
1798 1400 1828 1435 si
1852 1410 1967 1444 neque
1989 1399 2121 1435 Florus
2145 1409 2260 1444 neque
2285 1400 2388 1435 Sosia

1305 1445 1454 1480 heredes
1489 1448 1624 1485 essent,
1662 1445 1770 1480 tertio
1803 1445 1918 1490 gradu
1954 1454 1999 1480 ex
2031 1447 2136 1490 parte
2172 1445 2316 1480 dimidia
2351 1447 2389 1480 et

1306 1492 1436 1535 quarta
1466 1490 1642 1525 coloniam
1666 1489 1939 1534 Leptitanorum
1971 1492 2008 1525 et
2030 1500 2075 1525 ex
2099 1493 2229 1535 quarta
2241 1490 2268 1511 ¹²
2291 1500 2387 1525 com-

1306 1535 1430 1579 plures
1446 1534 1593 1569 heredes
1610 1535 1796 1570 substituit
1811 1536 1847 1570 in
1870 1535 1990 1580 plures
2039 1545 2121 1570 uam
2144 1540 2218 1570 tres
2242 1535 2386 1570 uncias:

1306 1580 1457 1624 Quietus
1487 1579 1719 1614 hereditatem
1755 1580 1861 1623 adiit,
1898 1581 2018 1615 Procu
2034 1591 2076 1615 us
2106 1582 2143 1616 et
2173 1580 2277 1615 Sosia
2308 1580 2387 1615 vivo

1306 1629 1480 1660 testatore
1511 1625 1761 1660 decesserunt:
1795 1626 1995 1671 quaeritur,
2027 1625 2206 1671 quadrans
2233 1625 2389 1661 Proculo

1307 1669 1413 1705 datus
1449 1669 1496 1704 ad
1526 1669 1693 1713 Quietum
1727 1680 1774 1704 an
1805 1670 1853 1705 ad
1882 1671 2097 1706 substitutos
2133 1670 2239 1706 tertio
2274 1670 2389 1715 gradu

1306 1715 1496 1759 pertineat.
1544 1715 1715 1759 respondi
1729 1716 1758 1737 ¹³
1788 1725 1867 1750 eam
1896 1715 2008 1750 videri
2030 1716 2251 1751 voluntatem
2274 1716 2389 1760 patris

1306 1759 1462 1795 familias
1484 1759 1614 1802 fuisse,
1645 1765 1686 1794 ut
1714 1760 1821 1796 tertio
1851 1761 1967 1804 gradu
1991 1761 2143 1805 scriptos
2167 1761 2316 1796 heredes
2339 1761 2391 1796 ita

1307 1804 1450 1840 demum
1474 1805 1709 1856 substituerit,
1734 1805 1766 1840 si
1788 1810 1866 1841 tota
1887 1805 2067 1841 hereditas
2083 1810 2258 1847 vacasset,
2283 1806 2390 1850 idque

1306 1851 1694 1930 ἓὲἓζθὶἰοῖἔὲᾱῗέἔέξ
1712 1860 1775 1931 §5⁸
1798 1851 2390 1942 3?.2.3‚¹¹;}2..133⁰2t⁸130¹333{¹321

1352 1985 1495 2020 ttinere⁴

1305 1995 1400 2067 9831
1432 2029 1541 2065 lom
1551 2029 1643 2074 libro
1659 2030 1845 2076 sinqulari
1857 2030 1903 2066 de
1918 2030 2214 2076 ambiquitatibus
2245 2031 2288 2066 In
2306 2031 2389 2066 sub-

1307 2075 1495 2112 stitutione
1524 2075 1597 2110 filio
1635 2075 1687 2110 ita
1722 2077 1837 2110 facta:
1877 2077 2050 2121 ‘quisquis
2085 2076 2170 2110 mihi
2205 2085 2249 2110 ex
2281 2085 2392 2120 supra

1307 2120 1464 2165 ‘scriptis
1487 2120 1591 2155 heres
1614 2121 1693 2163 erit,
1717 2121 1811 2156 idem
1834 2120 1908 2156 filio
1932 2121 2036 2156 heres
2062 2121 2170 2164 esto',
2195 2122 2390 2165 quaeritur,

1306 2165 1469 2211 quisquis
1492 2165 1596 2201 heres
1620 2166 1834 2211 quandoque
1856 2166 1966 2201 fuerit
1988 2166 2213 2210 intellegatur
2229 2176 2276 2201 an
2294 2168 2390 2211 quis-

1307 2212 1388 2256 quis
1420 2212 1522 2246 heres
1555 2214 1630 2245 tum
1663 2211 1749 2253 erit,
1782 2221 1863 2246 cum
1892 2210 1987 2246 filius
2016 2212 2200 2246 moriatur.
2255 2212 2392 2257 placuit

1307 2255 1564 2301 prudentibus,
1605 2256 1635 2290 si
1667 2255 1882 2301 quandoque
1912 2256 2015 2291 heres
2046 2256 2190 2292 fuisset:
2229 2256 2390 2301 quamvis

1307 2301 1401 2336 enim
1425 2301 1503 2336 vivo
1527 2301 1662 2345 pupillo
1686 2302 1790 2336 heres
1813 2311 1892 2336 esse
1908 2301 2070 2344 desisset,
2094 2301 2188 2336 forte
2210 2311 2255 2336 ex
2280 2312 2391 2336 causa

1308 2346 1352 2381 de
1380 2345 1600 2387 inofficioso,
1639 2356 1731 2390 quae
1766 2356 1831 2390 pro
1871 2351 1974 2391 parte
2005 2348 2104 2381 mota
2132 2350 2198 2386 est,
2227 2347 2390 2381 futurum

1308 2394 1430 2426 tamen
1459 2401 1538 2426 eum
1566 2390 1732 2426 heredem
1759 2401 1805 2426 ex
1833 2391 2090 2426 substitutione
2122 2391 2297 2426 creditum
2322 2395 2388 2427 est.

1311 2442 1323 2470 1
1375 2435 1458 2471 Non
1481 2436 1587 2471 simili
1616 2435 1719 2471 modo
1751 2437 1788 2471 in
1809 2436 1878 2471 hac
1902 2436 2022 2481 specie
2045 2436 2233 2471 dicendum
2259 2441 2330 2477 est,
2361 2439 2391 2471 si

1308 2481 1407 2526 quis,
1431 2490 1511 2525 cum
1535 2480 1628 2516 filios
1652 2481 1741 2517 duos
1765 2481 1933 2522 haberet,
1958 2481 2086 2516 Gaium
2109 2482 2292 2526 puberem,
2316 2482 2389 2516 Lu·

1309 2527 1404 2561 cium
1430 2526 1666 2571 impuberem,
1697 2526 1749 2561 ita
1777 2526 1851 2561 filio
1882 2526 2141 2562 substituisset:
2181 2526 2224 2561 ‘si
2254 2526 2389 2562 Lucius

1308 2571 1415 2607 ‘filius
1451 2581 1550 2606 meus
1585 2572 1749 2615 impubes
1787 2571 1982 2607 decesserit
2015 2582 2130 2617 neque
2160 2571 2247 2606 mihi
2277 2572 2390 2607 Gaius

1308 2616 1416 2652 ‘filius
1445 2616 1549 2652 heres
1581 2617 1665 2659 erit,
1704 2619 1791 2652 tunc
1820 2617 1923 2652 Seius
1951 2617 2054 2652 heres
2086 2617 2190 2652 esto’:
2228 2626 2310 2651 nam
2339 2618 2391 2652 ita

1308 2662 1504 2707 prudentes
1533 2661 1602 2697 hoc
1641 2662 1866 2707 interpretati
1902 2667 2003 2705 sunt,
2041 2666 2082 2696 ut
2120 2662 2166 2696 ad
2196 2661 2391 2707 impuberis

1308 2712 1459 2743 mortem
1483 2706 1647 2742 condicio
1671 2707 1937 2743 substitutionis
1961 2710 2059 2742 esset
2081 2707 2279 2742 referenda.

1355 2751 1412 2789 32
1441 2751 1549 2787 [osu
1573 2752 1664 2787 libro
1690 2752 1812 2799 primo
1844 2752 1894 2787 ad
1920 2750 2081 2788 Urseium
2107 2752 2276 2788 Ferocem
2323 2752 2391 2796 Qui

1309 2797 1512 2843 complures
1537 2797 1684 2832 heredes
1709 2807 1752 2832 ex
1776 2797 1980 2842 disparibus
2004 2797 2168 2842 partibus
2187 2797 2392 2832 instituerat

1309 2845 1348 2878 et
1370 2843 1407 2878 in
1431 2842 1487 2877 his
1510 2843 1665 2884 Attium,
1700 2842 1730 2877 si
1761 2843 1882 2877 Attius
1908 2853 1978 2877 non
2003 2842 2150 2883 adierit,
2184 2846 2322 2877 ceteros
2345 2852 2391 2877 ex

1307 2887 1421 2923 isdem
1453 2887 1619 2932 partibus
1650 2888 1780 2932 quibus
1814 2887 2019 2922 instituerat
2051 2887 2199 2922 heredes
2235 2888 2266 2922 ei
2303 2886 2389 2922 sub-

1311 2933 1493 2969 stituerat:
1525 2932 1668 2974 deinde,
1693 2933 1724 2967 si
1749 2933 1870 2967 Attius
1894 2943 1966 2967 non
1989 2932 2141 2974 adisset,
2172 2931 2304 2967 Titium
2329 2942 2390 2967 co·

1310 2978 1477 3013 heredem
1508 2976 1560 3013 eis
1593 2977 1654 3022 qui
1684 2977 1871 3012 substituti
1895 2983 1979 3012 sunt
2002 2977 2142 3012 adiecit.
2189 2977 2390 3022 quaesitum

1311 3027 1385 3068 est,
1411 3033 1516 3067 quam
1539 3026 1676 3067 partem
1700 3022 1730 3057 is
1755 3027 1790 3057 et
1813 3032 1919 3067 quam
1945 3022 2054 3057 ceteri
2077 3022 2234 3057 habituri
2257 3026 2389 3057 essent.

1310 3068 1480 3113 respondi
1504 3067 1635 3102 Titium
1658 3067 1810 3109 virilem,
1836 3071 1972 3102 ceteros
1996 3067 2250 3102 hereditarias:
2282 3067 2391 3102 veluti

1312 3114 1344 3149 si
1379 3119 1452 3148 tres
1486 3112 1655 3154 fuissent,
1692 3112 1826 3147 Titium
1861 3117 1997 3157 partem
2031 3115 2194 3157 quartam
2224 3113 2392 3147 Attianae

1311 3159 1425 3204 partis
1455 3157 1679 3199 habiturum,
1714 3156 1931 3202 reliquarum
1965 3157 2119 3201 partium
2156 3157 2390 3192 hereditarias

1311 3208 1446 3249 partes,
1469 3213 1513 3238 ex
1536 3202 1665 3247 quibus
1689 3202 1842 3237 instituti
1866 3206 1988 3243 erant,
2020 3202 2176 3247 reliquos
2202 3203 2391 3237 habituros

1310 3258 1401 3284 esse.
1447 3247 1541 3292 quod
1572 3247 1601 3282 si
1633 3258 1705 3282 non
1734 3247 1847 3283 solum
1879 3246 2031 3283 Titium.
2068 3247 2131 3282 sed
2162 3248 2270 3282 etiam
2299 3247 2391 3283 alios

1309 3293 1500 3329 adiecisset
1530 3292 1697 3334 heredes,
1728 3292 1794 3327 hos
1826 3292 1966 3336 quidem
1998 3292 2115 3326 viriles
2143 3298 2265 3336 partes
2289 3291 2391 3326 habi-

1310 3343 1429 3374 turos:
1469 3338 1576 3373 veluti
1613 3338 1643 3372 si
1671 3342 1744 3372 tres
1775 3341 1864 3382 puta
1896 3336 2088 3371 coheredes
2120 3337 2275 3372 fuissent
2305 3337 2391 3372 sub-

1310 3383 1437 3425 stituti,
1462 3382 1622 3418 extranei
1643 3382 1714 3417 duo
1731 3382 1872 3421 adiecti,
1890 3381 1955 3417 hos
1973 3383 2116 3426 quintas
2133 3387 2254 3427 partes
2271 3381 2390 3416 Attia-

1310 3438 1380 3465 nae
1414 3427 1545 3472 partis,
1580 3427 1736 3472 reliquos
1771 3432 1890 3461 autem
1925 3426 2118 3462 coheredes
2154 3427 2390 3462 hereditarias

1309 3477 1431 3520 partes
1456 3473 1641 3508 habituros
1666 3482 1744 3507 esse
1768 3472 1869 3506 dixit.

1311 3584 1353 3622 (7)
1378 3582 1430 3612 est
1442 3579 1493 3614 F'
1584 3582 1628 3619 (8)
1653 3580 1726 3612 eiua
1739 3580 1800 3613 ins.
1893 3583 1937 3620 (9)
1963 3582 2038 3614 vivo
2051 3585 2146 3624 patre
2159 3583 2222 3617 del.
2235 3583 2276 3616 A.
2288 3584 2395 3619 Εἰπὸν

1311 3631 1371 3663 (¹0)
1395 3635 1463 3658 non
1484 3624 1654 3658 commode
1675 3625 1711 3658 F
1815 3626 1871 3664 (ιι)
1894 3636 1972 3658 mox
1987 3626 2090 3668 filius]
2111 3631 2188 3670 post
2203 3628 2308 3661 fllium
2328 3642 2395 3663 scr.

1312 3675 1369 3711 (ιι)
1394 3680 1434 3702 ex
1446 3671 1576 3711 quarta]
1591 3674 1762 3712 praeterea
1779 3669 1933 3713 Krueyer
2025 3673 2082 3710 (iai
2107 3673 2283 3714 respondit
2297 3674 2348 3707 Ρ
