2528 3918
119 129 178 160 nn
208 107 362 160 rueris

121 249 225 275 casus
257 237 432 282 occurrit,
465 239 496 275 si
526 238 760 284 possessionis
792 247 904 274 causa
933 240 1073 273 mutata
1095 240 1201 280 esset,

122 283 228 319 veluti
260 283 291 318 si
321 293 378 319 res
402 285 439 319 in
463 283 594 320 domini
624 285 840 328 potestatem
862 282 1013 319 redisset
1036 282 1201 319 eandem-

119 339 187 374 que
208 327 303 364 idem
325 329 525 374 subriperet
546 328 602 364 vel
625 328 737 363 eidem
761 327 902 362 domino
928 328 983 363 vel
1007 327 1057 371 ei,
1089 328 1148 363 cui
1170 327 1201 363 is

120 373 379 410 commodasset
401 378 464 409 aut
487 372 712 409 vendidisset.
761 372 824 408 sed
848 376 884 407 et
906 373 935 408 si
959 383 1113 424 persona
1137 372 1201 408 do-

122 423 135 453 1
185 418 271 453 1111111
300 422 438 454 mutata
468 422 580 461 esset,
614 418 728 452 altera
758 427 874 462 poena
899 418 970 453 obli
995 422 1086 453 atur.
1135 417 1203 461 Qui

118 464 232 499 furem
256 463 398 499 deducit
421 463 467 499 ad
497 462 719 508 praefectum
742 462 904 507 vigilibus
938 473 979 498 ve
1022 462 1070 498 ad
1098 472 1200 507 prae-

119 509 246 551 sidem,
271 508 525 544 existimandus
550 512 604 543 est
628 507 775 552 elegisse
798 507 906 550 viam,
931 518 1002 553 qua
1023 518 1099 543 rem
1120 517 1201 552 per-

119 558 340 599 sequeretur:
361 557 398 589 et
419 554 449 589 si
468 553 648 598 negotium
668 552 719 588 ibi
738 553 965 588 terminatum
984 556 1020 588 et
1036 552 1202 587 damnato

118 599 196 634 fure
226 602 371 643 recepta
400 602 455 633 est
477 599 628 643 pecunia
651 598 795 633 sublata
817 597 855 632 in
879 597 1042 642 simplum
1053 601 1075 639 ²,
1106 597 1201 633 vide-

118 651 176 678 tur
199 643 285 678 furti
309 643 469 695 quaestio
491 643 646 685 sublata,
670 643 822 678 maxime
846 643 876 678 si
898 653 970 678 non
993 643 1109 678 solum
1127 652 1202 677 rem

117 689 282 723 furtivam
305 688 363 723 fur
385 688 572 723 restituere
594 689 713 723 iussus
737 687 854 731 fuerit,
879 688 940 723 sed
961 687 1113 732 amplius
1137 687 1201 722 ali-

119 733 203 778 quid
226 734 262 768 in
287 744 366 768 eum
389 733 497 768 iudex
521 732 756 769 constituerit.
803 732 867 768 sed
896 736 933 768 et
955 733 986 768 si
1016 733 1104 767 nihil
1127 742 1201 767 am-

118 779 212 824 plius
248 788 354 822 quam
388 778 555 813 furtivam
584 789 659 813 rem
689 778 877 813 restituere
906 777 1025 813 iussus
1057 778 1167 812 fuerit
1176 778 1201 820 ²,

118 825 213 868 ipso,
245 823 340 868 quod
369 823 407 858 in
442 823 640 868 periculum
670 823 815 858 maioris
852 832 991 867 poenae
1029 822 1202 858 deductus

119 873 173 903 est
192 868 262 910 fur,
285 868 560 913 intellegendum
582 872 636 903 est
655 868 897 913 quaestionem
917 867 1006 902 furti
1025 868 1203 903 sublatam

121 917 139 948 2
187 924 277 949 esse.
325 913 363 948 Si
393 924 450 949 res
482 913 672 959 peculiaris
712 913 884 958 subrepta
912 913 950 948 in
987 917 1203 958 potestatem

120 959 211 994 servi
233 958 387 1000 redierit,
413 959 560 995 solvitur
578 958 665 993 furti
683 957 806 992 vitium
826 961 862 993 et
879 957 1006 1003 incipit
1025 959 1094 994 1100
1114 968 1202 993 casu

120 1010 137 1038 :5
185 1004 221 1038 in
264 1004 404 1049 peculio
442 1014 519 1039 esse
554 1007 591 1038 01
624 1013 646 1038 a
682 1003 823 1044 domino
864 1003 1053 1048 possideri.
1114 1003 1202 1038 Cum

119 1052 238 1084 autem
260 1059 384 1084 servus
406 1059 481 1084 rem
504 1059 605 1085 suam
634 1048 849 1093 peculiarem
880 1048 1024 1083 furandi
1053 1049 1201 1084 consilio

119 1097 274 1136 amovet,
319 1094 486 1138 quamdiu
522 1104 598 1128 earn
633 1093 778 1136 retinet,
820 1093 982 1129 condicio
1018 1093 1095 1129 eius
1129 1104 1202 1129 non

119 1142 278 1174 mutatur
301 1139 401 1181 (nihil
425 1139 517 1175 enim
541 1138 681 1174 domino
706 1138 840 1182 abest):
866 1138 930 1174 sed
953 1138 984 1174 si
1007 1139 1068 1174 alii
1090 1139 1200 1174 tradi-

120 1190 140 1219 4
188 1184 288 1227 derit,
313 1184 448 1219 furtum
470 1184 589 1219 faciet.
626 1183 695 1228 Qui
713 1183 862 1218 tutelam
879 1184 981 1228 gerit,
1006 1184 1202 1228 transigere

121 1240 201 1264 cum
222 1228 301 1264 fure
324 1234 444 1274 potest
466 1233 517 1273 et,
550 1229 581 1264 si
603 1229 640 1263 in
662 1232 876 1273 potestatem
901 1239 1003 1264 suam
1026 1229 1202 1274 redegerit

120 1285 193 1309 rem
215 1274 393 1317 furtivam,
417 1274 545 1310 desinit
567 1273 699 1309 furtiva
722 1284 818 1316 esse,
843 1273 926 1319 quia
949 1278 1047 1310 tutor
1070 1274 1202 1309 domini

119 1321 198 1355 loco
227 1319 390 1354 habetur.
439 1320 501 1355 sed
525 1322 561 1354 et
585 1319 680 1354 circa
704 1322 905 1354 curatorem
928 1319 1055 1354 furiosi
1079 1319 1202 1354 eadem

120 1364 270 1399 dicenda
301 1368 402 1407 sunt,
436 1367 497 1409 qui
527 1364 616 1399 adeo
654 1374 846 1409 personam
876 1364 1008 1399 domini
1038 1365 1201 1408 sustinet,

119 1414 160 1445 ut
182 1409 288 1444 etiam
319 1409 492 1445 tradendo
525 1420 599 1444 rem
628 1408 757 1444 furiosi
788 1409 944 1444 alienare
968 1409 1200 1445 existimetur.

120 1454 306 1491 condicere
338 1458 456 1490 autem
479 1464 554 1490 rem
578 1454 743 1489 furtivam
766 1456 886 1489 tutor³
917 1458 954 1489 et
977 1458 1122 1490 curator
1144 1456 1200 1490 fu-

120 1504 139 1535 5
186 1500 272 1535 riosi
302 1510 425 1535 eorum
457 1500 600 1535 nomine
631 1503 793 1544 possunt.
850 1500 885 1534 Si
916 1499 985 1535 duo
1026 1500 1118 1535 servi
1149 1501 1202 1535 tui

119 1548 250 1581 vestem
281 1549 317 1580 et
346 1548 530 1590 argentum
561 1544 803 1589 subripuerint
826 1549 862 1580 et
891 1545 1037 1580 alterius
1060 1545 1203 1580 nomine

119 1594 236 1626 tecum
266 1589 310 1625 de
339 1595 435 1626 veste
472 1594 591 1625 actum
621 1589 746 1632 fuerit,
789 1589 935 1625 alterius
974 1590 1018 1625 de
1055 1595 1201 1636 argento

119 1636 287 1680 agatur⁴z
322 1635 422 1670 nulla
452 1635 615 1680 exceptio
647 1634 725 1670 dari
757 1634 901 1671 debebit
932 1635 978 1671 ob
1009 1646 1086 1671 eam
1115 1646 1201 1680 rem,

120 1681 215 1726 quod
237 1681 307 1715 iam
331 1680 375 1715 de
397 1685 495 1716 veste
517 1685 637 1715 actum
660 1679 779 1715 fuerit.

166 1723 218 1763 58
239 1724 523 1769 (57)‘ALFENUS
544 1725 634 1761 libro
658 1730 789 1771 quarto
809 1725 1028 1771 diqestorum
1044 1737 1067 1761 a
1086 1725 1202 1762 Paulo

121 1773 395 1818 epitomatorum
450 1771 488 1806 Si
527 1774 646 1806 cretae
679 1769 871 1805 fodiundae
912 1781 1022 1805 causa
1057 1781 1203 1815 specum

145 1817 200 1852 uis
222 1816 367 1852 fecisset
389 1820 426 1851 et
450 1819 583 1851 cretam
605 1815 829 1858 abstulisset,
852 1815 912 1851 fur
935 1819 1000 1858 est,
1025 1827 1097 1851 non
1121 1817 1204 1861 quia

136 1861 280 1901 odisset,
306 1861 367 1896 sed
391 1861 474 1906 quia
497 1861 715 1896 abstulisset.

166 1905 219 1944 59
244 1903 325 1950 (58)
350 1906 541 1942 IULIANUS
562 1905 651 1941 libro
676 1908 806 1951 quarto
831 1905 880 1941 ad
909 1905 1070 1941 Urseium
1092 1906 1202 1942 Fero-

122 1963 195 1988 cem
241 1952 278 1987 si
300 1951 374 1986 filio
404 1951 558 1986 familias
581 1950 715 1986 furtum
748 1950 884 1985 factum
908 1955 1018 1993 esset,
1050 1954 1149 1987 recte
1171 1951 1202 1987 is

120 2001 222 2042 pater
244 1996 397 2032 familias
421 1997 538 2031 factus
570 2006 612 2031 eo
644 1995 784 2030 nomine
807 2000 900 2040 aget.
948 1996 1011 2031 sed
1034 2000 1070 2031 et
1093 1996 1125 2032 si
1146 2007 1203 2032 res

121 2043 153 2078 ei
184 2043 303 2077 locata
335 2042 505 2087 subrepta
528 2041 652 2083 fuerit,
683 2044 788 2085 pater
818 2040 972 2077 familias
1003 2040 1121 2077 factus
1145 2042 1202 2077 iti-

122 2088 201 2123 dem
224 2097 329 2132 agere
353 2087 494 2132 poterit.

167 2131 219 2170 60
244 2130 325 2175 (59)
348 2132 456 2167 IDEM
482 2132 571 2168 libro
597 2132 701 2166 tertio
733 2142 782 2166 ex
803 2129 954 2166 Minicio
1002 2131 1039 2166 Si
1062 2130 1110 2174 is,
1143 2131 1204 2177 qui

122 2188 196 2214 rem
228 2177 506 2220 commodasset,
537 2187 614 2212 eam
646 2186 721 2211 rem
745 2176 838 2211 clam
861 2175 1084 2221 abstulisset,
1117 2176 1205 2213 furti

124 2234 202 2259 cum
227 2233 268 2258 eo
292 2222 349 2268 agi
372 2233 444 2257 non
466 2225 602 2267 potest,
637 2221 722 2266 quia
745 2231 848 2256 suum
871 2221 1064 2266 recepisset
1088 2225 1123 2257 et
1144 2222 1204 2258 ille

123 2268 334 2304 commodati
365 2267 537 2302 liberatus
561 2271 666 2302 esset.
712 2266 781 2302 hoc
804 2270 924 2301 tamen
951 2267 1003 2301 ita
1026 2267 1203 2312 accipien-

122 2314 205 2348 dum
237 2317 310 2357 est,
343 2312 373 2348 si
405 2313 522 2348 nullas
554 2311 729 2347 retinendi
760 2321 888 2346 causas
911 2311 942 2347 is
968 2311 1026 2347 cui
1051 2323 1203 2348 commo-

123 2359 208 2394 data
238 2369 294 2394 res
326 2361 404 2393 erat
433 2357 579 2393 habuit:
615 2366 698 2392 nam
721 2356 752 2392 si
781 2356 960 2401 impensas
984 2358 1205 2393 necessarias

122 2404 160 2439 in
192 2413 267 2438 rem
302 2402 559 2439 commodatam
592 2402 747 2444 fecerat,
783 2401 945 2436 interfuit
973 2402 1050 2438 eius
1083 2402 1204 2448 potius

122 2459 188 2494 per
210 2448 442 2484 retentionem
475 2458 535 2483 eas
567 2457 709 2483 servare
741 2457 847 2492 quam
871 2447 965 2482 ultro
991 2448 1204 2483 commodati

122 2503 237 2538 agere,
261 2493 411 2538 ideoque
433 2492 520 2528 furti
544 2492 719 2528 actionem
742 2491 900 2527 habebit.

169 2536 218 2576 61
254 2536 335 2582 (60)
373 2538 599 2574 AFRICANUS
639 2538 729 2573 libro
765 2538 916 2583 septimo
955 2538 1203 2582 quaestionum

123 2583 264 2619 Ancilla
287 2582 434 2629 fugitiva
457 2582 752 2627 quemadmodum
777 2581 833 2617 sui
855 2582 991 2617 furtum
1007 2582 1127 2618 facere
1149 2583 1204 2618 in-

123 2629 317 2673 tellegitur,
345 2629 396 2664 ita
418 2631 561 2673 partum
586 2637 726 2672 quoque
757 2627 1013 2662 contrectando
1036 2627 1205 2663 furtivum

123 2674 220 2709 facit.

170 2716 224 2756 62
248 2716 329 2761 (61)
353 2717 460 2753 IDEM
479 2717 569 2753 libro
591 2719 715 2752 octavo
740 2716 988 2763 quaestionum
1021 2716 1059 2752 Si
1082 2727 1204 2753 servus

127 2763 320 2799 communis
351 2762 414 2797 uni
445 2772 489 2797 ex
513 2761 661 2797 dominis
691 2760 826 2796 furtum
855 2760 998 2803 fecerit,
1030 2763 1205 2797 communi

126 2808 315 2844 dividundo
347 2808 402 2852 agi
434 2807 562 2842 debere
592 2806 711 2851 placet
734 2809 770 2841 et
792 2806 938 2842 arbitrio
967 2806 1095 2842 iudicis
1120 2818 1204 2843 con-

125 2853 241 2895 tineri,
265 2856 306 2887 ut
329 2857 392 2887 aut
415 2851 581 2887 damnum
602 2854 762 2896 praestet
784 2855 848 2886 aut
869 2854 973 2896 parte
997 2852 1111 2887 cedat.
1148 2854 1205 2888 cui

127 2907 345 2942 consequens
379 2896 517 2932 videtur
550 2906 644 2939 esse,
689 2900 730 2931 ut
764 2896 890 2939 etiam,
934 2897 966 2932 si
1000 2897 1206 2933 alienaverit

128 2953 230 2979 suam
257 2946 413 2987 partem,
446 2941 606 2977 similiter
636 2945 672 2976 et
700 2951 780 2976 cum
810 2944 968 2987 emptore
1000 2942 1058 2986 agi
1079 2943 1203 2987 possit,

126 2991 167 3024 ut
189 2986 447 3033 quodammodo
472 2986 612 3032 noxalis
632 2986 726 3022 actio
750 2990 857 3032 caput
880 2990 1060 3031 sequatur.
1109 2988 1205 3032 quod

126 3037 244 3068 tamen
267 3043 339 3068 non
363 3042 404 3067 eo
428 3041 541 3076 usque
571 3031 838 3076 producendum
862 3032 928 3075 ait,
954 3035 995 3066 ut
1017 3032 1140 3075 etiam,
1174 3033 1205 3069 si

126 3078 215 3114 liber
238 3077 284 3113 sit
306 3077 441 3118 factus,
477 3087 556 3111 cum
578 3076 656 3120 ipso
681 3076 738 3120 agi
760 3086 865 3121 posse
889 3075 1065 3120 dicamus,
1098 3077 1202 3113 sicuti

127 3133 197 3158 non
222 3126 385 3167 ageretur
408 3121 532 3163 etiam,
568 3121 599 3157 si
620 3121 786 3166 proprius
809 3121 947 3157 fuisset.
995 3132 1039 3157 ex
1061 3122 1116 3157 his
1139 3123 1204 3168 igi-

127 3173 187 3202 tur
210 3177 382 3212 apparere
405 3171 441 3202 et
464 3169 603 3201 mortuo
628 3176 728 3201 servo
752 3166 839 3201 nihil
862 3172 958 3210 esse,
983 3167 1078 3211 quod
1102 3171 1204 3203 actor

129 3223 169 3248 οο
201 3212 341 3247 1101111110
376 3211 542 3256 consequi
578 3210 710 3256 possit,
750 3211 818 3246 nisi
854 3211 947 3247 forte
977 3212 1061 3256 quid
1091 3222 1135 3247 ex
1166 3223 1205 3248 re

130 3261 145 3291 1
194 3257 326 3291 furtiva
360 3257 406 3291 ad
440 3257 575 3292 socium
615 3255 823 3300 pervenerit.
877 3256 942 3292 His
977 3257 1083 3292 etiam
1115 3257 1205 3292 illud

130 3311 348 3346 consequens
380 3311 458 3337 esse
489 3302 556 3343 ait,
590 3305 632 3334 ut
655 3304 690 3335 et
712 3300 742 3336 si
764 3300 795 3336 is
818 3311 960 3343 servus,
993 3312 1098 3347 quem
1120 3303 1206 3337 mihi

129 3346 267 3391 pignori
297 3346 452 3389 dederis,
491 3346 625 3381 furtum
653 3344 739 3380 mihi
768 3344 912 3389 fecerit,
949 3346 1086 3391 agendo
1120 3358 1204 3382 con·

128 3392 238 3432 traria
286 3390 491 3435 igneraticia
515 3400 728 3434 consequar,
760 3389 814 3424 uti
837 3390 998 3426 similiter
1021 3395 1084 3427 aut
1107 3392 1204 3427 dam-

129 3448 213 3471 num
272 3435 390 3471 ecidas
421 3439 486 3470 aut
540 3446 580 3470 ro
612 3444 727 3470 noxae
751 3434 927 3481 deditione
949 3436 1125 3472 hominem
1149 3447 1204 3473 re-

130 3485 149 3516 2
195 3481 347 3526 linquas.
381 3480 479 3516 Idem
526 3480 689 3516 icendum
713 3479 757 3514 de
780 3489 833 3523 ec,
858 3490 960 3525 quem
985 3482 1207 3518 convenisset

130 3596 172 3637 (l)
197 3596 230 3627 et
242 3594 396 3627 damnato
407 3594 481 3627 fure
492 3605 544 3627 res
555 3596 686 3637 recepta
698 3596 747 3628 est
757 3594 939 3637 pecuniave
950 3594 1060 3629 ablata
1075 3596 1112 3629 in
1128 3596 1206 3628 sim-

130 3639 222 3682 plum
234 3653 296 3673 scr.
407 3640 451 3679 (2)
475 3638 531 3672 sed
542 3639 684 3681 amplius
696 3639 824 3681 aliquid
836 3640 872 3672 in
886 3650 959 3672 cum
971 3640 1071 3674 iudex
1083 3641 1206 3674 consti·

131 3689 223 3717 tucre
235 3685 342 3717 iussus
353 3684 454 3717 fuerit
468 3685 570 3717 denuo
583 3686 643 3718 ins.
659 3686 694 3718 F
743 3686 786 3726 (3)
808 3683 929 3726 pupilli
944 3686 1003 3719 itis.
1064 3688 1105 3726 (4)
1130 3696 1205 3727 age-

132 3730 233 3763 turF
274 3780 277 3789 .
317 3730 362 3770 (5)
386 3738 549 3772 peraeque
561 3741 622 3762 scr.
715 3733 760 3768 (6)
785 3730 970 3769 cogeturF
1048 3732 1091 3772 (7)
1116 3730 1205 3763 omni

1191 109 1274 160 771

2046 118 2297 162 XXXXVII
2328 121 2352 160 2

1271 236 1308 271 in
1333 245 1444 271 causa
1472 234 1720 287 redhibitionis
1751 248 1847 282 esse,
1880 240 1949 283 uti,
1975 240 2268 284 quemadmodum
2291 251 2351 276 ac·

1273 281 1451 317 cessiones
1475 284 1512 316 et
1533 280 1675 316 tructus
1700 287 1837 327 emptor
1860 286 2046 320 restituere
2070 286 2220 331 cogitur,
2243 286 2295 321 ita
2317 289 2355 321 et

1272 336 1292 361 e
1325 325 1504 361 contrario
1536 325 1698 360 venditor
1730 338 1869 373 quoque
1897 330 1953 364 vel
1985 330 2152 366 damnum
2189 331 2353 367 decidere

1270 371 1325 406 vel
1375 381 1416 406 ro
1439 369 1757 422 noxaededitione
1777 374 1953 409 hominem
1970 376 2168 420 relinquere
2192 380 2350 421 cogatur.

1272 420 1291 451 3
1373 415 1418 451 101
1441 415 1537 461 quod
1558 426 1596 450 111
1619 415 1673 450 1110
1698 418 1848 461 amplius
1873 420 1927 462 sit,
1954 420 2058 464 quod,
2084 421 2113 456 si
2134 421 2249 456 sciens
2273 422 2353 466 quis

1270 461 1448 506 ignoranti
1470 460 1586 496 furem
1632 461 1745 504 ignori
1769 462 1913 505 dederit,
1939 465 2033 499 omni
2056 466 2160 502 modo
2185 466 2352 501 damnum

1270 509 1454 551 praestare
1487 515 1599 549 cogen
1627 516 1668 540 us
1704 510 1773 541 est:
1808 507 1844 541 id
1879 509 1971 543 enim
2005 511 2119 546 bonae
2149 511 2232 546 fidei
2267 522 2351 546 con-

1271 557 1291 585 4
1339 551 1474 586 venire:
1523 550 1594 585 Sed
1615 550 1654 584 in
1677 551 1817 586 actione
1843 555 1949 597 empti
1972 556 2162 600 praecipue
2187 561 2351 600 spectan-

1272 596 1356 631 dum
1390 606 1487 639 esse,
1532 595 1672 640 qualem
1715 606 1854 631 servum
1898 600 2057 634 venditor
2099 601 2349 645 repromiserit.

1272 644 1290 675 5
1340 641 1443 685 Quod
1465 650 1550 676 vero
1575 640 1622 675 ad
1645 641 1803 675 mandati
1827 642 2001 678 actionem
2024 644 2161 689 attinet,
2187 646 2350 681 dubitare

1271 695 1310 721 00
1341 687 1407 728 ait,
1440 697 1524 720 num
1553 687 1691 730 aeque⁵
1721 686 1906 721 dicendum
1930 688 1976 722 sit
1999 690 2093 723 omni
2123 691 2227 725 modo
2253 691 2350 725 dam-

1271 741 1356 766 num
1379 730 1556 776 praestari
1579 730 1724 775 debere,
1757 735 1794 766 et
1817 732 1956 776 quidem
1978 734 2047 768 hoc
2071 736 2222 779 amplius
2246 747 2351 780 quam

1270 776 1308 811 in
1333 776 1575 821 superioribus
1607 776 1725 811 causis
1757 777 1985 819 servandum,
2010 783 2066 820 ut,
2092 780 2229 815 etiamsi
2252 781 2350 825 igno-

1270 823 1403 856 raverit
1425 821 1476 863 is,
1501 821 1562 865 qui
1585 824 1721 855 certum
1744 821 1920 856 hominem
1944 823 2010 857 emi
2034 825 2270 869 mandaverit,
2294 825 2350 860 fu-

1271 876 1345 901 rem
1369 876 1463 910 esse,
1496 865 1605 900 nihilo
1629 866 1744 902 minus
1769 870 1887 902 tamen
1913 867 2078 902 damnum
2107 869 2267 905 decidere
2293 881 2351 905 co-

1269 914 1375 956 gatur
1384 912 1408 947 θ.
1455 911 1648 946 iustissime
1677 912 1770 946 enim
1798 916 2066 957 procuratorem
2097 915 2250 958 allegare
2281 926 2351 949 non

1270 956 1382 991 fuisse
1406 966 1444 991 se
1466 956 1505 990 id
1525 956 1692 990 damnum
1715 966 1914 1001 passurum,
1940 958 1971 993 si
1993 958 2030 992 id
2053 959 2257 994 mandatum
2280 971 2351 994 non

1271 1001 1502 1047 suscepisset:
1526 1001 1633 1045 idque
1658 1002 1853 1037 evidentius
1876 1002 1914 1036 in
1934 1013 2044 1037 causa
2068 1003 2218 1048 depositi
2242 1015 2351 1049 appa-

1270 1056 1361 1082 rere.
1397 1056 1480 1081 nam
1503 1046 1588 1080 licet
1610 1046 1769 1091 alioquin
1793 1057 1946 1092 aequum
1969 1048 2128 1083 videatur
2152 1060 2223 1084 non
2247 1060 2351 1094 opor-

1270 1096 1345 1126 tere
1370 1092 1534 1136 cuiquam
1557 1091 1639 1136 plus
1672 1091 1791 1127 damni
1813 1103 1878 1137 per
1901 1103 2041 1127 servum
2064 1094 2216 1136 evenire,
2249 1105 2352 1138 quam

1271 1137 1394 1181 quanti
1424 1137 1501 1182 ipse
1533 1147 1656 1172 servus
1688 1137 1750 1180 sit,
1790 1138 1900 1173 multo
1937 1142 2056 1172 tamen
2096 1139 2243 1183 aequius
2275 1149 2352 1173 esse

1271 1182 1402 1217 nemini
1437 1181 1594 1217 officium
1629 1192 1750 1225 suum,
1787 1182 1882 1227 quod
1917 1182 2012 1225 eius,
2049 1194 2130 1218 cum
2164 1195 2232 1228 quo
2269 1194 2352 1219 con-

1270 1228 1437 1269 traxerit,
1477 1238 1550 1262 non
1579 1227 1686 1262 etiam
1717 1227 1773 1263 sui
1802 1228 1978 1263 commodi
2009 1239 2118 1263 causa
2147 1229 2353 1273 susceperit,

1271 1272 1480 1307 damnosum
1500 1282 1588 1314 esse,
1613 1277 1650 1307 et
1669 1272 1763 1307 siout
1780 1273 1817 1307 in
1837 1273 2080 1318 superioribus
2102 1273 2354 1315 contractibus,

1271 1317 1470 1352 venditione
1493 1317 1672 1352 locatione
1696 1318 1858 1362 pignore,
1892 1318 2011 1353 dolum
2035 1319 2129 1361 eius,
2153 1318 2214 1363 qui
2238 1318 2353 1353 sciens

1270 1362 1464 1404 reticuerit,
1489 1363 1707 1407 puniendum
1727 1373 1806 1398 esse
1830 1363 1963 1398 dictum
1987 1364 2044 1406 sit,
2067 1364 2119 1398 ita
2141 1364 2178 1398 in
2200 1363 2255 1398 his
2280 1363 2353 1397 cul-

1270 1418 1353 1452 pam
1377 1418 1518 1451 eorum,
1542 1418 1692 1452 quorum
1718 1418 1828 1443 causa
1851 1409 2101 1450 contrahatur,
2126 1408 2214 1453 ipsis
2236 1408 2355 1452 potius

1273 1454 1480 1488 damnosam
1504 1463 1581 1488 esse
1601 1453 1741 1488 debere.
1774 1464 1857 1488 nam
1876 1458 1971 1488 certe
1992 1454 2193 1488 mandantis
2215 1454 2355 1497 culpam

1274 1509 1362 1540 esse,
1388 1498 1448 1543 qui
1472 1499 1579 1532 talem
1603 1509 1744 1533 servum
1762 1499 1831 1533 emi
1855 1499 1923 1533 sibi
1946 1499 2175 1540 mandaverit,
2200 1502 2236 1533 et
2259 1498 2355 1534 simi-

1271 1543 1352 1578 liter
1383 1544 1458 1578 eius
1492 1543 1552 1588 qui
1581 1542 1755 1588 deponat,
1787 1543 1883 1588 quod
1915 1555 1987 1579 non
2018 1544 2127 1579 fuerit
2158 1543 2356 1588 diligentior

1273 1591 1293 1623 6
1340 1588 1437 1623 circa
1452 1588 1678 1631 monendum,
1700 1589 1841 1633 qualem
1858 1599 1999 1624 servum
2016 1590 2219 1633 deponeret.
2253 1588 2351 1623 Circa

1273 1633 1535 1668 commodatum
1557 1638 1678 1668 autem
1710 1634 1836 1669 merito
1863 1634 1960 1668 aliud
1984 1633 2273 1677 existimandum,
2304 1633 2352 1667 vi-

1273 1679 1400 1713 delicet
1423 1679 1519 1723 quod
1541 1682 1628 1713 tunc
1651 1678 1727 1714 eius
1760 1679 1869 1714 solius
1897 1680 2136 1721 commodum,
2170 1678 2230 1723 qui
2253 1681 2353 1713 uten-

1272 1723 1356 1758 dum
1379 1724 1572 1768 rogaverit,
1603 1727 1774 1759 versetur.
1821 1724 1942 1769 itaque
1965 1735 2046 1759 eum
2070 1724 2131 1769 qui
2154 1723 2352 1758 commoda-

1272 1769 1379 1811 verit,
1415 1769 1509 1804 sicut
1537 1769 1576 1803 111
1606 1768 1800 1811 locatione,
1834 1770 1863 1804 si
1889 1770 1969 1805 dolo
2001 1769 2086 1814 quid
2109 1769 2255 1804 fecerit⁷
2283 1779 2354 1803 non

1272 1814 1368 1848 ultra
1384 1814 1538 1859 pretium
1558 1813 1650 1849 servi
1669 1814 1753 1859 quid
1770 1814 1996 1850 amissurum:
2022 1815 2106 1858 quin
2123 1814 2228 1849 etiam
2247 1814 2354 1857 paulo

1272 1859 1452 1894 remissius
1492 1859 1609 1894 ⁸circa
1644 1859 1972 1904 interpretationem
2007 1860 2078 1894 doli
2110 1858 2192 1893 mali
2228 1859 2355 1893 debere

1272 1915 1338 1940 nos
1361 1904 1513 1947 versari,
1545 1905 1730 1948 quoniam,
1765 1908 1805 1939 ut
1828 1905 1962 1940 dictum
1986 1905 2033 1940 sit
2042 1905 2067 1948 ⁹,
2098 1904 2196 1938 nulla
2219 1903 2355 1938 utilitas

1274 1953 1291 1983 7
1341 1949 1596 1984 commodantis
1618 1950 1840 1984 interveniat.
1873 1950 1972 1985 Haec
1988 1950 2039 1984 ita
2060 1953 2147 1995 puto
2164 1959 2248 1983 vera
2264 1958 2352 1990 esse,

1272 1994 1303 2030 si
1326 1994 1426 2029 nulla
1456 1995 1562 2039 culpa
1591 1994 1722 2039 ipsius,
1757 1995 1817 2039 qui
1847 1995 2054 2030 mandatum
2077 1995 2132 2029 vel
2156 1993 2353 2038 depositum

1272 2039 1479 2085 susceperit,
1503 2039 1718 2075 intercedat:
1745 2044 1902 2075 ceterum
1923 2040 1954 2075 si
1972 2041 2049 2085 ipse
2073 2041 2164 2074 ultro
2183 2040 2216 2073 ei
2237 2043 2354 2073 custo—

1273 2084 1366 2119 diam
1398 2085 1535 2128 argenti
1566 2084 1661 2120 forte
1686 2085 1741 2120 vel
1764 2096 1988 2120 nummorum
2013 2084 2242 2126 commiserit,
2276 2094 2354 2118 cum

1273 2129 1431 2174 alioquin
1462 2130 1551 2164 nihil
1581 2140 1749 2175 umquam
1780 2131 1944 2166 dominus
1984 2130 2056 2165 talc
2086 2129 2170 2174 quid
2200 2129 2354 2170 fecisset,

1274 2178 1293 2209 8
1340 2175 1444 2209 aliter
1474 2175 1746 2210 existimandum
1776 2179 1841 2211 est.
1889 2176 2025 2211 Locavi
2048 2175 2113 2210 tibi
2136 2174 2295 2215 fundum,
2320 2177 2356 2207 et

1273 2222 1327 2261 (ut
1350 2219 1500 2263 adsolet)
1526 2221 1707 2262 convenit,
1740 2221 1792 2255 uti
1820 2221 1960 2255 fructus
1986 2221 2031 2256 ob
2060 2219 2257 2254 mercedem
2279 2218 2354 2263 pig-

1272 2265 1350 2300 nori
1381 2265 1465 2300 mihi
1496 2269 1625 2300 essent.
1675 2265 1704 2300 si
1728 2276 1789 2301 eos
1815 2266 1906 2300 clam
1938 2265 2196 2310 deportaveris,
2228 2263 2355 2298 111111ιο

1271 2313 1389 2345 10011111
1419 2320 1523 2354 agere
1553 2320 1659 2355 posse
1684 2311 1813 2346 aiebat.
1861 2311 1924 2346 sed
1948 2315 1984 2346 01
2007 2311 2036 2346 01
2060 2315 2099 2344 111
2134 2309 2195 2344 alii
2217 2309 2354 2343 fructus

1271 2355 1466 2400 pendentes
1501 2355 1696 2391 vendideris
1741 2360 1777 2390 et
1820 2360 1960 2400 emptor
1998 2366 2059 2391 eos
2107 2354 2353 2400 deportaverit,

1275 2410 1495 2445 consequens
1519 2400 1603 2444 erit,
1629 2405 1669 2435 ut
1691 2401 1728 2435 in
1752 2400 1920 2436 furtivam
1946 2411 2091 2436 causam
2115 2410 2177 2435 000
2200 2399 2355 2434 incidere

1273 2445 1445 2480 dicamus.
1480 2446 1609 2480 etenim
1625 2445 1777 2488 fructus,
1802 2446 1970 2491 quamdiu
1989 2446 2065 2480 solo
2088 2445 2353 2485 cohaereant¹¹,

1274 2490 1376 2525 fundi
1407 2500 1485 2525 esse
1514 2494 1550 2525 et
1577 2490 1657 2525 ideo
1683 2491 1864 2533 colonum,
1899 2491 1982 2535 quia
2012 2491 2193 2525 voluntate
2224 2488 2356 2523 domini

1274 2546 1335 2571 eos
1363 2535 1547 2580 percipere
1576 2535 1754 2578 videatur,
1792 2546 1877 2572 suos
1911 2537 2052 2571 fructus
2083 2536 2212 2571 facere.
2261 2533 2355 2578 quod

1276 2584 1371 2616 certe
1394 2580 1431 2615 in
1460 2580 1643 2625 proposito
1667 2591 1739 2616 non
1763 2591 1875 2626 aeque
1906 2581 2050 2616 dicitur:
2089 2590 2158 2624 qua
2181 2579 2274 2614 enim
2296 2589 2353 2613 ra-

1274 2626 1371 2661 tione
1400 2625 1518 2661 coloni
1546 2625 1623 2661 fieri
1653 2625 1809 2671 possint,
1847 2637 1927 2661 cum
1958 2630 2094 2671 emptor
2117 2635 2178 2660 000
2202 2634 2266 2659 0110
2290 2634 2354 2658 110-

1276 2674 1295 2706 9
1342 2671 1436 2706 1111110
1460 2671 1588 2715 cogat?
1613 2670 1884 2714 Statuliberum,
1910 2671 1980 2716 qui,
2006 2672 2036 2706 si
2061 2670 2182 2706 decem
2206 2668 2352 2711 dederit,

1274 2716 1364 2751 liber
1395 2725 1474 2751 esse
1500 2716 1619 2751 iussus
1650 2719 1742 2758 erat,
1776 2717 1880 2752 heres
1917 2715 2039 2751 noxali
2069 2715 2199 2750 iudicio
2234 2713 2353 2748 defen-

1275 2761 1393 2796 derat:
1435 2761 1611 2806 pendente
1640 2761 1771 2796 iudicio
1802 2772 1925 2797 servus
1959 2761 2050 2796 datis
2065 2770 2067 2772 ·
2083 2761 2204 2795 decem
2233 2758 2355 2793 heredi

1274 2806 1320 2841 ad
1343 2806 1542 2841 libertatem
1565 2807 1743 2851 pervenit:
1776 2807 1975 2852 quaeritur,
2000 2817 2047 2840 an
2070 2816 2142 2840 non
2166 2804 2268 2839 aliter
2290 2804 2353 2837 ab·

1273 2851 1402 2887 solutio
1426 2850 1503 2886 fieri
1527 2851 1663 2895 debeat,
1689 2861 1795 2896 quam
1818 2852 1849 2887 si
1874 2851 2005 2893 deceni,
2032 2860 2122 2895 quae
2146 2849 2352 2893 accepisset,

1273 2897 1375 2932 heres
1407 2895 1521 2930 actori
1550 2896 1715 2931 dedisset.
1763 2896 1896 2932 referre
1927 2896 2154 2938 existimavit,
2187 2893 2279 2928 unde
2311 2903 2354 2927 ea

1272 2941 1426 2986 pecunia
1450 2941 1535 2976 data
1557 2945 1667 2983 esset,
1699 2945 1757 2984 ut,
1791 2941 1822 2977 si
1846 2941 1986 2986 quidem
2010 2940 2151 2975 aliunde
2208 2949 2285 2973 uam
2302 2947 2353 2988 'ex

1273 2986 1431 3031 peculio,
1457 2986 1546 3020 haec
1570 2986 1694 3021 saltem
1717 2989 1896 3031 praestet,
1928 2986 2093 3031 quoniam
2118 2983 2176 3028 qui
2203 2994 2256 3018 em
2280 2993 2311 3017 Sl
2326 2983 2352 3002 ¹²

1272 3031 1430 3066 nondum
1454 3031 1500 3065 ad
1522 3031 1721 3066 libertatem
1746 3041 1867 3067 servus
1919 3031 2129 3071 ervenisset‚
2154 3037 2268 3079 noxae
2291 3026 2351 3060 de-

1275 3077 1368 3111 ditus
1405 3076 1454 3119 ei,
1481 3076 1538 3110 cui
1569 3075 1707 3111 deditus
1739 3080 1848 3119 esset,
1906 3081 2028 3110 aturus
2060 3074 2184 3109 fuerit:
2217 3083 2246 3106 01
2270 3081 2350 3122 vero

1273 3132 1318 3157 ex
1340 3120 1496 3165 peculio,
1530 3121 1612 3165 quia
1635 3132 1797 3157 nummos
1820 3121 1960 3156 heredis
1985 3119 2136 3161 dederit,
2169 3127 2256 3162 quos
2280 3119 2350 3150 uti-

1274 3176 1342 3211 que
1364 3166 1395 3200 is
1419 3176 1592 3210 passurus
1617 3176 1697 3200 eum
1722 3177 1793 3202 non
1815 3166 1923 3201 fuerit
1947 3166 1979 3200 ei
2003 3165 2103 3205 dare,
2130 3166 2255 3198 contra
2278 3164 2349 3196 sta·

1273 3211 1456 3246 tuendum.

1320 3253 1372 3293 63
1393 3252 1475 3298 (62)
1495 3254 1731 3292 MAROIANUS
1751 3256 1842 3292 libro
1867 3259 1996 3308 quarto
2014 3252 2223 3303 reqularun}
2258 3249 2348 3284 Fur-

1274 3304 1350 3336 tum
1374 3311 1446 3335 non
1471 3300 1668 3343 committit,
1694 3301 1753 3346 qui
1775 3301 1920 3345 fugitivo
1945 3300 2012 3334 iter
2035 3298 2251 3347 monstravit.
2274 3340 2281 3347 .
2307 3340 2314 3347 ·

1320 3343 1373 3383 64
1391 3344 1473 3389 (63)
1496 3344 1639 3381 MAOER
1662 3346 1752 3382 libro
1776 3346 1931 3381 secundo
1952 3343 2177 3388 publicorum
2202 3339 2350 3375 tudrom-

1273 3402 1353 3427 rum
1388 3390 1471 3426 Non
1489 3390 1622 3436 poterit
1643 3402 1786 3437 praeses
1810 3389 2010 3435 provinciae
2029 3386 2180 3427 efficere,
2206 3388 2246 3419 ut
2264 3383 2350 3419 furti

1275 3437 1480 3472 damnatum
1503 3445 1576 3471 non
1600 3440 1769 3482 sequatur
1790 3435 1944 3470 infamia.

1321 3479 1373 3518 65
1398 3478 1480 3525 (64)
1503 3480 1709 3517 Νεῃᾼφωε
1735 3481 1823 3516 libro
1841 3481 1964 3526 primo
1987 3476 2271 3511 membranarum
2316 3473 2351 3508 A

1274 3572 1371 3628 inodo
1384 3595 1540 3628 damnum
1554 3596 1797 3638 praestaturum
1818 3603 1902 3626 esse:
1926 3591 1953 3624 si
1974 3590 2050 3624 dolo
2069 3601 2135 3623 non
2153 3589 2269 3622 fecerit
2288 3589 2346 3622 ins.

1277 3642 1320 3680 (8)
1345 3640 1381 3673 id
1393 3642 1453 3674 ins.
1469 3641 1518 3674 F²
1600 3643 1643 3682 (9)
1668 3641 1716 3671 est
1730 3639 1801 3672 edd.
1886 3638 1946 3678 (ιο)
1971 3647 2022 3668 1110
2035 3638 2092 3669 ins.
2107 3637 2148 3668 R..
2164 3635 2349 3677 Stephanus

1277 3687 1333 3728 (11)
1357 3696 1417 3718 0110
1429 3685 1502 3718 1000
1514 3686 1673 3718 haereant
1686 3683 1735 3716 F2
1824 3684 1881 3723 (12)
1907 3680 2039 3723 quidem
2051 3680 2089 3722 si]
2102 3680 2129 3712 si
2142 3679 2275 3722 quidem
2286 3691 2345 3712 scr.

2015 3780 2080 3814 97·
