2528 3918
138 156 199 186 DF:
226 154 427 186 LIBER'I'IS
457 152 833 186 UNIVERSITATIUM

183 263 237 303 46
261 265 368 301 lom
382 266 472 301 libro
492 264 594 300 tertio
614 273 868 309 responsorum
914 261 1050 297 Paulus
1069 271 1217 307 respon-

137 311 206 346 dit:
231 315 416 355 patronus,
441 310 499 356 qui
516 309 686 353 deceptus
703 307 834 342 falsum
849 307 1018 342 iudicium
1037 307 1217 342 testatoris

137 360 282 391 secutus
311 360 381 398 est,
416 356 588 390 bonorum
623 353 883 397 possessionem
919 357 1046 387 contra
1073 352 1217 387 tabulas

135 401 340 436 testamenti
363 399 479 435 liberti
501 402 622 444 petere
646 408 718 433 non
740 398 962 442 prohibetur.

182 444 234 483 47
260 446 363 481 IDEM
379 446 467 480 libro
487 444 673 479 undecimo
692 453 947 489 responsorum
993 443 1127 478 Paulus
1141 451 1216 478 res-

137 492 262 536 pondit
276 489 584 527 exheredationem
603 488 755 533 nepotis,
775 498 868 533 quae
881 498 954 523 non
971 494 1077 524 notae
1091 487 1216 533 gratia,

136 537 199 572 sed
223 536 292 572 alio
318 534 463 570 consilio
488 534 628 569 adiecta
652 537 716 575 est,
742 543 870 569 nocere
895 533 928 567 ei
951 543 1023 568 non
1041 536 1216 578 oportere,

137 593 206 626 quo
236 582 350 616 minus
386 582 511 614 contra
541 578 683 614 tabulas
713 578 923 613 libertorum
954 578 1011 613 avi
1042 579 1217 614 bonorum

140 631 152 660 1
202 624 461 671 possessionem
484 628 607 668 petere
628 623 752 669 possit.
801 624 955 667 Quaero,
980 634 1037 666 an,
1069 624 1099 658 si
1123 623 1218 658 Titia

136 671 275 716 patroni
298 670 372 705 filia
394 670 506 704 iactat
529 669 662 704 Titium
683 673 823 714 patrem
854 679 977 711 suum,
1008 669 1218 714 priusquam

136 719 347 758 moreretur,
384 715 521 749 litteras
551 714 598 749 ad
630 724 668 749 se
695 714 841 755 fecisse,
876 714 1004 759 quibus
1037 714 1216 749 adiceret¹

134 772 198 806 per
219 762 364 796 libertos
385 770 468 795 suos
490 759 670 794 maleficiis
694 759 903 804 appetitum,
928 769 1059 804 easque
1082 759 1217 794 litteras

134 807 196 841 se²
227 809 385 842 secutam
417 808 499 849 post
527 809 676 840 mortem
711 805 824 849 patris
855 805 1003 840 libertos
1035 814 1217 846 accusare,

134 862 180 886 an
204 851 335 895 aliquid
360 851 391 885 ei
414 849 584 894 prodesse
607 850 721 894 possit
739 850 829 885 haec
850 851 1044 885 excusatio.
1082 850 1216 884 Paulus

133 896 316 941 respondit
345 906 438 937 eam,
495 905 563 930 uae
596 905 639 929 ex
667 895 850 930 voluntate
879 896 991 939 patris
1024 895 1217 935 accusavit,

133 953 206 977 non
237 941 366 976 debere
396 951 480 985 repe
508 940 521 974 i
557 951 579 974 a
617 941 792 976 bonorum
830 941 1056 985 possessione
1094 945 1219 975 contra

134 987 294 1030 tabulas,
326 986 491 1030 quoniam
521 996 592 1020 non
624 996 727 1020 suum
755 985 941 1028 iudicium,
973 985 1036 1021 sed
1065 986 1218 1021 alienum

135 1036 153 1066 2
201 1036 369 1067 exsecuta
387 1036 452 1066 est.
483 1031 632 1066 Patroni
648 1031 742 1066 filius
761 1031 949 1075 epistulam
966 1031 1074 1066 talem
1090 1031 1217 1066 liberto

133 1077 265 1112 emisit:
300 1076 539 1123 ‘Sempronius
563 1076 662 1111 Zoilo
693 1076 821 1112 liberto
854 1087 919 1111 suo
952 1077 1114 1111 salutem.
1164 1075 1217 1111 Ob

134 1123 270 1157 ‘merita
300 1126 364 1156 tua
393 1122 567 1166 fidemque
595 1126 711 1163 tuam,
742 1132 849 1165 quam
877 1122 963 1156 mihi
992 1132 1132 1167 semper
1155 1131 1216 1156 ex-

133 1168 302 1209 ‘hibuisti‚
328 1167 486 1202 concedo
509 1167 575 1201 tibi
598 1167 746 1202 liberam
770 1167 974 1202 testamenti
1001 1166 1217 1202 factionem’.

134 1223 277 1257 quaero,
303 1224 349 1247 an
370 1212 512 1257 patroni
530 1212 604 1247 filio
622 1212 709 1246 nihil
728 1212 927 1257 relinquere
947 1212 1087 1248 debeat.
1122 1212 1218 1246 Pau—

134 1259 186 1293 lus
211 1258 394 1303 respondit
418 1268 499 1292 eum
522 1257 704 1300 libertum,
736 1257 780 1292 de
803 1268 873 1302 quo
900 1257 1099 1302 quaeritur,
1129 1257 1217 1292 libe-

133 1314 209 1338 ram
246 1304 448 1339 testamenti
485 1302 677 1338 factionem
717 1306 949 1338 consecutum
985 1313 1059 1338 non
1094 1302 1217 1337 videri.

134 1354 152 1383 3
200 1348 334 1384 Paulus
358 1348 540 1393 respondit
564 1358 607 1381 ne
635 1352 728 1383 otem
752 1348 858 1382 etiam
883 1351 966 1393 post
988 1351 1138 1383 mortem
1162 1348 1218 1382 avi

134 1398 344 1439 conceptum
368 1393 583 1438 superstite³
605 1359 732 1428 Iiberto
758 1393 933 1428 bonorum
956 1393 1218 1438 possessionem

133 1443 258 1474 contra
281 1439 423 1473 tabulas
447 1438 564 1473 liberti
588 1438 671 1472 aviti
694 1442 817 1490 petere
839 1449 947 1484 posse
978 1442 1013 1474 et
1041 1438 1088 1473 ad
1116 1439 1217 1474 here-

133 1485 278 1519 ditatem
302 1484 493 1529 legitimam
517 1484 591 1518 eius
616 1483 772 1519 adm1tti:
806 1494 1018 1528 responsum
1042 1484 1135 1519 enim
1158 1484 1217 1518 Iu-

132 1530 240 1564 liani⁴
263 1534 403 1564 tantum
427 1529 474 1564 ad
495 1528 728 1564 hereditatem
751 1528 959 1573 legitimam,
989 1529 1074 1565 item
1105 1530 1217 1565 bono-

133 1579 152 1609 4
198 1586 279 1609 111111
298 1575 559 1620 possessionem
579 1575 634 1608 avi
651 1574 1048 1654 petendaffiertinere.
1083 1574 1218 1609 Paulus

132 1620 332 1665 respondit,
366 1620 524 1665 quamvis
555 1619 616 1654 filii
641 1629 663 1654 a
685 1623 788 1665 patre
849 1619 856 1627 ‘
875 1620 921 1655 ‘te
944 1620 1129 1665 praeteriti
1151 1630 1217 1665 pro

131 1665 355 1701 exheredatis
378 1666 588 1707 habeantur,
613 1668 733 1700 tamen
755 1676 828 1700 non
846 1675 887 1700 eo
907 1676 1020 1710 usque
1039 1666 1219 1700 silentium

131 1711 242 1756 patris
272 1711 323 1746 eis
354 1720 484 1746 nocere
513 1710 658 1753 debere,
692 1714 732 1744 ut
762 1716 796 1745 et
825 1720 848 1744 a
877 1711 979 1746 bonis
1008 1710 1218 1746 libertorum

132 1756 307 1791 avitorum
329 1756 454 1801 repelli
478 1755 641 1791 debeant.
679 1755 773 1791 idem
797 1766 1010 1800 responsum
1034 1761 1089 1792 est
1112 1756 1219 1791 etiam

132 1802 174 1836 de
199 1802 301 1837 bonis
325 1801 532 1836 libertorum
555 1804 794 1845 paternorum.

178 1844 230 1884 48
256 1847 456 1882 SCAEVOLA
485 1847 574 1881 libro
594 1846 751 1881 secundo
773 1857 1029 1892 responsorum
1077 1846 1218 1890 Quaero

132 1892 175 1927 de
199 1903 258 1935 eo,
291 1893 351 1937 qui
385 1892 551 1927 libertum
584 1891 823 1927 effracturae⁵
854 1891 999 1927 crimine
1023 1892 1217 1927 accusavit.

132 1937 332 1982 respondit,
363 1937 393 1972 si
423 1936 596 1972 eiusmodi
619 1936 832 1972 effracturae
858 1936 1004 1972 crimine
1028 1941 1219 1972 accusatus

133 1983 194 2024 sit,
220 1993 264 2017 ex
313 1993 378 2026 uo,
403 1982 433 2017 si
455 1983 688 2027 probaretur,
717 1983 754 2016 in
776 1982 956 2017 metallum
982 1982 1087 2017 datus
1113 1987 1216 2024 esset,

132 2028 293 2072 denegan
319 2039 375 2062 am
399 2028 576 2062 bonorum
598 2028 871 2072 possessionem.

178 2071 230 2110 49
256 2073 310 2108 ΡΑ
320 2082 414 2108 Utus
435 2073 525 2107 libro
551 2074 654 2107 tertio
679 2074 934 2107 sententiarum
982 2072 1128 2107 Liberto
1153 2082 1219 2117 per

134 2120 220 2154 obre
246 2119 375 2154 tionem
401 2118 569 2162 adrogato
594 2118 650 2152 ius
675 2128 779 2153 suum
796 2122 970 2163 patronus
988 2127 1060 2152 non
1075 2117 1216 2152 amittit.

178 2130 243 2201 50¹³
258 2163 534 2199 TRYPHONJNUS
554 2163 645 2199 libro
669 2163 819 2209 septimo
844 2163 980 2198 decimo
1005 2163 1218 2209 disputatio-

132 2221 216 2243 num
263 2208 360 2243 Nihil
384 2208 542 2250 interest,
570 2208 647 2253 ipse
670 2212 843 2253 patronus
867 2209 1023 2252 scriptus
1046 2209 1149 2243 heres
1175 2219 1218 2243 ex

132 2255 268 2290 minore
300 2257 401 2298 parte
432 2253 560 2288 adierit
589 2253 823 2288 hereditatem
855 2263 901 2288 an
935 2263 1076 2289 servum
1114 2264 1218 2289 81111111

133 2300 304 2344 scriptum
335 2299 478 2333 iusserit
508 2298 606 2333 adire
637 2298 887 2341 hereditatem,
928 2309 1034 2343 quam
1068 2299 1216 2334 retinet:

133 2345 241 2379 nihilo
279 2344 395 2379 minus
428 2344 521 2379 enim
555 2344 720 2388 repulsus
757 2344 825 2378 erit
858 2354 880 2378 a
916 2348 1042 2378 contra
1075 2344 1217 2380 tabulas

139 2395 145 2423 1
201 2390 374 2425 110110111111
398 2389 635 2434 possessione.
674 2389 711 2424 Si
731 2393 851 2424 tamen
869 2388 1061 2433 antequam
1081 2390 1218 2425 iuberet

133 2435 250 2470 liberti
272 2434 504 2470 hereditatem
529 2434 642 2478 adire,
674 2445 813 2469 servum
837 2434 1033 2469 vendiderit
1057 2438 1120 2469 aut
1143 2445 1218 2470 ma-

135 2480 317 2515 numiserit
349 2485 384 2515 et
413 2479 467 2514 ita
495 2481 572 2524 ipse
598 2490 711 2515 novus
735 2480 884 2515 libertus
909 2484 972 2514 aut
995 2484 1134 2525 emptor
1156 2481 1217 2515 he-

134 2525 233 2561 redes
258 2524 454 2567 extiterint,
487 2524 604 2560 verbis
636 2524 745 2560 edicti
767 2536 840 2559 non
861 2525 1072 2569 prohibetur
1091 2529 1217 2578 patro-

133 2581 199 2605 nus
230 2570 393 2615 accipere
425 2575 550 2604 contra
578 2570 722 2605 tabulas
746 2570 921 2605 bonorum
944 2581 1216 2615 possessionem.

134 2622 152 2650 2
200 2615 270 2650 Sed
308 2615 480 2659 numquid
514 2619 660 2659 praetor
699 2615 731 2650 ei
768 2615 944 2660 denegare
977 2617 1218 2660 possessorias

135 2661 294 2696 actiones
320 2661 456 2703 debeat,
482 2660 512 2695 si
534 2659 695 2695 fraudem
721 2659 837 2695 edicto
862 2661 937 2695 eius
956 2660 1076 2696 faeere
1095 2661 1217 2704 voluit,

133 2710 174 2740 ut
195 2706 310 2751 pretio
334 2705 498 2740 uberiore
521 2709 691 2750 percepto
709 2705 763 2740 vel
776 2705 888 2740 tacita
904 2706 1071 2750 pactione
1088 2706 1219 2741 61161116

133 2750 340 2786 1161611116118
364 2761 410 2785 ex
432 2750 657 2785 institutione
681 2750 819 2786 delatae
848 2751 1071 2786 commodum
1096 2755 1132 2786 et
1155 2752 1219 2786 bo-

134 2807 260 2831 norum
283 2795 519 2840 possessionis
545 2799 669 2830 contra
691 2796 835 2830 tabulas
853 2795 1029 2830 haberet?
1063 2796 1218 2831 facilior-

134 2851 203 2885 que
233 2841 391 2886 suspicio
421 2851 485 2884 per
517 2840 628 2874 filium
660 2841 831 2891 scriptum
862 2840 1028 2875 heredem
1060 2842 1219 2885 quamvis

135 2886 394 2930 emancipatum
418 2885 606 2920 adeuntem
630 2886 749 2921 11116111
766 2885 997 2921 hereditatem
1017 2886 1135 2930 ipsum
1153 2897 1218 2931 pa-

133 2935 275 2967 tronum
299 2931 442 2972 habere,
469 2941 550 2965 cum
573 2931 703 2974 omnia,
728 2941 820 2975 quae
836 2934 961 2966 nostra
979 2935 1073 2973 sunt,
1098 2931 1218 2967 liberis

134 2979 153 3011 3
201 2976 331 3011 nostris
362 2987 404 3011 ex
432 2979 514 3011 voto
539 2986 715 3020 paremus.
764 2976 801 3010 Si
824 2980 943 3010 tamen
969 2976 1076 3011 clusis
1102 2976 1219 3012 adhuc

134 3021 265 3056 tabulis
285 3021 487 3057 testamenti
503 3020 630 3064 liberti,
656 3031 737 3056 cum
756 3021 934 3065 ignoraret
950 3021 1121 3056 iudicium
1142 3022 1218 3057 eius

134 3071 319 3111 patronus,
343 3077 466 3101 eorum
491 3065 586 3111 quid,
611 3076 702 3110 quae
721 3076 832 3110 supra
849 3067 985 3111 scripta
1003 3070 1096 3109 sunt,
1124 3067 1219 3102 01106

135 3112 334 3147 institutum
364 3112 565 3147 subiectum
593 3111 663 3146 iuri
693 3121 759 3148 suo
790 3111 892 3154 fecit,
930 3116 1051 3147 amota
1080 3111 1218 3147 fraudis

135 3156 336 3201 suspicione
365 3167 430 3191 suo
460 3157 537 3192 iure
565 3157 603 3191 111
631 3157 805 3191 bonorum
834 3157 1060 3202 possessione
1091 3162 1219 3192 contra

137 3205 154 3235 4
202 3201 344 3236 tabulas
375 3206 507 3237 utetur.
560 3201 597 3237 Si
628 3205 802 3246 patronus
832 3212 876 3236 ex
905 3201 1026 3237 debita
1053 3203 1218 3247 portione

137 3257 158 3280 a
187 3246 315 3281 liberto
348 3247 503 3291 scriptus
534 3250 750 3292 rogatusque
772 3246 1006 3282 hereditatem
1031 3247 1217 3283 restituere

136 3293 362 3335 suspectam⁷
394 3292 483 3326 dixit
514 3296 549 3327 et
578 3291 783 3337 compulsus
812 3291 927 3336 adire,
961 3303 1042 3327 cum
1065 3293 1218 3328 retinere

163 3340 268 3378 osset,
292 3337 494 3380 restituerit,
525 3347 596 3372 non
619 3336 753 3382 poterit
775 3337 939 3381 accipere
964 3342 1089 3373 contra
1112 3339 1217 3373 tabu-

150 3391 189 3416 as
209 3381 382 3416 bonorum
398 3382 669 3426 possessionem,
695 3385 730 3417 et
753 3381 837 3426 quia
861 3381 1027 3426 adgnovit
1049 3383 1217 3418 iudicium

136 3426 253 3461 liberti
277 3429 312 3460 et
336 3426 418 3469 quia
442 3427 575 3471 sprevit
597 3431 633 3462 et
655 3426 758 3472 quasi
778 3426 959 3461 damnavit
979 3438 1054 3462 eam
1074 3438 1217 3473 posses-

137 3541 176 3580 (1)
202 3538 323 3580 quibus
335 3548 368 3570 86
381 3537 503 3571 diceret
514 3551 575 3572 scr.

135 3584 246 3615 etitem
259 3584 295 3616 F
371 3584 413 3625 (4)
439 3584 494 3624 38,
506 3590 550 3624 16,
566 3591 582 3616 6

139 3630 181 3667 (7)
207 3629 388 3670 susceptam
400 3628 434 3659 F

184 3681 190 3708 4
197 3680 227 3709 8)
252 3674 334 3706 Sat.
351 3692 390 3696 —
408 3673 490 3705 Bas.
507 3674 562 3714 49,
576 3681 603 3714 4,
616 3680 651 3707 48
743 3675 788 3715 (9)
813 3674 1020 3717 municipum
1033 3678 1066 3707 et
1077 3675 1218 3708 aliarum

138 3719 198 3751 ins.
214 3719 279 3750 ind.
293 3718 327 3750 F
421 3722 479 3755 (ιο)
505 3717 560 3750 sed
580 3728 639 3760 per
656 3718 757 3751 alium
778 3724 916 3761 possunt
934 3720 1039 3761 petita
1057 3720 1219 3752 bonorum

140 3763 337 3803 possessione
348 3762 411 3804 ipsi
424 3762 598 3804 adquirere
612 3763 672 3795 del.
766 3764 820 3802 (11)
844 3774 936 3805 posse
952 3766 1011 3797 ins.
1026 3765 1145 3808 Menqe

686 3540 728 3582 (2)
752 3548 787 3572 16
800 3540 863 3573 del.
876 3539 929 3571 F²

672 3586 714 3626 (5)
739 3585 914 3618 effectur-ae
927 3585 961 3617 F

1037 3543 1078 3581 (3)
1104 3551 1219 3583 super-

1045 3588 1088 3626 (6)
1115 3589 1146 3618 et
1156 3599 1218 3619 scr.

1209 134 1295 183 573

1961 137 2190 180 XXXVIII
2222 139 2260 178 2.
2285 138 2323 178 3.
2349 138 2372 178 4

1287 264 1306 296 5
1357 260 1503 296 sionem.
1540 260 1663 305 Longe
1687 259 1797 295 distat
1821 260 1867 295 ab
1886 260 1956 296 hoc
1976 260 2120 306 patroni
2138 260 2244 304 filius,
2270 270 2372 304 quem

1285 306 1435 342 libertus
1460 306 1645 350 adrogavit
1667 308 1705 340 et
1728 315 1771 339 ex
1795 306 1929 341 minore
1953 310 2056 351 parte
2077 306 2242 341 heredem
2260 307 2373 351 scrip-

1287 352 1346 394 sit,
1373 362 1453 386 cum
1476 362 1580 386 nemo
1605 361 1649 386 ex
1672 350 1807 384 familia
1829 351 1973 394 patroni
1997 352 2087 386 alius
2112 355 2225 387 esset:
2274 362 2373 386 uam-

1287 407 1394 441 quam
1418 397 1511 431 enim
1534 396 1592 431 hic
1616 396 1694 440 ipso
1719 395 1808 436 iure,
1834 396 1965 448 quippe
1990 407 2097 436 suus,
2121 398 2224 432 heres
2248 362 2372 449 depre-

1285 442 1484 485 hendatur,
1517 442 1549 477 si
1577 444 1697 476 tamen
1728 451 1767 475 se
1798 451 1869 475 non
1901 442 2091 476 immiscuit
2120 442 2311 477 hereditati
2334 446 2375 476 ut

1285 488 1419 531 patris,
1445 487 1509 522 sed
1532 486 1724 527 abstinuit,
1759 486 1860 529 quasi
1883 487 2026 530 patroni
2050 491 2168 522 tamen
2192 487 2285 522 filius
2310 487 2373 522 ad-

1285 532 1481 567 mittendus
1510 535 1567 567 est
1590 531 1637 566 ad
1662 534 1788 566 contra
1811 530 1954 566 tabulas
1978 532 2152 567 bonorum
2176 532 2372 577 possessio-

1287 581 1305 611 6
1355 587 1447 612 116111.
1496 577 1533 612 Si
1558 577 1703 612 debenti
1726 579 1879 620 patrono
1905 579 2038 610 certam
2067 578 2254 621 pecuniam
2285 578 2371 612 libe-

1286 621 1461 658 rationem
1485 623 1635 658 libertus
1658 621 1862 665 reliquisset
1890 621 1989 665 isque
2014 632 2100 657 usus
2126 627 2181 657 est
2204 624 2373 658 adversus

1286 667 1453 702 heredem
1481 671 1662 712 petentem
1694 667 1852 702 debitum
1883 666 1955 701 doli
1987 668 2194 712 exceptione
2227 674 2290 702 aut
2313 679 2372 702 ac-

1287 713 1515 757 ceptilatione
1557 713 1731 748 liberatus
1771 715 1826 746 est
1864 711 1984 746 debito
2024 717 2174 756 propter
2207 713 2372 757 legatum,

1286 757 1475 793 dicendum
1507 761 1564 793 est
1593 768 1674 793 eum
1706 768 1777 792 non
1800 767 1907 801 posse
1932 757 2095 801 accipere
2120 762 2245 792 contra
2269 760 2373 794 tabu-

1283 803 1338 838 las
1362 804 1537 838 bonorum
1561 803 1834 848 possessionem.

1333 848 1381 887 51
1411 848 1544 883 LABEO
1574 849 1664 883 libro
1691 849 1813 895 primo
1840 847 2020 893 pithanon
2051 859 2074 882 a
2099 847 2152 882 ΡΑ
2163 859 2231 883 [mo
2263 851 2373 894 epico-

1285 898 1466 929 matorum
1519 893 1558 928 Si
1589 893 1741 929 eundem
1772 893 1940 928 libertum
1972 896 2008 927 et
2038 896 2077 926 tu
2109 894 2235 938 capitis
2268 905 2374 929 accu-

1287 939 1375 974 sasti
1399 942 1436 974 et
1458 941 1564 983 pater
1586 943 1670 973 tuus
1694 938 1915 979 manumisit,
1949 949 2021 973 non
2051 939 2183 982 poterit
2211 939 2275 973 tibi
2299 940 2375 975 eius

1285 984 1406 1019 liberti
1438 985 1614 1020 bonorum
1644 983 1824 1029 possessio
1857 993 1901 1017 ex
1929 983 2046 1018 edicto
2078 984 2253 1027 praetoris
2286 985 2374 1019 dari.

1288 1030 1462 1065 PAULUs:
1494 1030 1601 1064 immo
1627 1033 1753 1064 contra
1777 1028 1936 1069 accidet,
1970 1029 1999 1063 si
2025 1039 2128 1073 quem
2153 1039 2291 1063 servum
2316 1040 2375 1064 ac-

1288 1075 1484 1118 cusaveris,
1524 1075 1649 1109 deinde
1687 1075 1717 1110 is
1751 1074 1866 1119 patris
1905 1074 1957 1108 tui
1993 1074 2101 1108 fuerit
2131 1073 2249 1109 factus
2281 1078 2317 1110 et
2345 1076 2375 1109 is

1285 1124 1413 1166 postea
1437 1131 1518 1156 eum
1542 1120 1758 1155 manumisit.

1788 1258 1847 1296 III
1857 1258 1882 1295 ⁸.

1458 1327 1520 1358 DE
1545 1312 1782 1358 LmERT1s⁹
1805 1323 2211 1357 UNIVERSITATIUM.

1338 1391 1354 1428 1
1391 1391 1585 1427 ULPJANUS
1607 1392 1697 1426 libro
1719 1390 2022 1437 quadraqensz'mo
2042 1402 2136 1426 nono
2156 1392 2206 1425 ad
2224 1392 2376 1428 edictum

1286 1437 1529 1482 Municipibus
1544 1437 1689 1481 plenum
1702 1436 1757 1471 ius
1774 1436 1813 1471 in
1828 1436 1931 1471 bonis
1947 1436 2156 1471 libertorum
2171 1437 2378 1472 libertarum

1291 1487 1302 1517 1
1356 1482 1526 1525 defertur,
1551 1483 1620 1518 hoc
1645 1486 1699 1517 est
1721 1481 1757 1516 id
1782 1482 1838 1516 ius
1864 1481 1960 1526 quod
1982 1482 2087 1516 etiam
2105 1483 2275 1526 11611011οῤ
2309 1483 2379 1519 Sed

1288 1539 1334 1563 an
1359 1528 1501 1563 omnino
1525 1531 1647 1573 petere
1664 1528 1840 1562 bonorum
1856 1527 2119 1571 possessionem
2136 1528 2286 1572 possint,
2312 1529 2377 1563 du-

1288 1575 1442 1609 bitatur:
1464 1577 1582 1609 movet
1598 1573 1701 1615 enim,
1720 1572 1815 1617 quod
1832 1572 2034 1607 consentire
2050 1583 2121 1607 non
2136 1578 2298 1616 possunt,
2316 1574 2378 1609 sed

1287 1630 1352 1664 per
1383 1619 1492 1653 alium
1523 1623 1677 1663 possunt
1704 1618 1819 1662 petita
1848 1618 2023 1652 bonorum
2053 1618 2279 1662 possessione
2309 1619 2377 1663 ipsi

1288 1664 1475 1709 adquirere
1489 1665 1528 1698 ¹⁰.
1565 1664 1627 1698 sed
1643 1674 1713 1707 qua
1728 1663 1866 1697 ratione
1883 1666 2028 1697 senatus
2047 1663 2195 1704 censuit,
2221 1668 2258 1698 111
2274 1664 2377 1699 16811-

1287 1710 1340 1744 tui
1365 1709 1414 1744 eis
1440 1720 1484 1744 ex
1509 1709 1735 1744 Trebelliano
1766 1708 1943 1743 hereditas
1976 1708 2108 1751 possit:
2141 1718 2211 1752 qua
2239 1710 2377 1744 ratione

1288 1756 1358 1790 alio
1383 1760 1530 1790 senatus
1557 1755 1722 1789 consulto
1746 1753 1936 1788 heredibus
1958 1754 2008 1788 eis
2023 1753 2197 1788 institutis
2214 1764 2235 1788 a
2250 1755 2377 1790 liberto

1288 1800 1477 1845 adquirere
1509 1799 1745 1835 hereditatem
1775 1799 1988 1843 permissum
2016 1802 2087 1833 est:
2120 1798 2171 1833 ita
2203 1799 2376 1834 bonorum

1289 1849 1307 1880 2
1356 1856 1500 1890 quoque
1524 1844 1822 1889 ¹¹possessionem
1837 1848 1958 1888 petere
1979 1843 2166 1878 dicendum
2182 1848 2247 1879 est.
2274 1845 2377 1880 Tem-

1287 1901 1448 1936 peraque
1473 1891 1647 1926 bonorum
1671 1889 1909 1934 possessionis
1938 1889 2115 1933 petendae
2145 1889 2271 1925 cedere
2300 1901 2376 1925 mu-

1288 1937 1466 1981 nicipibus
1492 1935 1636 1978 exinde,
1670 1946 1713 1969 ex
1746 1945 1815 1979 quo
1847 1934 2037 1969 decernere
2068 1935 2111 1969 de
2134 1935 2289 1979 petenda
2313 1946 2377 1981 po-

1287 1986 1444 2018 tuerunt.
1494 1980 1589 2026 quod
1612 1985 1649 2015 et
1672 1980 1891 2025 Papinianus
1916 1980 2110 2025 respondit.
2305 1989 2307 1991 ’

1768 2119 1848 2157 1111
1860 2118 1898 2157 ¹².

1514 2187 1575 2220 DE
1600 2185 1908 2218 ADSIGNANDIS
1932 2185 2154 2218 LIBERTIS.

1336 2253 1354 2290 1
1390 2253 1585 2289 Uzpmvvs
1606 2253 1697 2287 libro
1721 2255 1853 2297 quarto
1878 2251 2014 2286 decimo
2035 2251 2085 2286 ad
2101 2250 2274 2287 Sabinum
2315 2251 2377 2288 Se·

1286 2304 1392 2334 natus
1418 2298 1594 2340 consulto,
1619 2297 1716 2342 quod
1738 2297 1875 2331 factum
1900 2300 1954 2331 est
1979 2296 2182 2331 Claudianis
2207 2299 2375 2341 tempori-

1287 2345 1354 2380 bus
1379 2344 1502 2379 Velleo
1526 2342 1622 2378 Rufo
1648 2346 1684 2377 et
1707 2342 1848 2378 Osterio
1873 2341 2029 2386 Scapula
2054 2342 2259 2377 consulibus
2275 2343 2302 2364 ¹³
2333 2344 2375 2378 de

1287 2389 1514 2434 adsignandis
1538 2388 1676 2423 libertis
1699 2388 1737 2422 in
1761 2388 1851 2422 haec
1875 2388 1984 2422 verba
2010 2392 2171 2422 cavetur:
2203 2388 2291 2428 ¹⁴‘si,
2317 2388 2376 2432 qui

1288 2436 1389 2471 ‘duos
1414 2435 1578 2480 pluresve
1602 2433 1734 2468 liberos
1757 2432 1860 2467 iustis
1885 2432 2018 2476 nuptiis
2043 2433 2222 2476 quaesitos
2246 2433 2283 2467 in
2312 2444 2375 2477 po-

1288 2484 1430 2516 ‘testate
1454 2480 1616 2520 haberet,
1641 2478 1684 2513 de
1702 2478 1830 2513 liberto
1851 2478 2022 2512 libertave
2045 2488 2111 2512 sua
2129 2478 2375 2522 significasset,

1289 2526 1402 2561 ‘cuius
1434 2536 1478 2560 ex
1506 2524 1628 2560 liberis
1660 2523 1735 2558 suis
1766 2533 1846 2558 eum
1877 2523 2044 2557 libertum
2068 2533 2188 2557 eamve
2211 2524 2375 2558 libertam

1289 2574 1379 2607 ‘esse
1401 2570 1524 2612 vellet,
1556 2570 1587 2604 is
1611 2579 1714 2612 eave,
1745 2568 1959 2612 quandoque
1988 2569 2035 2610 is,
2067 2568 2127 2611 qui
2151 2578 2232 2603 eum
2256 2579 2377 2603 eamve

1289 2615 1504 2651 ‘manumisit
1526 2615 1620 2649 inter
1643 2614 1741 2649 vivos
1760 2614 1815 2648 vel
1836 2616 2059 2654 testamento,
2084 2613 2122 2647 in
2140 2613 2282 2648 civitate
2298 2624 2376 2649 esse

1289 2661 1469 2704 ‘desisset,
1509 2661 1607 2696 solus
1647 2659 1680 2694 ei
1718 2662 1892 2703 patronus
1929 2658 2047 2693 solave
2081 2661 2236 2702 patrona
2271 2663 2374 2701 esset,

1288 2706 1447 2752 ‘perinde
1479 2709 1585 2750 atque
1615 2705 1645 2740 si
1675 2704 1720 2739 ab
1756 2714 1797 2738 eo
1830 2713 1915 2737 eave
1938 2703 2138 2738 libertatem
2164 2709 2375 2739 consecutus

1289 2754 1535 2787 ‘consecutave
1559 2754 1614 2785 est
1630 2751 1665 2784 ¹5.
1701 2749 1834 2793 utique,
1860 2749 1890 2783 si
1915 2758 1958 2782 ex
1982 2749 2102 2783 liberis
2128 2749 2205 2792 quis
2230 2749 2266 2783 in
2292 2750 2374 2784 civi-

1289 2800 1374 2832 ‘tate
1389 2797 1416 2818 ¹⁶
1440 2806 1518 2831 6886
1543 2795 1694 2830 desisset
1716 2804 1830 2838 neque
1861 2793 1892 2827 ei
1921 2793 2023 2828 liberi
2052 2793 2116 2827 ulli
2145 2798 2283 2836 essent,
2318 2805 2374 2829 ce-

1289 2843 1386 2877 ‘teris
1416 2842 1491 2876 eius
1522 2840 1642 2876 liberis
1674 2839 1734 2884 qui
1757 2838 1962 2874 manumisit
1983 2838 2131 2883 perinde
2154 2839 2274 2874 omnia
2297 2840 2375 2874 11116

1289 2888 1533 2929 ‘serventur¹⁷⁷
1567 2896 1609 2920 ac
1634 2885 1664 2919 si
1689 2884 1776 2919 nihil
1800 2884 1843 2918 de
1867 2894 1909 2919 eo
1933 2883 2061 2919 liberto
2086 2894 2171 2919 eave
2194 2885 2321 2919 liberta
2344 2886 2373 2919 is

1293 2937 1304 2967 l
1356 2936 1496 2976 ‘parens
1521 2930 1778 2975 significasset’.
1826 2929 1993 2973 Quamvis
2019 2929 2190 2973 singulari
2215 2940 2374 2965 sermone

1287 2981 1432 3013 senatus
1458 2977 1659 3011 consultum
1692 2975 1864 3019 scriptum
1896 2978 1967 3018 est,
1998 2978 2116 3009 tamen
2147 2979 2183 3008 et
2211 2975 2373 3019 pluribus

1287 3023 1407 3058 liberis
1438 3025 1475 3056 et
1504 3022 1626 3065 plures
1658 3020 1805 3055 libertos
1837 3020 2027 3055 libertasve
2056 3030 2162 3064 posse
2195 3020 2372 3064 adsignari

1289 3073 1306 3102 2
1356 3070 1492 3102 certum
1517 3071 1580 3101 est.
1630 3066 1665 3100 Is
1691 3075 1832 3109 quoque
1854 3065 2020 3108 libertus,
2047 3065 2106 3109 qui
2132 3064 2228 3108 apud
2250 3066 2372 3099 hostes

1287 3116 1307 3147 3
1356 3116 1420 3153 est,
1446 3111 1626 3156 adsignari
1641 3114 1769 3154 potest.
1807 3109 2007 3154 Adsignare
2023 3113 2142 3144 autem
2160 3109 2237 3153 quis
2254 3113 2373 3153 potest

1287 3158 1571 3202 quibuscumque
1602 3155 1718 3190 verbis
1748 3156 1803 3190 vel
1834 3160 1940 3197 nutu,
1983 3155 2037 3190 vel
2074 3158 2286 3189 testamento
2319 3154 2371 3187 vel

1288 3208 1307 3237 4
1357 3201 1529 3237 codiciHis
1553 3201 1608 3236 vel
1627 3201 1737 3236 vivus.
1771 3200 1938 3235 Adimere
1963 3199 2241 3244 adsignationem
2266 3199 2370 3248 etiam

1288 3252 1306 3282 5
1355 3247 1452 3282 nuda
1475 3246 1658 3282 voluntate
1681 3247 1824 3291 poterit.
1870 3245 1941 3280 Sed
1961 3250 1997 3280 et
2016 3246 2045 3280 si
2066 3244 2278 3279 exheredato
2299 3243 2370 3277 11110

1286 3293 1453 3328 libertum
1469 3292 1547 3335 quis
1564 3291 1811 3336 adsignaverit,
1837 3292 1930 3326 valet
1945 3289 2154 3333 adsignatio,
2180 3298 2246 3322 nec
2265 3292 2371 3322 nocet

1287 3338 1318 3372 ei
1343 3341 1429 3372 nota
1460 3336 1744 3372 exheredationis
1775 3342 1946 3380 quantum
1985 3335 2029 3369 ad
2061 3335 2114 3368 ius
2146 3336 2367 3376 patronatus.

1288 3388 1306 3416 6
1355 3382 1423 3417 sed
1448 3382 1478 3416 si
1500 3385 1583 3425 post
1606 3381 1885 3426 adsignationem
1901 3381 2010 3415 fuerit
2029 3378 2274 3429 exheredatus,
2299 3388 2368 3411 non

1287 3438 1427 3471 semper
1449 3426 1678 3462 exheredatio
1701 3427 1833 3461 adimet
1855 3425 2144 3469 adsignationem,
2170 3424 2277 3456 n1s1¹⁸
2301 3422 2369 3456 hoc

1334 3542 1391 3581 (12)
1419 3540 1670 3579 Sab.1.3.5...·1;
1687 3541 1870 3576 Ed.s...10;
1891 3539 2030 3580 Pap.11;
2050 3538 2135 3579 App.
2148 3544 2173 3569 2.
2187 3543 2368 3569 61113.-

1289 3586 1372 3618 Βαε.
1387 3586 1442 3625 49,
1455 3593 1482 3617 5.
1496 3603 1540 3608 -
1557 3585 1606 3626 Cf.
1622 3586 1702 3618 Inst.
1718 3586 1749 3626 3,
1765 3592 1791 3618 8.
1880 3585 1936 3621 (13)
1962 3581 2082 3615 Suillio
2094 3582 2182 3613 Rufo
2195 3584 2227 3613 et
2239 3580 2369 3613 Ostorio

1288 3629 1431 3672 Scapula
1442 3629 1634 3662 consulibus
1646 3643 1729 3663 scm:
1746 3631 1866 3662 intera.
1874 3641 1907 3670 p.
1925 3628 2037 3660 Chr-,41
2050 3634 2123 3659 e147
2171 3628 2227 3664 (14)
2243 3626 2294 3657 uti
2307 3627 2367 3659 ins.

1288 3678 1346 3715 (15)
1373 3677 1454 3707 esset
1467 3676 1546 3707 Hal.
1640 3677 1698 3712 (16)
1724 3674 1857 3705 vieitate
1870 3673 1903 3704 F
1982 3675 2038 3708 (17)
2064 3674 2275 3703 servarentur
2288 3672 2367 3704 Hal.

1287 3722 1347 3759 (18)
1373 3730 1440 3752 11011
1453 3730 1579 3761 semper
1591 3745 1598 3752 .
1610 3744 1617 3752 .
1628 3745 1635 3752 .
1650 3719 1726 3760 nisi]
1740 3728 1867 3758 semper
1880 3742 1887 3748 .
1899 3742 1905 3748 .
1916 3742 1922 3748 .
1935 3717 1999 3748 nisi
2012 3727 2078 3748 non
2093 3728 2153 3748 scr.
