2528 3918
184 141 436 185 xxxxvn
465 143 505 186 8.
527 143 554 184 9

915 231 920 247 Ι

185 267 329 306 vocata,
362 263 427 300 sed
448 263 537 305 hoc,
561 266 603 299 ut
625 262 708 299 dole
731 262 883 300 alicuius
905 263 944 299 in
966 263 1074 299 turba
1097 263 1264 298 damnum

185 310 307 345 datum
336 308 395 344 sit.
441 308 578 353 eritque
607 308 697 344 haec
728 307 927 344 differentia
956 309 1049 343 inter
1078 308 1147 343 hoc
1168 307 1264 343 edic-

185 359 260 389 tum
284 357 320 389 et
342 353 524 398 superius,
557 353 651 397 quod
679 353 728 388 ibi
751 353 796 389 de
818 363 860 389 eo
892 353 1021 388 damno
1045 356 1190 397 praetor
1211 352 1264 388 lo-

186 399 316 444 quitur,
341 398 436 443 quod
459 398 540 433 dolo
564 398 658 434 malo
681 397 882 434 hominibus
907 398 1040 433 coactis
1065 397 1187 432 datum
1210 400 1266 432 est

185 443 240 479 vel
262 447 404 488 raptum
433 442 539 478 etiam
563 453 636 477 non
670 442 805 479 coactis
828 443 1048 478 hominibus:
1080 446 1118 476 at
1140 442 1199 477 hic
1222 441 1266 477 de

185 498 228 523 eo
260 488 408 530 damno,
446 487 542 539 quod
573 486 654 523 dolo
694 488 788 523 malo
825 488 862 523 in
894 488 1000 522 turba
1036 486 1158 522 datum
1199 490 1264 528 est,

186 532 325 569 etiamsi
355 543 427 568 non
457 542 535 577 ipse
565 533 708 568 turbam
737 533 869 577 coegit,
907 532 969 567 sed
1000 531 1047 566 ad
1076 532 1265 567 clamorem

186 578 263 613 eius
286 576 342 613 vel
365 576 460 612 diota
482 576 537 612 vel
561 576 838 613 misericordiam
863 577 969 612 turba
992 581 1178 612 contracta
1201 580 1264 618 est,

187 625 206 656 7
254 622 310 657 vel
332 622 363 658 si
387 621 478 657 alius
503 622 681 657 contraxit
700 622 774 658 vel¹
798 622 875 667 ipse
899 632 942 656 ex
966 621 1073 655 turba
1095 620 1175 656 fuit.
1208 620 1265 656 Id-

187 667 282 702 circo
305 666 394 702 illud
441 666 556 702 uidem
579 666 734 703 edictum
757 671 910 719 propter
933 666 1157 702 atrocitatem
1178 665 1267 700 facti

187 715 207 747 8
255 677 443 756 quadrupfl
492 721 616 748 oenam
640 715 884 753 comminatur,
909 715 948 745 at
970 711 1038 746 hoc
1061 710 1171 756 dupli.
1197 710 1267 745 Sed

186 760 223 792 et
244 756 314 792 hoc
337 760 375 792 et
403 756 467 791 illu
521 756 616 791 intra
639 767 768 791 annum
800 755 948 790 tribuit²
979 754 1189 800 experiundi
1211 755 1265 790 fa-

187 805 208 836 9
254 802 441 837 cultatem:
470 806 554 846 post
576 811 707 836 annum
731 802 768 836 in
791 800 955 845 simplum
979 800 1158 846 competit.
1194 799 1265 836 Lo—

187 846 308 891 quitur
341 849 460 882 autem
494 846 564 882 1100
598 847 751 882 edictum
793 846 836 880 de
871 845 998 881 damno
1034 845 1118 881 dato
1153 849 1189 881 et
1223 844 1266 880 de

188 891 329 934 amisso,
354 890 399 927 de
421 895 526 936 rapto
550 902 640 926 non:
673 891 736 926 sed
760 890 935 935 superiori
958 890 1073 925 edicto
1097 890 1131 925 vi
1154 890 1266 925 bono-

191 939 231 972 10
276 936 619 981 rumraptommagi
637 935 777 980 poterit.
811 935 953 970 Amissa
965 939 1083 970 autem
1100 934 1268 970 dicuntur

187 991 249 1024 ea,
278 990 371 1026 quae
401 984 571 1026 corrupta
600 980 708 1015 alicui
736 980 1000 1024 relinquuntur,
1031 980 1145 1015 scissa
1174 979 1267 1015 forte

190 1029 228 1061 11
276 1026 332 1062 vel
363 1025 491 1061 fracta.
538 1026 636 1060 Haec
660 1028 779 1060 autem
809 1025 904 1060 actio
928 1025 965 1060 in
994 1025 1130 1060 factum
1154 1028 1209 1060 est
1231 1029 1267 1059 et

187 1070 295 1106 datur
316 1070 354 1106 in
384 1070 550 1116 duplum,
584 1070 707 1115 quanti
731 1080 774 1105 ea
795 1080 853 1105 res
877 1069 960 1105 erit:
997 1069 1093 1115 quod
1116 1069 1163 1112 ad
1186 1079 1266 1114 pre-

186 1115 276 1151 tium
300 1125 421 1151 verum
451 1115 502 1150 rei
532 1115 695 1150 refertur.
743 1118 779 1149 et
833 1114 1006 1150 raesentis
1035 1114 1203 1159 temporis
1227 1114 1268 1148 fit

187 1160 404 1196 aestimatio:
444 1165 480 1195 et
503 1170 642 1204 semper
671 1160 708 1194 in
739 1159 812 1205 dup
828 1170 887 1194 um
917 1160 1013 1195 intra
1043 1170 1175 1194 annum
1200 1163 1265 1194 est.

191 1208 231 1240 12
278 1205 487 1250 Docereque
516 1209 618 1240 actor
648 1205 685 1238 in
715 1205 823 1240 turba
854 1204 1020 1239 damnum
1044 1214 1121 1240 esse
1145 1204 1267 1239 datum

187 1250 312 1286 debet:
353 1253 510 1286 ceterum
541 1249 571 1284 si
606 1249 691 1284 alibi
723 1249 843 1284 datum
873 1250 919 1284 sit
947 1260 1052 1294 quam
1082 1249 1119 1284 in
1149 1249 1266 1290 turba,

191 1298 231 1330 13
279 1295 432 1330 cessabit
465 1295 554 1329 haec
592 1294 699 1330 actio.
761 1294 815 1336 Si,
856 1305 937 1329 oum
975 1305 1115 1330 servum
1151 1304 1266 1328 meum

187 1340 302 1376 Titius
326 1340 503 1384 pulsaret,
526 1339 634 1374 turba
658 1339 766 1374 fuerit
789 1339 939 1374 coHecta
960 1339 1061 1384 isque
1085 1349 1207 1374 servus
1231 1339 1268 1373 in

188 1395 231 1420 ea
260 1386 369 1420 turba
403 1384 537 1428 aliquid
567 1384 777 1430 perdiderit,
819 1394 899 1419 cum
929 1394 971 1419 eo
1003 1384 1063 1429 qui
1101 1383 1270 1428 pulsabat

188 1439 291 1475 agere
340 1439 471 1471 ossum,
495 1429 626 1482 quippe
650 1439 731 1464 cum
752 1429 790 1464 in
812 1429 919 1464 turba
943 1429 1027 1464 dolo
1051 1429 1146 1464 malo
1169 1428 1267 1463 dam-

188 1485 272 1509 num
327 1479 425 1508 atum
456 1475 520 1509 sit:
560 1484 612 1509 sic
635 1479 772 1516 tamen,
804 1474 854 1516 si,
886 1478 927 1508 ut
957 1473 1123 1509 damnum
1155 1473 1267 1516 daret,

186 1519 266 1555 ideo
291 1529 354 1554 coe
380 1522 457 1554 erat
481 1518 639 1554 caedere.
685 1522 842 1554 ceterum
864 1519 895 1554 si
918 1518 989 1554 alia
1013 1529 1123 1554 causa
1145 1518 1268 1553 verbe-

191 1567 231 1599 14
277 1574 341 1599 ran
371 1564 377 1570 '
414 1563 501 1606 fuit,
535 1566 654 1599 cessat
686 1563 793 1599 actio.
849 1563 918 1599 Sed
949 1566 986 1599 et
1015 1564 1047 1599 si
1080 1563 1159 1608 quis
1192 1563 1204 1598 i
1231 1573 1269 1598 se

186 1609 330 1644 turbam
353 1612 599 1652 convocasset,
630 1611 673 1643 ut
694 1609 801 1644 turba
832 1619 952 1644 coram
982 1618 1124 1644 servum
1145 1618 1206 1643 ver
1233 1618 1268 1643 e-

188 1658 285 1688 raret
317 1653 467 1688 iniuriae
500 1653 687 1688 faciendae
728 1663 856 1696 causa,
898 1664 972 1689 non
1007 1653 1128 1689 damni
1162 1652 1270 1688 dandi

189 1698 348 1740 consilio,
373 1698 491 1733 locum
513 1698 624 1734 habet
642 1697 808 1734 edictum.
840 1709 961 1733 verum
981 1702 1037 1734 est
1059 1698 1152 1734 enim
1176 1708 1267 1737 eum,

188 1744 250 1788 qui
271 1754 337 1788 per
358 1743 523 1778 iniuriam
546 1743 727 1787 verberat,
760 1743 842 1778 dolo
875 1743 996 1779 facere
1019 1747 1056 1779 et
1079 1753 1176 1785 eum,
1209 1743 1269 1787 qui

189 1798 335 1824 causam
376 1787 541 1833 praebuit
582 1787 702 1823 damni
745 1788 869 1830 dandi,
912 1788 1080 1823 damnum
1117 1788 1268 1823 dedisse.

193 1837 230 1868 15
277 1833 320 1868 In
351 1843 490 1868 servum
518 1834 664 1868 autem³
704 1836 740 1868 et
769 1833 807 1868 in
838 1833 1008 1868 familiam
1035 1837 1180 1878 praetor
1208 1832 1271 1868 dat

192 1881 232 1913 16
279 1878 466 1914 actionem.
502 1876 601 1922 Quae
624 1877 669 1913 de
691 1878 882 1914 heredibus
906 1878 1033 1914 ceteris
1059 1888 1104 1913 ue
1127 1887 1269 1913 succes-

189 1923 331 1959 soribus
353 1922 391 1958 in
413 1922 447 1958 vi
469 1923 644 1958 bonorum
667 1927 852 1968 raptorum
875 1923 1016 1959 actione
1065 1923 1074 1931 ⁰
1102 1923 1211 1966 'mus,
1235 1926 1271 1958 et

188 1968 247 2003 hic
270 1971 376 2003 erunt
397 1978 437 2003 re
464 1967 561 2003 etita.

236 2011 261 2050 5
289 2013 411 2049 Gams
452 2012 529 2048 ibro
558 2012 748 2048 vicensimo
777 2013 902 2059 primo
926 2012 976 2047 ad
997 2012 1150 2048 edictum
1176 2023 1270 2065 pro-

189 2058 341 2094 vinciale
394 2056 477 2093 Non
511 2057 658 2110 prodest
690 2057 723 2092 ei
754 2058 815 2110 qui
843 2058 877 2093 vi
907 2057 1028 2102 rapuit
1057 2057 1103 2092 ad
1133 2061 1269 2093 ev1tan-

190 2103 272 2138 dam
299 2112 460 2147 poenam,
491 2112 524 2137 s1
554 2106 638 2137 ante
666 2101 835 2137 iudicium
862 2102 1029 2138 restituat
1059 2112 1134 2138 rem
1165 2112 1270 2147 quam

189 2158 231 2183 ra
256 2147 321 2183 uit.

294 2192 521 2228 Varamos
548 2191 638 2228 libro
662 2192 812 2238 septimo
837 2191 974 2227 decimo
997 2192 1270 2238 stipulationum

191 2236 295 2282 Quod
322 2237 356 2272 vi
383 2247 591 2282 possessum
620 2247 662 2272 ra
688 2241 806 2272 tumve
829 2236 892 2279 sit,
924 2243 1115 2288 antequam
1144 2236 1183 2271 in
1204 2247 1270 2282 po-

189 2282 378 2319 testatem⁴
414 2281 547 2317 domini
576 2247 758 2318 heregisve
780 2281 858 2317 eius
887 2285 1087 2327 pervemat,
1121 2282 1271 2327 usucapi

190 2328 248 2364 lex
270 2330 378 2364 vetat.

546 2499 547 2502 ,
655 2463 772 2503 VIIII
781 2462 807 2502 ⁸.

192 2531 253 2563 DE
277 2529 501 2563 INCENDIO
525 2528 668 2562 BUINA
698 2528 962 2562 NAUFRAGIO
993 2528 1114 2562 RATE
1145 2529 1270 2562 NAVE

586 2573 876 2607 EXPUGNATA.

240 2638 260 2677 1
295 2639 489 2675 Uzpmivos
517 2639 607 2675 libro
631 2639 954 2686 quinquaqensimo
977 2643 1082 2675 sexto
1106 2639 1156 2675 ad
1177 2639 1270 2675 edic-

193 2688 267 2720 tum
312 2683 463 2720 Praetor
493 2684 558 2720 ait:
596 2684 648 2718 ‘In
680 2694 777 2728 eum,
812 2683 874 2729 qui
901 2694 946 2719 ex
973 2684 1136 2720 incendio
1168 2684 1272 2719 ruina

193 2728 312 2765 ‘naufr
359 2729 391 2765 'o
422 2733 500 2765 rate
530 2739 619 2764 nave
642 2732 845 2774 expugnata
876 2728 960 2773 quid
988 2739 1030 2764 ra
1055 2730 1150 2765 uisse
1172 2739 1270 2764 rece-

194 2778 203 2794 ‘
230 2774 301 2810 isse
355 2774 413 2809 olo
444 2774 537 2809 malo
562 2773 723 2809 damnive
754 2773 839 2819 quid
862 2773 900 2808 in
922 2773 977 2809 his
1000 2784 1039 2809 re
1066 2784 1108 2809 us
1132 2774 1272 2810 dedisse

194 2823 203 2838 ‘
231 2819 360 2855 'cetum
384 2819 421 2853 in
466 2819 680 2863 uadruplum
702 2818 741 2854 in
764 2829 868 2862 anno,
892 2829 962 2864 quo
986 2819 1137 2864 primum
1162 2819 1206 2854 de
1229 2829 1272 2854 ea

195 2866 244 2899 ‘re
274 2830 484 2915 experiundi
511 2867 672 2908 potestas
702 2863 829 2905 fuerit,
861 2867 944 2908 post
973 2874 1106 2899 annum
1128 2864 1165 2899 in
1189 2864 1271 2899 sim-

194 2909 304 2954 ‘plum
326 2907 496 2943 iudicium
519 2908 622 2943 dabo.
655 2908 739 2943 item
761 2908 799 2943 in
822 2918 962 2943 servum
986 2912 1021 2943 et
1043 2909 1080 2943 in
1102 2908 1271 2944 familiam

197 2958 211 2988 1
263 2952 441 2989 ‘iudicium
464 2952 581 2988 dabo'.
628 2953 743 2989 Huius
774 2952 881 2989 edicti
911 2953 1046 2989 utilitas
1071 2953 1212 2989 evidens
1236 2958 1273 2989 et

193 2997 388 3034 iustissima
416 2997 585 3033 severitas
617 3002 688 3040 est,
720 2998 750 3033 si
780 2997 919 3042 quidem
950 2998 1093 3043 publice
1124 2998 1273 3034 interest

194 3043 283 3079 nihil
303 3052 345 3078 ra
370 3042 383 3078 i
404 3052 450 3078 ex
472 3042 675 3078 huiusmodi
705 3043 858 3078 casibus.
905 3046 942 3078 et
964 3053 1178 3088 quamquam
1201 3043 1272 3079 sint

195 3088 239 3123 de
261 3087 317 3123 his
362 3087 566 3123 acinoribus
594 3087 701 3122 etiam
733 3087 917 3122 criminum
939 3088 1184 3131 executiones,
1216 3092 1270 3123 at-

194 3137 314 3168 tamen
342 3136 439 3168 recte
470 3135 616 3178 praetor
636 3131 738 3174 fecit,
770 3131 832 3177 qui
861 3131 1022 3168 forenses
1047 3143 1188 3178 quoque
1210 3143 1271 3169 ac-

195 3181 216 3213 2
262 3177 377 3213 tiones
401 3176 606 3212 criminibus
629 3176 706 3213 istis
729 3177 968 3222 praeposuit0.
1006 3177 1074 3212 ‘Ex
1096 3177 1270 3214 incendio·

196 3221 491 3268 quemadmodum
524 3221 601 3257 aeci
626 3220 734 3264 imus,
771 3226 890 3257 utrum
921 3232 966 3257 ex
1002 3222 1079 3267 ipso
1117 3221 1126 3231 ‘
1175 3232 1195 3258 e
1224 3232 1271 3257 an

195 3277 278 3303 vero
311 3277 355 3302 ex
383 3277 426 3303 eo
449 3266 545 3310 loco,
576 3276 602 3302 u
626 3265 640 3301 i
666 3266 866 3301 incendium
894 3265 960 3302 fit?
1006 3271 1043 3302 et
1072 3277 1127 3302 me
1143 3268 1195 3302 'us
1219 3267 1271 3303 s'ic

195 3311 413 3357 accipietur⁷
444 3315 590 3363 propter
615 3310 833 3352 incendium,
865 3311 934 3347 1100
961 3315 1017 3347 est
1046 3315 1192 3356 propter
1213 3315 1269 3347 tu-

195 3356 345 3392 multum
381 3355 535 3392 incendii
562 3355 617 3392 vel
654 3354 924 3402 trepidationem
953 3356 1124 3399 incendii,
1157 3357 1268 3401 rapit:

196 3400 489 3447 quemadmodum
532 3401 686 3437 solemus
721 3399 841 3436 dicere
875 3400 914 3435 in
958 3401 1052 3438 bello
1089 3400 1269 3446 amissum,

196 3515 237 3554 (1)
261 3512 324 3556 vel]
349 3515 383 3546 et
405 3512 487 3546 Hal.
629 3515 673 3554 (2)
697 3521 765 3555 quo
786 3512 931 3555 primum
953 3515 1045 3545 actor
1068 3513 1186 3547 habuit
1209 3514 1270 3548 ine.

196 3559 241 3599 (³)
264 3557 386 3600 autem]
406 3558 486 3590 item
510 3558 662 3591 Cuiacius
752 3559 794 3599 (4)
817 3559 977 3600 potestate
998 3558 1033 3590 F

242 3604 285 3642 (s)
310 3602 478 3641 Ed.1...e;
515 3601 599 3646 Pap.
621 3609 710 3642 1...ος
742 3601 822 3635 sab.
844 3608 955 3636 10...12.
978 3619 1024 3625 —
1048 3602 1132 3635 Bas.
1154 3603 1209 3644 60,
1233 3610 1270 3638 20

197 3652 243 3686 (a)
267 3647 440 3690 proposuit
455 3647 528 3680 «dd.
627 3648 672 3689 (τ)
696 3649 736 3680 ut
753 3656 794 3680 ex
812 3646 967 3680 incendio
985 3656 1100 3689 rapere
1119 3647 1272 3681 videatur

199 3692 257 3732 qui
275 3705 336 3725 sec.
358 3692 393 3725 Β
413 3693 473 3725 ine.
1067 3692 1112 3733 (9)
1136 3692 1270 3725 naufra-

577 3693 622 3735 (8)
645 3690 820 3725 dicendum
838 3694 887 3724 est
901 3703 964 3725 cer.

199 3736 308 3776 gium:
333 3746 474 3778 namque
487 3736 559 3770 edd.
1004 3737 1060 3775 (11)
1084 3746 1144 3768 nec
1156 3747 1270 3779 rapere

641 3740 700 3775 (10)
724 3735 765 3769 de
777 3737 839 3769 del.
853 3737 925 3769 edd.

1252 135 1338 185 778
1492 104 1555 186 Ὗ,

1471 32 1488 72 Ν,

1484 75 1489 105 s

1643 152 1705 184 nn
1733 151 1953 184 mommo
1981 151 2119 184 nunu
2146 150 2405 184 naus-namo

1555 194 1593 214 ⁸&

1333 262 1429 307 quod
1450 266 1598 308 propter
1627 273 1773 301 eausam
1802 263 1885 300 belli
1908 263 2093 300 amittitur.
2138 264 2288 311 proinde
2310 265 2343 301 si
2364 275 2408 301 ex

1333 307 1579 343 adiacentibus
1602 309 1774 353 praediis,
1798 309 1861 344 ubi
1882 309 2083 345 incendium
2106 309 2232 352 fiebat,
2266 313 2408 356 raptum

1333 352 1419 397 quid
1441 352 1504 395 sit,
1536 353 1724 389 dicendum
1745 355 1815 390 sit⁸
1838 354 1954 390 edicto
1977 354 2095 390 locum
2117 364 2213 397 esse,
2244 355 2328 400 quia
2350 366 2408 391 ve-

1334 401 1353 432 3
1400 407 1479 432 rum
1503 401 1557 432 est
1580 407 1624 432 ex
1645 397 1809 435 incendio
1831 399 1920 444 rapi.
1957 399 2046 435 Item
2068 399 2194 435 ruinae
2216 400 2408 445 appellatio

1333 441 1488 494 refertur
1511 441 1558 477 ad
1580 442 1618 478 id
1639 445 1789 488 tempus,
1814 455 1884 489 quo
1907 445 2013 479 ruina
2034 443 2093 488 fit,
2123 454 2196 480 non
2219 448 2357 480 tantum
2379 444 2411 480 si

1334 496 1378 522 ex
1411 486 1468 522 lus
1497 496 1589 532 quae
1618 492 1767 523 ruerunt
1795 488 1918 524 tulerit
1948 489 2043 533 quis,
2074 489 2138 525 sed
2166 489 2274 524 etiam
2303 489 2336 524 si
2366 499 2410 524 ex

1334 534 1354 566 4
1401 531 1656 567 adiacentibus.
1693 531 1731 568 Si
1754 533 1910 578 suspicio
1933 533 2002 569 fuit
2021 533 2175 569 incendii
2196 533 2253 569 vel
2275 534 2409 576 ruinae,

1333 575 1535 612 incendium
1569 576 1625 612 vel
1658 577 1763 612 ruina
1796 588 1868 613 non
1902 577 1987 620 fuit,
2022 578 2220 622 videamus,
2259 589 2307 614 an
2341 579 2410 614 hoc

1337 620 1490 672 edictum
1522 621 1642 656 locum
1680 621 1821 657 habeat.
1869 626 1906 657 et
1934 623 2046 668 magis
2079 627 2148 666 est,
2188 633 2233 659 ne
2266 624 2410 664 habeat,

1335 675 1418 710 quia
1440 675 1556 711 neque
1577 676 1622 702 ex
1643 665 1808 702 incendio
1831 677 1944 712 neque
1967 678 2012 703 ex
2033 668 2138 703 ruina
2161 667 2247 713 quid
2267 672 2410 714 raptum

1335 714 1354 744 5
1401 714 1467 745 est.
1514 710 1603 746 Item
1641 711 1692 745 ait
1728 715 1889 756 praetor:
1928 712 1971 747 ‘si
2008 712 2093 766 quid
2121 723 2166 748 ex
2201 712 2409 758 naufragio'.

1335 754 1392 806 hic
1415 755 1503 790 illud
1527 756 1727 800 quaeritur,
1751 759 1887 798 utrum,
1920 756 1951 792 si
1974 767 2053 802 quis
2076 767 2118 793 eo
2141 761 2299 802 tempore
2320 758 2410 792 tule-

1334 804 1391 842 rit,
1417 810 1485 844 quo
1509 800 1733 845 naufragium
1755 800 1815 843 fit,
1847 811 1894 836 an
1916 811 2000 837 vero
2030 805 2067 837 et
2094 802 2125 837 si
2148 802 2219 838 alio
2242 807 2313 838 tem
2339 812 2411 846 ore,

1334 845 1403 880 hoc
1427 848 1483 880 est
1504 849 1588 890 post
1609 844 1920 891 naufragiumque:
1951 847 2057 881 nam⁹
2079 857 2136 883 res
2161 858 2205 882 ex
2226 857 2274 882 na
2380 848 2413 883 'o

1336 889 1443 924 etiam
1465 889 1533 924 hae
1564 890 1750 932 dicuntur,
1783 900 1875 935 quae
1898 891 1935 925 in
1958 891 2062 927 litore
2084 895 2168 937 post
2190 892 2412 938 naufragium

1335 934 1463 969 iacent.
1510 938 1546 970 et
1567 935 1678 980 magis
1700 938 1771 978 est,
1795 939 1837 970 ut
1859 935 1903 971 de
1915 937 1943 957 ¹⁰
1966 946 2008 971 eo
2031 939 2191 981 tempore

1381 977 1407 1016 2
1434 979 1557 1015 Gsws
1587 980 1678 1015 libro
1709 981 1898 1015 vicensimo
1923 982 2047 1027 primo
2076 981 2126 1016 ad
2147 981 2300 1017 edictum
2322 992 2412 1028 pro-

1335 1023 1488 1060 vinciale
1533 1028 1570 1060 et
1592 1025 1684 1068 1000,

1382 1066 1406 1106 3
1438 1068 1632 1105 [Inpurus
1659 1069 1749 1105 libro
1773 1070 2099 1116 quinquaqcnsimo
2120 1074 2225 1107 sexto
2248 1070 2298 1106 ad
2319 1070 2412 1106 edae’c-

1337 1118 1410 1148 tum
1428 1159 1434 1166 ⁸
1456 1124 1527 1165 quo
1550 1113 1775 1166 naufragium
1806 1114 1846 1149 fit
1868 1115 1923 1150 vel
1944 1115 2081 1151 factum
2103 1119 2175 1159 est,
2199 1116 2230 1151 si
2253 1115 2332 1168 quis
2355 1126 2413 1151 ra·

1334 1162 1464 1203 puerit,
1490 1159 1657 1194 incidisse
1679 1170 1715 1194 111
1737 1159 1806 1194 hoc
1830 1159 1984 1195 edictum
2006 1160 2178 1196 videatur.
2214 1172 2274 1205 qu1
2296 1165 2413 1196 autem

1335 1214 1409 1238 rem
1432 1204 1469 1238 in
1492 1203 1596 1239 litore
1614 1203 1801 1246 iacentem,
1824 1208 1950 1249 postea
1973 1216 2080 1250 quam
2097 1205 2321 1250 naufragium
2337 1204 2413 1241 fac·

1335 1253 1412 1283 tum
1434 1253 1500 1290 est,
1525 1249 1682 1292 abstulit,
1706 1249 1744 1283 in
1767 1259 1810 1284 ea
1834 1249 2042 1286 condicione
2065 1254 2136 1292 est,
2160 1254 2201 1285 ut
2222 1250 2332 1303 magis
2355 1251 2414 1286 fur

1335 1294 1382 1329 sit
1405 1303 1511 1373 guam
1533 1294 1603 1329 hoc
1627 1293 1742 1329 edicto
1766 1298 1941 1336 teneatur,
1966 1295 2260 1340 quemadmodum
2282 1305 2330 1337 is,
2355 1295 2414 1339 qui

1335 1349 1405 1383 quo
1460 1339 1504 1373 de
1537 1338 1697 1374 vehiculo
1728 1339 1860 1374 excidit
1889 1339 1983 1375 tulit.
2029 1350 2095 1375 nec
2117 1350 2243 1385 rapere
2265 1339 2413 1383 videtur,

1339 1386 1354 1418 1
1403 1384 1464 1428 qui
1486 1383 1523 1418 in
1546 1383 1650 1419 litore
1671 1383 1845 1419 iacentem
1863 1384 2004 1420 tollit¹².
2038 1384 2175 1420 Deinde
2198 1385 2249 1420 ait
2270 1388 2415 1430 praetor

1336 1430 1424 1464 ‘rate
1454 1428 1536 1463 navi
1574 1430 1798 1473 expugnata'.
1854 1439 2055 1474 expugnare
2094 1429 2248 1472 videtur,
2288 1430 2348 1474 qui
2377 1430 2414 1464 in

1334 1473 1413 1518 ipso
1437 1473 1540 1518 quasi
1561 1474 1698 1518 proelio
1719 1477 1754 1508 et
1775 1484 1896 1519 pugna
1912 1474 2080 1510 adversus
2100 1485 2226 1510 navem
2247 1478 2284 1510 et
2302 1478 2413 1511 ratem

1336 1518 1469 1563 aliquid
1507 1518 1620 1563 rapit,
1662 1518 1734 1554 sive
1765 1523 1943 1564 expugnet
1971 1519 2044 1555 sive
2082 1519 2321 1564 praedonibus
2352 1529 2413 1555 ex-

1337 1566 1357 1598 2
1403 1563 1645 1608 pugnantibus
1667 1563 1796 1608 rapiat.
1831 1564 1954 1600 Labeo
1974 1564 2100 1599 scribit
2117 1574 2270 1610 aequum
2292 1563 2414 1607 fuisse,

1336 1611 1392 1651 ut,
1416 1608 1489 1643 sive
1512 1607 1556 1644 de
1579 1608 1683 1644 domo
1707 1608 1778 1644 sive
1800 1608 1839 1643 in
1860 1609 1944 1644 villa
1966 1609 2176 1654 expugnatis
2199 1609 2334 1663 aliquid
2355 1619 2412 1645 ra-

1336 1653 1474 1698 piatur,
1514 1652 1599 1688 huic
1627 1653 1744 1689 edicto
1777 1654 1878 1690 locus
1909 1654 1972 1690 sit:
2011 1664 2078 1689 nec
2108 1654 2200 1689 enim
2231 1665 2347 1690 mmus
2377 1655 2415 1690 in

1337 1697 1427 1733 mari
1456 1708 1562 1743 quam
1592 1698 1629 1733 in
1651 1698 1734 1733 villa
1762 1708 1827 1743 per
1857 1698 2078 1734 latrunculos
2101 1698 2339 1744 inquietamur
2360 1699 2413 1735 vel

1338 1746 1357 1778 3
1403 1742 1567 1778 infestari
1597 1753 1798 1787 possumus.
1844 1743 1927 1779 Non
1958 1747 2098 1778 tantum
2125 1747 2244 1780 autem
2275 1744 2335 1788 qui
2357 1754 2414 1779 ra·

1338 1788 1431 1832 puit,
1463 1798 1583 1822 verum
1606 1788 1637 1822 is
1661 1797 1816 1832 quoque,
1850 1788 1911 1832 qui
1940 1788 2076 1834 recepit
2098 1799 2143 1824 ex
2166 1789 2283 1824 causis
2306 1799 2349 1824 su
2374 1799 2415 1824 ra

1338 1833 1495 1877 scriptis,
1531 1837 1688 1875 tenetur,
1725 1833 1807 1877 quia
1837 1843 1918 1868 rece
1943 1838 2038 1869 tores
2062 1844 2134 1869 non
2163 1834 2280 1869 minus
2304 1833 2347 1869 de
2363 1834 2372 1842 '
2399 1853 2415 1860 -

1338 1881 1455 1958 effi
1476 1877 1850 1967 qfflaa‘lffifflssffis
1874 1878 2299 1968 ⁸{u1efflissssffilutffffi‘
2309 1879 2415 1959 {3223

1339 1948 1521 2012 delinquit,
1545 1967 1608 2003 sed
1631 1967 1692 2012 qui
1715 1967 1797 2003 <1010
1821 1968 1913 2003 malo
1933 1968 2060 2014 recipit
2072 1969 2110 2003 ¹².
2147 1968 2232 2014 quid
2254 1968 2361 2013 enim,
2385 1969 2414 2005 si

1338 2012 1483 2058 ignarus
1511 2012 1663 2057 recipit?
1709 2016 1773 2047 aut
1803 2012 1905 2058 quid,
1945 2013 1977 2048 si
2006 2012 2054 2048 ad
2083 2013 2152 2049 11οο
2188 2013 2338 2058 recepit,
2374 2016 2416 2048 ut

1340 2056 1536 2093 custodiret
1558 2057 1725 2102 salvaque
1748 2057 1884 2093 faceret
1906 2057 1938 2093 ei
1962 2057 2023 2102 qui
2045 2057 2255 2094 amisserat?
2293 2058 2416 2103 utique

1339 2107 1359 2137 4
1407 2112 1479 2138 non
1503 2101 1609 2137 debet
1630 2102 1754 2137 teneri.
1802 2102 1884 2138 Non
1913 2103 2027 2138 solum
2058 2107 2177 2138 autem
2200 2103 2261 2148 qui
2283 2103 2414 2148 rapuit,

1339 2147 1402 2182 sed
1425 2150 1462 2182 et
1484 2147 1545 2191 qui
1567 2147 1717 2182 abstulit
1737 2147 1792 2182 vel
1815 2148 1946 2183 amovit
1968 2148 2024 2183 vel
2052 2147 2218 2183 damnum
2242 2147 2340 2183 dedit
2360 2147 2415 2182 vel

1339 2195 1358 2226 5
1405 2202 1486 2227 rece
1512 2191 1556 2235 it,
1586 2192 1654 2227 hac
1684 2192 1826 2228 actione
1857 2196 2010 2228 tenetur.
2057 2192 2165 2228 Aliud
2195 2203 2274 2228 esse
2297 2196 2416 2228 autem

1338 2237 1434 2282 rapi,
1505 2236 1564 2272 ’ud
1594 2237 1748 2272 amoveri
1778 2237 1897 2282 palam
1928 2242 1997 2281 est,
2029 2237 2060 2273 si
2091 2237 2231 2282 quidem
2261 2237 2415 2273 amoveri

1338 2281 1470 2326 aliquid
1492 2282 1599 2316 etiam
1621 2282 1697 2317 sine
1720 2282 1753 2317 vi
1775 2282 1905 2326 possit:
1936 2282 2015 2335 rapi
2044 2287 2162 2318 autem
2185 2283 2261 2318 sine
2284 2283 2318 2318 vi
2340 2293 2412 2318 non

1339 2330 1360 2361 6
1406 2330 1535 2372 potest.
1582 2326 1651 2371 Qua·
1679 2327 1793 2362 eiecta
1823 2337 1911 2362 nave
1935 2327 2019 2371 quid
2041 2327 2175 2373 rapuit,
2206 2327 2275 2363 1100
2297 2327 2414 2363 edicto

1337 2375 1489 2407 tenetur.
1545 2371 1680 2407 ‘eiecta’
1713 2372 1782 2407 1100
1819 2376 1873 2407 est
1908 2372 2003 2417 quod
2038 2372 2168 2408 Graeci
2200 2373 2302 2407 aiunt
2336 2371 2413 2411 ἐξε-

1339 2419 1357 2451 7
1403 2414 1566 2460 βράσθη.
1613 2415 1717 2461 Quod
1739 2416 1790 2451 ait
1819 2421 1964 2468 praetor
1996 2416 2040 2452 de
2072 2417 2200 2452 damno
2231 2417 2334 2459 dato,
2364 2417 2415 2451 ita

1338 2460 1478 2497 demum
1501 2460 1619 2496 locum
1642 2461 1767 2503 habet,
1799 2471 1830 2497 si
1861 2461 1943 2497 dolo
1957 2462 1984 2483 ¹⁸
2015 2461 2181 2496 damnum
2204 2461 2327 2496 datum
2349 2461 2413 2497 sit:

1338 2516 1420 2541 nam
1443 2506 1475 2541 si
1497 2505 1600 2542 dolus
1623 2506 1738 2541 malus
1761 2505 1870 2549 absit,
1895 2510 2012 2542 cessat
2034 2506 2198 2542 edictum.
2246 2506 2413 2559 quemad·

1337 2550 1481 2586 modum
1504 2561 1587 2596 ergo
1612 2550 1784 2595 procedit,
1809 2551 1905 2595 quod
1927 2551 2049 2587 Labeo
2072 2550 2205 2592 scribit,
2237 2562 2270 2587 sl
2292 2550 2412 2586 defen-

1339 2595 1445 2631 dendi
1466 2595 1535 2630 mei
1559 2605 1669 2631 causa
1690 2595 1797 2631 vicini
1819 2595 2018 2631 aedificium
2049 2600 2128 2632 orto
2156 2595 2319 2631 incendio
2343 2595 2413 2631 dis-

1339 2641 1536 2721 {iffiffl‘
1552 2640 2413 2721 Simmssssiffissigiiinfiinrfffflssfffflaffiffi

1339 2741 1450 2766 causa
1472 2730 1634 2772 fecerim,
1667 2730 1790 2775 utique
1820 2730 1902 2766 dolo
1933 2740 2050 2766 careo.
2096 2734 2182 2775 puto
2213 2730 2320 2775 igitur
2342 2740 2411 2765 non

1340 2785 1418 2811 esse
1454 2785 1591 2817 verum,
1629 2775 1723 2819 quod
1757 2775 1880 2811 Labeo
1915 2775 2047 2811 scribit.
2102 2785 2149 2810 an
2185 2778 2304 2810 tamen
2337 2775 2414 2819 lege

1339 2820 1482 2865 Aquilia
1504 2820 1560 2864 agi
1584 2830 1663 2855 cum
1686 2820 1755 2855 1100
1778 2820 1914 2865 possit?
1960 2824 1996 2855 et
2017 2830 2088 2855 non
2111 2824 2199 2864 puto
2222 2818 2410 2871 agendum:

1339 2875 1405 2900 nec
1428 2865 1521 2900 enim
1543 2864 1672 2900 iniuria
1694 2865 1763 2900 hoc
1784 2865 1889 2906 fecit,
1913 2865 1973 2909 qui
1995 2875 2035 2900 se
2056 2864 2149 2900 tueri
2170 2864 2299 2906 volmt,
2332 2874 2412 2899 cum

1340 2913 1359 2944 8
1406 2910 1495 2945 alias
1519 2920 1590 2944 nou
1621 2913 1753 2954 posset.
1801 2913 1838 2944 et
1859 2909 1910 2944 ita
1934 2909 2055 2945 Celsus
2079 2908 2214 2945 scribit.
2261 2908 2412 2944 Senatus

1340 2954 1541 2990 consultum
1565 2953 1769 2989 Claudianis
1792 2954 2010 2999 temporibus
2032 2954 2167 2989 factum
2189 2957 2261 2996 est,
2292 2957 2350 2996 ut,
2382 2953 2411 2988 si

1339 2999 1416 3044 quis
1440 3009 1484 3035 ex
1507 2998 1692 3043 naufragio
1717 2998 1834 3034 clavos
1859 2999 1914 3034 vel
1938 3009 2045 3034 unum
2067 3008 2112 3034 ex
2133 2998 2190 3034 his
2213 2998 2410 3039 abstulerit,

1340 3044 1495 3079 omnium
1526 3053 1643 3079 rerum
1674 3043 1814 3079 nomine
1848 3047 2020 3079 teneatur.
2065 3043 2150 3078 item
2173 3043 2242 3078 alio
2266 3047 2410 3078 senatus

1340 3088 1502 3125 consulto
1541 3093 1685 3123 cavetur
1723 3098 1800 3131 eos,
1841 3098 1988 3133 quorum
2018 3087 2143 3124 fraude
2173 3091 2236 3122 aut
2265 3087 2411 3123 consilio

1338 3133 1502 3178 naufragi
1524 3133 1706 3184 suppressi
1720 3134 1745 3154 ¹⁴
1777 3143 1841 3177 per
1863 3133 1932 3168 vim
1955 3132 2152 3175 fuissent¹⁵,
2186 3142 2230 3167 ne
2252 3132 2334 3167 navi
2356 3132 2411 3167 vel

1338 3178 1428 3214 ibi¹⁶
1449 3177 1733 3223 perichtantibus
1754 3177 1982 3222 opitulentur,
2001 3177 2087 3222 legis
2105 3176 2300 3219 Corneliae,
2320 3186 2412 3222 quae

1339 3223 1383 3259 de
1412 3222 1548 3258 sicariis
1578 3222 1653 3257 lata
1681 3226 1753 3264 est,
1786 3222 1908 3267 poenis
1932 3221 2163 3258 adficiendos:
2195 3231 2256 3257 eos
2280 3226 2408 3263 autem,

1339 3267 1400 3313 qui
1430 3267 1516 3312 quid
1548 3276 1593 3302 ex
1622 3267 1816 3302 miserrima
1845 3277 1894 3302 na
1998 3267 2137 3303 orum²⁷
2175 3265 2322 3302 fortuna
2351 3276 2409 3302 ra-

1337 3313 1499 3358 puissent
1531 3311 1701 3348 lucrative
1732 3312 1883 3348 fuissent
1916 3311 1998 3348 dolo
2028 3311 2133 3355 malo,
2167 3311 2205 3346 in
2240 3314 2411 3356 quantum

1338 3356 1454 3438 ffcto
1476 3357 1653 3403 praetoris
1676 3356 1771 3393 actio
1794 3356 1958 3400 daretur,
1993 3359 2131 3392 tantum
2154 3359 2190 3392 et
2212 3355 2301 3392 fisco
2325 3355 2411 3391 dare

1402 3512 1494 3547 tollit
1513 3514 1575 3547 ἀεὶ.
1697 3515 1756 3555 (12)
1779 3513 1904 3557 recepit
1922 3512 1975 3546 F*
2092 3514 2150 3555 (1³)
2173 3512 2260 3546 mlo
2279 3515 2337 3547 ins.
2361 3513 2411 3547 F!

1339 3562 1397 3599 (u)
1420 3558 1600 3601 suppressit
1619 3559 1653 3591 F
1755 3560 1815 3598 (15)
1837 3559 2043 3601 requiruntur
2062 3559 2164 3593 talia.-
2186 3568 2250 3600 eos,
2268 3568 2408 3600 quorum

1338 3602 1452 3636 fraude
1463 3606 1523 3635 aut
1540 3602 1680 3637 consilio
1698 3602 1910 3645 naufragium
1927 3613 2135 3646 suppressum
2148 3606 2229 3636 esset
2240 3603 2339 3645 quive
2350 3613 2410 3645 per

1338 3648 1405 3681 vim
1422 3647 1574 3680 recinent
1686 3650 1746 3690 (16)
1770 3647 1812 3680 isi
1833 3647 1894 3689 F⁰,
1915 3647 1978 3680 sibi
1998 3646 2049 3681 F·
2157 3650 2216 3690 (17)
2241 3647 2405 3680 naufraio-

1337 3702 1411 3725 rum
1431 3693 1493 3734 F‘,
1513 3692 1762 3735 naufragiorum
1780 3690 1829 3725 F·

2520 3572 2528 3602 „v-
2519 3444 2528 3564 ,ιη-..Αμ-
2524 3416 2528 3427 -
2522 3354 2528 3361 .
2525 3337 2528 3344 .
