2528 3918
184 122 426 165 XXXIII7

183 245 322 281 asinum
345 242 621 285 machinarium,
654 241 858 279 machinam
887 241 1175 284 frumentariam,
1204 250 1269 277 vas

183 299 349 330 aeneum,
379 288 417 323 in
441 298 511 334 quo
535 298 625 334 sapa
648 292 861 334 coqueretur
884 292 921 324 et
944 286 1123 323 defrutum
1146 285 1212 321 fiat
1234 289 1271 322 et

183 344 278 380 aqua
308 332 355 369 ad
386 332 579 369 bibendum
607 331 866 378 lavandamque
904 331 1072 367 familiam
1108 334 1268 377 paratur,

183 378 409 415 instrumenti
431 388 520 421 0880,
545 382 582 414 01
606 378 744 421 cribra,
777 384 813 414 et
834 378 996 424 plaustra
1019 376 1149 422 quibus
1179 379 1269 412 ster-

188 428 224 460 11
275 434 340 460 cus
369 424 550 460 evehatur.
596 422 654 459 Ea
676 434 779 466 vero,
812 433 903 468 quae
931 422 1007 458 solo
1033 422 1270 465 continentur,

183 469 408 506 instrumenti
430 468 534 505 fundi
556 479 630 505 non
652 478 731 505 0880
748 468 893 504 Cassius
917 466 1051 509 scribit,
1076 466 1185 502 veluti
1206 467 1271 502 ha-

185 514 377 551 rundineta
399 518 437 550 et
459 513 599 557 salicta,
623 518 814 559 antequam
838 523 944 549 caesa
967 512 1049 556 sint,
1106 512 1168 547 uia
1189 511 1271 547 fun-

184 559 251 596 dus
274 558 378 595 fundi
399 559 674 595 instrumentum
689 569 769 594 esse
791 569 862 593 non
878 562 1015 603 potest:
1042 568 1058 593 s
1120 557 1151 592 si
1166 567 1273 593 caesa

184 605 389 686 3131ῖο
414 603 607 685 “333013:
639 602 1122 694 inssizfflffiffssdfficssffiffl
1153 602 1274 682 ‘¹32⁶ss

184 706 271 741 agro
294 695 499 731 venationes
522 694 604 738 sint,
628 698 717 740 puto
740 697 927 729 venatores
943 702 1086 738 quoque
1108 696 1146 728 et
1166 692 1273 728 vesti-

184 744 328 787 gatores
352 744 388 776 et
411 750 519 776 canes
544 743 580 775 et
604 744 722 775 cetera
746 748 837 791 quae
861 738 908 774 ad
936 739 1160 774 venationem
1191 741 1276 773 sunt

184 785 390 822 necessaria
412 785 647 821 instrumento
673 784 857 827 contineri,
891 783 1047 819 maxime
1077 783 1108 819 si
1131 792 1216 828 ager
1240 787 1275 818 et

188 834 228 867 13
275 841 322 866 ex
343 830 413 867 hoc
435 830 589 866 reditum
612 829 749 865 habuit.
796 829 847 864 Et
869 828 900 864 si
922 829 968 864 ab
1003 829 1157 874 aucupio
1181 828 1274 863 redi-

185 881 244 912 tus
266 875 348 918 fuit,
372 885 531 921 aucupes
556 879 592 910 et
606 874 733 920 plagae
756 877 792 910 et
814 874 920 910 huius
934 874 986 910 rei
1001 874 1276 909 instrumentum

186 920 264 967 agri
286 920 522 957 instrumento
556 919 815 956 continebitur:
851 929 918 955 nec
947 919 1093 963 mirum,
1127 930 1209 954 cum
1242 922 1277 954 et

185 976 268 1002 aves
298 966 535 1002 instrumento
569 964 728 1011 exemplo
760 964 882 1010 apium
914 964 1088 1000 contineri
1120 963 1275 1000 Sabinus

189 1015 231 1047 14
277 1015 314 1048 01
345 1011 491 1048 Cassius
521 1014 752 1064 putaverunt.
807 1009 846 1046 Si
879 1010 958 1063 quis
990 1009 1113 1045 eodem
1142 1009 1276 1045 instru-

184 1060 304 1093 mento
327 1056 365 1092 in
387 1056 549 1102 plurimis
573 1056 667 1101 agris
685 1058 818 1097 utatur,
843 1066 945 1091 cuius
969 1055 1046 1100 agri
1071 1054 1120 1091 sit
1142 1054 1276 1090 instru-

186 1106 353 1145 mentum,
372 1101 566 1147 quaeritur.
607 1105 643 1136 et
659 1110 723 1146 ego
739 1100 906 1143 arbitror,
924 1100 954 1136 si
970 1099 1114 1146 quidem
1129 1103 1280 1145 apparet

187 1147 352 1183 voluntas
376 1147 488 1199 patris
512 1145 679 1189 familiae,
704 1146 762 1182 cui
774 1146 896 1192 potius
920 1156 1006 1190 agro
1028 1145 1278 1188 destinaverat,

187 1193 263 1228 eius
287 1202 366 1228 esse
381 1195 672 1227 instrumentum:
698 1191 807 1227 ceteri
831 1191 923 1226 enim
947 1190 1023 1235 agri
1040 1190 1086 1226 ab
1102 1191 1173 1226 hoc
1192 1200 1278 1236 agro

188 1237 296 1274 veluti
326 1241 554 1273 mutuantur:
588 1236 620 1272 si
650 1247 724 1272 non
755 1240 949 1282 appareat,
982 1235 1115 1271 nullius
1145 1235 1278 1271 instru-

185 1287 304 1319 mento
330 1282 450 1318 cedet:
475 1292 594 1327 neque
616 1282 710 1317 enim
726 1291 792 1327 pro
807 1285 912 1327 parte
935 1280 1130 1317 dividemus
1145 1280 1279 1316 instru-

191 1332 230 1364 15
278 1332 448 1363 mentum.
511 1327 680 1372 Supellex
712 1330 918 1371 ceteraque,
959 1325 990 1361 si
1043 1336 1090 1361 ua
1119 1326 1158 1361 in
1189 1336 1276 1370 agro

186 1373 346 1416 fuerunt,
371 1383 441 1418 quo
464 1372 673 1408 instructior
697 1375 792 1407 esset
814 1375 918 1417 pater
940 1370 978 1406 fa
1018 1371 1111 1414 ''as‚
1142 1371 1276 1406 instru-

192 1422 231 1455 16
276 1422 397 1454 meiito
421 1417 523 1453 fundi
546 1427 619 1452 non
644 1417 882 1452 continentur.
931 1415 970 1452 Si
991 1415 1118 1452 domus
1153 1416 1201 1451 sit
1222 1416 1277 1451 in-

187 1466 424 1499 strumentum
446 1463 612 1507 legatum,
637 1461 828 1498 videndum
851 1461 936 1507 quid
961 1461 1196 1497 contineatur.
1243 1464 1280 1496 et

188 1509 348 1554 Pegasus
372 1508 423 1543 ait
444 1508 720 1543 instrumentum
743 1507 869 1543 domus
892 1507 932 1542 id
954 1516 1044 1549 esse,
1069 1506 1166 1552 quod
1188 1510 1278 1542 tem-

187 1554 338 1599 pestatis
370 1553 548 1589 arcendae
576 1556 642 1588 aut
670 1552 826 1588 incendii
863 1562 974 1588 causa
1004 1555 1174 1597 paratur,
1206 1561 1279 1587 non

187 1599 284 1645 quod
305 1598 500 1644 voluptatis
515 1598 648 1644 gratia:
672 1598 795 1643 itaque
807 1607 923 1643 neque
946 1596 1148 1643 specularia
1163 1606 1279 1642 neque

186 1644 284 1687 vela,
318 1654 412 1690 quae
441 1643 585 1689 frigoris
610 1653 721 1679 causa
743 1643 799 1679 vel
821 1643 971 1679 umbrae
992 1642 1031 1678 in
1054 1642 1157 1678 domo
1183 1645 1278 1684 sunt,

188 1689 321 1726 deberi.
368 1699 461 1735 quae
483 1689 660 1725 sententia
685 1687 800 1724 Cassii
822 1687 902 1730 fuit,
935 1687 998 1733 qui
1021 1687 1165 1723 dicebat
1185 1687 1280 1723 inter

187 1736 463 1771 instrumentum
487 1738 523 1769 et
546 1737 793 1770 ornamentum
824 1733 975 1768 multum
997 1732 1188 1768 interesse:
1223 1732 1278 1767 in-

188 1779 375 1816 strumenti
399 1779 492 1815 enim
517 1789 560 1815 ea
581 1789 671 1822 esse,
696 1789 788 1824 quae
811 1778 859 1814 ad
881 1778 1030 1814 tutelam
1053 1778 1179 1813 domus
1198 1787 1280 1823 per-

187 1826 312 1869 tinent,
337 1825 547 1867 ornamenti,
573 1834 666 1870 quae
689 1823 736 1859 ad
758 1824 989 1876 voluptatem,
1013 1823 1121 1859 sicuti
1136 1822 1279 1858 tabulas

193 1874 230 1908 Π
278 1870 407 1916 pictas.
453 1869 545 1905 Vela
566 1873 686 1905 autem
699 1869 824 1905 Cilicia
845 1869 1074 1905 instrumenti
1096 1878 1174 1904 esse
1191 1868 1278 1904 Cas-

189 1916 275 1959 sius,
301 1925 394 1960 quae
415 1914 496 1950 ideo
520 1919 706 1960 parantur,
730 1925 776 1950 ne
800 1913 964 1950 aedificia
986 1917 1091 1950 vento
1119 1913 1176 1950 vel
1197 1913 1278 1959 plu-

192 1964 232 1996 18
278 1961 336 1997 via
349 1960 526 1996 laborent.
572 1961 726 1996 Acetum
742 1970 895 2005 quoque,
920 1959 1016 2005 quod
1033 1957 1279 2004 exstinguendi

187 2005 343 2042 incendii
360 2015 470 2041 causa
511 2009 647 2049 aratur,
666 2005 752 2041 item
769 2009 936 2041 centones
951 2004 1096 2047 sifones,
1119 2004 1280 2050 perticae

189 2061 331 2097 quoque
355 2054 391 2086 et
414 2061 453 2087 sc
492 2061 535 2086 ae
546 2052 569 2093 ¹,
594 2054 631 2086 et
653 2049 845 2086 formiones
869 2054 905 2086 et
927 2050 1095 2095 spongias
1121 2053 1157 2085 et
1179 2059 1280 2085 amas

195 2100 233 2132 19
280 2100 317 2132 et
327 2106 456 2142 scopas
469 2095 644 2132 contineri
662 2096 823 2141 plerique
842 2099 878 2131 et
888 2095 1050 2140 Pegasus
1062 2095 1174 2130 aiunt.
1210 2094 1279 2130 Te-

189 2147 309 2187 gulam
332 2145 450 2177 autem
473 2145 509 2177 et
531 2141 670 2186 tignum
699 2141 774 2176 eius
806 2140 861 2176 rei
893 2151 1005 2176 causa
1035 2144 1202 2185 paratum
1224 2140 1278 2174 in·

190 2191 388 2223 strumento
413 2186 599 2229 contineri,
624 2186 655 2222 si
678 2186 726 2221 ad
747 2185 950 2222 huiusmodi
980 2195 1126 2221 causam
1148 2185 1282 2221 habeat

190 2233 286 2278 tigna
309 2235 437 2277 parata
460 2231 506 2267 ad
529 2231 619 2267 alios
643 2241 731 2267 usus
747 2242 820 2267 non
840 2230 1085 2266 deservientia.
1132 2229 1282 2276 proinde

189 2282 227 2314 et
241 2277 450 2313 fulcimenta
466 2276 497 2312 si
514 2286 587 2322 qua
602 2276 760 2312 habebat
779 2276 864 2312 huic
877 2276 931 2311 rei
945 2275 1158 2319 necessaria,
1176 2275 1281 2311 etiam

190 2326 234 2358 20
281 2333 324 2358 00
346 2323 583 2358 instrumento
609 2321 733 2357 domus
763 2321 1051 2357 continebuntur.
1103 2320 1159 2356 De
1182 2320 1280 2363 velis,

190 2378 283 2413 quae
304 2367 343 2403 in
371 2367 579 2413 hypaethris
607 2366 867 2413 extenduntur,
896 2367 982 2402 item
1010 2366 1055 2402 de
1085 2365 1158 2410 his,
1189 2375 1282 2411 quae

190 2418 274 2449 sunt
298 2412 396 2448 cii-ca
408 2412 603 2456 columnas,
629 2411 754 2448 Celsus
779 2412 906 2448 scribit
917 2411 1030 2456 magis
1045 2410 1281 2457 suppellectili

190 2457 459 2494 adnumeranda
502 2461 538 2493 et
573 2458 626 2493 ita
659 2457 832 2493 Sabinum
866 2460 903 2493 et
938 2456 1101 2493 Cassium
1140 2459 1280 2501 putare.

190 2507 230 2539 21
282 2503 435 2539 Canales
453 2507 573 2539 autem
586 2507 621 2538 et
637 2503 863 2548 harpagones
880 2505 918 2538 et
929 2512 1028 2537 amas
1044 2502 1281 2537 instrumento

191 2552 234 2585 22
282 2548 456 2584 contineri
480 2552 632 2584 constat.
679 2548 767 2583 Item
780 2547 951 2600 perticae,
976 2547 1104 2592 quibus
1128 2556 1284 2582 araneae

191 2594 431 2639 detergantur,
448 2594 533 2628 item
545 2593 726 2639 spongiae,
740 2593 868 2638 quibus
881 2591 1069 2628 columnae
1081 2591 1283 2638 pavimenta

190 2639 299 2685 podia
323 2642 562 2683 extergantur,
586 2638 723 2681 scalae,
754 2648 846 2683 quae
875 2637 923 2674 ad
949 2637 1135 2673 lacunaria
1158 2637 1281 2672 admo-

191 2688 357 2727 veantur,
387 2684 614 2719 instrumenti
643 2687 743 2727 sunt,
774 2683 858 2729 quia
888 2682 1110 2719 mundiorem
1138 2682 1281 2718 domum

194 2732 236 2765 23
283 2728 449 2765 reddunt.
501 2728 721 2774 Papinianus
746 2739 887 2774 quoque
915 2728 1006 2763 libro
1031 2727 1182 2773 septimo
1206 2737 1281 2762 res-

191 2784 387 2855 gonsorum
415 2774 480 2809 ait:
515 2774 630 2819 sigilla
660 2778 696 2810 01
718 2778 861 2810 statuae
884 2773 1026 2809 adfixae
1046 2773 1281 2809 instrumento

217 2830 318 2856 omus
341 2829 415 2855 non
438 2819 675 2863 continentur,
700 2819 765 2855 sed
781 2818 908 2855 domus
931 2818 1049 2864 portio
1063 2822 1162 2854 sunt:
1189 2828 1283 2863 quae

192 2875 275 2901 vero
299 2875 371 2900 non
395 2868 479 2899 sunt
501 2864 631 2907 adfixa,
655 2865 891 2901 instrumento
915 2864 1013 2900 110112
1042 2863 1281 2906 continentur,

191 2910 328 3000 ἱὲῗὲἑξὲ
350 2909 599 3000 ᾞὲξὼὲἑίὲὲι
612 2910 705 2990 ἶῗέῗ
724 2909 1192 2991 ἓᾶ“ἓ“1ἓέ“ηῗὲΨήᾼἫθέἷὲ
1211 2909 1281 2989 1¹:35

465 2981 475 2997 ,
974 2981 982 2989 .

192 3000 428 3036 instrumento
453 2999 577 3035 domus
606 3003 712 3045 putat
735 3000 924 3043 contineri,
954 3000 1049 3035 sicut
1070 2999 1282 3045 prothyrum

193 3045 336 3088 domus,
366 3045 397 3081 si
425 3044 585 3081 velamen
614 3050 684 3087 est,
718 3045 851 3090 inquit,
887 3045 1124 3081 instrumento
1155 3044 1283 3080 domus

194 3094 237 3126 24
284 3090 497 3127 continetur.
543 3089 704 3127 Fistulae
718 3095 838 3127 autem
862 3094 899 3126 et
921 3090 1064 3126 canales
1079 3094 1115 3125 et
1127 3093 1283 3125 crateres

194 3139 230 3172 et
252 3135 284 3173 si
306 3145 378 3182 qua
401 3138 486 3171 sunt
507 3134 579 3170 alia
591 3135 638 3170 ad
655 3146 767 3181 aquas
783 3136 949 3172 salientes
966 3135 1181 3178 necessaria,
1198 3135 1283 3171 item

194 3191 296 3218 serae
319 3184 356 3217 et
378 3180 495 3216 claves
517 3180 629 3224 magis
653 3180 779 3217 domus
801 3181 919 3227 portio
949 3191 1056 3226 quam
1080 3180 1205 3216 domus
1227 3180 1283 3216 in-

198 3230 240 3262 25
289 3229 524 3262 strumentum
535 3229 629 3261 sunt.
666 3226 876 3271 specularia
888 3236 1028 3272 quoque
1040 3225 1161 3262 adfixa
1172 3225 1283 3271 magis

195 3276 283 3317 puto
308 3271 435 3307 domus
459 3281 538 3307 esse
559 3274 716 3316 partem:
742 3282 825 3307 nam
849 3275 886 3308 et
907 3272 945 3308 in
967 3271 1145 3316 emptione
1158 3271 1283 3307 domus

196 3321 231 3352 et
254 3316 456 3363 specularia
475 3320 513 3352 et
528 3320 694 3361 pegmata
718 3316 854 3360 cedere,
879 3317 953 3353 sive
970 3317 1007 3352 in
1026 3315 1188 3352 aedificio
1201 3320 1286 3352 sunt

195 3363 314 3408 posita
337 3362 409 3397 sive
431 3360 479 3397 ad
501 3364 643 3406 tempus
667 3360 839 3397 detracta.
890 3361 953 3398 sed
977 3361 1007 3397 si
1024 3371 1098 3397 non
1120 3361 1203 3404 sint,
1227 3371 1284 3397 re-

195 3407 315 3454 posita
337 3406 384 3442 ad
401 3407 477 3459 ‘hoc
500 3410 621 3442 tamen
643 3405 725 3448 sint,
751 3410 791 3441 ut
814 3407 1059 3459 suppleantur,
1083 3406 1113 3442 si
1161 3417 1209 3442 ua
1223 3406 1285 3442 de-

195 3455 240 3488 26
286 3453 375 3495 siut,
398 3455 634 3488 instrumento
657 3451 776 3497 potius
801 3452 1087 3488 continebuntur.
1165 3451 1284 3487 ancel-

197 3501 237 3533 27
285 3497 340 3533 108
365 3507 507 3543 quoque
536 3497 773 3533 instrumento
806 3496 979 3533 contineri
1012 3499 1113 3542 puto.
1160 3495 1231 3532 Sed
1253 3496 1286 3532 si

196 3542 328 3578 fundus
351 3553 424 3578 non
447 3542 494 3577 sit
519 3552 603 3578 cnm
624 3542 860 3578 instrumento
890 3541 1047 3586 legatus,
1077 3541 1140 3577 sed
1169 3542 1220 3577 ita
1243 3545 1285 3577 ut

195 3588 392 3623 instructus
409 3587 467 3629 sit,
482 3587 682 3633 quaesitum
695 3590 760 3629 est,
773 3596 820 3622 an
835 3585 914 3631 plus
929 3587 1163 3628 contineatur,
1177 3596 1285 3632 quam

199 3705 239 3744 (ι)
250 3704 397 3747 perticae
409 3713 542 3745 quoque
555 3704 589 3737 et
598 3701 706 3736 scalae
716 3702 780 3736 huc
791 3701 887 3736 alata
897 3709 972 3736 nune
982 3714 1022 3736 ea:
1035 3706 1052 3741 ς
1065 3708 1103 3736 22
1157 3703 1202 3742 (2)
1213 3710 1285 3735 mn-

198 3749 250 3789 318
262 3751 321 3783 ins.
416 3753 458 3790 (3)
483 3751 517 3781 et
530 3748 593 3782 del.
696 3749 740 3790 (4)
765 3746 880 3790 iptim]
892 3746 946 3780 nui
958 3746 1009 3780 1:⁹2
1112 3747 1155 3789 (5)
1178 3745 1243 3779 nihi
1256 3746 1292 3779 F

1261 113 1348 163 47⁰

1485 24 1556 71 *Px

1545 86 1571 148 (ἃ
1580 152 1592 157 s
2086 130 2149 162 DE
2175 130 2422 164 mucro

1337 241 1370 277 si
1385 251 1468 277 cum
1485 241 1719 278 instrumento
1737 240 1752 276 l
1817 243 1876 276 tus
1895 243 2002 275 esset.
2038 242 2074 276 et
2085 238 2240 276 Sabinus
2259 240 2359 277 libris
2379 241 2424 279 ad

1337 285 1520 323 Vitellium
1535 286 1660 324 scribit
1674 250 1859 322 fateieiffiim
1871 294 1949 337 0880
1962 284 2044 330 plus
2064 294 2154 328 esse,
2169 296 2250 322 cum
2272 285 2425 323 instruc-

1337 335 1396 367 tus
1419 330 1552 367 fundus
1574 332 1722 377 legetur,
1752 341 1859 377 quam
1883 340 1913 366 si
1937 340 2019 366 cum
2040 329 2293 367 instrumento:
2318 342 2426 377 quam

1338 376 1551 413 sententiam
1572 376 1718 413 cottidie
1737 376 1936 412 increscere
1956 379 1993 411 et
2014 375 2232 412 invalescere
2254 376 2423 413 videmus.

1340 420 2424 511 {ffffssssmiffffiffl¹25⁸&ssssss⁰53¹Sa⁶⁸x33t3¹iflfi¹1hdufflsst

1340 512 1460 548 omnia
1483 521 1577 557 quae
1607 521 1648 548 eo
1681 511 1858 548 collocata
1889 514 1991 553 sunt,
2023 514 2065 546 ut
2093 510 2303 547 instructior
2334 516 2426 547 esset

1339 561 1445 603 pater
1467 556 1640 600 familias,
1670 556 1866 598 instructo,
1898 556 2032 601 inquit,
2066 555 2361 600 continebuntur,
2391 557 2427 592 id

1341 606 1397 638 est
1419 612 1512 647 quae
1534 602 1585 638 ibi
1606 601 1751 645 habuit,
1782 604 1824 637 ut
1852 601 2061 637 instructior
2091 604 2195 636 esset.
2243 601 2313 638 hoc
2344 612 2426 647 ergo

1340 647 1457 693 legato
1482 657 1556 683 non
1587 647 1662 692 agri
1691 647 1983 689 instrumentum,
2015 645 2079 682 sed
2136 646 2295 692 roprium
2324 657 2428 683 suum

1342 695 1386 729 28
1431 693 1708 728 instrumentum
1722 691 1908 737 reliquisse
1922 691 2073 728 videtur.
2150 690 2275 727 roinde
2298 691 2427 728 8111111-

1342 737 1409 774 dus
1434 737 1482 790 sit
1498 737 1700 790 ‘instructus
1722 737 1877 790 legatus,
1910 741 1946 772 et
1968 736 2154 789 suppellex
2174 736 2427 789 continebitur,

1342 783 1530 873 gfflffl?
1538 782 2084 880 sffl‘ff31'32'13331ti'332t23‘2
2094 782 2430 873 ’ῗὲἑέἕῖἓὲἘὲ

1345 874 1497 909 eboreae
1526 872 1583 909 vel
1605 883 1636 909 si
1658 882 1750 918 quae
1773 872 1881 913 ahae,
1913 872 1999 907 item
2028 876 2142 908 vitrea
2173 876 2210 908 et
2240 882 2369 908 aurum
2393 877 2430 908 et

1343 922 1549 963 argentum:
1585 918 1669 953 vina
1706 927 1868 970 quoque,
1908 917 1939 952 si
1980 927 2052 962 qua
2087 917 2137 953 ibi
2166 916 2301 953 fuerint
2341 927 2429 953 usus

1342 964 1456 1010 ipsius
1480 973 1602 1006 causa,
1626 966 1864 1005 continentur,
1890 966 1926 997 et
1940 962 1971 997 si
1994 961 2079 1007 quid
2102 962 2198 998 aliud
2213 963 2428 998 utensilium.

1344 1012 1388 1045 29
1435 1008 1506 1044 Sed
1522 1009 1553 1045 si
1570 1018 1640 1054 qua
1656 1018 1697 1044 eo
1718 1011 1947 1052 congesserat
1961 1017 2034 1042 non
2049 1017 2137 1043 usus
2154 1007 2291 1052 ipsius⁴
2308 1017 2429 1050 causa,

1344 1054 1408 1091 sed
1432 1053 1616 1090 custodiae
1637 1053 1765 1099 gratia,
1790 1063 1863 1088 non
1887 1052 2183 1088 continebuntur:
2207 1052 2290 1088 vina
2311 1053 2430 1095 etiam,

1345 1109 1437 1146 quae
1459 1100 1497 1135 in
1521 1098 1705 1144 apothecis
1729 1102 1825 1140 sunt,
1849 1108 1922 1133 non
1946 1097 2092 1133 cedent:
2117 1101 2154 1133 et
2175 1097 2245 1133 hoc
2260 1098 2338 1133 iure
2361 1098 2430 1132 uti-

1344 1156 1443 1185 mur,
1474 1148 1516 1179 ut
1563 1153 1632 1180 uae
1654 1143 1705 1179 ibi
1727 1146 1830 1189 pater
1851 1142 2006 1178 familias
2029 1143 2133 1188 quasi
2154 1143 2191 1177 in
2214 1142 2343 1178 horreo
2366 1143 2431 1178 ha-

1345 1194 1388 1226 30
1434 1189 1524 1233 111111,
1618 1199 1638 1224 0
1653 1199 1726 1224 11011
1746 1187 2007 1224 contineantur.
2045 1187 2169 1223 Celsus
2185 1198 2327 1239 quoque
2340 1188 2431 1223 libro

1344 1245 1440 1272 nono
1465 1234 1601 1270 decimo
1619 1234 1835 1280 digestorum
1850 1233 1977 1269 scribit
1998 1232 2136 1268 fructus
2152 1233 2226 1268 1111εἱ
2244 1233 2432 1278 repositos,

1345 1285 1386 1317 ut
1407 1280 1570 1317 venirent
1591 1279 1647 1315 vel
1668 1279 1707 1314 in
1730 1278 1839 1314 alium
1868 1288 1973 1314 usum
1996 1288 2103 1323 quam
2125 1276 2228 1314 fundi
2251 1282 2432 1314 converte-

1345 1329 1386 1362 31
1435 1329 1570 1368 rentur,
1594 1325 1769 1360 instructo
1786 1323 1897 1359 fundo
1921 1334 1994 1359 non
2010 1323 2194 1359 contineri.
2240 1322 2339 1359 Idem
2355 1323 2433 1359 Gel-

1345 1381 1408 1407 sus
1433 1370 1558 1406 eodem
1581 1370 1671 1405 libro
1697 1369 1749 1405 ait
1771 1369 1877 1404 etiam
1890 1378 1958 1421 sup
1986 1368 2219 1404 ellecticarios
2243 1371 2280 1404 et
2296 1372 2433 1404 ceteros

1344 1417 1415 1452 hoc
1438 1426 1550 1461 genus
1574 1425 1695 1451 servos
1720 1413 1905 1456 contineri,
1928 1425 1941 1449 i
1989 1417 2044 1449 est
2065 1413 2272 1456 ministeria,
2304 1414 2432 1459 quibus

1345 1461 1543 1497 instructus
1568 1463 1646 1496 erat
1667 1460 1706 1495 in
1729 1469 1771 1495 eo
1794 1458 1907 1494 fundo
1925 1461 2039 1500 (extra
2061 1468 2105 1493 ea
2152 1469 2221 1494 uae
2234 1458 2434 1494 libertatem

1347 1509 1391 1542 32
1439 1507 1682 1551 acceperunt),
1706 1508 1743 1540 et
1766 1504 1827 1550 qui
1849 1514 1934 1539 rure
1957 1504 2087 1539 morari
2103 1514 2143 1539 so
2159 1504 2278 1540 ebant.
2326 1503 2434 1539 81111-

1348 1555 1524 1588 structum
1547 1550 1698 1586 fundum
1720 1550 1733 1585 l
1819 1553 1891 1592 set,
1925 1559 1969 1584 ea
1998 1548 2235 1595 paedagogia,
2272 1559 2363 1594 quae
2385 1549 2435 1584 ibi

1347 1597 1516 1639 habebat,
1540 1600 1591 1639 ut,
1616 1606 1698 1631 cum
1720 1595 1771 1631 ibl
1792 1594 1965 1637 venisset,
2408 1594 2416 1601 ‘

1347 1645 1390 1679 33
1438 1641 1555 1684 clinio,
1579 1641 1696 1686 legato
1714 1639 1951 1676 continentur.

2023 1598 2142 1630 raesto
2167 1598 2287 1630 essent
2309 1594 2349 1630 in
2370 1598 2434 1629 tri-

2028 1639 2278 1676 ontubernales
2294 1649 2436 1685 quoque

1339 1698 1541 1729 servorum,
1571 1686 1608 1721 id
1631 1689 1686 1721 est
1708 1695 1838 1721 uxores
1848 1686 1874 1728 ⁶,
1906 1689 1942 1719 et
1964 1689 2089 1728 natos,
2123 1684 2298 1721 instructo
2321 1683 2434 1721 fundo

1348 1736 1392 1768 34
1439 1731 1614 1768 contineri
1635 1741 1757 1766 verum
1789 1734 1855 1766 est.
1901 1730 2082 1765 Instructo
2114 1733 2234 1766 autem
2263 1729 2376 1765 fundo
2401 1734 2437 1766 et

1347 1777 1601 1814 bibliothecam
1625 1780 1661 1811 et
1691 1776 1822 1818 libros,
1856 1775 1917 1821 qui
1950 1775 2023 1810 illic
2053 1780 2174 1817 erant,
2208 1779 2250 1810 ut
2272 1775 2436 1827 quotiens

1347 1823 1503 1859 venisset
1532 1825 1712 1864 uteretur,
1748 1820 1923 1857 contineri
1957 1823 2110 1856 constat.
2170 1820 2235 1856 sed
2268 1831 2300 1856 si
2358 1820 2437 1856 uasi

1348 1868 1526 1914 apotheca
1555 1867 1727 1903 librorum
1756 1866 1943 1908 utebatur,
1985 1869 2112 1901 contra
2146 1865 2214 1901 erit
2237 1864 2340 1902 dicen
2365 1876 2435 1900 um.

1349 1916 1392 1949 35
1439 1913 1608 1948 Neratius
1632 1922 1775 1957 quoque
1796 1911 1888 1947 libro
1904 1914 2031 1956 quarto
2056 1910 2290 1956 epistularum
2305 1909 2436 1946 Rufino

1348 1958 1533 2004 respondit
1562 1958 1739 1993 instructo
1769 1956 1880 1992 fundo
1913 1959 1950 1992 et
1980 1956 2260 2001 suppellectilem
2291 1960 2328 1991 et
2356 1956 2439 1991 vina

1349 2007 1385 2040 et
1407 2003 1587 2049 mancipia
1608 2013 1682 2038 non
1705 2002 1821 2038 solum
1837 2001 1884 2037 ad
1908 2001 2044 2037 cultum
2067 2001 2309 2037 custodiamve
2323 2001 2437 2042 villae,

1350 2049 1414 2085 sed
1433 2049 1540 2085 etiam
1559 2057 1651 2094 quae
1670 2051 1712 2083 ut
1730 2047 1800 2093 ipsi
1818 2047 1914 2092 patri
1929 2046 2082 2082 familias
2098 2046 2136 2081 iii
2151 2046 2368 2082 ministerio⁷
2387 2046 2438 2082 ibi

1351 2097 1394 2131 36
1442 2097 1572 2136 essent,
1593 2093 1711 2138 legato
1731 2092 1866 2128 cedere.
1899 2092 2075 2137 Imagines
2093 2102 2236 2138 quoque
2253 2092 2322 2127 hae
2341 2091 2439 2127 solae

1348 2140 1487 2184 legatae
1508 2139 1683 2181 videntur,
1709 2148 1801 2184 quae
1819 2137 1856 2172 in
1875 2137 1923 2172 ali
1948 2148 1995 2173 uo
2017 2141 2146 2172 ornatu
2163 2137 2267 2173 villae
2282 2136 2437 2172 fuerunt.

1350 2188 1391 2221 37
1432 2184 1652 2230 Papinianus
1669 2193 1811 2229 quoque
1825 2192 1914 2228 prae
1954 2183 1961 2190 '
1997 2182 2209 2218 instructisl
2253 2182 2321 2218 atis
2338 2191 2437 2217 man-

1351 2230 1444 2276 cipia
1467 2240 1540 2265 non
1565 2229 1749 2271 contineri,
1774 2238 1866 2274 quae
1883 2227 2052 2273 temporis
2077 2237 2189 2263 causa
2205 2228 2213 2235 ”
2244 2228 2275 2263 ’0
2292 2227 2438 2263 fuerunt

1350 2286 1394 2311 ac
1408 2285 1482 2311 non
1499 2285 1541 2311 eo
1557 2274 1675 2310 animo
1692 2273 1876 2309 transtulit
1890 2277 1994 2319 pater
2009 2272 2175 2315 familias,
2199 2278 2241 2308 ut
2255 2276 2319 2308 aut
2337 2272 2439 2308 fundi

1351 2323 1394 2356 38
1441 2324 1505 2355 aut
1521 2330 1626 2355 suum
1647 2319 1921 2355 instrumentum
1940 2318 2088 2354 faceret.
2134 2317 2233 2353 Idem
2255 2317 2440 2363 respondit

1350 2365 1505 2411 praediis
1529 2364 1713 2400 instructis
1736 2364 1870 2444 lffigfis·
1887 2366 2044 2399 actorem
2076 2373 2120 2398 ex
2150 2363 2205 2398 his
2235 2363 2274 2398 in
2296 2363 2438 2408 provin-

1351 2411 1442 2446 ciam
1465 2410 1623 2452 missum,
1654 2413 1696 2444 ut
1719 2419 1760 2445 or
1786 2409 1794 2416 '
1821 2413 1890 2444 atis
1914 2408 2065 2453 negotiis
2096 2406 2144 2443 ad
2165 2408 2353 2454 pristinum
2377 2418 2437 2443 ac-

1349 2460 1426 2491 tum
1448 2455 1590 2498 rediret,
1613 2455 1729 2499 legato
1753 2453 1979 2499 praediorum
2003 2452 2140 2495 cedere,
2165 2454 2324 2501 quamvis
2349 2463 2437 2488 non-

1351 2504 1395 2537 39
1442 2500 1526 2536 dum
1555 2499 1712 2536 redierit.
1766 2499 1866 2535 Idem
1896 2498 2083 2544 respondit
2111 2499 2295 2534 instructis
2325 2498 2439 2533 hortis

1349 2546 1476 2591 legatis
1508 2546 1615 2582 etiam
1646 2545 1745 2588 vina,
1778 2554 1871 2597 quae
1899 2544 1950 2580 ibi
1972 2543 2137 2586 fuerunt,
2174 2554 2245 2589 quo
2278 2543 2439 2579 dominus

1352 2596 1446 2627 esset
1468 2590 1686 2634 instructior,
1711 2589 1903 2625 contineri:
1934 2589 2032 2624 aliud
2054 2599 2150 2631 esse,
2183 2589 2215 2624 si
2237 2588 2368 2624 horrea
2389 2588 2439 2624 ibi

1350 2636 1487 2679 habuit,
1511 2636 1607 2672 unde
1622 2635 1866 2671 instruebatur
1880 2634 1936 2670 vel
1950 2634 1988 2670 111
2002 2634 2091 2670 urbe
2106 2634 2163 2670 vel
2183 2634 2222 2669 iii
2236 2633 2315 2669 aliis
2331 2643 2438 2685 prae-

1351 2685 1395 2717 40
1442 2681 1521 2717 diis.
1567 2680 1666 2716 Idem
1689 2679 1874 2725 respondit
1905 2679 2009 2715 domo
2069 2690 2108 2714 er
2128 2678 2438 2715 fideicommissum

1349 2726 1476 2763 relicta
1506 2737 1587 2762 cum
1617 2725 1830 2772 supellectili
1854 2724 2001 2761 Claudio
2069 2724 2335 2770 'eronymiano⁸
2365 2724 2438 2759 cla-

1349 2772 1489 2808 rissimo
1513 2771 1588 2823 viro
1612 2771 1658 2807 ab
1682 2770 1830 2823 Umbrio
1854 2770 1987 2836 Primo⁹
1998 2773 2035 2805 et
2061 2773 2263 2822 mensas-et
2285 2772 2439 2821 ceteram

1350 2816 1672 2907 ἓξὲξὲἒῖζᾞθῗὶο
1685 2826 1835 2913 ,ἓξιωψῖἰέ
1847 2815 2113 2912 ὴὲἔὲἔωρξὲἕῗῗ
2120 2814 2338 2912 ἇᾞέἒῐῗ
2354 2824 2438 2894 ig&

1351 2912 1391 2944 41
1442 2910 1572 2950 0880111,
1597 2909 1781 2942 contineri.
1822 2905 1922 2941 Idem
1938 2904 2123 2950 respondit
2136 2905 2334 2940 theriacam
2349 2914 2438 2949 quo-

1350 2963 1420 2999 que
1443 2956 1481 2988 et
1503 2955 1622 2988 cetera
1645 2950 1914 2993 medicamenta,
1939 2960 2032 2996 quae
2055 2959 2217 2986 secessus
2241 2959 2352 2985 causa
2375 2948 2437 2985 do-

1350 2999 1466 3034 minus
1489 2996 1541 3034 ibi
1562 2996 1698 3039 habuit,
1722 2999 1759 3031 et
1781 2999 1913 3031 vestem
1961 2998 2083 3041 ropter
2103 3005 2282 3031 secessum
2304 2994 2355 3030 ibi
2377 2993 2438 3029 de·

1350 3046 1394 3080 42
1466 3042 1594 3079 ositam
1615 3041 1792 3094 instructo
1813 3040 1927 3093 fundo
1936 3007 2057 3085 iegato
2079 3039 2207 3076 inesse.
2246 3039 2345 3092 Idem
2363 3049 2438 3075 res-

1350 3099 1423 3135 pon
1448 3088 1477 3124 it
1503 3087 1608 3123 domo
1645 3091 1715 3129 ita,
1747 3090 1789 3122 ut
1811 3089 1988 3122 instructa
2019 3089 2092 3128 est,
2124 3095 2205 3120 cuni
2236 3095 2332 3120 omni
2361 3085 2439 3120 iure

1351 3144 1417 3170 suo
1440 3133 1558 3178 legata
1581 3132 1758 3167 urbanam
1780 3130 1962 3172 familiam,
1986 3130 2070 3166 item
2093 3130 2261 3172 artifices,
2286 3140 2438 3174 quorum

1351 3188 1483 3225 operae
1506 3177 1634 3214 ceteris
1659 3187 1801 3222 quoque
1831 3175 1985 3222 praediis
2017 3175 2287 3219 exhibebantur,
2319 3175 2333 3210 l
2399 3179 2437 3210 to

1352 3235 1425 3261 non
1449 3222 1639 3260 contineri:
1665 3222 1802 3258 ostiarii
1818 3224 1948 3263 autem,
1964 3220 2089 3266 inquit,
2113 3220 2169 3256 vel
2184 3220 2326 3267 topiarii
2422 3240 2437 3247 -

1351 3269 1434 3306 tarii
1463 3267 1603 3314 aquarii
1632 3267 1751 3303 domui
1781 3271 1922 3302 tantum
1945 3265 2180 3302 deservientes
2204 3265 2437 3302 continebun-

1351 3319 1421 3351 tur.
1469 3312 1533 3349 sed
1555 3312 1652 3358 quod
1674 3312 1719 3348 de
1742 3311 1939 3348 artificibus
1962 3311 2025 3354 ait,
2049 3310 2179 3347 falsum
2202 3314 2275 3353 est,
2307 3310 2339 3346 si
2362 3310 2438 3346 eius

1353 3360 1480 3396 domus
1503 3368 1615 3394 causa
1663 3357 1755 3394 arati
1778 3360 1879 3399 sunt,
1910 3356 1995 3392 licet
2018 3356 2095 3392 aliis
2120 3366 2262 3402 quoque
2284 3355 2438 3401 praediis

1353 3408 1396 3441 43
1444 3369 1772 3440 00111111οᾱοξ0111111.
1818 3401 1917 3437 Idem
1939 3401 2124 3447 respondit
2140 3401 2246 3437 domo
2262 3401 2439 3453 instructa

1351 3450 1471 3496 legata
1493 3458 1634 3484 mensas
1658 3449 1808 3484 eboreas
1826 3450 1862 3482 et
1884 3446 1995 3483 libros
2020 3457 2093 3482 non
2108 3446 2298 3482 contineri:
2323 3444 2387 3481 sed
2403 3449 2439 3480 01

1351 3495 1422 3531 1100
1445 3493 1576 3529 falsum
1599 3497 1672 3529 est:
1706 3503 1790 3528 nam
1821 3501 1944 3534 omne,
2002 3491 2062 3527 uid
2087 3491 2149 3527 uid
2169 3491 2207 3527 in
2231 3490 2335 3527 domo
2358 3490 2438 3532 fuit,

1353 3550 1422 3586 quo
1445 3538 1656 3575 instructior
1677 3538 1727 3574 ibi
1749 3540 1844 3574 esset
1865 3503 2009 3582 paterqf
2092 3536 2100 3544 ‘
2145 3563 2155 3579 ,
2190 3535 2438 3577 continebitur,

1351 3583 1631 3631 suppellectilem
1653 3586 1772 3620 autem
1794 3582 1908 3628 patris
1937 3581 2093 3618 familiae
2105 3583 2133 3603 ¹⁰
2165 3581 2439 3617 instrumentum

1354 3700 1399 3740 (ὓ)
1423 3698 1459 3731 id
1471 3700 1520 3732 est
1530 3708 1651 3733 uxoreo
1661 3698 1723 3732 dol.
1736 3697 1909 3741 Schultiny

1352 3744 1492 3778 roniano
1506 3744 1554 3777 F¹
1647 3745 1694 3785 (0)
1717 3742 1847 3776 horreis
1859 3743 1935 3775 dete.

1981 3697 2260 3784 vastae.
2272 3697 2341 3775 2:2⁸
