2528 3918
115 114 174 144 DE
203 111 526 145 STIPULATIONE
556 110 796 142 SERVORUM

112 225 252 262 duobus
276 222 468 269 separatim
490 220 744 266 stipulantibus
767 220 819 254 ita
838 219 1033 265 promissor
1051 230 1199 266 respon-

112 271 197 306 deat
220 269 371 314 ‘utrique
402 269 559 302 vestrum
591 266 677 300 dare
701 265 892 310 spondeo':
924 276 1007 301 nam
1039 266 1069 302 si
1100 266 1200 311 prius

112 316 206 351 Titio
231 312 479 361 spoponderit,
505 311 633 347 deinde
656 310 725 346 alio
750 311 990 356 interrogante
1013 311 1199 356 spondeat,

111 362 182 397 alia
212 364 320 404 atque
351 357 422 392 alia
454 357 521 392 erit
550 356 719 401 obligatio
744 367 810 391 nec
836 356 1031 392 creduntur
1054 356 1125 392 duo
1149 356 1201 391 rei

110 404 302 451 stipulandi
322 413 410 438 esse.
444 402 516 437 duo
536 403 699 447 pluresve
717 402 768 436 rei
788 402 1017 446 promittendi
1028 402 1078 437 ita
1090 401 1198 437 fiunt:

111 450 257 492 ‘Maevi,
282 448 438 494 quinque
462 458 590 483 aureos
615 447 702 482 dare
726 447 907 491 spondes?
954 447 1030 490 Sei,
1056 447 1199 483 eosdem

111 496 276 542 ‘quinque
295 504 424 529 aureos
449 493 536 528 dare
559 492 760 538 spondes?’
785 492 1047 537 respondeant¹
1071 492 1200 538 singuli

112 546 125 576 l
175 540 369 585 separatim
394 538 588 584 ‘spondeon
637 538 696 573 Ex
706 537 910 573 huiusmodi
923 538 1199 583 obligationibus

108 590 144 622 et
175 585 429 631 stipulantibus
461 584 614 619 solidum
646 583 792 628 singulis
818 583 968 618 debetur
992 587 1028 619 et
1050 583 1198 628 promit-

107 635 221 667 tentes
245 630 373 676 singuli
396 629 433 664 in
457 629 608 665 solidum
632 632 808 664 tenentur.
842 628 880 663 in
903 633 1055 674 utraque
1077 633 1199 664 tamen

106 676 322 722 obligatione
346 686 419 710 una
442 685 499 710 res
523 675 690 710 vertitur:
717 678 753 709 et
776 674 830 709 vel
850 675 940 709 alter
959 674 1115 710 debitum
1136 684 1196 709 ac-

106 722 269 768 cipiendo
300 721 356 757 vel
387 721 479 756 alter
509 720 678 756 solvendo
710 720 866 755 omnium
890 720 1040 764 peremit
1063 720 1197 764 obliga-

106 772 125 803 2
173 768 306 803 tionem
331 770 367 802 et
390 776 513 801 omnes
536 766 676 801 liberat.
727 765 808 799 ²Ex
840 765 980 801 duobus
1011 765 1080 800 reis
1112 776 1196 817 pro-

105 812 266 848 mittendi
289 812 380 847 alius
404 823 504 856 pure,
530 811 619 846 alius
643 811 680 845 in
704 810 796 846 diem
819 811 874 846 vel
898 811 963 846 sub
989 810 1198 846 condicione

105 858 253 903 obligari
285 861 423 903 potest:
457 867 524 892 nec
554 856 806 901 impedimento
832 856 899 891 erit
924 856 998 891 dies
1023 859 1087 891 aut
1111 867 1196 892 con·

105 904 210 947 dicio,
230 915 300 950 quo
321 903 436 939 minus
455 903 501 938 ab
522 913 563 939 eo
583 902 644 948 qui
663 912 751 947 pure
772 901 949 946 obligatus
968 905 1023 938 est
1040 905 1194 947 petatur.

582 996 694 1035 XVII
704 995 719 1016 ³

295 1064 357 1097 DE
382 1062 717 1096 STIPULATIONE
743 1062 1002 1095 SERVORUM.

148 1132 277 1167 Servus
290 1141 334 1166 ex
345 1139 500 1176 persona
512 1129 645 1165 domini
663 1129 720 1165 ius
739 1129 935 1174 stipulandi
954 1129 1072 1164 habet.
1106 1128 1194 1164 sed⁴

102 1177 280 1213 hereditas
304 1176 341 1211 in
365 1175 472 1222 pleris
499 1185 544 1210 ue
567 1185 743 1220 personae
768 1174 927 1210 defuncti
949 1175 1062 1210 vicem
1086 1174 1193 1209 susti-

102 1226 180 1258 net:
213 1221 364 1267 ideoque
395 1232 465 1266 quo
522 1231 645 1256 servus
678 1220 913 1256 hereditarius
945 1224 1029 1255 ante
1061 1220 1194 1255 aditam

101 1268 335 1304 hereditatem
359 1267 562 1312 stipulatur,
587 1266 742 1312 adquirit
764 1266 953 1301 hereditati
977 1277 1020 1301 ac
1041 1276 1106 1311 per
1124 1266 1194 1301 hoc

106 1317 120 1349 1
171 1313 278 1349 etiam
298 1312 421 1349 heredi
440 1315 567 1358 postea
578 1312 675 1348 facto
690 1312 901 1357 adquiritur.
952 1311 1054 1347 ⁵Sive
1074 1315 1193 1346 autem

102 1359 244 1395 domino
267 1359 339 1394 sive
358 1358 426 1393 sibi
446 1358 518 1393 sive
536 1368 708 1393 conservo
730 1369 796 1393 suo
817 1358 890 1393 sive
909 1357 1194 1403 impersonaliter

101 1415 222 1441 servus
246 1404 455 1450 stipuletur,
481 1403 622 1438 domino
647 1403 813 1448 adquirit.
849 1403 943 1438 idem
966 1403 1054 1438 iuris
1078 1406 1134 1438 est
1157 1406 1193 1438 et

100 1451 137 1486 in
162 1450 292 1492 liberis,
319 1449 379 1495 qui
397 1449 432 1484 in
452 1452 632 1494 potestate
651 1449 765 1494 patris
787 1452 882 1490 sunt,
907 1459 951 1484 ex
964 1448 1093 1494 quibus
1108 1458 1192 1484 cau-

100 1498 120 1531 2
168 1496 217 1531 sis
241 1495 428 1541 adquirere
451 1498 614 1539 possunt.
663 1494 735 1530 Sed
759 1506 841 1530 cum
863 1494 1002 1529 factum
1021 1494 1059 1529 in
1079 1494 1192 1539 stipu-

100 1542 233 1577 latione
264 1540 524 1582 continebitur,
561 1540 763 1575 omnimodo
796 1550 952 1585 persona
987 1540 1193 1585 stipulantis

101 1587 321 1629 continetur,
359 1585 468 1622 veluti
500 1585 531 1621 si
561 1596 686 1621 servus
718 1586 928 1631 stipuletur,
963 1589 1005 1621 ut
1039 1585 1108 1621 sibi
1142 1585 1194 1620 ire

99 1643 204 1678 agere
235 1633 359 1668 liceat:
391 1631 404 1666 i
431 1642 470 1667 se
494 1631 586 1666 enim
610 1634 749 1666 tantum
772 1631 954 1676 prohiberi
978 1642 1050 1666 non
1075 1630 1192 1673 debet,

100 1682 119 1714 3
167 1689 240 1714 non
265 1678 371 1713 etiam
421 1676 560 1712 ominus
585 1677 671 1712 eius.
720 1677 850 1712 Servus
864 1676 1060 1712 communis
1074 1677 1189 1722 stipu-

98 1723 207 1759 lando
231 1723 423 1768 unicuique
447 1722 672 1758 dominorum
692 1733 757 1774 pro
778 1722 943 1768 portione
963 1722 1109 1758 dominii
1129 1722 1192 1757 ad-

99 1770 224 1815 quirit,
257 1769 325 1804 nisi
355 1769 386 1803 si
420 1768 526 1804 unius
551 1779 672 1804 eorum
694 1779 794 1803 iussu
818 1772 882 1803 aut
904 1767 1111 1803 nominatim
1137 1767 1194 1803 cui

100 1825 221 1851 eorum
244 1815 437 1860 stipulatus
470 1817 542 1850 est:
575 1818 662 1849 tunc
694 1814 787 1849 enim
818 1813 885 1849 soli
917 1813 949 1849 ei
981 1813 1191 1858 adquiritur.

100 1861 195 1906 quod
219 1871 341 1896 servus
365 1859 562 1895 communis
587 1859 796 1939 stipulatur,
829 1859 860 1895 si
883 1859 987 1895 alteri
1012 1869 1055 1894 ex
1079 1859 1191 1894 domi-

100 1906 156 1945 nis
170 1906 310 1951 adquiri
322 1915 394 1940 non
405 1908 537 1950 potest,
559 1904 626 1940 soli
651 1915 711 1940 um
729 1905 833 1940 alteri
852 1905 899 1940 ad
924 1905 1064 1947 uiritur‚
1084 1904 1193 1940 veluti

98 1952 129 1987 si
152 1962 210 1988 res
234 1961 341 1997 quam
365 1950 443 1986 dari
466 1950 660 1996 stipulatus
685 1954 742 1987 est
764 1950 870 1987 unius
920 1950 1030 1986 omini
1053 1950 1110 1986 sit.

582 2045 715 2084 XVIII

275 2110 337 2143 DE
362 2110 600 2144 DIVISIONE
625 2109 1008 2144 STIPULATIONUM.

145 2177 222 2213 ⁶Sti
248 2177 450 2213 ulationum
474 2177 567 2213 aliae
590 2177 774 2213 iudiciales
799 2181 900 2220 sunt,
933 2177 1025 2213 aliae
1047 2180 1191 2223 praeto-

98 2224 183 2266 riae,
209 2234 230 2258 a
247 2223 300 2258 'ae
325 2223 627 2267 conventionales,
652 2223 745 2259 aliae
769 2233 973 2259 communes
992 2226 1067 2258 tam
1086 2233 1190 2268 prae-

100 2273 115 2304 1
166 2269 280 2304 toriae
303 2279 410 2314 quam
434 2268 629 2305 iudiciales.
675 2268 862 2304 Iudiciales
886 2272 971 2304 sunt
992 2268 1190 2311 dumtaxat,

98 2324 190 2395 auae
214 2325 236 2349 a
258 2325 355 2350 mero
379 2314 508 2350 iudicis
532 2314 652 2351 officio
676 2313 973 2360 proficiscuntur:
1005 2314 1113 2349 veluti
1147 2313 1191 2349 de

122 2360 180 2395 010
217 2360 336 2396 cautio
370 2360 424 2396 vel
456 2360 501 2396 de
532 2359 778 2406 persequendo
811 2370 912 2396 servo
946 2359 1006 2405 qui
1036 2359 1074 2395 in
1104 2359 1191 2404 fuga

98 2409 118 2441 2
166 2409 221 2441 est
239 2405 504 2442 restituendove
529 2406 656 2460 pretio.
693 2405 912 2448 Praetoriae,
938 2415 1030 2450 quae
1050 2415 1072 2440 a
1091 2416 1189 2441 mero

98 2451 272 2496 praetoris
296 2451 417 2487 officio
449 2451 745 2497 proficiscuntur,
777 2451 886 2487 veluti
917 2450 1038 2486 damni
1067 2450 1191 2486 infecti

97 2497 152 2532 vel
175 2497 382 2542 legatorum.
419 2497 621 2542 praetorias
646 2500 767 2532 autem
787 2496 1035 2542 stipulationes
1055 2496 1108 2532 sic
1128 2506 1189 2531 ex·

98 2542 215 2578 audiri
245 2546 407 2588 oportet,
439 2546 481 2577 ut
511 2542 549 2577 in
579 2542 635 2578 his
661 2542 913 2578 contineantur
937 2541 1044 2577 etiam
1067 2541 1189 2578 aedili-

97 2591 117 2623 3
163 2587 254 2623 tiae:
288 2598 371 2623 nam
404 2591 440 2623 et
462 2588 532 2623 hae
555 2587 601 2623 ab
624 2587 868 2623 iurisdictione
890 2587 1046 2624 veniunt.
1095 2586 1189 2623 Con-

96 2633 316 2669 ventionales
336 2637 431 2677 sunt,
456 2643 549 2679 quae
573 2643 618 2669 ex
641 2633 874 2669 conventione
896 2633 1084 2685 utriusque
1107 2643 1188 2678 par-

96 2679 142 2714 tis
175 2679 443 2724 concipiuntur,
475 2679 545 2714 hoc
576 2682 632 2714 est
662 2688 777 2724 neque
799 2679 900 2715 iussu
922 2678 1050 2714 iudic1s
1074 2689 1190 2724 neque

96 2724 196 2760 iussu
226 2724 422 2770 praetoris,
455 2724 519 2760 sed
551 2734 595 2760 ex
627 2724 861 2760 conventione
890 2724 1187 2760 contrahentium.

97 2780 250 2815 quarum
280 2769 428 2805 totidem
458 2779 589 2815 genera
621 2773 723 2811 sunt,
759 2773 848 2815 quot
886 2779 1002 2816 paene
1041 2769 1189 2805 dixerim

97 2819 118 2850 4
164 2825 284 2850 rerum
318 2814 654 2851 contrahendarum.
713 2814 925 2851 Communes
956 2818 1041 2850 sunt
1075 2815 1187 2860 stipu-

96 2860 248 2897 lationes
271 2860 380 2896 veluti
403 2871 477 2896 rem
501 2860 636 2896 salvam
659 2860 737 2896 fore
785 2861 904 2907 upilli:
929 2871 1014 2896 nam
1033 2864 1068 2896 et
1082 2870 1186 2906 prae-

96 2910 155 2942 tor
177 2906 278 2942 iubet
299 2916 373 2941 rem
397 2907 531 2942 salvam
553 2905 633 2942 fore
656 2906 741 2952 pup’
771 2917 791 2943 o
818 2906 935 2942 caveri
955 2909 991 2941 et
1010 2905 1187 2941 interdum

95 2951 214 2995 iudex,
240 2951 271 2987 si
294 2951 398 2987 aliter
422 2951 581 2998 expediri
602 2952 693 2987 haec
717 2963 774 2989 res
799 2963 872 2988 non
895 2954 1032 2998 potest:
1065 2951 1120 2987 vel
1144 2951 1187 2986 de

97 3000 177 3034 rato
202 2996 397 3043 stipulatio.

558 3090 731 3131 XVII11⁷

242 3157 304 3190 DE
329 3157 595 3191 INUTILIBUS
622 3157 1039 3192 STIPULATIONIBUS.

141 3223 264 3260 Omnis
287 3234 357 3267 res,
382 3234 474 3270 quae
498 3224 652 3260 dominio
670 3227 792 3260 nostro
810 3223 995 3267 subicitur,
1019 3224 1057 3259 in
1073 3224 1185 3270 stipu-

94 3269 265 3306 lationem
288 3270 417 3306 deduci
439 3273 571 3316 potest,
595 3270 669 3306 sive
691 3270 753 3305 illa
775 3269 916 3305 mobilis
940 3269 1014 3305 sive
1037 3270 1104 3306 soli
1128 3270 1184 3305 sit.

97 3318 113 3350 1
162 3316 237 3351 Δι’
261 3316 291 3351 81
315 3316 394 3362 (11118
417 3326 512 3358 rem,
547 3325 638 3362 quae
669 3315 707 3351 in
740 3325 859 3351 rerum
882 3318 1013 3350 natura
1035 3326 1108 3351 non
1133 3318 1186 3350 est

95 3363 160 3397 aut
191 3371 269 3398 esse
300 3372 374 3398 non
404 3364 542 3407 potest,
580 3361 659 3397 dari
691 3360 885 3406 stipulatus
916 3360 1044 3404 fuerit,
1076 3360 1186 3397 veluti
1216 3410 1217 3413 Ἴ

97 3475 135 3516 (1)
161 3475 397 3518 respondeant]
412 3475 489 3516 BP,
504 3479 537 3508 et
549 3487 575 3510 r.
593 3477 632 3516 T,
646 3477 676 3509 si
688 3489 715 3508 r.
728 3478 780 3510 E:
817 3479 856 3508 ut
872 3477 1060 3518 interroget
1074 3476 1184 3517 stipu-

95 3519 185 3552 lator
194 3521 247 3553 vel
256 3521 359 3554 simile
367 3521 448 3564 quid
456 3522 539 3554 inter
546 3521 632 3554 fiunt
641 3522 788 3556 etMaevi
799 3534 821 3555 a
830 3522 1093 3566 compilatoribus
1101 3521 1184 3554 male

97 3565 233 3650 ῗέἱειαης
246 3573 351 3599 censet
362 3566 539 3600 Mommsen
645 3569 687 3610 (2)
715 3572 731 3607 ξ
747 3575 764 3601 2
776 3579 816 3601 ex
826 3567 916 3600 Flor.
931 3567 951 3600 l.
967 3574 984 3601 8
999 3568 1075 3600 inst.
1089 3567 1182 3610 (Diy.

143 3634 150 3649 ,
167 3617 193 3650 2,
205 3617 219 3643 7

143 3656 186 3696 (3)
216 3655 267 3698 Cf.
286 3654 361 3688 Gai.
376 3657 537 3697 3,114.181
564 3657 643 3699 Περ.
654 3658 709 3696 45,
719 3664 735 3691 3

98 3700 142 3741 (5)
169 3703 185 3739 ς
198 3707 211 3733 1
221 3701 264 3733 in.
275 3712 315 3732 ex
322 3700 411 3734 Flor.
422 3701 442 3734 l.
453 3709 470 3735 8
481 3702 553 3735 inst.
567 3703 661 3746 (Diq.
673 3704 729 3744 45,
739 3709 766 3742 3,
776 3709 821 3744 15)

143 3744 188 3787 (6)
197 3756 254 3787 pr·
266 3767 275 3777 .
293 3769 300 3777 .
314 3749 330 3784 §
342 3753 358 3779 Δ
372 3758 411 3779 ex
422 3746 503 3790 Diy.
516 3748 605 3788 45,1‚
618 3755 693 3790 spr.
705 3747 830 3790 (Pomp.
844 3747 862 3779 l.
874 3753 910 3780 26
921 3747 967 3780 ad
975 3747 1070 3787 Sao.)

827 3655 872 3698 (4)
897 3657 968 3697 86(1]
982 3658 1018 3697 Τ,
1033 3657 1090 3689 86(1
1103 3659 1135 3689 et
1151 3657 1184 3689 B

1205 92 1262 140 37

1913 93 2058 136 INST.
2089 95 2166 148 111,
2198 97 2364 155 16-19

1271 219 1442 261 Stichum,
1468 219 1529 264 qui
1553 222 1715 255 mortuus
1738 219 1796 262 sit,
1821 229 1925 265 quem
1949 218 2065 255 vivere
2089 218 2277 261 credebat,
2303 223 2365 255 aut

1270 265 1612 310 hippocentaurum,
1652 265 1713 309 qui
1745 275 1823 300 esse
1853 276 1926 300 non
1957 265 2091 317 possit,
2131 264 2265 299 inutilis
2299 265 2365 300 erit

1271 313 1290 344 2
1338 310 1535 354 stipulatio.
1584 309 1682 344 Idem
1713 310 1799 345 iuris
1833 315 1906 352 est,
1946 321 1977 346 81
2015 321 2090 346 rem
2127 320 2269 345 sacram
2301 314 2365 345 aut

1270 355 1491 399 religiosam,
1532 365 1639 400 quam
1672 355 1817 390 humani
1847 356 1935 391 iuris
1968 366 2046 392 esse
2079 355 2266 397 credebat,
2306 356 2361 391 vel

1269 401 1471 445 publicam,
1505 411 1597 445 quae
1622 400 1746 435 usibus
1771 402 1893 445 populi
1918 405 2091 446 perpetuo
2117 401 2282 447 exposita
2306 401 2363 443 sit,

1270 450 1310 481 ut
1331 445 1450 481 forum
1473 446 1529 481 vel
1553 446 1751 487 theatrum,
1784 446 1839 480 vel
1863 447 2012 482 liberum
2035 447 2233 489 hominem,
2259 457 2362 492 quem

1269 502 1409 527 servum
1441 501 1519 526 esse
1552 491 1741 533 credebat,
1777 491 1832 526 vel
1867 492 1968 527 cuius
2005 492 2256 528 commercium
2291 503 2363 527 non

1268 537 1412 579 habuit,
1445 537 1500 572 vel
1532 547 1606 572 rem
1640 547 1742 572 suam
1767 536 1869 571 dari⁹
1893 537 1971 581 quis
1995 538 2197 583 stipuletur.
2235 549 2302 573 nec
2327 538 2363 572 in

1268 581 1438 627 pendenti
1461 582 1529 618 erit
1553 582 1734 627 stipulatio
1767 582 1813 617 ob
1845 581 1900 624 id,
1934 583 2029 627 quod
2059 584 2205 629 publica
2237 594 2295 619 res
2326 583 2363 618 in

1267 628 1446 672 privatum
1478 627 1608 663 deduci
1640 631 1675 663 et
1707 638 1751 663 ex
1782 627 1894 662 libero
1928 638 2050 663 servus
2082 629 2160 664 fieri
2184 632 2304 675 potest
2329 632 2364 664 et

1268 673 1523 709 commercium
1555 673 1705 718 adipisci
1735 672 1926 717 stipulator
1957 677 2077 718 potest
2109 679 2144 710 et
2167 685 2224 710 res
2248 675 2362 720 stipu-

1267 718 1390 754 latoris
1414 729 1493 755 esse
1518 719 1678 754 desinere
1701 722 1840 764 potest:
1867 719 1929 753 sed
1952 719 2115 763 protinus
2139 720 2275 755 inutilis
2297 724 2360 755 est.

1266 764 1352 799 item
1384 768 1512 800 contra
1534 765 1619 800 licet
1641 764 1742 800 initio
1767 763 1902 799 utiliter
1925 774 1982 799 res
2005 764 2042 799 in
2067 765 2276 810 stipulatum
2302 765 2361 801 de-

1267 809 1376 845 ducta
1407 810 1472 853 sit,
1505 810 1536 845 si
1559 813 1686 855 postea
1708 809 1746 844 in
1770 820 1893 845 earum
1917 820 1989 854 qua
2013 820 2124 845 causa
2138 812 2175 853 ¹⁰,
2210 811 2253 846 de
2285 811 2361 856 qui-

1266 855 1334 891 bus
1359 866 1470 900 supra
1494 855 1627 891 dictum
1652 859 1718 897 est,
1744 855 1820 890 sine
1842 854 1941 890 facto
1966 855 2193 900 promissoris
2214 857 2361 892 devene-

1265 901 1330 936 rit:
1364 901 1582 946 extinguitur
1613 901 1808 946 stipulatio.
1854 911 1898 936 ac
1921 902 2006 936 ne¹¹
2031 901 2153 936 statim
2184 903 2229 937 ab
2261 902 2361 937 initio

1265 946 1347 981 talis
1387 946 1571 992 stipulatio
1604 947 1737 982 valebit
1767 946 1932 981 ‘Lucium
1964 946 2097 982 Titium
2130 958 2210 982 cum
2241 958 2362 983 servus

1266 992 1345 1027 ‘erit
1378 992 1464 1027 dare
1487 991 1688 1037 spondes?'
1725 995 1761 1027 et
1784 992 1930 1027 similia:
1957 992 2041 1037 quia
2064 996 2196 1027 natura
2219 993 2274 1028 sui
2299 994 2360 1028 do-

1264 1037 1371 1073 minio
1396 1041 1520 1073 nostro
1557 1041 1723 1083 exempta
1753 1037 1791 1072 in
1822 1037 2074 1082 obligationem
2105 1038 2234 1074 deduci
2265 1039 2361 1074 nullo

1265 1086 1285 1118 3
1332 1083 1438 1119 modo
1462 1087 1626 1128 possunt.
1674 1084 1712 1119 Si
1732 1083 1811 1128 quis
1832 1083 1940 1118 alium
1961 1083 2128 1119 daturum
2140 1084 2363 1119 facturumve

1264 1129 1350 1174 quid
1373 1129 1619 1174 spoponderit,
1643 1140 1718 1165 non
1741 1129 1975 1173 obligabitur,
1999 1129 2109 1165 veluti
2132 1129 2162 1165 si
2187 1129 2363 1175 spondeat

1264 1175 1398 1210 Titium
1430 1175 1587 1220 quinque
1620 1185 1748 1210 aureos
1783 1174 1962 1209 daturum.
2000 1175 2128 1219 quodsi
2153 1174 2361 1210 effecturum

1264 1223 1285 1255 4
1332 1231 1390 1262 se,
1425 1224 1466 1255 ut
1498 1221 1615 1256 Titius
1648 1220 1768 1262 daret,
1802 1220 2054 1265 spoponderit,
2088 1221 2276 1266 obligatur.
2326 1221 2362 1255 Si

1264 1266 1342 1311 quis
1367 1266 1445 1308 alii,
1479 1277 1586 1311 quam
1611 1267 1712 1301 cuius
1744 1266 1814 1301 iuri
1844 1265 2029 1301 subiectus
2062 1266 2126 1308 sit,
2160 1266 2361 1311 stipuletur,

1266 1311 1354 1346 nihil
1387 1311 1470 1356 agit.
1508 1312 1615 1357 plane
1638 1311 1768 1347 solutio
1794 1311 1901 1346 etiam
1925 1311 1962 1346 in
1987 1312 2149 1347 extranei
2172 1322 2361 1357 personam

1264 1357 1418 1392 conferri
1449 1361 1570 1402 potest
1602 1357 1723 1400 (veluti
1737 1358 1765 1378 ¹²
1795 1357 1826 1392 si
1858 1356 1938 1402 quis
1969 1357 2021 1392 ita
2051 1358 2242 1402 stipuletur
2267 1358 2362 1392 ‘mihi

1263 1406 1339 1438 ‘aut
1363 1403 1444 1438 Seio
1470 1403 1557 1438 dare
1581 1403 1808 1448 spondes?'),
1833 1406 1875 1437 ut
1895 1403 2064 1454 obligatio
2086 1403 2227 1448 quidem
2247 1404 2360 1448 stipu-

1262 1449 1369 1484 latori
1400 1448 1628 1494 adquiratur,
1661 1448 1749 1484 solvi
1779 1451 1900 1483 tamen
1925 1447 2006 1484 Seio
2039 1448 2145 1484 etiam
2177 1448 2286 1484 invito
2320 1459 2360 1484 eo

1262 1497 1359 1530 recte
1383 1494 1508 1539 possit,
1534 1498 1576 1529 ut
1598 1494 1763 1529 liberatio
1787 1494 1866 1539 ipso
1890 1494 1968 1530 iure
1993 1494 2188 1540 contingat,
2213 1494 2278 1530 sed
2303 1495 2362 1530 ille

1264 1540 1436 1576 adversus
1471 1540 1591 1575 Seium
1621 1540 1755 1575 habeat
1786 1539 1946 1574 mandati
1978 1539 2166 1576 actionem.
2204 1540 2300 1586 quod
2332 1540 2361 1575 si

1263 1585 1342 1666 guis
1366 1585 1434 1620 sibi
1458 1589 1495 1621 et
1518 1586 1597 1628 alii,
1624 1585 1725 1621 cuius
1750 1584 1820 1620 iuri
1843 1585 2027 1621 subiectus
2051 1597 2125 1622 non
2149 1586 2214 1629 sit,
2240 1586 2358 1624 decem

1287 1631 1341 1666 ari
1354 1631 1382 1653 ¹³
1412 1642 1540 1667 aureos
1572 1631 1764 1676 stipulatus
1797 1634 1871 1673 est,
1910 1631 2042 1667 valebit
2072 1631 2214 1676 quidem
2247 1632 2359 1677 stipu-

1262 1677 1368 1712 latio:
1402 1676 1467 1712 sed
1490 1681 1610 1712 utrum
1634 1680 1750 1712 totum
1774 1676 1925 1712 debetur
1949 1676 2046 1722 quod
2069 1676 2106 1712 in
2130 1677 2361 1722 stipulatione

1263 1722 1456 1758 deductum
1481 1726 1554 1765 est,
1579 1733 1625 1758 an
1649 1733 1733 1758 vero
1758 1732 1843 1767 pars
1869 1722 2034 1765 dimidia,
2060 1722 2263 1758 dubitatum
2287 1726 2358 1758 est:

1262 1767 1326 1804 sed
1350 1768 1470 1814 placet
1493 1779 1566 1804 non
1597 1768 1678 1813 plus
1710 1778 1819 1813 quam
1849 1771 1989 1813 partem
2021 1768 2202 1804 dimidiam
2234 1768 2266 1804 ei
2297 1768 2359 1803 ad-

1261 1813 1529 1904 ffiffidgilissssfi
1560 1812 2358 1905 ζῗὲἰέἳῗχΒΐὲἐθῖἑῗᾳὲἓὲῗίᾒῗῗὲρ11ξὲωὲῑέἑὲ

1518 1886 1528 1902 9
2212 1886 2221 1902 9

1261 1905 1324 1940 filii
1355 1916 1426 1940 vox
1455 1908 1637 1950 tamquam
1669 1908 1733 1940 tua
1756 1905 1972 1949 intellegitur
1994 1905 2032 1940 in
2054 1904 2111 1940 his
2135 1905 2243 1941 rebus
2268 1915 2360 1950 quae

1262 1954 1282 1985 5
1329 1950 1395 1986 tibi
1418 1950 1560 1995 adquiri
1582 1953 1746 1996 possunt.
1799 1950 2041 1986 ¹⁴*Praeterea
2063 1950 2199 1986 inutilis
2221 1954 2275 1986 est
2295 1951 2357 1986 sti-

1263 1996 1427 2042 pulatio,
1460 1996 1491 2031 si
1515 1996 1594 2041 quis
1630 1996 1677 2031 ad
1710 2006 1754 2032 ea
1785 2006 1878 2041 quae
1910 1996 2154 2041 interrogatus
2188 1997 2256 2032 erit
2286 2007 2358 2031 non

1263 2041 1509 2087 responderit,
1538 2041 1647 2077 veluti
1678 2041 1710 2077 si
1741 2041 1866 2077 decem
1890 2052 2019 2078 aureos
2044 2052 2067 2077 a
2089 2045 2126 2078 te
2150 2041 2229 2077 dari
2242 2043 2270 2063 ¹⁵
2293 2042 2357 2077 sti-

1262 2087 1432 2140 puletur,
1464 2092 1505 2122 tu
1536 2087 1693 2133 quinque
1723 2087 1912 2133 promittas
1923 2087 1942 2129 ‚⁴
1965 2087 2021 2123 vel
2053 2091 2197 2123 contra:
2224 2087 2299 2123 'aut
2329 2088 2358 2122 si

1262 2132 1329 2168 ’1116
1352 2142 1443 2178 pure
1461 2132 1662 2177 stipuletur,
1687 2136 1728 2168 tu
1749 2133 1816 2168 sub
1838 2132 2050 2169 condicione
2069 2133 2280 2178 promittas,⁴
2304 2134 2357 2168 vel

1261 2181 1405 2221 contra,
1438 2178 1469 2213 si
1492 2178 1597 2214 modo
1623 2178 1761 2214 scilicet
1782 2178 1820 2213 id
1852 2178 2049 2224 exprimas,
2083 2178 2121 2214 id
2153 2182 2207 2214 est
2238 2178 2269 2214 si
2301 2179 2357 2214 oui

1260 2224 1328 2260 sub
1353 2223 1565 2260 condicione
1587 2223 1644 2260 vel
1666 2223 1704 2259 in
1728 2223 1821 2259 diem
1845 2224 2031 2269 stipulanti
2055 2227 2095 2260 tu
2118 2224 2355 2269 respondeas:

1261 2272 1269 2288 ‘
1298 2269 1453 2305 raesenti
1485 2269 1542 2304 die
1573 2269 1760 2315 spondeo!
1797 2280 1880 2305 nam
1913 2270 1943 2305 si
1974 2271 2044 2306 hoc
2069 2270 2185 2306 solum
2208 2280 2355 2315 respon-

1287 2325 1347 2351 eas
1372 2314 1587 2367 ‘promitto',
1612 2315 1767 2350 breviter
1789 2315 1918 2351 videris
1942 2315 1979 2350 in
2004 2315 2153 2351 eandem
2179 2315 2270 2351 diem
2294 2319 2356 2350 aut

1261 2360 1507 2396 condiclonem
1540 2360 1797 2406 spopondisse:
1829 2371 1896 2396 nec
1929 2361 2021 2396 enim
2054 2371 2201 2397 necesse
2235 2364 2290 2396 est
2319 2361 2354 2396 in

1258 2405 1508 2452 respondendo
1534 2405 1659 2442 eadem
1683 2406 1803 2442 omnia
1822 2406 1946 2452 repeti,
1973 2416 2064 2452 quae
2083 2407 2275 2452 stipulator
2294 2416 2354 2442 ex-

1260 2455 1281 2487 6
1327 2451 1507 2497 presserit.
1563 2452 1699 2487 ¹⁸'Item
1729 2451 1865 2487 inutilis
1891 2456 1945 2487 est
1959 2453 1985 2474 ¹⁷
2010 2452 2213 2497 stipulatio,
2246 2452 2277 2487 si
2309 2452 2354 2486 ab

1260 2497 1311 2533 'eo
1336 2497 1537 2543 stipuler-is,
1562 2497 1624 2542 qui
1646 2497 1717 2534 iuri
1740 2501 1803 2533 tuo
1828 2497 2011 2533 subiectus
2037 2500 2110 2540 est,
2143 2497 2201 2533 vel
2224 2497 2256 2533 si
2278 2497 2309 2532 is
2334 2508 2355 2532 a

1259 2543 1305 2579 ‘te
1329 2542 1532 2587 stipuletur.
1569 2542 1633 2578 sed
1657 2552 1780 2578 servus
1805 2542 1946 2588 quidem
1971 2553 2045 2578 non
2070 2543 2187 2578 solum
2211 2542 2353 2578 domino

1259 2589 1334 2624 ’8110
1360 2588 1510 2633 obligari
1533 2598 1607 2623 non
1630 2591 1762 2633 potest,
1787 2587 1850 2624 sed
1873 2598 1919 2623 ne
1942 2588 2002 2623 alii
2022 2588 2165 2633 quidem
2184 2584 2277 2624 ulli⁴:
2292 2587 2354 2623 filii

1259 2637 1278 2669 ‘1
1337 2644 1419 2669 vero
1451 2633 1606 2668 familias
1631 2633 1710 2668 aliis
1734 2633 1885 2678 obligari
1907 2637 2070 2679 possunt.
2107 2630 2260 2669 'Mutum
2292 2644 2352 2668 ne-

1259 2680 1338 2724 'que
1358 2679 1522 2723 stipulari
1541 2688 1656 2724 neque
1675 2678 1882 2724 promittere
1900 2689 2009 2724 posse
2022 2678 2147 2732 palam
2159 2682 2224 2715 est.
2258 2679 2352 2724 quod

1259 2725 1305 2761 'et
1327 2725 1365 2759 in
1389 2724 1497 2760 surdo
1522 2727 1707 2769 receptum
1731 2727 1803 2760 est:
1837 2724 1921 2769 quia
1952 2727 1989 2759 et
2019 2735 2050 2759 1s
2075 2724 2135 2769 qui
2160 2724 2353 2770 stipulatur

1258 2770 1376 2806 ’verba
1405 2769 1644 2815 promittentis
1678 2773 1714 2804 et
1743 2769 1774 2805 is
1831 2769 1868 2804 ui
1899 2769 2075 2815 promittit
2106 2770 2215 2805 verba
2238 2770 2349 2815 stipu—

1260 2815 1378 2853 'lantis
1403 2814 1531 2850 audire
1555 2814 1682 2850 debet:
1723 2780 1855 2850 munde
1879 2825 1901 2850 a
1927 2819 2031 2861 paret
2053 2826 2127 2851 non
2151 2815 2196 2851 de
2220 2825 2261 2851 eo
2286 2826 2352 2850 nos

1256 2861 1355 2907 loqui
1379 2860 1440 2906 qui
1462 2859 1601 2895 tardius
1627 2859 1783 2904 exaudit,
1808 2860 1871 2896 sed
1920 2871 1939 2896 e
1964 2871 2005 2897 eo
2027 2861 2087 2906 qui
2112 2861 2255 2896 omnino
2279 2871 2351 2896 non

1258 2909 1278 2942 8
1326 2905 1482 2942 exaudit.
1535 2905 1756 2942 ¹⁹*Furiosus
1785 2906 1921 2941 nullum
1945 2906 2123 2951 negotium
2146 2916 2267 2951 gerere
2286 2917 2351 2951 po-

1257 2954 1278 3011 p
1327 2953 1417 3003 'test,
1439 2950 1523 2996 quia
1542 2961 1616 2986 non
1635 2950 1809 3003 intellegit
1828 2951 1914 2997 quid
1934 2952 2016 3004 agit.
2045 2952 2227 3004 ‘Pupillus
2248 2962 2352 2987 omne

1257 3006 1358 3077 {¹333
1361 2999 1581 3077 Ἧὲῗθέξέἑῖ
1594 3000 1686 3085 1ξὲξῖι
1693 3001 1919 3078 sitista:
1939 2997 2056 3085 {3¹33}
2075 3000 2205 3078 ‘3335
2222 3001 2352 3088 3:⁰1⁰ssss

1257 3087 1461 3132 ’obligeturz
1486 3097 1570 3122 nam
1593 3087 1703 3123 alium
1726 3088 1795 3124 sibi
1817 3088 1976 3134 obligare
2001 3087 2107 3124 etiam
2125 3088 2201 3124 sine
2220 3088 2351 3124 tutoris

1259 3136 1300 3168 10
1348 3132 1574 3167 'auctoritate
1635 3136 1740 3169 otest.
1789 3133 1859 3170 Sed
1894 3134 1991 3180 quod
2023 3133 2176 3169 diximus
2208 3133 2252 3170 de
2283 3145 2349 3179 pu-

1257 3177 1372 3223 1111Ιί8,
1396 3177 1520 3222 utique
1545 3177 1590 3214 de
1638 3178 1668 3214 is
1691 3189 1814 3215 verum
1838 3182 1911 3223 est,
1937 3179 1997 3225 qui
2020 3179 2092 3214 iam
2117 3179 2272 3224 aliquem
2295 3179 2348 3214 in-

1257 3223 1447 3259 'tellectum
1478 3222 1631 3260 habent:
1665 3234 1749 3260 nam
1778 3224 1899 3261 infans
1932 3229 1968 3260 et
1992 3224 2053 3270 qui
2075 3224 2207 3260 infanti
2229 3224 2348 3270 proxi-

1257 3270 1344 3304 'mus
1370 3272 1425 3304 est
1447 3279 1520 3304 non
1543 3269 1694 3305 multum
1718 3280 1741 3306 a
1771 3270 1907 3306 furioso
1940 3270 2093 3313 distant,
2127 3270 2211 3315 quia
2243 3270 2348 3305 huius

1257 3314 1395 3349 'aetatis
1430 3314 1557 3360 pupilli
1591 3315 1727 3351 nullum
1761 3315 1981 3351 intellectum
2014 3316 2168 3351 habent:
2213 3314 2276 3351 sed
2311 3314 2348 3349 in

1255 3359 1434 3405 'proximis
1464 3359 1594 3396 infanti
1624 3364 1773 3407 propter
1803 3361 1994 3397 utilitatem
2018 3371 2141 3397 eorum
2164 3359 2349 3404 benignior

1303 3475 1346 3516 (7)
1376 3474 1426 3518 Qfi
1440 3474 1518 3509 Gai.
1529 3476 1560 3515 3,
1572 3482 1687 3509 97..109
1717 3474 1794 3509 Cod.
1806 3474 1837 3515 8,
1849 3481 1883 3508 38
1896 3474 1958 3515 (39)
2106 3475 2150 3516 (8)
2175 3475 2223 3513 at]
2237 3473 2346 3514 ΑΤΘ,

1255 3520 1371 3562 itaque
1385 3521 1420 3553 B
1535 3522 1579 3561 (9)
1606 3520 1684 3552 dare
1699 3519 1776 3553 libri
1893 3520 1951 3560 (10)
1978 3530 2043 3561 qua
2053 3519 2166 3559 eausa]
2186 3519 2265 3558 1¹⁸2,
2280 3529 2347 3561 qua

1256 3565 1317 3597 alii
1329 3575 1431 3597 eausa
1442 3563 1570 3605 Aval’,
1584 3565 1698 3607 aliqua
1712 3574 1813 3598 causa
1825 3564 1867 3598 At
1877 3589 1885 3605 ‚
1895 3575 1995 3596 causa
2008 3565 2044 3598 B
2122 3565 2176 3606 (11)
2202 3565 2257 3604 ne]
2271 3564 2345 3605 AT,

1255 3621 1317 3643 neo
1330 3611 1366 3643 B
1518 3613 1577 3653 (12)
1603 3611 1721 3652 veluti]
1736 3610 1806 3650 ΤΘ,
1818 3623 1875 3643 om.
1887 3610 1955 3642 AB
2095 3610 2154 3651 (13)
2181 3609 2259 3641 dare
2271 3610 2348 3642 libri

1257 3658 1316 3698 (14)
1333 3655 1512 3697 Gai.3,102
1584 3658 1642 3698 (15)
1657 3656 1744 3697 dari]
1756 3654 1885 3694 BGai.,
1898 3654 1970 3686 dari
1981 3653 2126 3687 sibiAT
2190 3655 2248 3695 (16)
2267 3654 2344 3687 Gai.

1256 3702 1287 3742 3,
1299 3708 1426 3736 104.105
1520 3703 1578 3744 (17)
1606 3703 1668 3743 est]
1683 3702 1763 3741 BT,
1774 3700 1839 3733 erit
1852 3700 1883 3731 A
1990 3702 2050 3740 (18)
2079 3704 2094 3737 ξ
2112 3707 2127 3732 7
2133 3700 2199 3741 fin.
2211 3711 2250 3731 ex
2267 3699 2344 3733 Gai.

1257 3747 1277 3779 l.
1293 3754 1309 3780 2
1323 3759 1384 3780 rer.
1402 3753 1472 3780 cote.
1492 3747 1585 3791 (Diy.
1600 3748 1655 3788 44,
1667 3747 1783 3787 7,1,15)
1879 3750 1937 3784 (19)
1967 3744 2044 3778 Gai.
2056 3745 2161 3785 3,106.
2173 3752 2234 3778 10¹1.
2244 3752 2298 3779 109
