2528 3918
137 161 139 163 v
159 146 216 178 nr
242 146 618 181 nmnmmonmus
1226 132 1306 181 751

202 255 254 296 53
295 257 418 295 auos
455 258 546 295 libro
579 259 705 305 quinto
741 257 791 294 ad
823 257 976 294 edictum
1014 258 1239 305 provinciale

157 303 300 339 Solvere
347 314 388 340 ro
413 303 599 349 ignorante
622 306 659 339 et
680 302 789 340 invito
814 302 942 348 cuique
965 303 1065 347 11001,
1090 314 1168 339 011111
1195 304 1241 339 011

156 348 232 384 iure
257 315 351 384 civili
378 349 612 385 constitutum
639 348 747 384 licere
771 348 876 383 etiam
904 347 1101 393 ignorantis
1125 348 1239 384 inviti-

156 403 224 438 que
248 393 428 430 meliorem
453 394 697 430 condicionem
719 393 850 429 facere.

202 436 255 475 54
286 438 444 474 Panes
476 439 566 475 libro
598 439 922 491 qm'nquaqense'mo
946 441 1051 473 sexto
1076 437 1125 472 ad
1148 437 1239 473 edic-

156 486 229 518 tum
276 483 470 520 Solutionis
501 483 648 519 verbum
678 486 832 529 pertinet
863 483 907 518 ad
941 493 1079 518 omnem
1109 483 1238 517 libera-

154 528 286 564 tionem
342 538 457 574 uoquo
489 528 593 564 modo
625 528 758 564 factam
783 528 965 573 magisque
996 527 1043 563 ad
1072 527 1238 562 substan-

155 573 242 608 tiam
283 573 328 609 ob
346 574 354 581 ‘
402 573 510 610 tionis
551 573 725 618 refertur,
779 584 885 619 quam
927 573 973 608 ad
1017 582 1238 608 nummorum

154 618 376 654 solutionem.

200 661 253 700 55
285 663 479 700 [laeum
499 664 590 700 libro
607 665 997 745 sexaqensz·1220{rimo
1019 663 1069 698 ad
1084 662 1237 699 edictum

155 707 224 752 Qui
247 708 299 744 sic
324 709 445 753 solvit,
478 714 519 744 ut
541 709 732 755 reciperet,
759 721 830 745 non
855 709 878 744 11
906 712 1043 752 eratur,
1069 707 1237 753 quemad-

155 753 298 788 modum
328 765 402 789 non
431 753 631 790 alienantur
652 754 803 799 nummi,
838 755 898 800 qui
929 755 981 790 sic
1014 753 1163 795 dantur,
1197 756 1239 787 ut

154 798 224 834 reci
250 798 381 834 iantur.

199 842 224 881 5
279 843 335 878 ΡΑ
343 854 437 880 ULUS
457 845 548 880 libro
569 846 821 898 sexceqensimo
842 844 999 880 secundo
1017 843 1067 879 ad
1085 843 1237 878 edictum

154 888 222 932 Qui
244 889 390 925 mandat
412 889 511 934 solvi,
534 889 613 935 ipse
637 889 774 927 videtur
797 889 945 925 solvere.

200 931 253 971 57
296 933 490 970 [ΠΗ-4117110
531 935 622 971 libro
664 935 954 981 septuaqensimo
996 934 1147 980 septimo
1190 933 1240 968 ad

154 979 306 1016 edietum
352 979 390 1015 Si
423 979 502 1025 quis
535 980 725 1025 stipulatus
754 980 863 1015 fuerit
895 979 1028 1015 ‘decem
1051 978 1088 1013 in
1112 978 1237 1020 melle',

154 1024 243 1060 solvi
267 1024 408 1069 quidem
431 1025 500 1061 mel
523 1029 652 1071 potest,
677 1028 868 1070 antequam
893 1035 937 1060 ex
960 1023 1134 1070 stipulatu
1155 1033 1238 1068 aga-

154 1074 230 1105 tur:
266 1070 330 1106 sed
353 1070 384 1105 si
407 1071 515 1106 semel
539 1074 659 1106 actum
684 1070 732 1106 sit
756 1074 791 1106 et
813 1070 927 1115 petita
951 1069 1071 1105 decem
1095 1068 1237 1110 fuerint,

156 1118 169 1149 1
219 1114 371 1160 amplius
403 1115 471 1150 mel
503 1116 591 1151 solvi
620 1126 692 1150 non
715 1119 844 1161 potest.
893 1115 982 1150 Item
1006 1115 1036 1150 si
1067 1113 1154 1149 mihi
1176 1117 1240 1149 aut

153 1159 247 1195 Titio
285 1159 474 1205 stipulatus
498 1160 600 1195 fuero
626 1160 720 1204 dari,
757 1160 883 1196 deinde
915 1164 1054 1206 petam,
1087 1158 1238 1204 amplius

153 1205 246 1240 Titio
268 1204 356 1240 solvi
373 1215 445 1241 non
461 1209 590 1250 potest,
613 1206 771 1251 quamvis
784 1209 866 1241 ante
886 1205 983 1241 litem
1002 1207 1238 1241 contestatam

177 1253 283 1286 osset.

153 1262 174 1295 p
198 1292 251 1333 58
276 1294 385 1330 IDEM
410 1295 501 1332 libro
534 1297 776 1342 octaqensz'mo
809 1296 859 1331 ad
889 1296 1041 1331 edictum
1089 1295 1127 1330 Si
1159 1294 1238 1339 quis

154 1340 315 1376 offerenti
339 1350 377 1376 se
397 1340 547 1385 negotiis
569 1341 694 1377 alienis
714 1341 809 1377 bona
827 1340 898 1376 fide
917 1340 1071 1384 solverit,
1096 1339 1237 1384 quando

152 1386 345 1421 liberetur?
391 1389 426 1421 et
457 1386 508 1420 ait
531 1386 709 1430 Iulianus,
741 1397 822 1421 cum
847 1386 1010 1422 dominus
1034 1389 1150 1420 ratum
1174 1385 1237 1421 ha-

153 1431 285 1473 buerit,
319 1435 406 1466 tunc
430 1430 585 1466 liberari.
632 1431 724 1467 idem
749 1432 816 1474 ait,
851 1435 1042 1476 antequam
1073 1430 1238 1466 dominus

152 1476 300 1511 haberet
330 1478 467 1520 ratum,
502 1486 548 1511 an
580 1476 720 1512 condici
744 1487 787 1512 ex
811 1487 854 1512 ea
886 1487 996 1512 causa
1018 1476 1156 1521 possit?
1203 1479 1240 1510 et

152 1522 203 1556 ait
233 1521 422 1565 interesse,
455 1531 527 1566 qua
549 1525 667 1557 mente
692 1522 822 1557 solutio
855 1522 952 1557 facta
976 1525 1085 1565 esset,
1118 1524 1238 1556 utrum

153 1570 195 1601 ut
229 1566 349 1602 statim
385 1566 523 1602 debitor
556 1567 728 1602 liberetur
761 1577 808 1602 an
842 1577 925 1602 vero
959 1578 1040 1602 cum
1075 1566 1238 1602 dominus

151 1617 268 1646 ratum
291 1611 492 1647 habuisset:
524 1612 643 1656 priore
675 1622 763 1648 casu
796 1612 984 1648 confestim
1014 1622 1121 1657 posse
1153 1622 1237 1647 con-

153 1656 224 1691 dici
252 1657 480 1701 procuratori
509 1661 544 1692 et
575 1659 662 1692 tunc
695 1657 835 1692 demum
859 1657 1016 1702 extingui
1041 1657 1237 1693 condictio-

152 1712 243 1745 nem,
269 1712 350 1737 cum
375 1702 538 1737 dominus
562 1707 679 1737 ratum
703 1702 905 1745 habuisset,
930 1702 1127 1747 posteriore
1151 1705 1238 1737 tunc

153 1747 291 1782 demum
314 1747 414 1782 nasci
435 1747 704 1792 condictionem,
730 1758 810 1783 cum
835 1748 999 1784 dominus
1023 1751 1141 1783 ratum
1164 1758 1237 1783 non

156 1796 166 1826 1
219 1792 415 1827 habuisset.
463 1791 502 1827 Si
526 1793 691 1836 creditor,
717 1793 818 1829 cuius
841 1793 1039 1838 ignorantis
1062 1802 1237 1838 procura-

153 1837 222 1872 tori
246 1838 402 1872 solutum
427 1841 496 1881 est,
521 1837 764 1883 adrogantium
789 1848 827 1874 se
850 1838 998 1883 dederit,
1023 1837 1095 1873 sive
1119 1842 1238 1873 ratum

152 1881 278 1917 habuit
301 1886 414 1927 pater,
439 1886 520 1918 rata
544 1883 672 1919 solutio
698 1887 762 1925 est,
788 1883 860 1919 sive
879 1893 952 1919 non
974 1883 1110 1927 habuit,
1135 1892 1236 1929 repe-

154 1930 174 1962 2
219 1931 295 1963 tere
333 1927 474 1963 debitor
503 1930 635 1972 potest.
690 1929 740 1963 Et
778 1929 809 1964 si
847 1928 917 1964 duo
954 1928 1007 1964 rei
1042 1928 1090 1964 sti
1116 1928 1237 1963 ulandi

153 1976 251 2015 sunt,
287 1983 439 2017 quorum
471 1973 618 2009 alterius
642 1973 799 2009 absentis
831 1973 1058 2019 procuratori
1105 1977 1202 2008 atum
1213 1975 1235 2016 ¹,

151 2021 341 2062 antequam
369 2018 400 2053 is
431 2021 550 2052 ratum
581 2018 745 2061 haberet,
777 2018 918 2054 interim
948 2019 1051 2054 alteri
1080 2018 1235 2054 solutum

152 2066 221 2104 est,
264 2062 300 2097 in
335 2062 503 2107 pendenti
543 2067 596 2098 est
633 2063 811 2108 posterior
847 2064 1000 2100 solutio²
1036 2074 1080 2100 00
1118 2064 1233 2108 prior:

152 2108 235 2153 quip
264 2118 282 2143 0
304 2108 478 2143 incertum
502 2112 571 2152 est,
596 2108 755 2144 debitum
778 2119 825 2144 an
848 2108 1044 2145 indebitum
1068 2109 1234 2154 exegerit.

197 2118 260 2190 553)
284 2152 339 2188 ΡΑ
348 2162 442 2188 vsvs
479 2153 569 2189 libro
601 2154 758 2189 secundo
798 2154 848 2189 ad
875 2154 1060 2190 Plautium
1116 2154 1154 2189 Si
1183 2154 1235 2189 ita

151 2198 196 2233 sti
222 2198 342 2233 ulatus
373 2198 456 2233 sim:
495 2198 591 2233 ‘mihi
620 2202 683 2233 aut
714 2198 808 2234 Titio
839 2198 926 2235 dare
961 2199 1116 2244 spondes
1125 2199 1153 2235 ‘i”
1200 2203 1236 2235 et

153 2244 195 2278 de
221 2244 292 2279 itor
316 2243 542 2279 constituerit
565 2253 603 2279 se
625 2244 712 2279 mihi
731 2244 940 2289 soluturum,
966 2244 1124 2289 quamvis
1148 2244 1235 2280 mihi

151 2291 329 2334 competat
358 2288 402 2323 de
433 2288 628 2324 constituta
657 2289 770 2332 actio,
802 2293 923 2334 potest
953 2289 1072 2325 adhuc
1096 2289 1233 2326 adiecto

152 2333 298 2369 solvere.
347 2336 382 2369 et
414 2334 443 2368 si
474 2344 496 2369 a
527 2333 600 2369 filio
624 2333 787 2370 familias·
806 2334 892 2370 mihi
915 2338 979 2370 aut
1003 2335 1096 2370 Titio
1122 2334 1234 2380 stipu-

151 2379 244 2414 latus
265 2378 341 2420 sim,
365 2381 503 2423 patrem
526 2389 631 2423 posse
651 2379 745 2415 Titio
770 2379 905 2415 solvere
923 2379 1019 2425 quod
1037 2379 1075 2415 in
1093 2380 1233 2426 peculio

152 2427 221 2468 est,
261 2423 397 2459 scilicet
427 2423 457 2458 si
481 2434 562 2468 suo,
600 2435 673 2459 non
704 2424 767 2459 filii
799 2424 940 2460 nomine
970 2425 1106 2461 solvere
1134 2426 1232 2461 velit:

153 2469 236 2504 dum
272 2469 364 2504 enim
398 2468 536 2504 adiecto
572 2469 731 2512 solvitur,
768 2469 854 2505 mihi
888 2470 976 2506 solvi
1005 2470 1159 2506 videtur:
1199 2474 1236 2506 et

151 2513 230 2550 ideo
268 2514 298 2549 si
328 2513 524 2549 indebitum
561 2514 700 2550 adiecto
741 2515 896 2550 solutum
930 2515 991 2559 sit,
1032 2515 1235 2560 stipulatori

150 2568 258 2639 {osse
289 2558 426 2595 condici
458 2559 639 2595 Iulianus³
666 2563 787 2605 putat:
819 2563 860 2595 ut
883 2560 969 2595 nihil
991 2560 1148 2605 intersit,
1179 2561 1233 2596 iu-

177 2614 254 2639 eam
276 2604 424 2683 tetTitio
449 2604 584 2640 solvere
608 2614 655 2639 an
678 2605 724 2641 ab
747 2605 849 2641 initio
873 2605 1055 2651 stipulatio
1079 2606 1130 2641 ita
1149 2617 1234 2642 con-

153 2659 193 2685 ce
219 2652 257 2684 ta
280 2649 309 2684 si
329 2675 338 2684 .

225 2693 250 2732 0
275 2693 379 2729 IDEM
408 2694 498 2730 libro
522 2697 653 2740 quarto
678 2694 728 2730 ad
749 2694 933 2730 Plautium
978 2694 1031 2738 Is,
1063 2695 1124 2741 qui
1147 2696 1232 2732 alie—

152 2749 237 2819 iigm
267 2739 443 2774 hominem
471 2739 509 2774 in
540 2739 696 2775 solutum
729 2739 843 2783 dedit,
884 2744 1060 2786 usucapto
1091 2741 1233 2778 homine

165 2784 175 2818 i
201 2787 333 2819 eratur.

199 2826 247 2866 61
276 2828 384 2864 IDEM
402 2828 492 2864 libro
517 2829 641 2875 quinto
665 2829 715 2865 ad
736 2829 922 2865 Plautium
956 2830 999 2865 In
1021 2833 1233 2875 perpetuum

153 2873 314 2919 quotiens
337 2873 384 2918 id,
410 2873 505 2918 quod
526 2873 593 2909 tibi
617 2874 774 2919 debeam,
800 2875 846 2910 ad
868 2879 905 2910 te
927 2875 1087 2920 pervenit
1111 2879 1145 2911 et
1168 2877 1234 2912 tibi

153 2919 240 2955 nihil
261 2919 356 2999 1111111011
378 2929 445 2954 1100
470 2919 565 2963 (111οᾶ
589 2919 743 2955 solutum
766 2923 822 2956 est
844 2921 958 2966 repeti
980 2921 1111 2966 possit,
1137 2931 1232 2956 com-

178 2965 241 3000 etit
278 2964 285 2972 '
314 2964 438 2999 eratio.

152 2976 174 3010 p
198 3006 251 3047 62
276 3009 383 3044 IDEM
401 3009 491 3044 libro
516 3011 640 3044 octavo
660 3009 710 3044 ad
729 3008 912 3044 Plautium
943 3009 1233 3054 Dispensatorem

152 3065 268 3090 meum
291 3057 504 3089 testamento
535 3053 684 3089 liberum
714 3064 792 3090 esse
821 3054 909 3090 iussi
932 3057 969 3088 et
998 3055 1176 3099 peculium
1200 3056 1233 3092 ei

152 3099 278 3143 legavi:
302 3099 333 3134 is
357 3102 440 3144 post
463 3102 612 3133 mortem
634 3109 747 3134 meam
771 3109 793 3134 a
817 3099 1037 3135 debitoribus
1059 3101 1232 3152 pecunias

152 3144 281 3189 exegit:
313 3154 360 3179 an
382 3144 486 3179 heres
508 3154 608 3179 meus
631 3143 784 3180 retinere
808 3155 851 3179 ex
871 3145 1012 3196 peculio
1036 3155 1113 3181 e1us
1138 3146 1234 3191 quod

153 3189 268 3234 exegit
297 3189 426 3234 possit,
459 3188 652 3234 quaeritur.
700 3192 736 3223 et
759 3189 790 3224 si
821 3189 962 3234 quidem
991 3194 1075 3235 post
1097 3190 1232 3226 aditam

152 3233 384 3269 hereditatem
415 3233 569 3278 exegerit
597 3234 802 3277 pecuniam,
834 3234 988 3270 dubitari
1011 3246 1085 3270 non
1115 3235 1231 3278 debet,

154 3278 238 3323 quin
272 3278 316 3313 de
357 3278 497 3323 peculio
533 3288 575 3313 eo
610 3278 750 3313 nomine
789 3279 934 3314 retineri
967 3279 1055 3315 nihil
1090 3279 1230 3323 debeat,

153 3323 248 3403 aa
265 3322 821 3404 11000181101001
842 3323 1231 3405 01001101

152 3413 340 3457 pecuniam
371 3413 510 3457 accepit
537 3412 777 3458 dispensator,
809 3412 839 3448 si
863 3413 1004 3459 quidem
1033 3415 1232 3450 liberantur

154 3457 331 3493 debitores
360 3456 439 3502 ip'sa
470 3457 661 3500 solutione,
693 3468 765 3493 non
796 3461 849 3493 est
880 3457 1043 3504 dubium,
1077 3459 1163 3505 quin
1187 3460 1230 3495 de

152 3502 291 3547 peculio
318 3501 357 3538 id
388 3502 611 3538 retinendum
642 3502 706 3546 sit,
743 3502 826 3548 quia
848 3503 974 3548 incipit
995 3503 1125 3540 debere
1147 3505 1230 3540 hic⁴

153 3617 192 3656 (1)
216 3614 343 3657 datum]
356 3616 428 3647 tum
439 3627 501 3649 ser.

153 3661 196 3702 (4)
221 3660 284 3692 1100
295 3672 356 3693 scr.

153 3705 225 3737 tore
243 3704 278 3737 F

153 3747 222 3781 fllia
235 3747 286 3780 F²
350 3751 395 3794 (s)
420 3759 535 3783 rursus
546 3760 621 3783 eum
632 3752 693 3784 ins.

602 3617 644 3657 (2)
668 3625 772 3657 aeque
784 3617 843 3648 ins·
948 3618 994 3658 (3)
1018 3617 1037 3650 l.
1052 3624 1085 3651 34
1096 3630 1148 3660 pr.
1164 3619 1193 3650 lz.
1209 3625 1228 3650 t.

451 3661 493 3701 (5)
519 3660 563 3703 01]
576 3662 752 3703 requiritur
763 3670 823 3693 1100
837 3660 892 3692 0111
905 3661 977 3694 cavi
1065 3664 1109 3702 (6)
1134 3672 1229 3694 oura-

761 3751 805 3792 (9)
829 3749 958 3792 aliquot
969 3763 1030 3785 scr.
1094 3754 1153 3793 (ιο)
1179 3764 1231 3785 ex-

2103 141 2335 187 XXXXVI
2366 146 2390 188 3

1310 257 1430 294 heredi
1442 258 1545 304 quasi
1562 260 1783 304 negotiorum
1794 266 1974 306 gestorum
1992 264 2047 300 vel
2063 263 2222 300 mandati
2240 265 2389 301 actione.

1310 303 1340 355 si
1365 313 1447 339 vero
1471 314 1544 339 non
1568 303 1781 349 liberantur,
1804 307 1867 343 illa
1890 309 2050 353 quaestio
2080 313 2148 346 est:
2175 320 2255 345 011111
2284 321 2390 356 nego-

1308 351 1396 399 1111111
1430 359 1547 384 meum
1589 359 1714 393 gerens
1749 361 1771 386 a
1810 352 2029 390 debitoribus
2072 355 2157 390 meis
2200 356 2390 401 acceperis,

1310 392 1435 428 demde
1458 403 1522 438 ego
1546 398 1663 429 ratum
1695 406 1766 443 non
1789 396 1946 434 habuero
1980 403 2015 435 et
2042 410 2126 435 mox
2154 410 2258 445 agere
2289 401 2389 436 velim

1310 438 1530 483 negotiorum
1561 442 1741 483 gestorum
1771 441 1927 485 actione,
1970 454 2015 478 an
2047 445 2180 480 utiliter
2211 455 2327 489 agam,
2361 446 2390 481 si

1310 493 1453 519 caveam
1491 488 1526 519 te
1561 484 1761 519 indemnem
1796 486 1965 522 futurum.
2023 490 2115 533 quod
2151 489 2291 534 quidem
2326 501 2390 535 ego

1308 538 1380 563 non
1402 532 1507 573 puto:
1533 539 1615 564 nam
1635 529 1777 565 sublata
1794 534 1847 565 est
1864 533 2083 576 negotiorum
2099 538 2279 578 gestorum
2295 537 2389 571 actio

1309 582 1361 616 eo,
1387 573 1483 625 quod
1502 577 1619 609 ratum
1641 585 1714 610 non
1733 574 1860 610 habui:
1886 579 1942 611 et⁵
1965 588 2029 622 per
2052 579 2120 614 hoc
2146 579 2283 616 debitor
2306 580 2390 615 mihi

1309 618 1547 654 const1tuitur.

1354 660 1406 700 63
1439 663 1548 698 IDEM
1574 664 1664 700 libro
1695 675 1790 700 nono
1821 664 1870 700 ad
1893 664 2075 702 Plautium
2123 668 2160 703 Si
2183 668 2321 705 debitor
2345 670 2391 705 sit

1308 707 1398 743 servi
1418 707 1647 753 fructuarius,
1698 712 1792 745 otest
1810 709 1841 745 is
1860 720 1983 746 servus
2003 722 2066 756 per
2086 714 2389 758 acceptilationem

1306 752 1460 805 liberare
1491 763 1587 789 eum:
1623 720 1798 806 vidlebitur
1822 755 1914 790 enim
1945 766 1988 790 ex
2018 767 2056 791 re
2081 758 2155 793 eius
2190 759 2386 804 adquirere.

1306 797 1400 832 idem
1423 809 1461 832 111
1483 803 1590 843 110010
1616 799 1783 835 (1100111110.

1355 840 1409 879 64
1435 843 1541 878 IDEM
1567 844 1658 880 libro
1708 849 1815 880 uarto
1839 845 1976 881 decimo
2001 846 2050 880 ad
2072 846 2253 883 Plautium
2301 848 2389 884 Cum

1306 887 1406 923 iussu
1429 899 1508 924 meo
1532 889 1584 933 id,
1610 900 1679 934 quo
1728 889 1814 925 mihi
1837 890 1957 932 debes,
1982 891 2088 927 solvis
2113 892 2278 928 creditori
2301 904 2389 937 meo,

1309 937 1343 967 et
1366 936 1405 967 tu
1429 943 1452 967 a
1475 944 1530 969 me
1554 938 1591 969 et
1614 945 1678 979 ego
1704 945 1726 970 a
1750 935 1926 971 creditore
1949 945 2026 971 meo
2050 936 2190 972 liberor.

1354 975 1406 1015 65
1441 978 1670 1015 POMPONIUS
1701 980 1792 1016 libro
1821 981 1945 1027 primo
1980 991 2030 1016 ex
2060 981 2203 1017 Plautio
2249 982 2287 1018 Si
2317 983 2390 1019 filia

1308 1022 1434 1058 furiosi
1457 1034 1479 1058 a
1502 1024 1576 1060 viro
1601 1024 1802 1069 divorterit‚
1835 1025 1969 1061 dictum
1992 1029 2048 1061 est
2070 1026 2123 1061 vel
2151 1026 2304 1071 adgnato
2328 1039 2389 1064 cu-

1307 1068 1442 1104 101011δ
1476 1069 1659 1105 voluntate
1692 1070 1787 1106 filiae
1816 1070 1871 1106 vel
1901 1070 2017 1106 filiae⁷
2054 1072 2294 1108 consentiente
2328 1074 2389 1109 ad·

1307 1117 1414 1158 gnato
1438 1114 1527 1150 solvi
1551 1114 1679 1150 dotem.

1309 1203 1317 1211 ι
1354 1156 1407 1196 66
1431 1159 1538 1194 IDEM
1558 1160 1648 1196 libro
1672 1164 1778 1196 sexto
1802 1171 1852 1196 ex
1869 1160 2015 1196 Plautio
2049 1160 2088 1196 Si
2109 1161 2235 1206 pupilli
2254 1162 2393 1198 debitor

1306 1204 1452 1240 iubente
1481 1214 1523 1240 eo
1556 1205 1632 1240 sine
1662 1206 1793 1241 tutoris
1823 1206 2038 1241 auctoritate
2066 1207 2255 1250 pecuniam
2280 1207 2391 1242 credi-

1308 1249 1378 1284 tori
1409 1249 1487 1285 eius
1518 1251 1731 1295 numeravit,
1770 1251 1946 1296 pupillum
1986 1250 2127 1296 quidem
2159 1261 2181 1286 a
2219 1252 2392 1287 creditore

1307 1294 1445 1338 liberat,
1471 1295 1535 1330 sed
1558 1295 1635 1341 ipse
1659 1300 1780 1331 manet
1802 1295 1998 1340 obligatus:
2036 1296 2100 1331 sed
2123 1297 2331 1341 exceptione
2355 1307 2391 1332 se

1307 1340 1400 1374 tueri
1419 1343 1550 1384 potest.
1586 1341 1616 1376 si
1635 1344 1754 1376 autem
1774 1341 1913 1376 debitor
1932 1341 2058 1386 pupilli
2082 1351 2154 1377 non
2173 1340 2301 1386 fuerat,
2325 1352 2390 1377 nec

1308 1385 1444 1430 pupillo
1470 1385 1657 1422 condicere
1679 1390 1816 1432 potest,
1842 1387 1902 1431 qui
1926 1387 2002 1422 sine
2025 1386 2154 1422 tutoris
2178 1387 2391 1422 auctoritate

1307 1440 1380 1465 non
1404 1430 1599 1475 obligatur,
1625 1442 1691 1467 1100
1715 1431 1897 1474 creditori,
1923 1442 2004 1467 cum
2028 1442 2098 1476 quo
2122 1431 2269 1467 alterius
2292 1432 2391 1468 iussu

1308 1475 1502 1510 contraxit:
1528 1476 1592 1511 sed
1610 1477 1766 1521 pupillus
1785 1477 1823 1511 in
1847 1480 2020 1522 quantum
2039 1476 2251 1522 locupletior
2274 1476 2391 1513 factus

1307 1524 1372 1561 est,
1397 1524 1522 1565 utpote
1546 1521 1665 1557 debito
1690 1522 1874 1565 liberatus,
1899 1521 1977 1557 utili
1995 1521 2135 1557 actione
2158 1522 2346 1558 tenebitur.

1353 1563 1405 1603 67
1445 1565 1686 1602 Mazzomws
1723 1567 1814 1603 libro
1855 1568 1959 1602 tertio
1998 1566 2139 1603 decimo·
2172 1567 2391 1614 diqescorum

1307 1610 1344 1645 Si
1368 1611 1446 1656 quis
1470 1610 1559 1647 duos
1584 1612 1744 1647 homines
1767 1612 1970 1657 promiserit
1994 1616 2029 1647 et
2052 1611 2213 1647 Stichum
2237 1612 2390 1655 solverit,

1305 1656 1439 1700 poterit
1462 1656 1619 1692 eiusdem
1643 1657 1755 1693 Stichi
1780 1657 1972 1692 dominium
2003 1661 2130 1702 postea
2155 1658 2392 1693 consecutus⁰

1306 1701 1424 1736 dando
1456 1701 1613 1737 liberari.
1668 1703 1705 1737 in
1737 1702 1889 1738 nummis
1920 1703 2035 1738 minor
2066 1702 2121 1738 vel
2153 1712 2266 1748 prope
2293 1703 2391 1738 nulla

1306 1745 1482 1782 dubitatio
1512 1750 1585 1782 est:
1622 1758 1705 1782 nam
1738 1751 1773 1782 et
1804 1747 1901 1793 apud
1929 1747 2098 1783 Alfenum
2127 1747 2268 1783 Servius
2300 1757 2389 1790 eum,

1307 1792 1367 1836 qui
1398 1791 1514 1827 minus
1545 1802 1567 1827 a
1599 1792 1760 1828 debitore
1792 1803 1858 1828 suo
1883 1793 2047 1838 accipere
2071 1797 2106 1828 et
2136 1793 2288 1828 liberare
2312 1803 2391 1828 eum

1305 1836 1426 1880 vellet,
1467 1837 1653 1883 respondit
1693 1848 1800 1883 posse
1843 1838 1986 1883 saepius
2027 1837 2189 1883 aliquos⁹
2229 1848 2390 1873 nummos

1308 1881 1387 1917 acci
1413 1881 1518 1918 iendo
1543 1883 1588 1918 ab
1612 1893 1655 1918 eo
1687 1883 1788 1928 eique
1811 1887 1907 1918 retro
1941 1883 2059 1918 dando
2083 1893 2127 1918 00
2151 1893 2272 1918 rursus
2297 1883 2390 1918 acci-

1304 1927 1387 1972 pien
1413 1938 1433 1962 o
1457 1927 1495 1962 id
1518 1927 1676 1963 efficere:
1702 1928 1819 1971 veluti,
1845 1928 1876 1963 si
1893 1931 2034 1964 centum
2056 1928 2250 1963 debitorem
2269 1928 2389 1963 decem

1305 1972 1463 2017 acceptis
1487 1972 1640 2008 liberare
1664 1973 1819 2008 creditor
1842 1973 1935 2016 velit,
1960 1977 2012 2016 ut,
2037 1984 2117 2008 cum
2141 1973 2262 2008 decem
2286 1983 2388 2008 acce-

1304 2017 1414 2062 perit,
1440 2017 1563 2053 eadem
1589 2018 1621 2053 ei
1643 2023 1739 2054 retro
1763 2018 1904 2063 reddat,
1928 2029 2012 2054 mox
2035 2019 2081 2054 ab
2105 2028 2147 2053 eo
2171 2018 2326 2063 accipiat
2347 2028 2389 2053 ac

1304 2062 1492 2097 novissime
1512 2063 1681 2099 retineat:
1708 2063 1774 2099 etsi
1797 2063 1835 2098 in
1855 2063 2113 2100 dubitationem
2133 2073 2156 2099 a
2203 2062 2390 2098 uibusdam

1304 2107 1373 2143 hoc
1396 2108 1489 2143 male
1520 2108 1736 2151 deducatur,
1769 2108 1864 2154 quod
1893 2119 1966 2144 non
1996 2109 2112 2154 possit
2141 2108 2175 2143 vi
2201 2108 2253 2143 eri
2276 2109 2306 2143 is
2330 2108 2389 2152 qui

1303 2152 1354 2187 ita
1377 2153 1527 2198 accepit,
1550 2157 1592 2188 ut
1615 2154 1647 2189 ei
1670 2164 1692 2189 0
1716 2165 1785 2199 (1110
1810 2154 1950 2200 00001111
1967 2158 2063 2190 retro
2082 2153 2219 2197 reddat,
2244 2153 2389 2189 solvisse

1303 2198 1424 2242 potius
1448 2209 1555 2243 quam
1579 2198 1774 2235 decessisse
1786 2201 1825 2235 ²⁰.

1350 2240 1403 2281 68
1436 2244 1543 2278 IDEM
1572 2244 1662 2280 libro
1693 2247 1799 2280 seoeto
1824 2243 1960 2280 decimo
1990 2243 2211 2290 digestorum
2259 2243 2387 2278 Servus

1303 2287 1425 2324 decem
1456 2288 1541 2324 dare
1569 2289 1688 2325 iussus
1719 2289 1856 2335 pupillo
1888 2293 1924 2324 et
1947 2289 2038 2325 liber
2061 2299 2156 2333 esse,
2190 2288 2260 2324 01ιι
2285 2289 2387 2324 heres

1303 2333 1350 2368 sit
1372 2334 1530 2379 pupillus
1554 2334 1627 2370 sive
1657 2338 1797 2369 tantum
1822 2333 1983 2369 condicio
2007 2334 2044 2369 in
2069 2344 2148 2369 eum
2178 2334 2307 2368 0011010
2330 2333 2386 2373 sit,

1304 2388 1350 2413 an
1380 2379 1528 2414 absente
1557 2389 1697 2425 quoque
1727 2383 1846 2415 tutore
1877 2379 2012 2424 pupillo
2045 2379 2162 2414 dando
2188 2379 2385 2414 libertatem

1304 2425 1568 2468 consequatur?
1591 2425 1741 2460 moveris
1762 2424 2027 2469 comparatione
2047 2424 2274 2467 condicionis,
2297 2433 2386 2468 quae

1304 2469 1463 2504 constitit
1485 2470 1524 2504 in
1555 2469 1671 2513 facto,
1704 2469 1814 2505 veluti
1847 2469 1888 2504 ‘si
1916 2469 2052 2514 pupillo
2084 2469 2264 2512 servierit',
2296 2478 2387 2513 quae

1302 2517 1422 2558 potest
1451 2514 1591 2559 impleri
1622 2515 1713 2550 citra
1736 2515 1974 2550 interventum
1999 2525 2140 2560 quoque
2162 2514 2302 2549 tutoris.
2349 2518 2385 2548 et

1303 2559 1399 2604 quid,
1424 2558 1552 2604 inquis,
1577 2559 1608 2595 si
1625 2563 1826 2596 curatorem
1842 2560 1975 2595 habeat
1994 2563 2031 2595 et
2050 2559 2080 2594 si
2092 2561 2119 2580 ¹²
2141 2559 2276 2594 furioso
2301 2557 2385 2593 dare

1300 2604 1421 2639 iussus
1445 2604 1502 2647 sit,
1528 2615 1575 2640 011
1598 2605 1756 2640 curatori
1780 2605 1896 2640 dando
1921 2605 2117 2640 liberetur?
2148 2608 2184 2640 et
2205 2603 2298 2648 finge
2321 2603 2384 2637 ali-

1302 2649 1361 2684 cui
1391 2649 1542 2685 fundum
1572 2650 1746 2695 legatum,
1787 2650 1817 2685 si
1847 2649 2002 2685 dedisset
2030 2660 2079 2695 pu
2105 2650 2164 2684 illo
2195 2649 2383 2700 furiosove.

1301 2697 1338 2730 et
1360 2694 1544 2730 sciendum
1575 2699 1630 2731 est
1652 2695 1690 2730 in
1714 2694 1877 2730 omnibus
1900 2694 1978 2730 istis
2002 2695 2077 2730 casi
2103 2705 2144 2730 us
2176 2698 2286 2729 tutori
2309 2704 2384 2737 (1111-

1302 2739 1381 2774 dem
1403 2739 1460 2775 vel
1483 2740 1643 2776 curatori
1665 2740 1799 2775 utiliter
1823 2739 1984 2784 dependi,
2008 2739 2096 2784 ipsis
2120 2742 2249 2781 autem,
2272 2738 2310 2772 id
2331 2741 2386 2773 est

1301 2784 1437 2820 furioso
1460 2785 1517 2820 vel
1539 2785 1695 2865 ΡηῖιίΙΙο,
1730 2795 1804 2820 11011
1827 2788 1925 2820 recte
1948 2784 2120 2830 persolvi,
2154 2794 2198 2819 ne
2221 2783 2317 2835 datio
2342 2793 2385 2817 ex

1300 2829 1442 2865 illorum
1466 2830 1596 2866 inbecil
1613 2830 1697 2866 ‘tate
1720 2834 1860 2875 pereat:
1885 2840 1951 2865 nec
1975 2829 2067 2865 enim
2091 2830 2160 2865 hoc
2183 2832 2254 2873 egit
2276 2831 2384 2863 testa-

1301 2878 1447 2954 tor,dut,
1471 2885 1614 2921 quoquo
1638 2875 1744 2911 modo
1769 2878 1864 2911 esset
1889 2875 2020 2919 datum,
2045 2875 2186 2919 expleta
2209 2872 2385 2908 videretur

1303 2930 1370 2955 con
1396 2930 1476 2955 1010.

1347 2962 1401 3002 69
1429 2965 1573 3001 Cusus
1599 2965 1689 3001 libro
1714 2965 1903 3001 vicensimo
1928 2968 2058 3010 quarto
2082 2964 2299 3011 diqestorum
2346 2961 2383 2996 Si

1301 3010 1493 3054 hominem,
1527 3010 1566 3045 in
1599 3021 1668 3055 quo
1701 3017 1788 3046 usus
1817 3009 1956 3045 fructus
1989 3009 2124 3044 alienus
2156 3011 2212 3043 est
2241 3007 2299 3058 vel·
2323 3006 2381 3057 qui

1301 3058 1379 3090 erat
1402 3055 1540 3100 pignori
1560 3055 1654 3091 Titio
1679 3055 1868 3100 obligatus,
1893 3065 2007 3090 noxae
2029 3054 2163 3096 dedisti,
2188 3055 2318 3096 poterit
2339 3061 2380 3094 10,

1302 3100 1361 3135 0111
1392 3100 1648 3136 0011ᾱο1111101110
1680 3110 1734 3142 00,
1766 3104 1885 3136 10011111
1909 3110 2013 3144 agere
2035 3097 2199 3140 iudicati,
2231 3106 2297 3131 nec
2320 3106 2380 3130 ex-

1302 3144 1551 3190 spectabimus,
1577 3148 1618 3179 ut
1641 3145 1796 3181 creditor
1812 3145 1960 3180 evincat.
1998 3143 2060 3179 sed
2083 3143 2113 3177 si
2133 3152 2219 3176 usus
2242 3141 2381 3175 fructus

1300 3190 1471 3225 interierit
1500 3189 1556 3225 vel
1580 3186 1754 3226 dissoluta
1784 3190 1894 3225 fuerit
1923 3188 2077 3234 pignoris
2102 3185 2287 3230 obligatio,
2320 3195 2380 3220 ex-

1299 3234 1416 3270 istimo
1465 3244 1690 3270 rocessuram
1713 3235 1968 3271 liberationem.

1347 3277 1399 3317 70
1447 3289 1532 3314 DEM
1558 3280 1648 3315 libro
1672 3281 1862 3316 vicensimo
1886 3282 1990 3314 sexto
2015 3277 2232 3323 diqestorum
2279 3273 2380 3318 Quod

1300 3328 1397 3359 certa
1421 3324 1478 3359 die
1500 3325 1714 3369 promissum
1738 3329 1808 3368 est,
1843 3324 1899 3360 vel
1921 3323 2041 3358 statim
2064 3321 2141 3356 dari
2164 3322 2300 3371 potest:
2324 3323 2379 3371 to·-

1298 3373 1373 3403 tum
1403 3369 1496 3404 enim
1526 3369 1679 3405 medium
1708 3373 1848 3414 tempus
1872 3368 1917 3403 ad
1947 3366 2151 3402 solvendum
2174 3373 2381 3408 promissori

1298 3414 1449 3448 liberum
1472 3414 1626 3459 relinqui
1647 3414 1873 3459 intellegitur.
2074 3454 2080 3461 ,

1346 3457 1394 3495 71
1422 3458 1530 3493 IDEM
1548 3459 1638 3495 libro
1662 3460 1851 3495 vicensimo
1874 3456 2022 3501 septimo
2040 3454 2257 3505 dzqestorum
2292 3452 2378 3505 Cum

1300 3503 1422 3539 decem
1449 3503 1536 3539 mihi
1566 3507 1631 3539 aut
1662 3504 1755 3540 Titio
1788 3502 1863 3538 dari
1891 3500 2083 3545 stipulatus
2107 3507 2261 3543 qumque
2283 3507 2377 3534 acci-

1295 3623 1462 3659 pectamus
1483 3618 1565 3650 talia
1575 3631 1585 3650 .·
1609 3616 1698 3658 quod
1711 3626 1778 3648 non
1787 3614 1890 3657 possit
1901 3613 2007 3645 videri
2019 3612 2047 3644 in
2059 3611 2117 3653 qui
2128 3611 2177 3644 ita
2187 3611 2325 3654 accepit,
2340 3613 2377 3645 ut

1300 3661 1331 3694 ei
1350 3671 1370 3693 a
1388 3671 1454 3703 quo
1472 3662 1602 3706 accepit
1620 3663 1709 3694 retro
1729 3659 1854 3700 reddat,
1874 3657 2030 3701 [solutum
2041 3657 2211 3699 accepisse.
2234 3659 2317 3699 puto
2329 3659 2379 3690 ta·

361 3706 403 3745 (7)
428 3703 516 3738 filiae
533 3704 586 3737 vel
604 3705 704 3748 filiae]
724 3705 813 3738 filiae
832 3705 895 3747 1⁸⁴⁸,
913 3704 984 3739 fllia
995 3705 1059 3750 F»,
1077 3706 1167 3740 filiae
1178 3706 1231 3739 vel
1299 3716 1375 3738 men
1393 3705 1574 3740 debitorem
1593 3705 1643 3738 ita
1659 3704 1802 3746 dantem]
1822 3703 1954 3736 solvisse
1971 3702 2083 3744 potius
2102 3711 2201 3743 quam
2221 3701 2379 3735 decidisse

1301 3751 1356 3794 (11)
1380 3751 1449 3785 sivo
1460 3763 1524 3786 scr.
1616 3751 1676 3791 (¹2)
1699 3748 1819 3782 habeat
1830 3750 1863 3781 et
1874 3747 1914 3790 si]
1927 3746 2063 3780 habenti
2074 3758 2138 3780 scr.
