2528 3918
179 125 434 172 xmus

224 246 250 286 2
276 247 506 284 Poupomvs
526 248 618 286 libro
647 254 753 286 sexto
781 250 833 287 ad
853 249 1026 287 Sabinum
1079 249 1268 294 Heredem,

179 294 385 330 damnatum
417 303 440 329 a
471 292 682 331 fideiussore
716 305 790 332 non
817 299 956 342 petere,
995 305 1019 330 a
1056 305 1119 332 reo
1148 299 1270 341 petere

179 349 298 385 posse,
323 339 385 374 sed
409 348 432 374 a
455 349 518 375 reo
541 343 664 385 petere
686 341 845 384 vetitum,
876 340 906 376 si
930 350 953 376 a
974 340 1185 377 fideiussore
1231 350 1266 376 e·

182 388 195 419 1
246 388 310 426 tat,
339 393 401 437 reo
429 394 475 420 ex
493 388 706 421 testamento
728 386 843 422 teneri
866 385 990 422 Celsus
1013 389 1128 431 putat.
1170 351 1268 421 Idpem

181 429 307 466 Celsus
331 433 383 463 ait
406 429 541 464 nullam
564 429 822 467 dubitationem
846 431 999 473 habere,
1030 431 1116 475 quin
1139 430 1270 466 herede

179 478 299 527 petere
332 484 356 509 a
391 473 553 510 debitore
587 475 698 512 vetito
731 486 798 512 nec
832 476 936 512 heres
970 475 1111 512 heredis
1146 480 1270 521 petere

178 524 305 564 possit.

225 562 249 601 3
282 563 478 600 [Imaum
497 564 588 601 libro
605 566 770 602 vicesimo
789 567 895 601 tertio
920 566 970 601 ad
985 564 1159 602 Sabinum
1206 565 1267 600 Li-

179 609 400 645 berationem
434 608 589 646 debitori
623 621 730 656 posse
765 611 876 656 legari
913 610 985 646 iam
1028 615 1167 647 certum
1200 614 1266 646 est.

183 658 196 689 1
246 654 318 690 Sed
347 659 385 690 et
406 654 437 690 si
472 654 747 709 chirographum
787 656 867 701 quis
904 655 1080 692 decedens
1114 654 1268 691 debitori

178 710 244 736 suo
269 698 424 742 dederit,
455 704 701 746 exceptionem
732 700 766 736 ei
794 705 996 747 competere
1027 705 1127 747 puto,
1163 699 1267 747 quasi

180 748 198 779 2
246 755 314 790 pro
327 744 601 782 fideicommisso
615 745 819 782 huiusmodi
835 746 980 782 datione
999 746 1168 782 valitura.
1207 745 1266 781 Iu·

178 789 295 826 lianus
320 790 427 826 etiam
449 790 544 826 libro
567 791 837 836 quadragesimo
852 793 862 813 ¹
913 791 920 800 ⁸
947 793 1130 827 estorum²
1154 791 1266 843 scrip-

179 835 243 871 sit:
268 835 300 871 si
322 835 403 881 quis
426 834 603 872 decedens
627 836 902 882 chirographum
943 836 990 873 eii
1006 837 1101 872 Titio
1116 836 1266 877 dederit,

179 884 220 916 ut
237 884 326 934 post
346 884 496 917 mortem
520 891 622 917 suam
645 881 727 917 Seio
756 881 819 917 det
849 886 930 925 aut,
962 882 994 918 si
1017 881 1266 924 convaluisset,

179 926 248 962 sibi
275 925 457 970 redderet,
488 925 617 962 deinde
640 926 757 963 Titius
787 926 958 963 defuncto
989 926 1163 963 donatore
1186 926 1267 962 Seio

179 970 317 1007 dederit
333 975 370 1007 et
385 971 490 1007 heres
513 971 590 1007 eius
613 975 713 1017 petat
734 972 903 1016 debitum,
929 972 1032 1008 Seius
1049 972 1123 1008 doli
1138 982 1266 1017 excep-

180 1021 199 1050 3
245 1015 379 1052 tionem
402 1016 521 1053 habet.
576 1016 684 1052 Nunc
706 1016 751 1053 de
781 1017 910 1054 effectu
933 1017 1042 1063 legati
1074 1017 1265 1053 videamus.

179 1065 216 1098 et
245 1060 277 1098 si
331 1061 449 1097 uidem
478 1061 566 1097 mihi
595 1061 760 1098 liberatio
799 1063 847 1099 sit
876 1063 1019 1106 relicta,
1057 1073 1139 1099 cum
1169 1062 1267 1098 solus

179 1107 246 1143 sim
269 1106 314 1143 de
339 1106 421 1149 itor,
446 1107 520 1143 sive
542 1116 566 1142 a
587 1117 644 1143 me
666 1112 828 1153 petatur,
860 1108 1070 1154 exceptione
1099 1107 1155 1143 uti
1182 1118 1265 1153 pos-

179 1163 269 1195 sum,
293 1152 367 1188 sive
390 1162 463 1188 non
485 1156 641 1198 petatur,
665 1154 837 1199 possum³
860 1163 978 1199 agere,
1002 1158 1044 1188 ut
1058 1153 1191 1189 liberer
1203 1163 1268 1198 per

178 1197 497 1243 acceptilationem.
534 1197 598 1233 sed
616 1202 654 1234 et
670 1199 702 1234 si
720 1208 801 1234 cum
818 1198 890 1234 alio
914 1199 981 1234 sim
1005 1198 1156 1241 debitor,
1179 1201 1268 1243 puta

178 1242 250 1279 duo
273 1243 326 1278 rei
348 1242 480 1279 fuimus
496 1243 737 1288 promittendi,
762 1247 799 1279 et
814 1244 901 1279 mihi
924 1244 992 1279 soli
1006 1247 1158 1279 testator
1182 1253 1266 1279 con-

178 1288 312 1324 sultum
337 1288 458 1332 voluit,
482 1288 621 1333 agendo
645 1298 855 1334 consequar,
887 1299 962 1325 non
984 1293 1026 1324 ut
1048 1292 1200 1334 accepto
1223 1288 1266 1324 li-

179 1333 293 1376 berer,
325 1343 371 1369 ne
394 1333 501 1368 etiam
533 1343 685 1369 conreus
718 1343 818 1370 meus
841 1334 1015 1370 liberetur
1044 1338 1172 1370 contra
1194 1337 1266 1370 tes-

178 1378 306 1415 tatoris
337 1378 570 1420 voluntatem,
611 1378 675 1414 sed
702 1383 810 1424 pacto
841 1379 1034 1416 liberabor.
1087 1378 1151 1415 sed
1182 1378 1266 1424 quid

179 1425 209 1472 si
239 1423 327 1459 socii
356 1422 515 1459 fuimus?
546 1423 748 1467 videamus,
784 1435 830 1460 ne
860 1435 927 1470 per
956 1424 1267 1471 acceptilatione-

179 1470 328 1522 debeam
350 1468 515 1522 liberari:
541 1468 708 1549 αἰίοιίιιίιι,
733 1468 856 1524 duma
878 1480 1010 1523 conreo
1026 1480 1106 1523 meo
1121 1469 1266 1515 petitur,

178 1517 630 1612 ffigoeffiffiwfferissiffii
653 1525 794 1605 ᾳυιιιὲιῗι
805 1515 1266 1606 ξξὲῗιῐῗὲιῗῖἒέῗιέῗῗεῖἒῗὲ

178 1615 234 1640 me
270 1604 401 1640 debere
432 1604 597 1645 liberari,
634 1605 666 1640 si
700 1605 805 1648 socii,
845 1616 912 1651 per
945 1605 1265 1651 acceptilationem.

180 1654 199 1683 4
246 1649 515 1695 Consequenter
537 1650 738 1695 quaeritur,
768 1661 816 1686 an
838 1655 875 1686 et
897 1650 957 1687 ille
981 1650 1101 1687 socius
1124 1661 1190 1696 pro
1215 1651 1267 1686 le-

177 1694 315 1739 gatario
340 1695 534 1737 habeatur,
567 1695 670 1731 cuius
692 1706 822 1732 nomen
849 1696 887 1731 in
915 1700 1129 1732 testamento
1152 1696 1266 1742 scrip-

179 1746 254 1775 tum
267 1751 340 1776 non
356 1744 421 1782 est,
447 1739 530 1776 licet
544 1741 769 1776 commodum
782 1751 827 1777 ex
843 1745 1057 1778 testamento
1070 1741 1118 1777 ad
1129 1745 1266 1776 utrum-

178 1795 246 1830 que
269 1784 457 1830 pertineat,
482 1785 514 1821 si
536 1786 627 1822 socii
649 1790 743 1822 sunt.
791 1790 827 1822 et
840 1790 896 1822 est
918 1797 1042 1823 verum
1060 1797 1133 1822 non
1151 1787 1267 1822 solum

178 1841 270 1872 eum,
295 1830 397 1866 cuius
420 1840 550 1866 nomen
572 1832 610 1866 in
633 1834 846 1868 testamento
869 1832 1045 1878 scriptum
1073 1835 1139 1875 est,
1170 1832 1266 1877 lega-

178 1875 308 1911 tarium
331 1875 552 1920 habendum‚
582 1886 704 1912 verum
727 1887 809 1912 eum
831 1888 988 1931 quoque,
1019 1877 1081 1922 qui
1108 1887 1182 1913 non
1213 1880 1268 1913 est

177 1920 351 1966 scriptus,
381 1921 414 1957 si
441 1925 478 1956 et
507 1921 586 1957 eius
617 1922 916 1967 contemplatione
944 1922 1110 1958 liberatio
1140 1921 1267 1958 relicta

178 1970 198 2001 5
245 1970 351 2002 esset.
398 1965 551 2012 Utrique
563 1970 684 2002 autem
706 1967 869 2012 legatarii
882 1968 1061 2004 habentur
1084 1971 1121 2003 et
1142 1967 1182 2002 in
1197 1967 1267 2003 hoc

178 2021 276 2047 casu.
324 2021 407 2046 nam
430 2015 467 2047 et
489 2011 522 2047 si
544 2012 640 2057 quod
668 2022 732 2065 ego
764 2012 877 2049 debeo
901 2013 1014 2057 Titio,
1046 2012 1093 2048 sit
1115 2012 1149 2048 ei
1171 2012 1183 2048 l
1227 2023 1265 2047 a-

177 2061 254 2092 tum
277 2056 348 2092 mei
369 2056 496 2102 gratia,
520 2061 562 2092 ut
584 2067 650 2102 ego
673 2057 816 2100 liberer,
840 2068 943 2094 nemo
967 2068 1024 2094 me
1047 2057 1193 2104 negabit
1228 2067 1264 2093 e-

178 2102 803 2192 ffiwssseuffsis
822 2103 915 2184 εει
928 2103 1266 2193 m...

178 2192 365 2228 creditoris
394 2192 482 2236 mei,
514 2158 583 2228 οιὲι
614 2192 783 2229 solvendo
817 2193 937 2230 fuero:
969 2195 1142 2229 interesse
1173 2193 1266 2229 enim

178 2237 366 2273 creditoris
390 2237 482 2273 duos
505 2248 587 2273 reos
610 2238 756 2274 habere.

222 2281 248 2319 4
273 2282 503 2319 Poueomvs
522 2283 613 2319 libro
635 2284 788 2330 septimo
812 2293 863 2319 σω
882 2282 1029 2319 Plautio
1064 2282 1159 2328 Quid
1182 2293 1266 2327 ergo

178 2331 243 2372 est,
270 2338 352 2364 cum
375 2338 482 2373 agere
504 2328 658 2373 poterit⁴
682 2327 839 2364 creditor
860 2338 904 2364 ex
927 2329 1165 2364 testamento?
1194 2339 1266 2363 non

180 2373 285 2409 aliter
312 2373 416 2409 heres
447 2373 678 2409 condemnari
706 2373 866 2415 debebit,
902 2383 1010 2418 quam
1038 2373 1069 2409 si
1098 2378 1267 2409 caveatur

178 2419 211 2454 ei
235 2418 406 2454 adversus
430 2418 627 2455 debitorem
650 2418 800 2455 defensu
821 2418 879 2454 iri.
933 2418 1019 2454 item
1047 2423 1174 2464 agente
1205 2418 1264 2454 de-

178 2464 292 2499 bitore
315 2463 403 2499 nihil
426 2464 579 2509 amplius
603 2464 707 2500 heres
715 2468 915 2545 dpraestare
938 2463 1060 2506 debet,
1090 2474 1197 2509 quam
1227 2467 1268 2499 ut

179 2520 261 2545 eum
284 2508 455 2545 adversus
479 2509 692 2546 creditorem
739 2509 893 2545 efendat.

224 2553 248 2592 5
280 2553 476 2591 Uzmzvvs
495 2555 587 2591 libro
610 2556 777 2591 vicesimo
802 2556 906 2590 tertio
936 2554 986 2590 ad
1009 2554 1182 2590 Sabinum
1228 2554 1267 2590 Si

178 2601 256 2646 quis
279 2610 381 2636 reum
403 2600 536 2636 habeat
559 2599 854 2636 etfideiussorem
875 2603 913 2635 et
934 2610 996 2635 reo
1020 2599 1267 2635 liberationem

178 2646 280 2691 leget,
305 2645 466 2681 Iulianus
489 2645 620 2681 ibidem
645 2645 790 2691 scripsit
811 2655 913 2681 reum
933 2655 999 2690 per
1021 2644 1265 2690 acceptilatio-

178 2702 258 2727 nem
286 2690 527 2726 liberandum:
566 2690 724 2736 alioquin
760 2689 793 2726 si
825 2689 1071 2726 fideiussorem
1109 2690 1267 2735 coeperit

178 2735 377 2777 convenire,
403 2736 475 2771 alia
498 2735 637 2772 ratione
660 2746 745 2772 reus
764 2735 984 2771 convenitur.
1031 2734 1117 2780 quid
1135 2739 1265 2777 tamen,

179 2781 209 2817 si
233 2780 438 2816 donationis
467 2791 577 2816 causa
611 2780 801 2817 fideiussor
836 2780 1026 2816 intervenit
1061 2790 1128 2816 nec
1157 2781 1267 2817 habet

178 2825 347 2861 adversus
373 2836 471 2861 reum
484 2827 708 2879 regressum?
731 2826 788 2862 vel
799 2825 885 2871 quid
899 2825 931 2861 si
954 2825 1001 2861 ad
1020 2825 1266 2862 fideiussorem

179 2870 332 2924 pecunia
347 2876 560 2950 ¹pervenerit
590 2876 627 2907 et
660 2872 758 2917 ipse⁶
786 2881 887 2907 reum
917 2870 1054 2906 dederit
1086 2870 1163 2907 vice
1200 2881 1266 2907 sua

179 2926 325 2962 ipseque
375 2916 585 2952 delusserit‘?
616 2921 723 2961 pacto
753 2920 809 2953 est
831 2927 914 2952 reus
943 2915 1162 2952 liberandus.
1210 2920 1264 2952 at-

204 2961 267 2996 uin
302 2961 457 2997 solemus
497 2960 614 2996 dicere
650 2961 747 3006 pacti
787 2961 1031 3007 exceptionem
1064 2960 1267 2997 fideiussori

204 3005 344 3048 andam,
370 3016 461 3050 quae
485 3017 546 3041 reo
572 3007 758 3052 competit:
791 3006 856 3043 sed
888 3017 969 3042 cum
998 3006 1068 3042 alia
1097 3006 1144 3042 sit
1166 3017 1266 3042 mens

180 3050 346 3097 legantis,
379 3051 473 3086 alia⁶
500 3051 732 3103 paciscentis,
763 3061 988 3098 nequaquam
1011 3051 1079 3088 hoc
1103 3051 1265 3088 dicimus.

183 3101 194 3132 ¹
247 3095 351 3141 Quod
374 3096 405 3132 si
427 3095 628 3131 fideiussori
645 3097 692 3132 sit
715 3097 879 3133 liberatio
903 3097 1032 3142 legata,
1056 3096 1132 3133 sine
1145 3096 1265 3140 dubio,

181 3147 220 3177 ut
254 3147 292 3178 et
327 3141 488 3177 Iulianus
520 3140 678 3186 scripsit,
714 3147 821 3187 pacto
860 3142 928 3178 erit
962 3141 1150 3178 fideiussor
1178 3142 1266 3178 libe-

180 3187 325 3223 randus.
378 3186 442 3223 sed
480 3190 517 3221 et
554 3186 611 3221 hic
651 3191 738 3231 puto
777 3187 955 3223 interdum
993 3187 1266 3232 acceptilatione

178 3232 420 3274 liberandum,
451 3230 484 3267 si
512 3231 567 3266 vel
597 3242 679 3266 reus
709 3232 784 3277 ipse
817 3243 899 3268 vere
929 3232 998 3268 fuit
1029 3237 1093 3267 aut
1120 3232 1157 3267 in
1186 3242 1265 3268 eam

179 3281 199 3313 2
245 3288 321 3314 rem
360 3277 479 3313 socius
519 3286 615 3311 reus.
675 3276 771 3312 Idem
811 3277 968 3313 Iulianus
1010 3277 1134 3314 eodem
1175 3277 1265 3313 libro

179 3323 343 3369 scripsit,
386 3321 418 3358 si
452 3320 547 3357 filius
586 3320 739 3357 familias
778 3322 918 3358 debitor
954 3322 1063 3358 fuerit
1100 3326 1137 3358 et
1172 3322 1266 3367 patri

178 3369 255 3404 eius
284 3367 395 3404 fuerit
425 3365 590 3403 liberatio
623 3366 765 3408 relicta,
800 3371 938 3412 patrem
973 3371 1080 3412 pacto
1111 3367 1265 3403 liberan-

179 3414 263 3449 dum
286 3423 376 3454 esse,
400 3423 446 3447 ne
469 3412 574 3447 etiam
596 3410 691 3446 filius
714 3412 895 3447 liberetur.
943 3418 979 3448 et
1001 3413 1113 3458 parvi,
1139 3411 1265 3458 inquit,

179 3458 307 3500 refert,
345 3459 374 3493 si
405 3457 453 3493 sit
483 3456 617 3502 aliquid
646 3456 684 3492 in
715 3457 853 3502 peculio
883 3457 939 3492 die
974 3457 1082 3502 legati
1118 3457 1266 3493 cedente

179 3514 307 3539 necne:
332 3502 561 3539 securitatem
584 3501 677 3538 enim
699 3507 802 3547 pater
824 3512 889 3547 per
911 3503 979 3538 hoc
1002 3503 1156 3547 legatum
1180 3512 1266 3538 con-

179 3550 354 3595 sequitur:
386 3548 553 3589 maxime,
583 3546 714 3592 inquit,
746 3557 828 3582 cum
856 3547 908 3582 rei
936 3546 1148 3583 iudicandae
1175 3551 1264 3583 tem·

180 3665 217 3702 (ι)
242 3662 443 3705 mage-imo
459 3661 610 3695 aciat-ius
709 3662 753 3699 (2)
777 3660 823 3695 D.
838 3662 892 3703 39,
904 3668 933 3701 e,
946 3668 1020 3702 is,2
1120 3662 1163 3699 (a)
1185 3670 1260 3704 pos-

179 3708 240 3741 sim
253 3708 286 3741 F
385 3708 429 3747 (4)
454 3706 599 3749 eoeperit
611 3707 693 3740 Rob.
708 3706 894 3750 Stephanus
997 3708 1038 3746 (5)
1064 3705 1144 3748 ipsc]
1154 3705 1187 3738 'u
1197 3718 1258 3740 ecr-

181 3756 223 3792 (s)
248 3752 391 3794 legantis
400 3751 467 3785 alia
479 3751 541 3785 ἀεὶ.
646 3753 689 3792 (τ)
714 3756 860 3794 repetere
874 3752 948 3785 edd.
1063 3752 1109 3791 (ε)
1133 3751 1186 3783 ius
1198 3750 1260 3784 del.

1248 121 1332 174 486

1299 256 1304 358 l

1330 3661 1376 3702 (ο)
1401 3658 1499 3701 aihu]
1513 3670 1574 3692 neo
1584 3672 1646 3694 m.

1327 3716 1389 3738 δα.

1499 9 1506 54 ,Χ

1509 51 1605 161 7⁴„

2027 140 2089 172 DE
2117 140 2421 174 mammem)

1335 261 1405 331 pus
1437 251 1535 287 circa
1567 251 1746 297 peculium
1776 255 1969 298 spectetur.
2027 251 2111 287 huic
2170 251 2239 287 atri
2273 251 2364 287 simil·
2341 251 2349 259 ‘
2365 262 2418 288 em

1352 295 1426 332 acit
1447 295 1607 332 Iulianus
1630 297 1808 340 maritum,
1832 297 1890 333 cui
1913 306 2006 332 uxor
2054 300 2110 332 ost
2164 296 2316 332 vortium
2331 296 2419 333 libe-

1337 341 1510 377 rationem
1538 340 1632 378 dotis
1659 341 1811 387 legavitz
1841 352 1925 377 nam
1956 345 1994 377 et
2047 352 2137 383 unc,
2170 341 2253 378 licet
2281 341 2339 378 die
2368 342 2419 379 le-

1335 386 1411 431 gati
1439 385 1587 422 cedente
1615 386 1784 422 solvendo
1814 398 1887 423 non
1918 386 1976 429 sit,
2007 386 2218 431 legatarium
2247 396 2344 422 esse:
2383 391 2421 423 et

1337 435 1528 477 utrumque
1550 431 1602 466 ait
1624 431 1780 467 solutum
1810 435 1970 477 repetere
2000 442 2074 467 non
2095 442 2213 478 posse.
2272 431 2334 467 sed
2365 437 2421 468 est

1336 476 1455 512 verius
1486 475 1583 522 quod
1610 475 1803 513 Marcellus
1833 481 1936 513 notat
1965 481 2104 522 patrem
2139 478 2283 522 petere⁷
2313 487 2419 523 posse

1337 520 1509 562 (nondum
1531 520 1624 556 enim
1647 525 1725 558 erat
1746 521 1905 565 debitor,
1938 533 2018 557 cum
2042 522 2225 566 solveret),
2253 521 2419 558 maritum

1336 577 1409 602 non
1431 576 1554 612 posse,
1587 566 1683 611 quod
1713 566 1871 603 debitum
1903 567 2019 602 solvit.
2065 571 2205 613 patrem
2228 567 2321 602 enim
2352 569 2420 603 etsi

1360 611 1416 647 uis
1440 611 1636 647 debitorem
1658 611 1921 655 existimaverit,
1945 616 2104 648 attamen
2126 612 2207 648 loco
2230 622 2310 648 esse
2334 623 2419 649 con-

1363 656 1522 692 ‘cionalis
1553 655 1743 700 debitoris,
1781 667 1884 702 quem
1921 657 2079 693 solutum
2114 661 2277 703 repetere
2340 668 2420 694 osse

1337 705 1357 754 ἒξ
1403 712 1477 737 ιιοιι
1506 700 1707 747 ambigitur.
1755 701 1825 738 Sed
1848 702 1880 738 si
1902 702 2090 738 damnatus
2114 702 2162 738 sit
2182 702 2286 738 heres
2308 668 2420 739 ἕῑιιιιιι

1334 747 1506 790 hberare,
1541 757 1614 783 non
1644 746 1753 783 adicit
1781 747 1963 790 Iulianus,
1998 752 2116 783 utrum
2149 757 2236 783 acce
2262 747 2421 784 tilatione

1335 791 1430 828 filius
1455 801 1501 827 an
1523 795 1633 837 pacto
1655 791 1704 828 sit
1725 792 1949 828 liberandus:
1985 793 2050 829 sed
2079 792 2218 829 videtur
2273 803 2317 828 oc
2340 804 2420 829 sen·

1335 837 1423 879 tire,
1456 837 1560 882 quasi
1582 837 1854 883 acceptilatione
1886 837 2015 874 debeat
2046 837 2207 880 liberari,
2238 848 2330 883 quae
2362 849 2419 874 res

1335 882 1431 928 patri
1462 892 1604 927 quoque
1633 881 1803 928 proderit.
1858 883 1955 928 quod
1983 883 2212 929 optinendum
2242 888 2316 926 est,
2353 883 2420 919 nisi

1336 927 1516 963 evidenter
1538 937 1584 972 ap
1611 928 1759 964 robetur
1782 927 2000 963 contrarium
2022 928 2177 964 sensisse
2200 932 2419 971 testatorem,

1335 972 1389 1025 id·
1406 976 1461 1008 est
1495 982 1540 1008 ne
1573 938 1668 1025 iilius
1707 972 1942 1018 inquietetur,
1957 1017 1966 1026 ·
1986 983 2059 1009 non
2091 983 2138 1009 ne
2170 978 2291 1019 pater:
2334 978 2420 1009 tunc

1335 1028 1428 1053 emm
1451 1027 1537 1053 acce
1562 1017 1723 1054 tilatione
1746 1028 1827 1054 eum
1849 1028 1923 1054 non
1942 1017 2182 1060 hberandum,
2214 1018 2279 1054 sed
2327 1023 2418 1055 acto.

1336 1066 1356 1098 4
1402 1062 1502 1115 Idem
1523 1028 1682 1099 li'ilianus
1706 1063 1868 1115 scripsit,
1900 1063 1932 1098 si
1953 1073 2019 1108 pro
2049 1062 2123 1099 filio
2151 1067 2254 1115 pater
2275 1029 2420 1099 figeius-

1335 1108 1423 1144 serit
1445 1118 1478 1144 e1
1503 1118 1548 1143 ue
1571 1108 1736 1144 liberatio
1753 1112 1799 1144 sit
1821 1108 1951 1153 legata,
1975 1118 2057 1144 eum
2072 1113 2181 1154 pacto
2198 1108 2420 1144 hberandum

1336 1154 1438 1199 quasi
1461 1119 1718 1196 fideiussorem,
1743 1164 1815 1189 non
1838 1154 1940 1199 quasi
1964 1157 2113 1199 patrem,
2137 1157 2174 1189 et
2197 1153 2277 1190 ideo
2292 1154 2336 1190 de
2359 1165 2420 1200 pe-

1337 1199 1430 1235 culio
1453 1208 1563 1244 posse
1587 1198 1778 1234 conveniri.
1819 1199 1888 1235 hoc
1904 1198 1956 1234 ita
1979 1198 2121 1234 demum
2134 1202 2248 1245 putat,
2273 1199 2304 1235 si
2320 1198 2420 1234 dum-

1335 1247 1438 1279 taxat
1468 1244 1571 1289 quasi
1609 1243 1853 1280 fideiussorem
1890 1254 1971 1280 eum
2007 1244 2118 1280 voluit
2153 1247 2305 1280 testator
2333 1245 2420 1280 libe-

1335 1300 1430 1370 fligi:
1456 1293 1614 1370 cgterum
1637 1289 1669 1325 si
1691 1293 1728 1325 et
1751 1289 1853 1334 quasi
1875 1293 2033 1334 patrem,
2065 1293 2103 1325 et
2125 1289 2170 1325 de
2191 1290 2330 1335 peculio
2355 1290 2423 1326 erit

1385 1345 1472 1370 eran
1498 1345 1552 1370 us.

1381 1377 1407 1418 6
1431 1379 1478 1415 ΙΔ
1487 1389 1658 1415 vozswvs
1678 1379 1768 1415 libro
1791 1382 1896 1415 sexto
1920 1379 2157 1426 epistularem
2197 1379 2287 1416 Post
2301 1390 2420 1416 eman-

1336 1425 1550 1471 cipationem
1572 1435 1657 1460 vero
1680 1424 1746 1460 filii
1767 1427 1915 1460 eatenus
1938 1428 2042 1470 pater
2065 1424 2242 1461 actionem
2265 1426 2421 1467 habebit,

1336 1474 1513 1516 quatenus
1536 1469 1671 1516 aliquid
1704 1479 1750 1506 ex
1780 1470 1920 1515 peculio
1944 1474 2008 1504 aut
2030 1470 2067 1505 in
2094 1480 2170 1505 rem
2192 1481 2295 1507 verso
2319 1481 2420 1516 prae-

1335 1519 1496 1552 staturus
1518 1519 1592 1551 est:
1622 1514 1660 1551 id
1688 1515 1781 1551 enim
1803 1514 2002 1560 legatorum
2032 1515 2173 1551 nomine
2208 1515 2254 1551 ad
2284 1520 2421 1561 patrem

1339 1565 1352 1596 1
1401 1560 1611 1607 pertinebit,
1642 1560 1738 1606 quod
1761 1560 1837 1596 eius
1860 1560 2031 1596 intererit.
2078 1560 2171 1596 Illud
2202 1562 2325 1606 quaeri
2356 1572 2420 1607 po-

1336 1610 1419 1649 test,
1444 1616 1491 1641 an
1514 1616 1558 1642 eo
1582 1616 1724 1659 quoque
1741 1605 1883 1641 nomine
1901 1609 2006 1650 pater
2022 1615 2067 1641 ex
2085 1609 2299 1642 testamento
2384 1617 2421 1642 re

1334 1651 1460 1697 possit,
1489 1655 1531 1686 ut
1553 1655 1661 1687 etiam
1683 1650 1778 1686 filius
1808 1651 1951 1687 actione
1980 1651 2163 1686 liberetur.
2210 1652 2338 1697 quibus
2366 1663 2421 1686 am

1334 1707 1378 1733 eo
1401 1707 1515 1742 usque
1537 1695 1682 1732 extendi
1703 1695 1882 1731 actionem
1904 1695 2088 1741 placebat,
2121 1696 2206 1741 quia
2229 1697 2343 1742 patris
2366 1697 2420 1732 in-

1334 1748 1470 1778 teresse
1492 1741 1671 1784 videatur,
1702 1740 1735 1777 si
1756 1740 1935 1786 peculium
1957 1740 2031 1777 filio
2054 1745 2138 1786 post
2166 1743 2420 1788 emancipatio-

1334 1797 1415 1822 nem
1439 1786 1686 1828 concessisset,
1709 1786 1883 1831 integrum
1899 1786 1981 1822 ius⁸
2003 1786 2079 1822 eius
2124 1796 2318 1823 ermanere.
2356 1798 2421 1833 ego

1336 1836 1462 1868 contra
1485 1831 1619 1867 sentio:
1652 1831 1764 1866 nihi1⁹
1794 1831 1984 1876 quicquam
2017 1841 2099 1877 amp
2116 1831 2169 1867 ‘us
2201 1833 2295 1877 patri
2318 1843 2420 1878 prae-

1334 1876 1502 1913 standum
1540 1887 1585 1912 ex
1631 1876 1803 1912 eiusmodi
1847 1877 2026 1922 scriptura
2071 1877 2276 1913 testamenti
2321 1882 2421 1924 puto,

1335 1926 1506 2003 quamtgtt
1528 1922 1616 1957 nihil
1639 1932 1685 1958 ex
1708 1932 1762 1964 eo,
1787 1921 1883 1967 quod
1899 1925 2150 1968 praestaturus
2164 1922 2287 1958 heredi
2301 1923 2421 1965 fuerit,

1361 1978 1443 2004 raes
1497 1994 1507 2002 .

1335 1979 1360 2015 p
1382 2011 1406 2050 7
1438 2012 1633 2049 Uimws
1647 2012 1738 2049 libro
1756 2013 1918 2048 vicesimo
1933 2013 2037 2048 tertio
2059 2012 2109 2048 ad
2122 2011 2298 2049 Sabinum
2339 2013 2422 2049 Non

1335 2059 1450 2094 solum
1464 2062 1584 2093 autem
1599 2057 1695 2103 quod
1715 2057 1865 2094 debetur
1879 2057 2012 2094 remitti
2028 2062 2157 2103 potest,
2178 2068 2301 2094 verum
2315 2058 2421 2094 etiam

1334 2115 1420 2149 pars
1443 2103 1520 2139 eius
1543 2102 1600 2139 vel
1647 2113 1708 2139 ars
1731 2103 1968 2147 obligationis,
1992 2107 2033 2138 ut
2056 2107 2111 2139 est
2133 2102 2231 2148 apud
2245 2103 2422 2140 Iulianum

1340 2154 1351 2184 1
1401 2152 1597 2184 tractatum
1636 2148 1712 2183 ‘bro
1736 2148 1916 2192 trigesimo
1939 2147 2046 2184 tertio
2062 2147 2290 2193 digestorum.
2337 2149 2376 2185 Si
2391 2150 2421 2185 is

1334 2193 2083 2284 ...a
2111 2193 2421 2275 men..

1882 2265 1892 2281 ,
2412 2268 2420 2275 .

1335 2284 1399 2320 sed
1429 2283 1515 2329 quid
1545 2283 1742 2326 contineat,
1781 2282 1976 2319 videamus.
2029 2288 2067 2320 et
2095 2283 2255 2320 Iulianus
2297 2285 2422 2321 scribit

1334 2330 1512 2365 actionem
1536 2339 1582 2364 ex
1604 2332 1816 2364 testamento
1831 2328 1870 2363 in
1885 2329 1955 2364 hoc
1978 2338 2058 2364 esse
2082 2329 2202 2371 videri,
2226 2333 2268 2364 ut
2282 2329 2422 2366 debitor

1335 2381 1484 2420 accepto
1514 2374 1703 2410 liberetur:
1737 2383 1828 2418 quae
1859 2384 1916 2410 res
1945 2374 2068 2419 utique
2099 2373 2295 2410 debitorem
2325 2379 2362 2411 et
2383 2376 2421 2411 in

1335 2420 1456 2456 decem
1480 2418 1657 2463 liberabit,
1683 2419 1767 2464 quia
1790 2419 2017 2464 acceptilatio
2040 2418 2210 2455 solutioni
2234 2430 2312 2456 com
2339 2431 2418 2456 ara-

1335 2470 1412 2506 tur,
1435 2468 1472 2507 et
1496 2463 1807 2509 quemadmodum,
1833 2464 1863 2499 si
1886 2463 2048 2499 Stichum
2074 2464 2255 2507 solvisset,
2280 2465 2324 2501 de
2350 2466 2420 2501 itor

1337 2513 1355 2545 2
1391 2509 1615 2552 liberaretur,
1634 2509 1685 2544 ita
1697 2514 1732 2544 et
1747 2508 2020 2554 acceptilatione
2033 2508 2145 2545 Stichi
2158 2509 2314 2546 liberari.
2350 2511 2420 2547 Sed

1335 2555 1364 2590 si
1388 2555 1586 2591 debitorem
1610 2554 1733 2590 decem
1756 2554 1944 2590 damnatus
1973 2554 2021 2590 sit
2049 2554 2152 2590 heres
2180 2554 2302 2600 viginti
2331 2555 2418 2592 libe-

1334 2610 1428 2643 rare,
1451 2599 1546 2635 idem
1567 2599 1728 2635 Iulianus
1752 2599 1825 2635 scri
1851 2599 2008 2635 sit.libro
2032 2599 2212 2644 trigesimo
2235 2601 2342 2637 tertio
2366 2601 2418 2636 ni-

1334 2645 1407 2681 hilo
1430 2645 1547 2680 minus
1570 2655 1650 2681 esse
1672 2644 1810 2680 liberan
1835 2655 1895 2679 um
1918 2644 2058 2680 decem:
2089 2654 2171 2680 nam
2200 2648 2237 2681 et
2258 2645 2291 2682 si
2312 2645 2347 2682 ei
2369 2646 2418 2682 vi-

1335 2694 1355 2726 3
1426 2691 1434 2698 ‘
1462 2690 1490 2725 ti
1514 2694 1663 2735 accepto
1687 2689 1858 2730 ferantur,
1881 2689 1918 2725 in
1943 2689 2064 2725 decem
2081 2689 2301 2726 liberabitur.
2349 2690 2419 2728 Sed

1335 2735 1366 2772 si
1415 2735 1530 2771 uobus
1554 2734 1744 2771 heredibus
1775 2734 1948 2770 institutis
1982 2734 2133 2771 alterum
2165 2746 2210 2771 ex
2239 2735 2295 2772 his
2320 2736 2418 2772 dam-

1335 2781 1473 2817 naverit
1495 2780 1666 2817 creditori
1693 2779 1847 2822 solvere,
1879 2780 1973 2815 valet
1995 2779 2149 2825 legatum
2179 2785 2327 2826 propter
2358 2792 2417 2818 co—

1334 2825 1499 2862 heredem
1523 2835 1674 2905 eumqlue
1697 2835 1741 2861 ex
1754 2828 1966 2861 testamento
1991 2828 2166 2867 acturum,
2190 2829 2232 2861 ut
2251 2826 2417 2863 creditori

1335 2876 1354 2906 4
1402 2871 1572 2907 solvatur.
1652 2870 1801 2906 iberatio
1826 2874 1945 2905 autem
1968 2869 2121 2905 debitori
2142 2870 2261 2916 legata
2282 2871 2334 2907 ita
2357 2872 2417 2908 de·

1334 2927 1430 2952 mum
1453 2916 1619 2952 effectum
1642 2915 1762 2957 habet,
1787 2915 1817 2950 si
1841 2925 1913 2951 non
1937 2914 2047 2950 fuerit
2069 2919 2235 2951 exactum
2251 2915 2287 2951 id
2310 2926 2333 2951 a
2355 2917 2415 2952 de-

1334 2962 1466 3004 bitore,
1496 2961 1579 2997 dnm
1602 2961 1697 2996 vivat
1723 2963 1893 2996 testator:
1924 2964 2080 2996 ceterum
2103 2959 2134 2996 si
2163 2965 2328 2996 exactum
2351 2966 2416 3004 est,

1335 3012 1353 3041 5
1402 3006 1582 3043 evanescit
1603 3005 1770 3050 legatum.
1817 3004 1920 3041 Unde
1949 3004 2088 3050 quaerit
2108 3005 2284 3048 Iulianus,
2317 3006 2348 3042 si
2370 3007 2416 3042 ab

1334 3052 1381 3087 im
1408 3051 1528 3088 uberis
1553 3050 1747 3087 substituto
1771 3050 1817 3085 sit
1840 3050 2004 3086 liberatio
2026 3050 2169 3092 relicta,
2202 3050 2329 3087 deinde
2352 3051 2415 3087 im-

1334 3064 1448 3143 pusses
1471 3095 1628 3141 exegerit
1650 3095 1746 3140 quod
1769 3095 1936 3137 debetur,
1968 3105 2015 3130 an
2037 3100 2228 3131 evanescat
2249 3096 2415 3141 legatum.

1333 3146 1371 3178 et
1394 3153 1475 3178 cum
1499 3145 1639 3177 constet
1669 3140 1844 3185 pupillum
1874 3141 1912 3176 in
1940 3139 2014 3182 his,
2046 3151 2139 3185 quae
2169 3150 2193 3176 a
2221 3141 2416 3178 substituto

1334 3187 1600 3239 relinquuntur,
1641 3195 1831 3230 personam
1865 3185 2041 3221 sustinere
2074 3185 2151 3221 eius
2186 3196 2209 3221 a
2243 3197 2313 3231 quo
2348 3188 2415 3223 sub

1335 3231 1543 3269 condicione
1556 3230 1704 3276 legatur,
1718 3240 1939 3275 consequens
1955 3234 2011 3266 est
2026 3231 2259 3267 substitutum
2275 3231 2415 3268 actione

1334 3287 1379 3313 ex
1400 3279 1614 3313 testamento
1639 3276 1762 3318 teneri,
1785 3275 1818 3312 si
1866 3274 1995 3320 upillus
2019 3285 2042 3310 a
2065 3275 2226 3312 debitore
2248 3287 2292 3313 ex
2356 3277 2415 3313 rit.

1334 3327 1355 3358 6
1400 3321 1568 3366 Idemque
1591 3325 1646 3356 est
1660 3325 1695 3356 et
1711 3320 1741 3355 si
1756 3331 1830 3366 pup
1870 3331 1912 3355 us
1925 3330 1998 3355 non
2013 3321 2179 3365 exegerit,
2200 3321 2263 3358 sed
2283 3332 2322 3357 so
2339 3333 2414 3357 um-

1333 3366 1438 3403 modo
1462 3366 1560 3402 litem
1583 3366 1630 3401 sit
1653 3368 1894 3406 contestatus,
1926 3365 2039 3401 teneri
2062 3376 2160 3408 eum,
2190 3371 2231 3402 ut
2258 3368 2416 3403 remittat

1335 3415 1353 3446 7
1401 3411 1589 3447 actionem.
1636 3410 1729 3446 Nam
1759 3413 1794 3446 et
1823 3409 1854 3446 si
1877 3410 2030 3446 debitori
2052 3411 2214 3447 liberatio
2237 3411 2305 3448 sub
2329 3422 2414 3449 con-

1334 3456 1473 3493 dicione
1495 3456 1612 3502 legata
1635 3455 1764 3492 fuisset
1785 3458 1822 3491 et
1843 3455 1899 3491 vel
1921 3455 1966 3491 lis
1989 3455 2116 3492 fuisset
2139 3460 2339 3493 contestata
2360 3458 2413 3493 vel

1333 3501 1439 3538 etiam
1468 3506 1634 3538 exactum
1735 3499 1839 3536 dente
1871 3500 2094 3543 condicione,
2127 3511 2171 3537 ex
2201 3506 2413 3538 testamento

1333 3546 1429 3583 actio
1452 3550 1611 3582 maneret
1632 3546 1657 3581 li
1682 3545 1840 3581 eratione
1863 3546 2037 3581 relicta¹¹.

1773 3663 1832 3698 (ιο)
1858 3661 1906 3691 eat
1919 3660 1977 3692 ins.
1993 3658 2073 3692 Hal.
2186 3659 2243 3701 (1¹)
2267 3659 2412 3703 perfecta

2484 3798 2524 3918 Μ
2496 3674 2523 3792 aar.
2506 3636 2521 3663 ιε
2515 3609 2523 3626 ,.
2518 3594 2521 3595 ,
2519 3564 2524 3574 ,,
2503 3529 2522 3555 „z
2507 3520 2509 3522 -
2509 3471 2523 3513 -..-
