2528 3918
136 106 285 140 CAUSIS
314 108 510 138 MAIORES

132 218 234 254 ‘dolo
258 218 368 263 ipsius
389 218 482 253 actio
504 220 668 262 exempta
688 227 765 252 esse
786 216 942 252 dicetur:
970 228 1092 252 earum
1106 228 1224 252 rerum

134 265 331 299 ‘actionem
354 263 448 298 intra
472 273 622 304 annum,
649 272 718 306 quo
743 262 896 306 primum
921 262 965 297 de
989 273 1032 298 ea
1054 273 1093 297 re
1117 272 1222 307 expe-

133 309 270 343 ‘riundi
282 311 441 354 potestas
463 307 540 349 erit,
564 307 649 342 item
668 307 699 341 si
720 317 791 352 qua
811 307 882 342 alia
899 308 985 342 mihi
1004 308 1100 343 iusta
1112 318 1224 343 causa

132 358 231 389 ‘csse
253 353 440 395 videbitur,
463 352 502 387 in
523 352 701 397 integrum
715 352 913 395 restituam,
963 353 1036 388 uod
1060 353 1135 388 eius
1157 363 1223 398 per

133 399 246 443 ‘leges
276 397 389 443 plebis
421 397 514 432 scita
545 400 692 433 senatus
728 398 894 433 consulta
927 409 945 433 e
972 399 1045 434 icta
1078 398 1222 434 decreta

132 443 351 490 ‘principum
373 441 519 478 licebit?

178 487 203 525 2
231 487 517 524 CALLJSTRATUS
526 487 617 523 libro
630 487 787 523 secundo
801 487 911 523 edicti
920 489 1107 524 monitorii
1139 488 1220 523 Hoc

131 534 296 575 edictum,
331 533 452 577 quod¹
484 532 530 567 ad
555 543 615 568 eos
639 532 806 578 pertinet,
838 533 899 578 qui
924 533 956 568 ei
980 534 1220 576 continentur,

130 579 246 613 minus
269 578 307 612 in
330 588 399 612 usu
421 577 688 623 frequentatur:
713 577 918 614 huiusmodi
942 579 1035 614 enim
1058 578 1222 624 personis

129 627 231 659 extra
265 623 425 658 ordinem
458 623 512 658 ius
549 623 680 658 dicitur
715 633 760 658 ex
794 627 942 659 senatus
978 624 1151 660 consultis
1188 627 1223 658 et

131 673 145 703 1
173 668 430 714 principalibus
467 668 794 704 constitutionibus.
842 669 923 705 Hoc
955 673 1074 705 autem
1106 669 1223 714 capite

128 714 342 749 adiuvantur
365 714 403 748 in
426 714 549 759 primis
581 713 630 757 hi,
663 714 724 759 qui
747 718 862 750 metus
889 725 1001 750 causa
1024 714 1220 750 afuissent:

127 759 265 795 scilicet
295 759 326 794 si
349 770 422 794 non
446 770 488 794 su
517 769 668 795 ervacuo
693 759 821 795 timore
846 759 1007 795 deterriti
1032 759 1220 796 afuissent.

174 802 198 842 3
231 803 428 840 ULPJANUS
456 805 483 840 li
506 816 548 840 ro
581 804 792 840 duodecimo
826 805 877 840 ad
899 806 1053 841 edictum
1101 805 1222 841 Metus

127 854 247 885 autem
272 860 382 885 causa
406 849 532 885 abesse
555 850 707 893 videtur,
741 851 802 895 qui
824 851 919 886 iusto
945 851 1075 886 timore
1097 851 1222 886 mortis

126 896 181 930 vel
212 895 392 931 cruciatus
417 894 577 940 corporis
602 896 818 931 conterritus
850 897 974 931 abest:
1008 900 1044 931 et
1075 897 1145 931 hoc
1180 906 1224 931 ex

125 940 259 976 affectu
283 941 359 976 eius
383 940 606 984 intellegitur.
633 940 696 976 sed
719 952 792 976 non
817 941 953 976 sufficit
972 942 1131 986 quolibet
1150 945 1222 976 ter-

124 996 207 1066 ἔξω
230 985 426 1021 abductum
448 986 620 1029 timuisse,
653 986 716 1021 sed
738 987 845 1022 huius
869 987 921 1022 rei
946 987 1144 1032 disquisitio
1169 987 1222 1021 iu-

152 1031 214 1066 'cis
238 1034 302 1066 est.

171 1075 197 1113 4
226 1076 513 1112 CALLISTRATUS
521 1075 612 1111 libro
625 1076 784 1113 secundo
797 1077 907 1113 edicti
917 1078 1105 1113 monitorii
1133 1078 1224 1112 Item

123 1122 173 1164 hi,
198 1121 259 1166 qui
281 1122 335 1156 rei
361 1121 528 1166 publicae
553 1131 664 1157 causa
688 1122 765 1158 sine
796 1122 878 1158 dolo
903 1123 998 1159 malo
1033 1123 1221 1158 afuissent.

125 1166 246 1202 dolum
277 1167 410 1201 malum
445 1177 487 1202 eo
522 1167 701 1211 pertinere
736 1167 880 1213 accepi,
924 1172 966 1203 ut
999 1169 1059 1213 qui
1093 1167 1223 1204 reverti

123 1215 245 1258 potest
267 1222 382 1257 neque
405 1216 654 1255 reverteretur,
679 1213 716 1247 in
741 1223 794 1256 eo,
844 1213 917 1249 uod
936 1224 1001 1259 per
1019 1214 1057 1249 id
1081 1217 1222 1259 tempus

124 1257 296 1293 adversus
321 1268 401 1292 eum
424 1257 562 1292 factum
587 1261 658 1301 est,
693 1269 767 1293 non
799 1269 821 1294 a
847 1259 1004 1294 iuvetur:
1050 1259 1159 1294 veluti
1192 1259 1223 1294 si

124 1303 271 1338 alterius
294 1303 438 1347 grandis
472 1302 648 1338 commodi
681 1304 851 1349 captandi
883 1305 999 1349 gratia
1029 1304 1067 1339 id
1101 1305 1220 1349 egerit,

124 1352 166 1383 ut
189 1349 242 1383 rei
265 1348 433 1392 publicae
458 1359 568 1383 causa
591 1349 745 1392 abesset,
780 1350 838 1384 et2
870 1354 1065 1385 revocatur
1085 1350 1129 1385 ab
1151 1350 1220 1385 isto

123 1393 323 1438 privilegio,

170 1438 194 1475 5
227 1439 422 1474 Uzmws
450 1439 542 1475 libro
575 1439 784 1475 duodecimo
817 1439 867 1474 ad
897 1440 1051 1476 edictum
1094 1444 1131 1475 et
1162 1440 1223 1486 qui

124 1483 210 1518 data
242 1494 352 1529 opera
385 1487 421 1520 et
452 1484 529 1521 sine
558 1485 657 1521 lucro
689 1486 760 1521 hoc
793 1485 1032 1520 affectaverit:
1072 1486 1127 1520 vel
1162 1486 1222 1530 qui

124 1529 304 1567 maturius
337 1531 522 1576 profectus
559 1535 631 1566 est:
667 1531 723 1566 vel
758 1531 830 1566 litis
864 1531 980 1575 gratia
1016 1531 1136 1576 coepit
1170 1531 1222 1567 rei

123 1575 291 1622 publicae
315 1587 427 1612 causa
446 1577 583 1612 abesse.
610 1576 673 1612 sed
691 1576 782 1612 haec
803 1576 957 1612 adiectio
979 1576 1051 1611 doli
1071 1576 1154 1611 mali
1174 1576 1222 1612 ad

123 1622 175 1657 rei
200 1622 367 1667 publicae
392 1632 503 1657 causa
526 1622 692 1657 absentes
716 1621 889 1664 refertur,
924 1632 997 1657 non
1036 1622 1143 1657 etiam
1174 1622 1221 1657 ad

125 1678 215 1709 eum,
242 1668 301 1712 qui
324 1671 440 1702 metus
465 1677 596 1703 causa:
623 1667 791 1712 quoniam
815 1667 934 1703 nullus
959 1670 1075 1703 metus
1100 1670 1166 1710 est,
1191 1668 1222 1703 si

126 1716 141 1747 1
194 1713 296 1748 dolus
331 1712 529 1748 intercedit.
591 1712 661 1747 Sed
697 1713 757 1758 qui
794 1712 932 1749 Romae
967 1712 1020 1748 rei
1053 1713 1222 1758 publicae

125 1759 258 1793 causa³
292 1768 438 1802 operam
462 1758 560 1800 dant,
592 1758 644 1793 rei
665 1758 831 1803 publicae
852 1768 962 1794 causa
981 1769 1055 1794 non
1076 1758 1219 1802 absunt,

170 1801 195 1841 6
220 1803 379 1839 PAULUs
407 1804 498 1840 libro
531 1803 742 1839 duodecimo
775 1804 825 1839 ad
854 1804 1008 1840 edictum
1062 1807 1104 1839 ut
1136 1808 1221 1839 sunt

128 1849 369 1893 magistratus.

171 1893 193 1931 7
226 1894 422 1930 ULPJANUS
443 1894 533 1929 libro
558 1894 769 1930 duodecimo
795 1894 845 1929 ad
875 1894 1030 1930 edictum
1085 1894 1220 1930 Milites

123 1941 248 1985 plane,
286 1940 347 1984 qui
369 1939 506 1974 Romae
538 1939 707 1982 militant,
744 1950 809 1985 pro
841 1940 894 1974 rei
917 1939 1084 1985 publicae
1109 1950 1221 1975 causa

124 1985 332 2020 absentibus
356 1985 546 2019 habentur.

171 2028 194 2067 8
220 2030 277 2065 ΡΑ
285 2040 328 2065 UL
336 2039 380 2065 σε
412 2030 502 2065 libro
544 2031 648 2064 tertio
683 2029 841 2065 brevium

124 2076 398 2120 municipiorum
419 2075 640 2110 succurritur
654 2085 698 2109 ex
710 2074 913 2120 principum

125 2121 221 2156 modi
246 2120 513 2155 constitutione.

171 2164 195 2203 9
225 2165 608 2201 CALLISTRATUslibro
618 2165 775 2201 secundo
789 2165 1094 2201 edictimonitorii
1130 2166 1218 2201 Suc-

125 2212 280 2246 curritur
305 2211 411 2246 etiam
437 2211 486 2252 ei,
520 2211 582 2255 qui
605 2211 642 2245 in
673 2210 825 2246 vinculis
848 2210 988 2247 fuisset.
1026 2211 1123 2257 quod
1146 2223 1220 2247 non

125 2257 239 2291 solum
260 2256 305 2291 ad
319 2266 399 2291 eum
419 2256 585 2300 pertinet,
611 2256 670 2300 qui
683 2256 828 2301 publica
841 2256 1007 2292 custodia
1020 2261 1217 2299 coercetur,

124 2302 186 2338 sed
207 2301 253 2337 ad
274 2312 354 2337 eum
366 2311 519 2346 quoque,
545 2301 606 2346 qui
628 2312 650 2336 a
668 2301 870 2337 latronibus
891 2306 956 2337 aut
974 2302 1218 2347 praedonibus

126 2348 181 2383 vel
215 2347 442 2392 potentiore⁴
485 2347 519 2381 vi
561 2357 753 2392 oppressus
786 2347 937 2382 vinculis
971 2348 1216 2383 coercebatur.

123 2392 345 2428 vinculorum
380 2395 498 2427 autem
530 2392 724 2437 appellatio
760 2392 868 2427 latius
904 2393 1099 2437 accipitur:
1135 2404 1219 2428 nam

125 2439 231 2474 etiam
266 2438 423 2473 inclusos
458 2437 568 2472 veluti
602 2437 783 2472 lautumiis
828 2438 1029 2473 vinctorum
1069 2450 1217 2474 numero

124 2483 248 2519 haberi
271 2484 401 2528 placet,
427 2483 510 2527 quia
533 2482 620 2517 nihil
644 2483 795 2526 intersit,
819 2484 1017 2528 parietibus
1051 2494 1098 2519 an
1122 2495 1218 2519 com-

123 2529 273 2574 pedibus
306 2532 480 2563 teneatur.
518 2528 718 2563 custodiam
751 2531 871 2563 autem
902 2529 1015 2564 solam
1037 2529 1219 2574 publicam

125 2575 201 2609 acci
228 2574 240 2608 i
264 2573 387 2609 Labeo
412 2578 527 2618 putat.

176 2618 212 2655 1(
270 2619 466 2654 ULPJANUS
499 2619 589 2654 libro
634 2618 844 2654 duodecimo
881 2619 931 2654 ad
963 2619 1119 2655 edictum
1177 2621 1219 2654 In

126 2665 250 2699 eadem
285 2675 394 2699 causa
427 2668 510 2698 sunt
546 2667 582 2698 et
614 2663 675 2708 qui
708 2674 730 2698 a
754 2664 925 2699 militibus
950 2666 1219 2710 statoribusque

125 2710 179 2745 vel
201 2721 222 2744 a
235 2709 510 2754 municipalibus
524 2709 729 2744 ministeriis
745 2709 992 2752 adservantur,
1019 2710 1050 2745 si
1062 2711 1217 2755 proben-

124 2759 183 2790 tur
201 2755 252 2790 rei
274 2765 361 2790 suae
381 2765 568 2799 superesse
581 2765 653 2789 non
673 2755 845 2799 potuisse.
870 2755 907 2790 in
928 2755 1078 2790 vinculis
1098 2759 1219 2791 autem

125 2801 231 2835 etiam
255 2810 315 2835 eos
340 2800 555 2844 accipimus,
590 2800 651 2845 qui
683 2800 735 2834 ita
767 2800 902 2844 alligati
935 2804 1037 2843 sunt,
1071 2804 1114 2835 ut
1143 2802 1220 2837 sine

126 2845 299 2881 dedecore
321 2845 359 2879 in
382 2845 526 2889 publico
551 2855 679 2890 parere
701 2856 774 2880 non
793 2846 943 2890 possint.

175 2889 222 2927 11
255 2890 541 2926 CALLJSTRATUS
573 2891 665 2926 libro
700 2891 857 2926 secundo
893 2891 1004 2927 edicti
1035 2892 1222 2927 monitorii

125 2936 171 2970 Ei
195 2946 264 2981 quo
292 2946 338 2970 ue
361 2935 604 2978 succurritur,
661 2935 699 2970 ui
730 2936 768 2970 in
792 2936 963 2971 servitute
986 2935 1113 2979 fuerit,
1146 2937 1220 2972 sive

125 2982 220 3017 bona
242 2981 268 3015 fi
296 2991 315 3016 e
339 2982 469 3016 serviat
491 2981 596 3016 homo
620 2981 646 3015 li
674 2991 723 3023 er,
748 2981 822 3017 sive
846 2982 1011 3017 detentus
1036 2982 1093 3017 sit.

897 2029 949 2064 Le
974 2030 1043 2064 atis
1077 2041 1220 2075 quoque

967 2075 1041 2110 arci
1062 2079 1098 2110 et
1118 2074 1220 2111 Com-

174 3024 224 3063 12
257 3025 453 3062 ULPJANUS
462 3026 553 3061 libro
567 3026 776 3062 duodecimo
789 3027 839 3062 ad
851 3027 1006 3063 edictum
1038 3027 1073 3062 Is
1086 3031 1217 3070 autem,

128 3072 187 3116 qui
211 3071 255 3106 de
279 3075 378 3107 statu
402 3082 467 3106 suo
492 3071 618 3115 litigat,
644 3081 688 3106 ex
711 3082 782 3116 quo
807 3072 850 3107 lis
874 3072 1047 3107 inchoata
1071 3076 1126 3107 est
1148 3073 1219 3108 hoc

128 3116 242 3152 edicto
267 3127 341 3151 non
365 3117 586 3152 continetur:
612 3116 749 3151 tamdiu
768 3117 877 3162 igitur
895 3119 933 3153 in
952 3117 1123 3153 servitute
1142 3128 1219 3153 esse

127 3161 274 3204 videtur,
299 3161 468 3206 quamdiu
491 3172 565 3196 non
589 3166 643 3197 est
667 3161 839 3198 eiusmodi
862 3163 905 3199 lis
930 3167 1070 3208 coepta.

176 3204 224 3244 13
258 3206 418 3242 Panes
447 3207 539 3242 libro
575 3206 786 3242 duodecimo
822 3208 872 3243 ad
905 3209 1059 3244 edictum
1106 3208 1219 3244 Recte

127 3251 248 3287 Labeo
274 3252 324 3287 ait
348 3262 428 3286 eum
451 3262 524 3287 non
550 3252 742 3294 contineri,
775 3253 836 3298 qui
859 3253 950 3288 liber
978 3256 1013 3289 et
1035 3253 1139 3289 heres
1163 3254 1217 3288 in-

127 3297 273 3332 stitutus
295 3297 351 3340 sit,
375 3301 568 3342 antequam
588 3297 635 3332 sit
657 3297 771 3340 heres,
797 3298 881 3343 quia
900 3309 966 3334 nec
978 3299 1075 3334 bona
1086 3299 1220 3334 habeat

130 3344 144 3375 1
197 3345 232 3376 et
262 3345 407 3386 praetor
438 3342 482 3377 de
514 3342 635 3377 liberis
667 3343 871 3379 hominibus
895 3344 1074 3389 loquatur.
1124 3344 1217 3379 Puto

127 3389 247 3421 tamen
257 3387 282 3407 ⁴·
306 3387 418 3422 filium
440 3387 595 3422 familias
619 3387 656 3422 in
682 3389 856 3424 castrensi
874 3389 1014 3434 peculio
1040 3389 1218 3434 pertinere

129 3430 175 3464 ad
198 3431 267 3466 hoc
293 3431 457 3467 edictum.

178 3474 227 3512 14
264 3475 548 3513 CALLISTRATUS
576 3478 667 3513 libro
700 3478 858 3514 secundo
893 3478 1004 3514 edicti
1035 3479 1222 3514 monitor-ii

129 3520 216 3554 Item
251 3520 282 3555 ei
313 3523 546 3565 succurritur,
580 3523 639 3568 qui
662 3523 699 3557 in
721 3523 878 3558 hostium
901 3525 1107 3569 potestate-²⁵
1136 3523 1217 3566 fuit,

130 3634 169 3673 (1)
195 3633 282 3674 quod
295 3633 384 3676 F³S,
399 3645 480 3675 quos
494 3636 528 3667 F
534 3636 556 3675 ¹,
571 3636 679 3677 quoad
692 3649 754 3669 scr.
938 3637 981 3678 (2)
1007 3640 1040 3669 et
1055 3638 1115 3670 del.
1130 3637 1213 3670 Hal.

131 3679 174 3718 (3)
200 3688 299 3710 eausa
311 3679 372 3711 del.
386 3680 468 3712 Hal.
526 3682 568 3720 (4)
583 3681 797 3723 pontentiore
808 3681 844 3714 F
900 3682 953 3723 (4¹)
969 3684 1093 3722 tamen]
1111 3682 1213 3714 etiam

134 3734 196 3755 scr.
263 3724 305 3763 (5)
330 3726 559 3764 postestateF
622 3727 665 3767 (6)
692 3726 733 3758 ad
746 3726 810 3767 ed]
824 3726 1020 3759 adictumF
1077 3728 1120 3769 (Ἰ)
1145 3737 1213 3759 non

1236 90 1291 136 (53

1283 3637 1396 3715 {inienus
1409 3639 1518 3669 autem
1533 3648 1632 3679 quam
1646 3638 1686 3670 ab
1700 3638 1854 3669 hostibus
1868 3640 1966 3679 capto
1978 3649 2039 3668 scr.

1307 3694 1322 3715 e
1338 3705 1344 3713 .

1283 3739 1346 3760 807·-

2253 98 2336 139 ΙΠΙ
2369 101 2392 140 6

1293 216 1330 251 id
1364 220 1419 251 est
1451 217 1496 251 ab
1529 216 1692 251 hostibus
1727 222 1864 262 captus.
1912 229 1995 253 nam
2028 218 2222 262 transfugis
2256 221 2390 254 nullum

1294 261 1510 297 credendum
1535 265 1589 297 est
1609 261 1820 297 beneficium
1843 264 1964 307 tribui,
1990 264 2120 309 quibus
2145 269 2313 308 negatum
2339 270 2391 299 est

1292 306 1558 352 postliminium.
1622 310 1766 342 oterant
1789 312 1921 351 tamen,
1959 310 2021 354 qui
2043 310 2081 344 in
2104 309 2264 344 hostium
2281 313 2391 354 potes-

1291 356 1367 386 tate
1413 355 1544 394 essent,
1569 352 1594 386 il
1609 362 1631 387 a
1655 356 1760 397 parte
1785 354 1892 388 edicti
1917 355 2102 398 contineri,
2138 365 2210 400 qua
2233 355 2392 400 loquitur

1293 398 1337 433 de
1360 397 1416 433 his
1441 398 1501 442 qui
1524 398 1562 431 in
1585 399 1756 433 servitute
1779 398 1924 434 fuerint.

1342 440 1391 479 15
1425 442 1622 478 ULPJANUS
1651 443 1744 478 libro
1776 444 1987 479 duodecimo
2020 445 2070 479 acl
2092 445 2274 481 edictum⁶
2331 446 2389 480 Ab

1291 488 1456 523 hostibus
1481 491 1601 523 autem
1627 488 1741 533 captis
1765 489 1982 533 postliminio
2001 491 2150 526 reversis
2170 491 2393 526 succurritur

1293 537 1356 568 aut
1367 533 1417 568 ibi
1430 533 1592 575 mortuis,
1607 533 1691 578 quia
1704 543 1770 569 nec
1782 538 2055 578 procuratorem
2067 536 2202 571 habere
2215 540 2369 581 possunt
2382 549 2390 571 :

1293 589 1374 613 cum
1394 578 1472 614 aliis
1493 589 1604 623 supra
1624 579 1767 623 scriptis
1789 580 1896 614 etiam
1917 590 1982 624 per
1993 585 2264 624 procuratorem
2277 582 2392 627 possit

1293 624 1472 659 subveniri
1495 627 1639 669 praeter
1659 635 1731 667 eos,
1757 625 1818 669 qui
1836 625 1873 659 in
1895 625 2065 660 servitute
2086 626 2300 662 detinentur.
2328 637 2392 672 ego

1293 673 1412 704 autem
1437 669 1544 704 etiam
1568 669 1710 704 nomine
1735 670 1820 712 eius,
1846 670 1906 715 qui
1929 670 2086 705 hostium
2109 672 2245 716 potitus
2271 676 2336 715 est,
2362 673 2392 707 si

1293 718 1438 750 curator
1449 718 1502 757 Qut
1513 715 1734 759 plerumque)
1744 714 1852 750 fuerit
1864 716 1966 751 bonis
1981 716 2208 759 constitu-tus,
2222 718 2392 752 auxilium

1296 763 1308 793 1
1362 763 1564 804 competere
1578 760 1753 795 existimo.
1802 763 1883 796 Non
1903 762 2020 797 minus
2034 766 2154 797 autem
2167 762 2212 797 ab
2225 763 2390 798 hostibus

1294 809 1399 850 capto
1426 806 1559 850 quam⁷
1590 806 1641 840 ibi
1665 810 1764 848 nato,
1800 807 1861 851 qui
1883 806 2139 852 postliminium
2163 807 2284 851 habet,
2309 819 2391 843 suc-

1294 853 1313 884 2
1362 861 1507 886 cursum
1538 850 1689 886 videtur.
1737 851 1775 886 Si
1808 851 1929 887 damni
1961 852 2085 888 infecti
2117 852 2247 888 missus
2285 853 2332 888 sit
2354 854 2392 889 in

1293 895 1401 931 aedes
1424 896 1565 939 militis,
1600 896 1630 931 si
1662 896 1805 941 quidem
1838 901 2028 942 praesente
2052 908 2093 933 eo
2118 898 2223 933 iussit
2245 903 2393 943 praetor

1292 941 1481 986 possideri,
1495 953 1568 977 non
1579 942 1791 985 restituitur,
1805 943 1861 977 sin
1873 953 1956 978 vero
1970 943 2120 979 absente
2133 954 2187 986 eo,
2202 943 2391 979 dicendum

1294 990 1313 1021 3
1362 987 1544 1022 subveniri
1569 987 1600 1022 ei
1625 987 1765 1022 debere.
1801 987 1872 1022 Sed
1894 988 1991 1033 quod
2014 989 2223 1034 simpliciter
2245 993 2392 1034 praetor

1294 1031 1405 1067 edixit
1428 1033 1621 1077 ‘posteave’
1646 1033 1698 1067 ita
1723 1033 1969 1078 accipiendum
1995 1038 2060 1076 est,
2085 1037 2135 1077 ut,
2161 1034 2192 1069 si
2214 1034 2389 1069 inchoata

1294 1077 1340 1112 sit
1364 1077 1481 1113 bonae
1493 1077 1576 1113 fidei
1588 1078 1808 1123 possessoris
1829 1078 2024 1114 detentatio
2047 1083 2131 1114 ante
2152 1080 2352 1114 absentiam
2365 1081 2389 1122 ⁸,

1292 1122 1395 1158 finita
1408 1127 1529 1158 autem
1536 1134 1692 1165 reverso,
1705 1124 1940 1160 restitutionis
1950 1125 2121 1159 auxilium
2130 1125 2249 1160 locum
2258 1126 2392 1160 habeat

1293 1178 1366 1204 non
1379 1169 1604 1214 quandoque,
1630 1169 1694 1204 sed
1714 1169 1766 1204 ita
1779 1169 1932 1212 demum,
1957 1170 1988 1205 si
1999 1170 2095 1205 intra
2108 1170 2288 1206 modicum
2301 1174 2390 1206 tem-

1292 1224 1360 1258 pus
1386 1224 1493 1259 quam
1516 1214 1621 1249 rediit
1643 1215 1714 1250 hoc
1746 1215 1914 1260 contigit,
1946 1215 1984 1250 id
2009 1220 2063 1250 est
2088 1215 2172 1250 dum
2195 1216 2391 1260 hospitium

1293 1259 1372 1304 quis
1386 1260 1566 1302 conducit,
1581 1260 1780 1295 sarcinulas
1794 1261 1987 1305 componit,
2002 1261 2142 1306 quaerit
2155 1261 2391 1299 advocatum:

1292 1315 1376 1339 nam
1400 1315 1491 1347 eum,
1518 1305 1578 1350 qui
1603 1305 1721 1340 differt
1744 1306 2016 1350 restitutionem,
2043 1317 2115 1341 non
2140 1317 2218 1341 esse
2243 1306 2390 1342 audien-

1293 1349 1377 1385 dum
1400 1350 1571 1386 Neratius
1597 1351 1733 1386 scribit.

1342 1393 1392 1432 16
1418 1395 1580 1431 Pfflws
1596 1396 1688 1432 libro
1708 1396 1920 1432 duodecimo
1942 1397 1992 1432 ad
2003 1397 2158 1432 edictum
2193 1396 2278 1433 Non
2298 1397 2391 1433 enim

1291 1440 1562 1486 neglegentibus
1595 1442 1815 1484 subvenitur,
1849 1442 1913 1477 sed
1936 1443 2149 1477 necessitate
2173 1453 2293 1478 rerum
2324 1443 2388 1477 im-

1293 1486 1435 1531 peditis.
1461 1490 1575 1522 totum
1600 1498 1646 1523 ue
1658 1486 1755 1522 istud
1767 1487 1914 1522 arbitrio
1927 1488 2104 1532 praetoris
2117 1488 2390 1533 temperabitur,

1291 1531 1329 1567 id
1354 1535 1408 1567 est
1431 1535 1473 1567 ut
1495 1533 1549 1568 ita
1572 1498 1714 1568 demum
1736 1533 1915 1575 restituat,
1941 1533 2057 1568 ›jnon
2069 1533 2301 1578 neglegentia,
2327 1534 2390 1569 sed

1290 1578 1461 1621 temporis
1486 1578 1651 1623 angustia
1675 1589 1749 1614 non
1773 1582 1969 1623 potuerunt
1992 1578 2089 1613 litem
2113 1579 2318 1614 contestari.

1340 1621 1390 1660 17
1424 1622 1620 1659 {Imaus
1629 1624 1721 1659 libro
1734 1623 1945 1659 duodecimo
1968 1624 2017 1659 ad
2036 1624 2191 1660 edictum
2227 1624 2389 1659 Iulianus

1289 1668 1380 1704 libro
1407 1672 1535 1713 quarto
1561 1669 1686 1704 scribit
1710 1679 1782 1704 non
1806 1669 1923 1704 solum
1947 1669 2119 1705 adversus
2142 1679 2388 1714 possessorem

1290 1714 1500 1749 hereditatis
1538 1714 1848 1750 succurrendum⁹
1890 1714 2012 1757 militi,
2055 1725 2178 1749 verum
2215 1714 2386 1750 adversus

1291 1769 1353 1795 eos
1378 1769 1540 1804 quoque,
1574 1760 1634 1804 qui
1659 1770 1681 1794 a
1704 1770 1913 1805 possessore
1938 1763 2117 1802 emerunt,
2150 1764 2192 1795 ut
2214 1760 2389 1795 vindicari

1290 1815 1348 1839 res
1371 1805 1523 1850 possint,
1549 1805 1580 1839 si
1603 1805 1703 1840 miles
1728 1805 1962 1840 hereditatem
1986 1805 2212 1849 adgnoverit:
2239 1805 2336 1849 quod
2360 1806 2389 1840 si

1289 1860 1362 1886 non
1376 1850 1595 1895 adgnoverit,
1620 1860 1665 1885 ex
1712 1854 1769 1885 ost
1780 1850 1878 1885 facto
1899 1851 2156 1895 usucapionem
2168 1851 2391 1895 processisse

1293 1898 1307 1930 1
1357 1895 1619 1931 manifestatur.
1668 1861 1764 1930 ffum
1797 1906 1939 1940 quoque
1964 1896 2022 1930 cui
2054 1896 2105 1931 sic
2139 1896 2296 1940 legatum
2319 1896 2387 1931 sit:

1291 1941 1364 1975 ‘vel
1396 1941 1434 1976 in
1468 1951 1583 1977 annos
1615 1941 1793 1985 singulos,
1828 1941 1957 1986 quibus
1988 1941 2027 1975 in
2050 1941 2156 1976 Italia
2179 1942 2306 1984 esset’‚
2332 1952 2387 1976 re-

1290 1986 1529 2028 stituendum,
1562 1989 1603 2021 ut
1628 1986 1767 2031 capiat,
1801 1990 1909 2031 atque
1934 1986 1964 2021 si
1987 1986 2024 2021 in
2047 1986 2154 2021 Italia
2177 1986 2327 2028 fuisset,
2354 1990 2389 2021 et

1288 2031 1413 2067 Labeo
1437 2031 1564 2067 scribit
1589 2035 1625 2066 et
1648 2031 1807 2066 Iulianus
1832 2031 1924 2066 libro
1950 2035 2079 2076 quarto
2106 2035 2142 2066 et
2164 2031 2389 2077 Pomponius

1289 2076 1380 2112 libro
1401 2077 1605 2121 trigensimo
1625 2077 1739 2121 primo
1753 2077 1927 2120 probant:
1953 2087 2026 2112 non
2039 2076 2132 2111 enim
2148 2076 2222 2112 dies
2236 2077 2388 2112 actionis

1290 2122 1374 2164 exit,
1399 2122 1462 2157 ubi
1473 2122 1650 2168 praetoris
1664 2122 1836 2157 auxilium
1849 2122 2091 2157 necessarium
2114 2126 2201 2165 erat,
2225 2122 2289 2157 sed
2302 2133 2387 2158 con-

1290 2167 1382 2202 dicio
1407 2168 1445 2202 in
1471 2177 1582 2203 causa
1606 2171 1671 2203 est.

1339 2209 1389 2250 18
1415 2212 1576 2248 Pfflws
1592 2213 1683 2249 libro
1704 2212 1914 2248 duodecimo
1936 2212 1987 2248 ad
2005 2213 2160 2248 edictum
2198 2211 2388 2248 Sciendum

1290 2261 1362 2300 est,
1389 2258 1485 2303 quod
1507 2258 1545 2293 in
1568 2258 1624 2293 his
1650 2258 1794 2294 casibus
1818 2258 2054 2293 restitutionis
2079 2258 2251 2293 auxilium
2274 2259 2386 2293 maio-

1288 2303 1388 2338 ribus
1421 2303 1557 2346 damus,
1589 2303 1627 2338 in
1660 2304 1789 2349 quibus
1823 2304 1876 2338 rei
1911 2303 2098 2338 dumtaxat
2121 2304 2390 2348 persequendae

1288 2349 1403 2393 gratia
1416 2352 1626 2394 queruntur,
1650 2359 1724 2385 non
1745 2359 1827 2384 cum
1848 2352 1882 2384 et
1902 2349 1994 2384 lucri
2012 2349 2170 2384 faciendi
2182 2359 2226 2383 ex
2238 2349 2386 2383 alterius

1288 2404 1407 2439 poena
1437 2394 1493 2429 vel
1525 2394 1653 2430 damno
1688 2394 1858 2429 auxilium
1883 2394 1951 2429 sibi
1974 2394 2147 2439 impertiri
2171 2393 2384 2429 desiderant.

1338 2437 1389 2477 19
1414 2439 1664 2475 PAPJNJANUS
1685 2440 1775 2475 libro
1802 2441 1908 2475 tertio
1933 2440 2184 2485 quaestionum
2219 2438 2385 2484 Denique

1289 2485 1319 2520 si
1352 2489 1513 2530 emptor,
1545 2485 1755 2530 priusquam
1778 2495 1842 2530 per
1864 2495 1970 2519 usum
1993 2484 2062 2519 sibi
2085 2484 2306 2529 adquireret,
2340 2485 2386 2519 ab

1288 2530 1452 2565 hostibus
1478 2534 1606 2575 captus
1631 2530 1695 2572 sit,
1720 2530 1840 2574 placet
1862 2530 2099 2574 interruptam
2121 2529 2386 2574 possessionem

1289 2575 1506 2620 postliminio
1531 2586 1604 2611 non
1627 2575 1785 2617 restitui,
1821 2575 1905 2619 quia
1935 2575 2025 2609 haec
2057 2575 2134 2609 sine
2157 2575 2386 2619 possessione

1288 2631 1361 2656 non
1385 2621 1556 2662 constitit,
1581 2620 1760 2665 possessio
1785 2624 1904 2655 autem
1927 2620 2119 2664 plurimum
2141 2619 2232 2655 facti
2254 2620 2386 2656 habet:

1290 2676 1401 2701 causa
1424 2676 1507 2701 vero
1531 2666 1621 2700 facti
1645 2676 1717 2700 non
1742 2665 1945 2700 continetur
1967 2665 2197 2710 postliminio.

1336 2709 1389 2749 20
1410 2711 1520 2746 IDEM
1528 2711 1618 2746 libro
1632 2711 1736 2745 tertio
1749 2710 1885 2745 decimo
1898 2711 2148 2756 quaestionum
2172 2709 2249 2745 Nec
2261 2711 2385 2746 utilem

1290 2757 1466 2791 actionem
1492 2756 1524 2790 ei
1546 2756 1656 2790 tribui
1680 2758 1833 2800 oportet,
1859 2766 1940 2790 cum
1963 2755 2010 2790 sit
2033 2755 2293 2800 iniquissimum
2318 2767 2382 2791 au-

1288 2802 1382 2836 ferre
1406 2801 1570 2843 domino,
1606 2801 1702 2845 quod
1734 2811 1822 2835 usus
1845 2811 1919 2835 non
1942 2801 2109 2836 abstulit:
2143 2811 2259 2846 neque
2291 2802 2384 2836 enim

1288 2846 1505 2891 intellegitur
1529 2846 1710 2888 amissum,
1735 2845 1831 2890 quod
1856 2846 2016 2881 ablatum
2040 2846 2143 2881 alteri
2166 2857 2240 2882 non
2264 2850 2328 2881 est.

1335 2889 1385 2928 21
1422 2891 1618 2927 ULPJANUS
1638 2891 1729 2926 libro
1755 2891 1964 2927 duodecimo
1989 2891 2039 2926 ad
2062 2891 2216 2927 edictum
2259 2892 2383 2933 ‘Item‘‚

1289 2937 1339 2972 ait
1362 2940 1519 2982 praetor,
1545 2936 1587 2971 ‘si
1612 2937 1690 2981 quis
1703 2937 1731 2957 ¹⁰
1755 2946 1825 2971 usu
1849 2947 1953 2972 suum
1975 2936 2122 2972 fecisset
2136 2938 2175 2979 ¹¹,
2201 2940 2264 2972 aut
2288 2938 2384 2982 quod

1290 2986 1373 3017 ‘non
1396 2981 1530 3017 utendo
1556 2982 1602 3016 sit
1626 2981 1795 3016 amissum
1828 2986 2059 3024 consecutus,
2093 2982 2277 3018 actioneve
2312 2993 2383 3027 qua

1290 3028 1439 3063 ‘solutus
1465 3027 1510 3062 ob
1534 3026 1591 3069 id,
1624 3026 1720 3071 quod
1752 3027 1826 3062 dies
1861 3027 1936 3062 eius
1961 3027 2103 3070 exierit,
2138 3038 2219 3063 cum
2253 3028 2383 3062 absens

1289 3076 1373 3108 ‘non
1398 3071 1672 3107 defenderetur?
1704 3082 1810 3117 quam
1835 3073 2031 3107 clausulam
2054 3076 2198 3117 praetor
2220 3073 2381 3115 inseruit,

1289 3122 1340 3160 ut,
1368 3117 1666 3162 quemadmodum
1689 3118 1866 3152 succurrit
1891 3128 2001 3163 supra
2033 3118 2176 3163 scriptis
2206 3118 2381 3163 personis,

1288 3174 1332 3198 ne
1365 3163 1573 3207 capiantur,
1605 3163 1658 3197 ita
1692 3166 1728 3197 et
1759 3162 1928 3198 adversus
1959 3164 2056 3208 ipsas
2081 3163 2259 3198 succurrit
2272 3164 2309 3205 ¹2,
2336 3173 2380 3197 ne

1292 3214 1304 3243 1
1358 3208 1513 3253 capiant.
1568 3207 1619 3242 Et
1651 3208 1718 3243 erit
1748 3209 1966 3251 notandum,
1999 3208 2094 3254 quod
2123 3208 2205 3253 plus
2237 3212 2382 3253 praetor

1289 3253 1474 3298 expressit,
1489 3263 1570 3288 cum
1582 3252 1753 3288 adversus
1768 3263 1827 3289 eos
1840 3254 2006 3296 restituit,
2027 3264 2133 3298 quam
2155 3264 2236 3288 cum
2253 3253 2339 3297 ipsis
2354 3253 2381 3272 ¹³

1288 3298 1472 3333 subvenit:
1506 3308 1590 3333 nam
1621 3298 1679 3333 hic
1711 3308 1785 3333 non
1816 3302 1932 3334 certas
1964 3308 2138 3343 personas
2164 3297 2379 3333 enumeravit

1288 3344 1459 3378 adversus
1484 3353 1574 3387 quas
1597 3343 1780 3386 subvenit,
1812 3348 1854 3378 ut
1877 3354 2006 3388 supra,
2039 3344 2103 3379 sed
2127 3343 2257 3378 adiecit
2281 3342 2378 3376 clau-

1289 3389 1413 3430 sulam,
1440 3398 1511 3433 qua
1530 3398 1653 3424 omnes
1673 3389 1734 3434 qui
1754 3389 1919 3424 absentes
1941 3399 2013 3424 non
2034 3388 2271 3423 defenduntur
2283 3397 2379 3421 com-

1288 3436 1306 3467 2
1355 3433 1480 3477 plexus
1505 3437 1569 3469 est.
1617 3434 1718 3469 Haec
1751 3438 1871 3468 autem
1901 3434 2078 3469 restitutio
2109 3434 2227 3467 locum
2258 3431 2377 3473 habet,

1287 3479 1360 3513 sive
1384 3488 1448 3522 per
1471 3489 1510 3514 se
1534 3479 1607 3514 sive
1630 3490 1695 3524 per
1719 3479 1899 3514 subiectas
1932 3479 2001 3513 sibi
2024 3487 2196 3523 personas
2221 3487 2289 3527 usu
2313 3476 2377 3510 ad-

1288 3523 1497 3567 quisierunt,
1523 3524 1583 3568 qui
1606 3525 1772 3560 absentes
1796 3534 1868 3559 non
1888 3523 2179 3564 defendebantur,
2206 3525 2241 3557 et
2260 3525 2322 3563 ita,
2347 3521 2378 3556 si

2120 3636 2164 3675 (8)
2190 3633 2376 3666 absentiam

1863 3683 1920 3723 (10)
1936 3680 2017 3722 quid
2031 3682 2090 3713 ins.
2178 3680 2231 3720 (11)
2257 3679 2378 3711 fecisse

1440 3682 1484 3724 (9)
1511 3683 1729 3715 succurrendi
1741 3684 1776 3715 F

1889 3727 1948 3767 (13)
1974 3725 2042 3768 ipsi
2054 3725 2088 3757 F

1441 3728 1499 3769 (12)
1525 3731 1700 3761 succurrat
1712 3728 1794 3762 Hal.
