2528 3918
191 101 408 147 XXXVl

192 224 380 271 picabatur
392 224 403 245 ¹
427 232 507 258 eum
528 222 589 268 qui
603 225 853 258 testamentum
867 222 1003 258 fecerat
1017 226 1281 258 monumentum

193 270 262 307 sibi
273 268 351 305 fieri
364 267 528 310 voluisse,
541 267 762 313 quaerebant
773 267 931 310 heredes,
945 266 1143 303 cuiusmodi
1155 277 1280 303 mouu-

193 318 351 351 mentum
374 322 414 349 se
436 312 557 348 facere
580 316 762 358 oporteret
781 316 826 357 et,
852 313 882 348 si
898 313 945 348 ob
963 322 1040 348 eam
1056 322 1131 348 rem
1144 312 1281 347 nullum

192 362 459 396 monumentum
474 357 655 401 fecissent,
679 357 763 403 quia
778 368 852 393 non
867 357 1099 403 repperirent,
1123 357 1171 392 ad
1186 356 1282 402 quod

194 404 393 457 exemplum
416 401 592 445 facerent,
625 413 710 438 num
732 413 849 449 poena
871 406 1087 438 tenerentur.
1133 412 1282 447 respon-

192 450 255 491 dit,
280 459 312 485 sl
334 447 610 493 intellegeretur,
634 448 729 493 quod
749 451 1016 484 monumentum
1040 447 1282 483 demonstrare

192 494 362 530 voluisset
377 493 407 528 is
428 493 489 538 qui
504 496 755 529 testamentum
773 493 928 535 fecisset,
952 492 1094 528 tametsi
1111 492 1147 527 in
1168 492 1280 537 scrip-

192 543 276 575 tura
298 538 489 575 mendum²
510 542 623 581 esset,
652 542 771 574 tamen
795 538 842 573 ad
864 538 919 579 id,
951 537 1048 583 quod
1076 537 1135 573 ille
1158 547 1197 573 se
1220 536 1281 572 de-

193 588 394 620 monstrare
422 582 539 619 animo
568 583 756 626 sensisset,
788 582 866 618 fieri
897 582 1043 618 debere:
1076 582 1132 618 sin
1163 585 1282 617 autem

193 629 357 665 voluntas
382 628 457 664 eius
480 628 713 674 ignoraretur,
765 638 890 663 cenam
905 627 1045 672 quidem
1063 627 1197 662 nullam
1213 627 1282 662 vim

193 675 345 717 habere,
376 673 544 720 quoniam
574 673 621 709 ad
650 683 719 719 quo
777 673 975 718 exemplum
1006 672 1084 708 fieri
1109 672 1282 716 iussisset,

192 720 229 755 id
252 729 429 764 nusquam
451 722 625 761 exstaret,
649 722 916 770 monumentum
938 721 1059 753 tamen
1081 717 1282 771 omnimodo

193 763 388 800 secundum
423 764 661 800 substantiam
700 766 737 799 et
776 762 983 808 dignitatem
1023 762 1183 799 defuncti
1221 772 1283 798 ex-

192 814 332 846 struere
354 809 494 845 debere.
618 832 621 833 ν

239 851 294 893 28
333 853 616 907 Paurvssibro
656 853 839 906 secundo⁸
864 854 1119 907 ‚epitoma-rum
1143 853 1206 907 ,ΑΖ
1226 854 1286 906 eni

193 898 585 981 &immitti
603 909 708 979 ἓξὲξ
732 899 1082 989 ῗῗωᾳῒέρέἓέῑῗῖηέῑ
1103 901 1159 980 ζὲὶ
1180 902 1285 979 ιέἒὲὲ

194 994 305 1027 ‘meus
326 990 434 1026 dato’.
474 989 569 1025 Titio
587 993 671 1025 ante
686 992 894 1025 testatorem
913 992 1055 1026 mortuo
1071 988 1172 1024 Attia
1191 1000 1282 1034 nup-

194 1040 309 1072 serat:
358 1035 583 1077 uaerebatur,
608 1045 656 1070 an
674 1034 829 1079 legatum
849 1035 881 1069 ei
897 1034 1096 1070 deberetur.
1135 1044 1283 1080 respon-

197 1085 211 1116 1
262 1080 315 1116 dit
363 1080 471 1116 eberi.
521 1080 634 1115 ‘Attia
663 1090 755 1115 uxor
785 1090 866 1115 mea
889 1082 1013 1124 optato
1035 1079 1283 1126 Philargyrum

193 1129 378 1172 ‘puerum,
409 1125 635 1170 Agatheam‘
665 1124 849 1167 ancillam,
881 1124 943 1170 qui
972 1125 1042 1160 mei
1070 1129 1175 1160 erunt
1204 1135 1284 1160 cum

194 1170 367 1206 ‘morlai-¹:
396 1170 427 1206 is
452 1170 515 1215 qui
536 1174 788 1206 testamentum
811 1169 898 1205 fecit
919 1169 1118 1214 Agatheam
1127 1172 1154 1213 ⁴,
1179 1180 1284 1215 quam

192 1215 397 1252 testamenti
419 1219 580 1261 tempore
597 1215 734 1258 habuit,
758 1214 916 1250 vendidit
936 1218 972 1250 et
990 1219 1117 1260 postea
1136 1215 1284 1251 ancillas

194 1261 294 1304 emit,
327 1271 371 1297 ex
401 1261 457 1296 his
489 1260 552 1295 uni
573 1261 604 1295 A
630 1260 781 1295 atheae⁶
804 1270 934 1295 nomen
955 1259 1143 1305 imposuit:
1200 1270 1284 1295 uae-

194 1306 302 1342 situm
326 1308 399 1386 ἓει,
424 1315 471 1341 an
494 1306 584 1341 haec
619 1309 724 1350 egata
746 1304 934 1340 videretur.
981 1305 1167 1351 respondit
1203 1316 1284 1350 ega-

193 1356 267 1387 tam
289 1350 324 1386 vi
351 1350 411 1386 eri.

239 1394 293 1433 29
325 1395 518 1431 IULIANUS
554 1395 645 1431 libro
676 1395 800 1441 primo
836 1394 886 1430 ad
922 1393 1082 1431 Urseium
1113 1395 1283 1432 Ferocem

191 1441 293 1477 Haec
318 1439 478 1476 condicio
503 1440 546 1476 ‘si
568 1440 605 1475 in
630 1439 844 1485 Capitolium
869 1439 1081 1476 ascenderit’
1113 1443 1165 1477 sie
1194 1441 1284 1476 reci-

191 1486 323 1567 pienaia
354 1490 408 1546 est
440 1485 482 1522 ‘si
512 1496 594 1522 cum
624 1485 778 1531 primum
806 1485 965 1531 potuerit
988 1485 1203 1531 Capitolium
1226 1497 1282 1522 as-

194 1537 271 1567 ·cen
296 1541 357 1567 ere
371 1557 380 1567 .

240 1574 293 1615 30
327 1575 433 1612 Iesu
460 1575 551 1611 libro
577 1575 700 1622 primo
732 1586 783 1611 ex
813 1574 964 1612 Minicio
1019 1575 1058 1612 Si
1091 1575 1283 1621 separatim

193 1621 280 1656 mihi
302 1624 400 1657 totus
423 1619 558 1656 fundus
580 1630 689 1666 pure,
720 1620 787 1656 tibi
818 1622 885 1657 sub
915 1620 1122 1658 condicione
1146 1622 1284 1666 legatus

194 1667 301 1703 fuerit
324 1670 361 1702 et
382 1669 424 1701 tu
447 1665 663 1709 decesseris,
687 1671 771 1702 ante
796 1676 879 1701 uam
902 1666 1064 1702 condicio
1088 1666 1282 1703 exstiterit:

194 1723 266 1748 uon
285 1711 427 1747 habebo
446 1710 696 1747 necessitatem
714 1711 787 1756 imp
802 1721 862 1748 ere
883 1711 1138 1755 condicionem,
1158 1715 1199 1747 ut
1226 1715 1284 1747 ote

195 1768 293 1801 cum,
318 1756 458 1792 etiamsi
481 1756 644 1792 condicio
669 1755 859 1800 defecerit,
887 1767 973 1802 pars
997 1767 1104 1803 quam
1127 1757 1186 1793 vin
1213 1757 1284 1792 ‘ca-

193 1806 297 1838 turus
320 1812 402 1838 eras
424 1801 512 1836 mihi
534 1800 732 1837 adcrescat.

239 1844 290 1886 31
332 1847 560 1883 AFRICANUS
598 1846 689 1883 libro
727 1846 885 1882 secundo
928 1847 1179 1893 quaestionum
1242 1846 1285 1882 In

193 1895 407 1928 testamento
439 1891 492 1927 ita
521 1894 601 1927 erat
630 1891 819 1937 scriptum:
853 1892 1009 1928 ‘Stichus
1040 1897 1077 1929 et
1098 1892 1187 1928 Pam
1213 1892 1286 1928 hila

194 1938 309 1974 ‘liberi
339 1940 447 1973 sunto
482 1941 519 1972 et
549 1937 580 1972 si
610 1936 648 1972 in
678 1937 941 1973 matrimonium
973 1938 1141 1981 coierint,
1207 1948 1284 1974 eres

191 1985 306 2019 ‘meus
339 1982 394 2018 his
428 1985 570 2018 centum
600 1982 687 2018 dare
717 1982 864 2018 damnas
891 1983 1000 2019 esto’:
1035 1983 1179 2019 Stichus
1203 1988 1285 2019 ante

194 2032 336 2074 apertas
359 2027 502 2063 tabulas
526 2027 690 2063 decessit.
730 2038 788 2063 res
817 2028 916 2064 ondit
960 2032 1073 2064 artem
1088 2028 1201 2064 Stichi
1224 2028 1285 2064 de-

193 2073 325 2109 fectam
348 2082 444 2108 esse:
477 2072 541 2108 sed
571 2076 608 2108 et
630 2072 743 2118 Pamp
771 2073 780 2081 ⁰
796 2084 854 2110 am
878 2073 921 2109 de
938 2077 1053 2109 ectam
1078 2073 1285 2109 condicione

193 2118 305 2154 videri
335 2117 487 2163 ideoque
515 2121 653 2163 partem
683 2118 759 2154 eius
791 2118 890 2163 apud
911 2118 1078 2154 heredem
1101 2129 1283 2154 remansu-

194 2173 281 2199 ram.
335 2162 399 2199 sed
432 2163 493 2198 et⁷
524 2162 556 2198 si
586 2166 736 2207 uterque
767 2163 900 2199 viveret
930 2167 967 2199 et
997 2163 1141 2199 Stichus
1175 2164 1285 2199 nollet

193 2218 271 2244 eam
295 2218 444 2244 uxorem
468 2207 608 2251 ducere,
634 2218 715 2243 cum
735 2208 862 2244 mulier
906 2212 1008 2244 arata
1027 2209 1284 2251 essetnubere,

193 2253 245 2288 illi
300 2253 418 2288 uidem
448 2252 605 2298 legatum
636 2252 844 2296 deberetur,
903 2253 990 2289 tichi
1021 2258 1140 2289 autem
1166 2254 1284 2299 portio

194 2299 255 2334 inu
275 2299 283 2307 ⁸
298 2298 329 2335 is
353 2298 475 2334 fiebat.
521 2308 604 2333 nam
629 2308 710 2334 cum
732 2299 796 2333 uni
817 2298 869 2334 ita
890 2298 1046 2344 legatum
1069 2299 1133 2334 sit:
1166 2298 1283 2342 ‘Titio,

195 2343 238 2379 ‘si
261 2343 377 2380 Seiam
400 2353 548 2379 uxorem
571 2343 731 2387 duxerit,
758 2344 863 2380 heres
886 2354 986 2379 meus
1011 2347 1152 2380 centum
1175 2343 1283 2387 dato',

194 2388 225 2425 si
248 2388 390 2434 quidem
415 2388 496 2424 Seia
518 2388 703 2431 moriatur,
727 2388 890 2425 defectus
914 2388 1123 2425 condicione
1145 2389 1283 2425 intelle-

192 2434 307 2479 gitur:
340 2434 403 2468 at⁸
433 2433 465 2469 si
494 2433 573 2479 ipse
604 2433 772 2477 decedat,
805 2433 894 2469 nihil
921 2434 968 2469 ad
991 2433 1157 2470 heredem
1179 2445 1284 2470 suum

193 2490 274 2515 eum
298 2479 550 2521 transmittere,
579 2479 664 2524 quia
686 2482 800 2515 morte
824 2478 900 2515 eius
925 2479 1087 2515 condicio
1111 2478 1283 2515 defecisse

192 2524 425 2569 intellegitur:
465 2528 619 2569 utroque
650 2528 770 2560 autem
800 2524 940 2560 vivente
958 2524 1003 2560 'si
1034 2524 1176 2570 quidem
1205 2524 1219 2560 i
1246 2535 1283 2560 se

193 2569 284 2605 nolit
306 2579 455 2605 uxorem
479 2569 629 2613 ducere,
662 2569 746 2614 quia
775 2569 888 2615 ipsius
913 2569 1009 2605 facto
1035 2569 1198 2606 condicio
1247 2580 1283 2605 e-

194 2614 288 2657 ficit,
328 2614 418 2649 nihil
456 2625 502 2650 ex
541 2614 658 2659 legato
694 2614 944 2660 consequitur,
982 2614 1130 2651 muliere
1164 2618 1283 2651 autem

193 2660 337 2740 gosseqte
360 2659 514 2702 nubere,
546 2670 627 2695 cum
650 2660 728 2705 ipse
750 2663 899 2705 paratus
922 2663 1035 2703 esset,
1065 2659 1222 2705 legatum
1250 2660 1284 2696 ei

218 2714 238 2740 e
265 2714 283 2738 e
302 2714 355 2740 ur.

240 2747 295 2787 32
319 2749 427 2785 Imm
445 2750 535 2786 libro
558 2760 655 2784 nono
679 2750 928 2796 quaestionum
982 2749 1148 2794 Quamvis
1171 2750 1282 2786 ratio-

194 2804 258 2830 nes
296 2793 447 2830 reddere
485 2794 573 2829 nihil
612 2794 711 2830 aliud
748 2795 796 2831 sit
830 2805 936 2848 quam
967 2795 1106 2840 reliqua
1136 2795 1282 2840 solvere,

194 2844 314 2875 tamen
337 2839 368 2875 si
392 2843 427 2874 et
450 2839 649 2875 statuliberi
672 2843 709 2875 et
731 2839 871 2875 heredis
895 2840 1021 2885 culpa,
1055 2840 1131 2876 sine
1158 2840 1284 2876 fraude

194 2888 315 2920 tamen
345 2884 438 2919 servi
466 2884 582 2920 minus
608 2885 762 2921 solutum
786 2885 834 2921 sit
857 2888 894 2920 et
916 2886 1012 2921 bona
1033 2885 1104 2921 fide
1125 2885 1283 2922 redditas

195 2939 275 2976 esse
309 2930 464 2965 rationes
497 2930 736 2965 existimatum
764 2929 891 2974 fuerit,
930 2931 1080 2966 liberum
1111 2930 1206 2966 fore:
1247 2934 1284 2967 et

195 2974 266 3010 nisi
287 2974 339 3009 ita
362 2974 580 3018 observetur,
605 2976 789 3019 neminem,
837 2975 875 3010 ui
894 2976 961 3011 sub
982 2975 1188 3012 condicione
1208 2976 1283 3011 ita⁹

196 3030 230 3055 m
279 3019 434 3055 umissus
464 3023 576 3062 esset,
609 3031 777 3065 umquam
800 3030 822 3055 a
869 3020 1069 3057 libertatem
1092 3026 1282 3066 perventu-

310 3064 342 3100 si
363 3074 429 3117 per
448 3064 721 3109 imprudentiam
741 3066 858 3101 minus
878 3066 1033 3101 solutum
1052 3070 1158 3102 esset.
1192 3067 1282 3102 haec

194 3110 247 3145 ita
268 3109 478 3155 accipienda
501 3109 561 3151 ait,
586 3110 617 3144 si
641 3110 783 3155 quando
806 3111 848 3153 is,
875 3111 936 3156 qui
958 3111 1115 3147 rationes
1135 3111 1283 3147 reddere

194 3154 315 3191 iussus
338 3154 403 3197 sit,
461 3164 501 3190 er
532 3154 683 3199 aliquem
715 3165 871 3191 errorem
903 3156 979 3192 sine
1011 3156 1092 3192 dolo
1116 3156 1209 3192 malo
1231 3156 1284 3192 ita

195 3199 350 3235 rationes
374 3199 431 3235 edi
457 3199 535 3243 erit,
562 3204 603 3234 ιιι
627 3199 790 3235 dominus
814 3211 954 3246 quoque
979 3201 1075 3236 circa
1099 3206 1281 3247 computa-

194 3245 327 3280 tionem
349 3248 495 3281 erraret.

242 3287 295 3327 33
328 3288 564 3325 Manouiws
594 3289 685 3324 libro
716 3294 821 3325 sexto
856 3290 1117 3326 institutionum
1173 3291 1283 3326 Falsa

196 3335 450 3370 demonstratio
482 3344 596 3379 neque
622 3334 792 3378 legatario
817 3345 931 3380 neque
955 3335 1281 3372 fideicommissario

195 3383 302 3415 nocet
323 3390 439 3424 neque
461 3379 583 3415 heredi
605 3378 781 3420 instituto,
806 3380 914 3415 veluti
936 3380 968 3416 si
987 3380 1132 3416 fratrem
1154 3381 1283 3417 dixerit

196 3425 251 3460 vel
274 3435 431 3460 sororem
454 3424 509 3460 vel
531 3428 696 3470 nepotem
721 3424 774 3459 vel
798 3425 981 3469 quodlibet
1003 3425 1117 3462 aliud:
1150 3430 1186 3461 et
1211 3426 1280 3462 hoc

195 3470 247 3504 ita
276 3470 364 3505 iuris
394 3469 505 3506 civilis
535 3469 673 3505 ratione
708 3473 745 3505 et
776 3470 1088 3507 constitutionibus
1119 3470 1280 3507 divorum

196 3583 235 3622 (ι)
260 3581 512 3624 suspicabantur
524 3581 605 3615 Hal.
714 3583 757 3622 (2)
782 3584 930 3614 mentum
943 3584 1022 3624 ΡΜ,
1041 3582 1190 3616 nondum
1203 3583 1278 3616 ΡΜ

198 3631 239 3665 (3)
265 3627 349 3659 iuris
369 3629 428 3660 ins.
450 3626 503 3660 Γ*
661 3628 704 3668 (4)
728 3627 924 3669 Agatheam]
950 3631 1009 3659 aut
1027 3629 1194 3670 Agathan
1214 3640 1276 3662 ser.

198 3673 240 3711 te)
265 3672 429 3713 Agathan
449 3683 510 3705 scr.
648 3674 693 3713 (6)
718 3671 868 3714 Agathan
885 3683 949 3705 scr.
1094 3675 1137 3713 (Ἰ)
1162 3675 1196 3707 et
1214 3673 1277 3707 dal.

197 3721 242 3755 (⁸)
267 3719 300 3749 et
320 3728 383 3750 ser.
491 3718 536 3754 (⁹)
560 3716 624 3749 ista
642 3727 705 3750 scr.
814 3717 874 3758 (ιο)
897 3715 1121 3759 Pamphilum,
1140 3717 1170 3751 si
1186 3727 1278 3751 meus

1261 94 1344 144 5⁰0

1494 0 1500 50 ἰ

1505 49 1603 160 ᾖ

1354 224 1369 256 ι
1420 220 1540 257 Severi
1569 225 1606 257 et
1634 222 1806 258 Antonini
1836 225 1980 258 cautum
2009 224 2076 258 est.
2128 221 2200 259 Sed
2227 221 2261 259 si
2290 225 2429 259 contro-

1349 265 1468 302 versia
1504 266 1550 302 sit
1583 266 1631 303 de
1660 267 1801 303 nomine
1831 267 1924 303 inter
1954 266 2092 312 plures:
2132 267 2193 313 qui
2229 267 2430 313 probaverit

1350 314 1370 346 2
1419 311 1573 348 sensisse
1596 311 1639 348 de
1662 322 1702 349 se
1724 311 1943 354 defunctum,
1965 312 2025 347 ille
2048 311 2263 348 admittetur.
2309 312 2380 349 Sed
2403 313 2431 349 si

1350 354 1411 391 cui
1434 355 1537 408 quasi
1559 356 1697 399 liberto,
1720 356 1757 392 id
1781 361 1834 393 est
1856 357 1949 393 inter
1970 357 2119 393 libertos
2142 357 2296 403 legatum
2314 357 2431 401 fuerit,

1350 410 1424 436 non
1446 400 1580 438 idcirco
1603 402 1758 447 legatum
1781 402 1929 445 amittit,
1961 402 2046 447 quia
2075 405 2202 447 postea
2231 402 2356 439 anulos
2386 403 2431 438 ab

1349 445 1565 491 imperatore
1595 447 1791 493 acceperit:
1829 457 1912 483 nam
1947 448 2062 482 honor
2097 447 2173 483 eius
2207 452 2335 484 auctus
2366 452 2432 490 est,

1350 501 1423 527 non
1455 491 1616 527 condicio
1647 495 1802 527 mutata:
1832 496 1869 528 et
1898 492 1951 527 ita
1981 491 2051 527 divi
2080 492 2232 529 Severus
2261 497 2299 528 et
2320 493 2432 529 Anto-

1351 538 1371 570 3
1418 535 1524 572 ninus
1548 536 1819 582 rescripserunt.
1866 537 1904 572 Si
1928 537 2006 582 quis
2030 537 2197 582 legaverit
2219 547 2294 574 rem
2316 538 2378 581 ita,
2403 538 2431 573 si

1350 581 1475 616 mortis
1508 585 1668 627 tempore
1698 582 1773 618 eius
1803 582 1890 625 erit,
1922 593 1989 618 nec
2019 587 2107 617 tunc
2139 582 2215 619 eius
2245 582 2429 626 invenitur,

1350 628 1372 661 4
1418 636 1486 662 nec
1516 626 1713 662 aestimatio
1745 627 1820 662 eius
1851 627 1960 680 legari
1988 627 2176 663 videbitur.
2256 627 2316 663 uid
2338 637 2432 673 ergo.

1351 670 1383 707 si
1410 670 1490 716 quis
1519 671 1572 706 ita
1600 672 1801 724 scripserit:
1834 672 2005 708 ‘Stichum
2036 676 2071 708 et
2093 672 2206 717 Pamp
2234 673 2317 708 'um
2341 673 2434 708 Titio

1351 715 1409 752 ‘do
1433 716 1528 761 lego,
1559 717 1591 752 si
1618 727 1686 753 mei
1716 721 1820 752 erunt
1851 728 1931 753 cum
1954 717 2096 753 moriar’
2120 721 2158 753 et
2179 728 2289 753 unum
2313 727 2357 754 ex
2379 718 2434 757 his

1351 761 1575 803 alienaverit,
1600 772 1647 797 an
1670 762 1724 798 vel
1747 762 1838 798 alter
1860 762 1975 807 possit
1997 773 2019 798 a
2040 762 2211 808 legatario
2236 762 2435 799 vindicari?

1351 806 1471 859 placet
1491 806 1680 850 vindicari,
1711 818 1795 843 nam
1818 808 1915 843 hunc
1937 818 2153 850 sermonem,
2181 807 2266 844 licet
2312 808 2435 844 luralis

1351 855 1408 895 sit,
1454 862 1495 888 ro
1515 861 1557 888 eo
1579 855 1720 898 oportet
1736 852 1863 897 accipi,
1884 856 1992 898 atque
2008 853 2039 888 si
2058 853 2250 898 separatim
2332 853 2340 862 ⁸
2361 857 2434 889 set:

1352 896 1438 932 ‘Stic
1465 907 1536 940 um,
1560 898 1592 932 si
1614 907 1713 934 meus
1736 897 1804 933 erit
1826 908 1907 933 cum
1929 898 2070 933 moriar’
2084 900 2123 934 ¹⁰.

1398 939 1453 980 34
1492 942 1769 978 Frozmvmws
1809 942 1900 978 libro
1944 943 2131 979 undecimo
2174 944 2435 979 institutionum

1351 986 1569 1023 Nominatim
1599 987 1708 1023 alicui
1738 988 1876 1033 legatur
1907 988 1958 1022 ita
1989 987 2114 1023 ‘Lucio
2146 987 2252 1024 Titio·
2292 999 2339 1024 an
2373 999 2436 1034 per

1352 1032 1690 1069 demonstrationem
1722 1043 1784 1068 cor
1812 1033 1882 1068 oris
1914 1032 1970 1068 vel
2001 1031 2142 1069 artificii
2172 1032 2228 1068 vel
2251 1032 2360 1069 officii
2382 1034 2435 1069 vel

1352 1077 1623 1114 necessitudinis
1646 1078 1703 1114 vel
1726 1088 1748 1113 a
1824 1077 1940 1120 itatis,
1965 1078 2052 1113 nihil
2074 1078 2239 1114 interest:
2270 1089 2351 1115 nam
2375 1078 2436 1114 de-

1351 1123 1561 1159 monstratio
1599 1123 1807 1168 plerumque
1843 1122 1920 1158 vice
1960 1123 2112 1159 nominis
2147 1123 2318 1168 fungitur.
2372 1134 2437 1159 nec

1352 1169 1510 1211 interest,
1535 1167 1628 1204 falsa
1650 1179 1698 1203 an
1719 1179 1804 1203 vera
1827 1167 1883 1210 sit,
1908 1168 1938 1203 si
1962 1172 2098 1204 certum
2121 1168 2178 1210 sit,
2203 1179 2309 1214 quem
2326 1171 2436 1204 testa-

1356 1217 1370 1248 1
1421 1217 1479 1249 tor
1496 1213 1800 1249 demonstraverit.
1834 1213 1934 1248 Inter
1950 1213 2284 1249 demonstrationem
2300 1218 2337 1250 et
2352 1224 2437 1250 con·

1353 1257 1528 1294 dicionem
1550 1259 1620 1294 hoc
1642 1259 1810 1301 interest,
1835 1258 1932 1304 quod
1955 1258 2208 1294 demonstratio
2230 1259 2437 1304 plerumque

1352 1303 1485 1339 factam
1509 1314 1584 1340 rem
1608 1304 1773 1346 ostendit,
1799 1303 1960 1340 condicio
1984 1303 2152 1340 futuram.

1398 1347 1451 1386 35
1477 1349 1707 1384 Poupomvs
1734 1349 1826 1384 libro
1848 1349 2033 1396 sinqulari
2052 1350 2262 1396 reqularum
2315 1349 2437 1385 Levis-

1353 1394 1443 1430 sima
1465 1394 1643 1430 libertatis
1667 1393 1828 1430 condicio
1853 1404 1896 1429 ea
1918 1394 2155 1440 intellegenda
2177 1399 2248 1437 est,
2279 1405 2369 1440 quae
2392 1395 2438 1431 ad

1351 1439 1552 1520 libertatem
1574 1438 1755 1485 perducit,
1788 1440 1947 1485 quamvis
1977 1444 2108 1476 natura
2135 1440 2278 1486 gravior
2305 1444 2343 1476 et
2372 1439 2436 1476 du-

1351 1495 1426 1521 rior
1448 1495 1480 1520 si
1498 1512 1506 1520 .

1398 1528 1451 1568 36
1475 1529 1715 1566 Mancellus
1742 1530 1833 1565 libro
1856 1529 2038 1576 sinqulari
2062 1539 2319 1576 responsorum
2365 1529 2438 1566 Pu-

1351 1575 1444 1612 blius
1475 1575 1636 1612 Maevius
1671 1579 1885 1611 testamento
1923 1585 1989 1610 suo
2027 1574 2080 1609 ita
2116 1574 2227 1611 cavit:
2268 1575 2437 1620 ‘quisquis

1353 1621 1451 1656 ‘mihi
1473 1621 1578 1657 heres
1601 1620 1793 1656 heredesve
1816 1623 1937 1662 erunt,
1969 1619 2014 1655 do
2038 1619 2116 1664 lego
2138 1619 2291 1665 fideique
2315 1630 2438 1656 eorum

1353 1666 1565 1709 ιιτοιιιῐιιίιιο,
1597 1666 1651 1701 uti
1674 1665 1759 1701 dent
1782 1665 1871 1701 Gaio
1896 1664 1978 1700 Seio
2009 1665 2143 1700 sororis
2171 1675 2272 1701 meae
2300 1665 2373 1702 filio
2401 1667 2439 1701 in

1353 1712 1536 1747 ‘honorem
1557 1710 1763 1747 consulatus
1784 1709 2072 1755 quadringenta':
2092 1709 2170 1746 vivo
2183 1710 2323 1747 Maevio
2336 1711 2438 1747 Seius

1353 1757 1479 1792 consul
1514 1756 1720 1802 designatus
1754 1759 1810 1791 est
1842 1759 1879 1791 et
1907 1766 2038 1791 munus
2069 1755 2197 1791 edidit:
2234 1755 2362 1792 deinde
2396 1767 2439 1792 ex

1353 1801 1511 1837 calendis
1550 1801 1724 1836 Ianuariis
1761 1801 1986 1837 consulatum
2022 1800 2202 1845 ingressus
2238 1805 2294 1837 est
2332 1805 2438 1847 atque

1352 1847 1404 1882 ita
1418 1848 1445 1869 ¹¹
1465 1847 1628 1883 Maevius
1648 1846 1818 1882 decessit:
1844 1855 1987 1892 quaero,
2012 1855 2059 1880 an
2106 1845 2342 1892 uadi-ingente.
2357 1845 2438 1882 Seio

1356 1896 1371 1927 1
1422 1891 1630 1928 debeantur.
1667 1891 1861 1927 Marcellus
1884 1890 2069 1935 respondit
2115 1891 2223 1926 eberi.
2259 1891 2356 1927 Titia
2378 1902 2438 1927 co·

1354 1937 1480 1973 dicillis
1512 1937 1556 1973 de
1585 1937 1760 1983 praediis,
1792 1947 1883 1982 quae
1911 1939 2124 1972 testamento
2151 1935 2329 1982 Septiciae
2357 1937 2438 1973 reli·

1353 1982 1835 2064 tertiimanus&
1851 1986 1959 2063 {iza
1972 1981 2144 2062 Sfflssi’
2159 1980 2318 2071 1,ῗὲθὲιὲ
2334 1992 2437 2063 ,ἳξὲ

1966 2053 1976 2069 ‚
2423 2047 2437 2054 -

1353 2076 1502 2109 ‘tueresz
1547 2073 1643 2118 quod
1683 2072 1714 2108 si
1755 2072 1850 2108 filius
1884 2083 1984 2108 meus
2023 2071 2177 2107 sedecim
2214 2082 2328 2108 annos
2366 2083 2438 2107 non

1354 2118 1580 2164 ‘impleverit,
1644 2122 1702 2154 eto
1740 2117 1794 2153 uti
1829 2117 1959 2154 reddas
1973 2118 2001 2139 ¹²
2038 2126 2083 2152 ea
2112 2116 2279 2153 restituas
2309 2117 2437 2153 Publio

1353 2163 1506 2200 ‘Maevio
1542 2167 1579 2199 et
1647 2163 1703 2199 aio
1742 2162 1929 2199 Cornelio’.
1982 2172 2133 2207 quaero,
2170 2173 2251 2198 eum
2281 2161 2439 2207 Septicia

1353 2208 1563 2252 decesserit,
1602 2208 1729 2244 deinde
1766 2208 1861 2244 filius
1899 2207 2063 2253 quintum
2099 2206 2274 2243 decimum
2306 2217 2438 2243 annum

1353 2264 1462 2306 agens
1480 2253 1670 2307 defunctus
1688 2254 1745 2297 sit,
1765 2263 1813 2288 an
1828 2256 2117 2305 repraesentetur
2129 2252 2438 2306 fideicommissum

1352 2299 1647 2380 ffiffieffeoeffi‘ss
1674 2299 1809 2379 iffi}
1831 2298 1985 2379 aa?
1998 2301 2052 2378 02³⁶
2066 2297 2438 2379 &resartae

1352 2390 1473 2425 beant.
1519 2389 1712 2425 Marcellus
1742 2388 1928 2433 respondit
1956 2387 2147 2433 Septiciam
2174 2387 2250 2431 ius,
2279 2387 2376 2434 quod
2399 2388 2438 2423 in

1352 2434 1407 2470 his
1430 2434 1585 2479 praediis
1608 2433 1810 2477 habuisset,
1841 2433 1962 2469 heredi
1985 2443 2051 2469 suo
2074 2433 2278 2478 reliquisse:
2307 2433 2437 2469 etenim

1351 2478 1463 2515 videri
1501 2483 1627 2515 contra
1661 2479 1878 2515 voluntatem
1912 2478 2105 2514 testatricis
2139 2479 2436 2531 repraesentatio·

1352 2535 1433 2560 nem
1463 2524 1726 2561 fideicommissi
1757 2523 1968 2566 desiderari,
2007 2527 2049 2558 ut
2085 2523 2237 2569 amphus
2274 2522 2322 2559 ad
2350 2523 2436 2560 sub-

1352 2570 1497 2606 stitutos
1520 2570 1720 2616 perveniat,
1753 2579 1859 2614 quam
1889 2568 1935 2604 ad
1957 2579 2107 2614 puerum
2128 2567 2314 2614 pervenire
2336 2568 2392 2604 vel
2415 2579 2438 2604 a

1353 2614 1510 2660 Septicia
1537 2615 1593 2651 vel
1624 2615 1669 2650 ab
1700 2614 1904 2650 heredibus·
1922 2613 2109 2659 potuisset.
2154 2617 2192 2649 et
2220 2614 2330 2649 verba
2360 2614 2436 2659 qui-

1353 2660 1432 2695 dem
1454 2660 1619 2696 videntur
1641 2663 1910 2705 repraesentare
1932 2658 2254 2702 fideicommissum,
2278 2658 2342 2694 sed
2363 2669 2436 2694 non

1351 2709 1407 2741 est
1429 2705 1634 2748 verisimile,
1661 2709 1702 2740 ut
1724 2704 1898 2740 maturius
1919 2704 2071 2740 voluerit
2093 2703 2258 2740 testati-ix
2280 2703 2328 2739 ad
2350 2704 2435 2740 sub·

1352 2750 1496 2787 stitutos
1527 2750 1566 2786 id
1592 2749 1800 2786 transferre.
1853 2759 1920 2786 nec
1950 2750 2138 2795 quicquam
2171 2752 2303 2792 mutat,
2342 2749 2436 2794 quod

1353 2795 1508 2848 Septicia
1536 2799 1620 2831 ante
1648 2795 1818 2831 decessit:
1854 2805 1938 2830 nam
1969 2794 2036 2830 etsi
2064 2804 2156 2848 puer
2185 2794 2332 2837 viveret,
2363 2805 2435 2830 non

1350 2851 1459 2894 prius·
1474 2840 1651 2886 Septiciae
1681 2840 1830 2876 heredes
1859 2850 1966 2886 quam
1989 2839 2146 2885 Septicia
2173 2843 2321 2885 possent
2349 2849 2434 2875 con-

1350 2896 1473 2922 veum.

1397 2929 1450 2969 37
1475 2930 1532 2966 PA
1540 2939 1634 2966 vhvs
1659 2929 1751 2966 libro
1779 2930 1963 2976 singulari
1990 2929 2041 2965 ad
2065 2929 2178 2976 leqem
2202 2929 2342 2974 Iuliam
2370 2929 2434 2966 Ca·

1350 2977 1486 3011 niniam
1541 2975 1579 3010 Si
1609 2975 1688 3021 quis
1717 2985 1817 3018 eum,
1848 2985 1952 3020 quem
1980 2975 2058 3020 ipse
2086 2973 2334 3010 manumittere
2361 2985 2434 3010 non

1350 3024 1508 3067 poterat,
1539 3020 1709 3065 legaverit
1738 3020 1808 3063 ita,
1839 3024 1881 3055 ut
1911 3030 1991 3055 eum
2022 3018 2215 3064 legatarius
2245 3020 2432 3054 manumit-

1350 3070 1459 3110 teret,
1497 3065 1600 3101 ¹⁶etsi
1622 3075 1645 3100 a
1673 3065 1790 3110 legato
1814 3075 1886 3101 non
1909 3065 2120 3110 repellatur,
2150 3074 2223 3100 non
2250 3069 2307 3100 est
2336 3075 2432 3100 com-

1349 3110 1545 3157 pellendus,
1570 3114 1611 3145 ut
1632 3111 1870 3153 manumittat,
1895 3110 2061 3156 quoniam
2083 3108 2214 3144 totiens
2238 3109 2432 3145 secundum

1349 3157 1566 3192 voluntatem
1607 3155 1788 3191 testatoris
1827 3155 1947 3190 facere
1987 3154 2226 3199 compellitur,
2270 3154 2432 3199 quotiens

1351 3205 1477 3237 contra
1499 3201 1612 3245 legem
1635 3200 1723 3235 nihil
1740 3201 1787 3236 sit
1805 3200 1975 3235 futurum.
2010 3199 2116 3244 idque
2131 3198 2299 3236 Neratius
2318 3201 2431 3245 scrip-

1350 3247 1414 3289 sit,
1446 3249 1483 3281 et
1510 3250 1629 3280 tamen
1662 3256 1685 3280 a
1714 3246 1831 3291 legato
1860 3255 1933 3281 non
1961 3254 2039 3280 esse
2067 3254 2150 3280 eum
2179 3254 2219 3280 re
2290 3244 2430 3288 endum,

1349 3290 1516 3337 quoniam
1547 3291 1657 3335 magis
1686 3290 1896 3335 legatarium
1921 3289 2054 3334 aliquid
2077 3300 2212 3325 commo
2239 3301 2299 3325 um
2319 3293 2430 3326 testa-

1348 3341 1406 3372 tor
1427 3335 1465 3370 in
1487 3336 1556 3371 hoc
1579 3346 1681 3371 servo
1706 3346 1812 3381 quam
1834 3334 1999 3370 heredem
2022 3335 2154 3370 habere
2176 3334 2355 3370 voluisset.

1394 3378 1447 3418 38
1471 3380 1578 3415 locu
1597 3381 1688 3416 libro
1711 3379 1894 3427 sinqulari
1919 3379 1963 3414 de
1994 3380 2072 3414 iure
2101 3379 2344 3416 codicillorum
2392 3379 2430 3415 Si

1348 3426 1399 3461 ita
1417 3426 1614 3478 scripsero:
1638 3430 1824 3471 ‘quantum
1841 3423 2011 3460 codicillis
2031 3424 2126 3460 Titio
2143 3424 2328 3469 legavero',
2345 3423 2431 3461 licet

1349 3470 1521 3507 codicillis
1551 3471 1706 3515 legatum
1736 3469 1951 3515 explicetur,
1991 3474 2110 3505 tamen
2143 3479 2189 3506 ex
2218 3473 2429 3506 testamento

1990 111 2052 143 Du
2081 109 2430 143 conmclormsus

1347 3583 1411 3616 erit
1423 3593 1498 3615 cum
1509 3582 1632 3616 moriar
1644 3585 1703 3617 ine.
1718 3584 1790 3616 edd.

1347 3630 1406 3669 (12)
1432 3628 1483 3660 uti
1495 3627 1623 3671 reddas]
1636 3631 1675 3661 ut
1684 3627 1821 3671 praedia
1832 3640 1894 3662 ecr.

1347 3674 1406 3715 (ιι)
1429 3672 1609 3716 legatas-im
1622 3674 1683 3707 ino.

1922 3585 1976 3626 (ιι)
2001 3586 2100 3626 atque
2111 3583 2171 3627 ita]
2184 3586 2261 3617 ante
2272 3593 2354 3626 quas
2365 3595 2427 3617 scr.

1972 3629 2030 3670 (ιθ)
2054 3638 2122 3662 non
2134 3630 2196 3663 ins.
2269 3631 2326 3671 (ιι)
2350 3628 2384 3660 in
2399 3628 2430 3661 1⁷

2508 3523 2528 3627 ›.2.2²..0».
2513 3472 2528 3518 ιαμ
2511 3272 2528 3466 “mimz-asse,
2516 3172 2528 3265 ma.
2518 3160 2528 3165 ι
2521 3148 2528 3155 .
2526 3133 2528 3141 .
2523 3110 2528 3124 ..
