2528 3918
88 172 146 203 ET
174 168 397 201 PERIcULO
426 167 639 200 TUTORUM

88 290 136 317 110
159 278 320 323 capiatur
344 282 447 329 pater
471 276 618 311 inducta
629 276 739 310 totius
759 275 929 320 temporis
945 284 1069 316 causa,
1090 279 1178 310 tem-

116 335 176 365 us,
207 334 276 368 quo
308 322 402 357 fihus
433 321 586 356 familias
617 320 765 355 tutelam
792 319 920 364 gessit,
946 320 1178 365 comprehen-

89 337 244 405 gendum
266 367 345 403 erit.

135 410 188 451 38
212 412 318 448 IDEM
339 412 430 448 libro
463 410 674 446 duodecimo
699 410 950 456 quaestionum
997 409 1036 445 Si
1059 410 1180 455 plures

89 458 235 494 tutelam
259 467 332 492 non
356 455 680 491 administraverint
704 458 739 489 et
759 464 882 490 omnes
901 455 1071 491 solvendo
1097 455 1179 496 sint,

89 508 218 544 utrum,
243 502 327 547 quia
350 501 468 536 nullae
491 504 613 545 partes
645 499 962 535 administrationis
993 500 1178 535 inveniun-

88 554 156 590 tur,
182 546 346 582 electioni
376 547 477 581 locus
509 546 576 581 erit
599 555 646 580 an
678 548 719 580 ut
743 545 899 580 eiusdem
922 546 1095 591 pecuniae
1119 544 1179 580 de-

90 594 222 629 bitores
247 592 411 636 excipere
435 591 617 626 debebunt
639 590 788 635 periculi
818 591 1052 625 societatem?
1084 589 1180 636 quod

93 642 105 673 1
155 637 266 682 magis
289 637 381 672 ratio
406 636 543 672 suadet.
589 635 626 670 Si
650 635 794 680 quidam
819 645 862 670 ex
885 635 941 670 his
965 635 1084 671 idonei
1107 645 1181 670 non

89 683 170 724 sint,
195 682 442 718 onerabuntur
465 681 542 716 sine
567 680 674 715 dubio
700 680 818 722 ceteri,
844 691 911 716 nec
934 681 1072 726 inique,
1098 691 1180 716 cum

89 727 306 772 singulorum
339 725 568 762 contumacia
598 737 647 771 pu
674 725 734 760 illo
767 724 936 760 damnum
966 726 1004 761 in
1029 726 1180 761 solidum

89 776 107 808 2
156 772 301 807 dederit.
350 771 454 807 Unde
478 781 633 816 quaeren
662 782 721 805 um
753 774 819 808 est.
852 781 898 805 an
929 771 1088 806 actiones
1113 782 1179 816 pu-

88 818 192 863 pillus
219 817 262 859 ei,
288 817 349 862 qui
373 817 471 852 solus
496 816 716 858 convenitur,
741 816 779 850 in
803 816 955 851 alterum
979 826 1045 861 pro
1077 819 1180 861 parte

88 862 223 899 scilicet
244 866 431 907 praestare
456 862 592 896 debeat.
636 860 700 896 sed
725 871 806 896 cum
829 861 975 906 propria
1007 861 1181 906 cuiusque

88 907 314 989 gontuigacia
352 907 541 952 puniatur,
574 917 645 952 qua
675 906 795 942 fronte
825 906 957 951 poterit
987 906 1057 942 hoc
1087 906 1179 941 desi-

113 963 204 988 erari

132 994 186 1035 39
210 997 319 1032 IDEM
346 996 436 1031 libro
473 997 599 1042 quinto
622 1006 879 1043 responsorum
927 996 1093 1038 Tutores,
1119 996 1180 1041 qui

87 1047 168 1088 post
191 1042 298 1077 finem
321 1041 455 1076 tutelae
478 1051 543 1086 per
562 1051 717 1076 errorem
730 1041 842 1076 officii
865 1041 1035 1077 durantes
1059 1051 1179 1076 rerum

87 1086 431 1123 administrationem
461 1086 702 1129 retinuerunt,
734 1087 916 1122 nominum
947 1090 1178 1132 paternorum

112 1133 295 1174 ericqum,
321 1142 413 1177 quae
436 1135 519 1177 post
541 1132 768 1176 pubertatem
787 1132 1025 1167 adulescentis
1049 1132 1179 1167 idonea

102 1182 241 1220 uerunt,
266 1181 451 1222 praestare
476 1177 625 1222 cogendi
657 1187 729 1212 non
753 1180 869 1219 erunt,
896 1188 976 1212 cum
1000 1177 1178 1212 actionem

90 1227 102 1258 1
153 1222 286 1258 inferre
302 1232 375 1257 non
395 1226 601 1267 potuerunt.
642 1221 944 1267 Curatorapatre
962 1225 1176 1257 testamento

87 1268 192 1303 datus
216 1267 410 1313 impuberis
434 1267 584 1312 negotiis
609 1277 647 1302 se
678 1278 744 1312 per
775 1278 932 1303 errorem
964 1267 1175 1302 immiscuit:

85 1318 213 1359 postea
236 1323 259 1348 a
282 1316 448 1358 praetore
471 1312 650 1347 tutoribus
675 1312 754 1347 aliis
779 1312 872 1348 datis
897 1313 1095 1357 periculum
1119 1312 1176 1347 fu-

86 1359 157 1394 turi
179 1358 350 1403 temporis
374 1357 444 1400 ille,
470 1358 530 1402 qui
561 1362 688 1402 postea
711 1358 799 1392 nihil
822 1358 949 1403 gessit,
974 1368 1048 1393 non
1070 1367 1175 1402 prae-

86 1406 106 1439 2
153 1404 272 1439 stabit.
322 1402 390 1446 Qui
414 1413 453 1438 se
476 1403 626 1447 negotiis
649 1403 843 1448 impuberis
867 1413 940 1438 non
970 1403 1048 1438 iure
1079 1406 1177 1438 tutor

86 1449 191 1484 datus
216 1448 413 1484 secundum
437 1449 550 1493 patris
574 1449 792 1484 voluntatem
815 1448 1024 1490 immiscuit,
1056 1457 1177 1483 errore

87 1497 267 1539 comperto
303 1497 458 1528 tutorem
493 1503 516 1527 a
547 1497 714 1538 praetore
757 1493 928 1529 constitui
976 1493 1175 1529 consultius

87 1543 193 1585 petet,
224 1549 271 1574 ne
301 1538 413 1580 forte,
446 1538 477 1573 si
506 1549 582 1573 rem
614 1542 780 1584 coeptam
805 1538 1012 1581 deseruerit,
1037 1538 1176 1573 fraudis

88 1584 139 1620 vel
171 1583 299 1629 culpae
331 1594 442 1618 causa
474 1584 738 1619 condemnetur.
780 1594 854 1619 non
884 1583 978 1618 idem
1001 1587 1176 1625 servatur,

85 1630 116 1665 si
149 1629 228 1674 quis
260 1629 354 1664 uitro
387 1629 566 1673 negotium
598 1629 751 1664 alienum
781 1629 949 1674 gesserit,
982 1639 1064 1664 cum
1088 1629 1176 1663 satis

86 1675 299 1719 abundeque
323 1673 480 1709 sufficiat
503 1674 558 1709 vel
580 1674 618 1709 in
643 1684 716 1709 una
748 1674 866 1719 specie
897 1684 963 1719 per
994 1674 1099 1709 amici
1122 1674 1175 1708 la-

85 1723 105 1755 3
152 1720 277 1755 borem
302 1719 444 1754 domino
470 1719 619 1755 consuli.
657 1719 771 1755 Heres
795 1719 993 1762 institutus,
1018 1719 1079 1764 qui
1103 1730 1176 1755 non

85 1765 212 1801 habuit
243 1764 494 1806 substitutum,
527 1765 626 1809 prius
653 1775 736 1799 uam
774 1765 1009 1800 hereditatem
1048 1764 1174 1807 adiret,

86 1821 192 1856 quam
216 1809 393 1855 impuberi
415 1810 605 1845 restituere
654 1810 762 1852 ebuit,
786 1811 859 1845 vita
882 1810 1052 1845 decessit:
1095 1821 1176 1845 cum

87 1855 264 1892 hereditas
295 1855 333 1890 in
363 1855 468 1890 Italia
508 1858 603 1890 esset
616 1883 624 1898 ,
656 1855 811 1900 scriptus
853 1859 973 1890 autem
1003 1856 1108 1890 heres
1139 1855 1177 1889 in

88 1900 269 1948 provincia
288 1900 362 1935 vita
377 1899 600 1943 decessisset,
617 1904 756 1936 tutores
771 1901 1042 1946 provincialium
1057 1910 1177 1935 rerum

86 1946 213 1990 culpae
236 1946 379 1980 nomine
412 1945 701 1981 condemnandos
734 1946 950 1989 existimavi,
975 1946 1006 1981 si
1031 1955 1177 1980 causam

85 1991 289 2026 testamenti
308 2001 381 2025 non
405 1991 609 2036 ignorantes
621 1992 811 2026 utilitatem
823 1991 1017 2036 impuberis
1030 1991 1175 2026 deseru-

87 2040 209 2072 erunt:
246 2046 329 2071 nam
363 2036 572 2071 hereditatis
588 2038 598 2056 ยน
634 2037 671 2071 in
694 2037 878 2081 provincia
902 2036 1175 2071 fideicommisso

84 2081 248 2117 restituto
274 2091 420 2116 causam
444 2081 586 2126 quidem
609 2082 696 2116 iuris
722 2082 879 2126 expediri
935 2082 1088 2124 otuisse,
1119 2092 1175 2117 re-

85 2138 163 2162 rum
187 2130 306 2162 autem
331 2126 674 2161 administrationem
687 2127 733 2162 ad
746 2137 806 2162 eos
827 2127 899 2162 reci
927 2137 985 2162 ere
999 2127 1176 2170 debuisse,

85 2176 105 2207 4
153 2172 213 2217 qui
237 2172 383 2206 tutelam
407 2172 444 2206 in
468 2172 573 2206 Italia
597 2172 849 2217 suscepissent.
904 2172 1087 2207 Adversus
1119 2176 1176 2207 tu-

84 2221 215 2260 torem,
257 2217 317 2262 qui
354 2217 530 2261 pupillum
568 2217 790 2252 1101011110102
839 2217 952 2262 patris
992 2217 1176 2260 abstinuit,

86 2263 263 2298 actionem
303 2262 467 2307 denegari
511 2272 583 2297 non
614 2266 757 2308 oportet
792 2263 976 2305 creditori,
1010 2263 1071 2308 qui
1095 2273 1176 2298 cum

83 2308 161 2353 ipso
197 2311 316 2342 tutore
352 2307 552 2350 contraxit,
589 2308 749 2352 quamvis
782 2311 880 2343 tutor
910 2308 1100 2353 pecuniam
1139 2308 1177 2343 in

85 2356 103 2388 5
151 2363 226 2387 rem
258 2352 451 2397 impuberis
486 2356 650 2388 verteret.
709 2353 901 2388 Curatores
937 2353 1176 2389 adulescentis

84 2398 198 2433 mutui
230 2398 380 2443 periculi
411 2397 527 2443 gratia
559 2398 761 2433 cautionem
791 2399 941 2433 invicem
972 2399 1041 2433 sibi
1071 2409 1175 2444 prae-

83 2444 239 2478 buerunt
264 2447 299 2477 et
321 2443 358 2477 in
382 2453 461 2477 eam
484 2453 560 2478 rem
609 2444 732 2488 ignora
757 2443 948 2479 dederunt:
991 2454 1072 2479 cum
1097 2443 1176 2479 offi-

86 2489 139 2524 cio
177 2488 338 2533 deposito
376 2488 543 2523 solvendo
597 2490 733 2524 uissent
747 2515 756 2531 ,
801 2489 938 2524 irritam
974 2489 1177 2524 cautionem

85 2545 162 2569 esse
185 2533 320 2568 factam
353 2537 388 2568 et
418 2533 576 2578 pignoris
602 2534 784 2569 vinculum
815 2534 971 2569 solutum
995 2535 1174 2579 apparuit.

86 2582 105 2615 6
159 2579 275 2614 Tutor
307 2579 413 2613 datus
445 2579 614 2614 adversus
653 2579 768 2624 ipsam
801 2580 1015 2615 creationem
1046 2590 1175 2624 provo-

85 2625 194 2660 cavit:
227 2625 331 2659 heres
364 2624 439 2659 eius
470 2628 597 2668 postea
638 2625 752 2660 victus
791 2625 974 2670 praeteriti
1006 2625 1176 2670 temporis

85 2669 280 2714 periculum
311 2669 527 2714 praestabit,
561 2670 644 2715 quia
675 2680 748 2705 non
779 2669 919 2704 videtur
950 2670 1036 2705 levis
1069 2671 1176 2715 culpa

86 2718 210 2750 contra
232 2714 319 2749 iuris
344 2715 596 2750 auctoritatem
619 2715 827 2750 mandatum
849 2715 983 2750 tutelae
1017 2715 1176 2750 officium

88 2763 106 2793 7
155 2760 365 2795 detrectare.
413 2759 547 2795 Rerum
570 2760 841 2805 provincialium
864 2764 1002 2795 tutores
1026 2760 1064 2795 in
1087 2761 1177 2796 urbe

87 2815 214 2840 causas
239 2805 487 2850 appellationis
510 2805 735 2850 impuberum
759 2809 904 2851 agentes
918 2832 927 2847 โ
959 2815 1078 2840 rerum
1102 2806 1174 2840 Ita-

86 2850 232 2885 licarum
258 2854 442 2885 curatores
467 2853 508 2885 ut
532 2851 776 2895 impuberibus
809 2851 1097 2893 constituantur,
1129 2850 1177 2886 ad

87 2895 243 2930 officium
267 2906 370 2930 suum
393 2906 562 2930 revocare
587 2896 735 2931 debent:
780 2896 937 2941 alioquin
961 2896 992 2931 si
1014 2896 1115 2941 prius
1138 2896 1176 2931 in

87 2941 303 2985 provinciam
322 2941 501 2983 redierint,
526 2941 646 2976 dolum
671 2945 735 2976 aut
759 2942 902 2986 culpam
926 2951 1048 2976 eorum
1071 2941 1109 2975 in
1133 2951 1176 2977 ea

87 2988 106 3020 8
159 2996 299 3031 (1110(1110
319 2989 433 3065 iparte
463 2990 561 3021 recte
603 2986 712 3022 iudex
753 2987 948 3022 conveniet.
1018 2986 1176 3022 Patruus

86 3035 295 3067 testamento
336 3031 441 3066 ratris
465 3031 537 3067 filio
561 3035 660 3067 tutor
684 3031 788 3067 datus
813 3042 894 3067 cum
923 3032 961 3066 in
984 3031 1090 3066 Italia
1113 3031 1174 3067 do-

87 3076 252 3111 micilium
285 3076 452 3119 haberet,
484 3080 559 3111 tam
582 3077 788 3112 Italicarum
810 3087 929 3112 rerum
961 3087 1067 3122 quam
1091 3087 1174 3122 pro-

88 3121 287 3156 vincialium
312 3121 655 3157 administrationem
679 3122 837 3167 suscepit
861 3126 967 3167 atque
990 3122 1042 3157 ita
1065 3132 1175 3167 pecu-

88 3166 181 3201 niam
213 3177 256 3202 ex
285 3167 547 3202 venditionibus
579 3167 717 3203 Romae
753 3168 925 3203 refectam
955 3168 994 3203 in
1031 3167 1175 3212 provin-

89 3212 178 3246 ciam
212 3212 355 3247 traiecit
390 3216 426 3247 et
460 3213 497 3256 in
534 3212 776 3248 calendarium
818 3213 945 3258 pupilli
980 3212 1174 3248 convertit:

88 3259 184 3291 tutor
213 3257 251 3292 111
281 3258 400 3292 10011111
433 3258 507 3293 01113
531 3258 669 3293 Romae
700 3258 916 3293 substitutus
947 3258 1175 3293 administra-

88 3302 219 3337 tionem
242 3303 426 3347 pecuniae,
452 3313 544 3348 quae
568 3313 640 3338 11011
656 3303 820 3383 โpertinet
837 3303 883 3338 ad
895 3303 1043 3338 tutelam
1060 3314 1174 3344 suam,

90 3349 109 3380 9
156 3348 335 3392 suscipere
359 3359 432 3383 11011
457 3349 606 3393 cogitur.
686 3352 847 3383 111-010103
883 3352 1096 3384 testamento
1121 3348 1177 3383 vel

89 3395 223 3427 tutores
254 3393 424 3428 inutiliter
455 3393 530 3428 dati
561 3404 677 3438 neque
709 3394 852 3429 decreto
883 3394 1057 3438 praetoris
1090 3404 1174 3429 0011-

90 3436 218 3471 firmati
242 3438 382 3482 negotia
404 3443 600 3483 gesserunt.
626 3439 703 3474 vice
715 3442 839 3473 mutua
849 3439 1048 3483 periculum
1070 3448 1175 3483 prae-

91 3484 185 3517 stare
210 3486 395 3527 coguntur,
430 3494 512 3518 011111
546 3483 703 3519 officium
734 3486 862 3528 sponte
886 3484 976 3519 citra
999 3484 1086 3518 iuris
1111 3483 1175 3518 ad-

91 3526 295 3561 miniculum
327 3528 517 3563 iniverintยณ
549 3533 585 3564 et
616 3529 677 3573 qui
699 3528 768 3563 fuit
791 3528 961 3571 idoneus,
994 3529 1176 3564 decretum

90 3573 263 3614 praetoris
290 3571 471 3608 curatores
494 3575 549 3608 vel
569 3577 705 3608 tutores
722 3574 969 3609 constituentis
985 3574 1176 3626 implorare

98 3619 134 3650 10
181 3617 351 3651 debuerit.
407 3618 602 3654 Tutoribus
640 3618 776 3654 idoneis
809 3618 902 3654 diem
931 3619 1066 3654 functis
1099 3619 1176 3653 vice

96 3779 133 3811 (ฮน)
160 3774 355 3806 hereditatis
368 3776 429 3809 del.
497 3777 542 3817 (2)
568 3776 835 3809 hereditatemF

1174 149 1261 196 345

906 3778 948 3817 (3)
974 3776 1148 3817 iniverint]
1166 3777 1319 3808 inuerint
1330 3775 1392 3818 F1,
1406 3777 1574 3808 intuerint
1586 3777 1620 3808 F
1625 3776 1638 3795 2

2138 154 2281 196 XXVI
2316 159 2337 195 7

1249 279 1375 310 mutua
1405 274 1604 320 periculum
1636 274 1683 308 ad
1715 274 1863 310 heredes
1903 284 2025 310 eorum
2056 285 2128 310 11011
2151 275 2343 318 redundat,

1249 320 1345 365 quod
1387 330 1461 355 non
1501 319 1629 355 habuit
1670 318 1789 354 locum
1833 319 1952 355 officio
1995 321 2129 355 tutelae
2163 326 2339 356 manente.

1253 368 1289 399 11
1340 366 1382 400 In
1406 375 1506 407 011111,
1540 364 1600 410 qui
1632 364 1779 398 tutelam
1802 375 1923 415 gerere
1948 366 2072 408 noluit,
2123 370 2180 401 ost
2204 370 2342 402 ceteros

1250 410 1311 454 qui
1357 413 1520 445 esserunt
1558 409 1734 444 actionem
1767 410 1887 444 utilem
1919 411 2052 445 tutelae

1275 466 1320 490 110

1250 466 1399 545 3egotiis
1424 500 1656 541 miscuerunt,
1680 498 1744 534 sed
1776 500 1953 534 communi
1986 502 2205 546 neglegentia
2236 503 2339 547 perit,

1250 545 1341 580 citra
1364 544 1629 581 substitutionis
1654 543 1814 579 ordinem
1837 545 2034 589 aequaliter
2066 547 2222 581 omnium
2245 547 2338 592 peri-

1252 593 1292 625 12
1340 591 1459 626 culum
1498 593 1649 635 spectat.
1713 588 1867 624 Tutores
1906 590 2040 634 pubere
2082 592 2216 636 pupillo
2253 603 2338 627 con-

1250 635 1375 671 stituto
1411 636 1508 670 litem
1531 634 1782 687 appellationis
1806 634 2009 670 inchoatam
2029 636 2127 671 iussu
2154 638 2340 672 consulum

1249 681 1295 716 ob
1320 681 1483 716 notitiam
1518 691 1570 715 101
1600 679 1845 725 perfecerunt:
1889 691 1969 715 cum
2002 681 2195 717 iudicatum
2219 693 2339 728 perse-

1250 726 1311 770 qui
1334 737 1407 761 non
1430 729 1637 770 potuerunt,
1661 725 1822 770 periculo
1848 725 1975 770 culpae
2000 737 2072 761 non
2103 728 2339 764 subiciuntur.

1254 773 1294 805 13
1340 771 1398 806 Ab
1435 781 1477 806 eo
1491 798 1500 813 โ
1538 771 1597 816 qui
1631 770 1868 805 restitutionis
1904 771 2035 806 auxilio
2080 783 2151 807 non
2187 774 2341 816 iuvatur,

1251 816 1412 861 quaestio
1438 816 1566 861 culpae
1589 819 1748 851 tutorum
1783 816 2016 851 conventione
2047 818 2179 852 remitti
2235 822 2340 861 otest,

1255 864 1295 896 14
1342 871 1409 896 nec
1441 861 1635 904 donatum,
1668 861 1731 896 sed
1762 864 1986 896 transactum
2017 862 2164 896 videtur.
2249 864 2339 908 egle-

1248 906 1389 951 gentiae
1413 909 1572 941 tutorum
1595 906 1754 951 periculo
1779 906 1981 948 nominum,
2015 917 2106 951 quae
2156 911 2232 943 ater
2258 919 2340 944 usu-

1247 951 1298 987 ris
1321 951 1517 987 maioribus
1547 951 1655 993 fecit,
1688 951 1869 996 adscripto
1902 951 2039 996 pupilla
2063 952 2122 996 qui
2149 963 2203 987 em
2227 955 2339 990 actio-

1248 1007 1330 1032 nem
1366 996 1559 1032 calendarii
1601 999 1786 1041 praestare
1822 996 1961 1041 cogitur
1976 1023 1985 1038 ,
2031 1002 2177 1032 exactas
2221 1003 2341 1034 autem

1248 1052 1378 1077 usuras
1410 1042 1546 1077 tutelae
1576 1045 1736 1086 tempore
1768 1041 1858 1077 citra
1882 1042 1990 1076 ullam
2015 1044 2341 1087 compensationem

1252 1091 1290 1122 15
1339 1087 1479 1122 retinet.
1528 1086 1749 1122 Adulescens
1765 1087 1944 1122 tutoribus
1963 1088 2157 1129 conventis,
2175 1098 2197 1122 a
2213 1089 2342 1133 quibus

1247 1135 1363 1167 totum
1395 1132 1530 1168 servari
1563 1142 1637 1167 non
1669 1132 1803 1177 potuit,
1836 1132 2004 1167 adversus
2038 1137 2240 1175 curatores,
2275 1136 2343 1179 โ,(1111

1247 1177 1397 1213 1111010111
1421 1177 1468 1212 ad
1491 1187 1531 1213 30
1554 1177 1775 1222 neglegentia
1791 1188 1862 1212 non
1880 1177 2151 1219 transtulerunt,
2168 1178 2343 1224 integram

1247 1223 1424 1258 actionem
1460 1223 1606 1257 retinet:
1650 1232 1766 1267 neque
1801 1222 1892 1257 enim
1927 1223 2062 1257 tutelae
2093 1223 2224 1259 iudicio
2257 1234 2342 1260 con-

1247 1271 1428 1313 sumptum
1472 1268 1612 1303 videtur
1625 1294 1634 1309 ,
1678 1266 1773 1312 quod
1817 1267 1962 1302 alterius
2005 1267 2116 1303 officii
2151 1270 2343 1313 querellam

1251 1316 1290 1348 16
1337 1313 1474 1348 habuit.
1535 1313 1674 1354 Tutor,
1710 1312 1771 1357 (1111
1807 1313 1937 1348 11110113
1972 1313 2142 1348 1(1011011111
2176 1314 2342 1350 heredem

1249 1359 1437 1394 convenire
1460 1358 1586 1403 pupilli
1609 1358 1753 1393 nomine
1776 1358 1903 1399 noluit,
1929 1358 2049 1392 damni
2079 1359 2232 1394 vicarius
2257 1361 2341 1395 sub-

1247 1403 1426 1445 stituitur,
1462 1406 1503 1438 ut
1536 1404 1586 1444 is,
1623 1403 1685 1447 qui
1720 1413 1793 1438 non
1827 1403 1995 1438 idoneum
2025 1404 2160 1439 tutelae
2182 1408 2343 1450 tempore

1250 1452 1288 1483 17
1337 1452 1543 1493 suspectum
1566 1447 1687 1483 facere
1722 1448 1933 1493 supersedit.
1990 1449 2140 1484 Tutelae
2170 1450 2342 1486 iudicium

1245 1494 1326 1529 ideo
1360 1493 1492 1528 differri
1523 1504 1595 1528 non
1628 1497 1788 1538 oportet,
1824 1493 1921 1538 quod
1952 1493 2074 1529 fratris
2099 1498 2134 1529 et
2158 1496 2342 1531 coheredis

1251 1542 1291 1574 18
1338 1539 1535 1584 impuberis
1582 1538 1675 1573 idem
1717 1538 1867 1574 tutelam
1902 1540 2088 1574 sustineat.
2159 1540 2264 1585 Quod
2299 1541 2343 1575 de

1246 1584 1386 1630 peculio
1413 1584 1504 1619 servi
1529 1584 1680 1626 actoris,
1706 1595 1810 1628 quem
1835 1584 2045 1620 adulescens
2069 1588 2261 1630 postquam
2283 1596 2341 1621 res

1247 1640 1332 1665 suas
1364 1629 1614 1664 administrare
1647 1629 1765 1674 coepit
1807 1630 2054 1671 manumisitโดโ
2099 1631 2247 1666 retinuit
2277 1634 2342 1666 aut

1247 1675 1400 1710 retinere
1422 1675 1551 1720 potuit,
1576 1675 1614 1709 111
1636 1675 1777 1710 10110110
1800 1674 1983 1710 reddenda
2015 1676 2174 1710 curatori
2198 1686 2263 1721 per
2285 1677 2340 1711 iu-

1246 1720 1360 1756 dicem
1384 1723 1533 1765 accepto
1557 1719 1703 1754 feretur.

1292 1764 1346 1803 40
1371 1764 1479 1800 IDEM
1499 1765 1590 1800 libro
1614 1768 1720 1800 sexto
1743 1776 2002 1811 responsorum
2056 1766 2238 1810 Impuberi
2267 1766 2340 1802 filio

1247 1810 1409 1846 centurio
1434 1814 1637 1846 curatorem
1662 1810 1769 1845 dedit.
1819 1810 1963 1846 decreto
1988 1811 2163 1855 praetoris
2188 1822 2261 1846 non
2285 1822 2340 1847 se-

1248 1859 1329 1891 cuto
1354 1856 1385 1890 si
1408 1856 1496 1890 nihil
1521 1859 1667 1890 curator
1687 1856 1793 1890 datus
1813 1855 2046 1898 administret,
2071 1856 2230 1900 periculo
2256 1867 2341 1892 0011-

1245 1901 1426 1936 11111100100
1459 1901 1515 1936 vel
1558 1901 1799 1945 neglegentiae
1841 1911 1915 1935 non
1950 1900 2210 1946 adstringetur:
2258 1912 2342 1937 nam

1245 1946 1464 1992 privilegium
1497 1946 1647 1980 militum
1671 1946 1717 1981 ad
1741 1946 1893 1981 alienam
1924 1946 2090 1981 iniuriam
2113 1947 2246 1992 porrigi
2269 1957 2342 1982 non

1246 1995 1391 2037 oportet
1413 2002 1480 2026 nec
1503 1991 1541 2026 111
1565 1991 1644 2026 01113
1669 1992 1766 2026 circa
1797 2001 2000 2036 supremam
2023 1991 2243 2026 voluntatem
2275 1992 2340 2026 im-

1245 2037 1396 2082 peritiae
1419 2037 1524 2071 venia
1548 2036 1655 2071 datur
1679 2047 1787 2081 quam
1810 2036 1848 2071 in
1871 2037 1974 2072 bonis
1987 2037 2146 2079 militum,
2171 2037 2235 2072 filii
2257 2048 2340 2073 vero

1245 2082 1359 2162 11110ฮแฝฒ
1389 2082 1467 2117 11110
1497 2082 1637 2127 patriae
1667 2081 1876 2126 potestatis,
1909 2092 1983 2117 non
2013 2081 2159 2117 militiae
2182 2083 2341 2127 praemio

1246 2138 1330 2162 man
1358 2130 1450 2162 atur.

1293 2171 1343 2209 41
1372 2172 1481 2207 IDEM
1507 2172 1598 2207 libro
1630 2173 1781 2218 septimo
1815 2182 2070 2218 responsorum
2118 2172 2186 2216 Qui
2220 2173 2341 2217 plures

1245 2221 1384 2253 tutores
1407 2218 1545 2260 habuit,
1569 2228 1691 2259 unum,
1717 2217 1777 2262 qui
1801 2217 1968 2252 solvendo
1982 2227 2055 2252 non
2073 2216 2154 2260 fuit,
2168 2218 2342 2253 rationem

1247 2267 1350 2299 actus
1375 2263 1431 2298 sui
1454 2263 1566 2298 vetuit
1588 2262 1747 2297 reddere.
1774 2263 1943 2307 quoniam
1960 2262 2035 2297 eius
2051 2262 2227 2305 liberatio,
2245 2263 2342 2315 quod

1246 2319 1291 2344 ex
1314 2308 1429 2343 tutela
1451 2308 1613 2360 percepit
1636 2310 1701 2342 aut
1716 2308 1796 2343 dolo
1819 2308 2007 2350 contraxit,
2033 2318 2106 2342 non
2127 2311 2181 2343 est
2203 2309 2340 2351 rehcta,

1247 2357 1453 2390 contutores
1468 2381 1477 2396 ,
1514 2364 1574 2398 qui
1610 2357 1817 2398 suspectum
1850 2352 1972 2388 facere
2007 2353 2260 2397 neglexerunt,
2297 2364 2341 2389 ex

1247 2399 1355 2444 culpa
1387 2403 1485 2434 recte
1517 2398 1794 2434 conveniuntur:
1838 2401 1938 2433 tutor
1962 2398 2054 2433 enim
2078 2398 2271 2442 legatarius
2297 2409 2342 2433 ex

1247 2445 1304 2480 cul
1331 2454 1363 2487 0,
1390 2455 1481 2489 (11100
1505 2447 1722 2479 testamento
1746 2443 1896 2478 remissa
1919 2446 1984 2485 est,
2009 2453 2083 2478 non
2105 2447 2258 2478 tenetur.

1322 2487 1346 2526 2
1371 2489 1480 2524 IDEM
1506 2489 1597 2525 libro
1623 2490 1747 2535 primo
1779 2488 2028 2533 definitionum
2088 2488 2148 2523 Ex
2177 2489 2340 2533 pluribus

1246 2535 1426 2570 tutoribus
1458 2534 1495 2569 in
1527 2534 1679 2569 solidum
1712 2545 1823 2568 unum
1853 2537 2008 2568 tutorem
2039 2533 2146 2568 iudex
2172 2534 2339 2569 condem-

1246 2581 1355 2616 navit.
1392 2580 1430 2614 in
1461 2590 1537 2614 rem
1568 2589 1670 2614 suam
1693 2579 1873 2614 iudicatus
1897 2581 2111 2623 procurator
2135 2578 2242 2614 datus
2265 2579 2339 2624 pri-

1245 2626 1409 2670 vilegium
1432 2625 1558 2670 pupilli
1582 2635 1656 2660 non
1679 2624 1836 2665 habebit,
1862 2623 1958 2667 quod
1977 2633 2044 2658 nec
2068 2622 2190 2658 heredi
2213 2624 2341 2669 pupilli

1246 2670 1370 2706 datur:
1403 2681 1475 2705 non
1507 2670 1599 2704 enim
1631 2679 1779 2708 0011300,
1812 2668 1875 2703 3ฮฟแพฑ
1905 2678 2082 2712 personae
2105 2669 2338 2712 succurritur,

1246 2726 1339 2761 quae
1362 2717 1493 2750 meruit
1516 2715 1747 2760 praecipuum
1770 2713 1936 2749 favorem.

1291 2758 1344 2798 43
1371 2760 1531 2795 Panos
1552 2760 1643 2795 libro
1666 2760 1817 2805 septimo
1843 2759 2093 2804 quaestionum
2142 2758 2230 2794 Cum
2254 2763 2339 2804 post

1245 2810 1394 2842 mortem
1426 2805 1552 2851 pupilli
1584 2805 1714 2840 desinit
1748 2814 1826 2839 esse
1857 2814 1986 2839 nomen
2017 2803 2203 2846 idoneum,
2240 2807 2340 2840 tutor

1249 2855 1263 2886 1
1299 2851 1458 2897 periculo
1472 2850 1646 2886 eximitur.
1673 2849 1740 2894 Qui
1751 2851 1775 2891 โต,
1795 2860 1876 2884 cum
1901 2853 1996 2884 esset
2017 2848 2141 2884 fratris
2166 2849 2221 2884 sui
2244 2849 2340 2884 filiae

1245 2900 1402 2939 curator,
1438 2895 1697 2941 quadringenta
1733 2894 1825 2930 dotis
1857 2894 1999 2929 nomine
2040 2894 2167 2930 marito
2202 2894 2277 2930 eius
2301 2905 2340 2930 se

1245 2942 1413 2977 daturum
1436 2940 1616 2985 promisit:
1658 2950 1810 2984 quaero,
1845 2949 1892 2974 an
1918 2939 2200 2975 succurrendum
2224 2940 2271 2975 sit
2295 2940 2338 2982 ei,

1246 2998 1327 3023 cum
1350 2989 1477 3031 postea
1501 2996 1584 3020 aere
1615 2985 1729 3020 alieno
1755 2988 1954 3029 emergente
1978 2995 2087 3029 supra
2109 2985 2201 3020 vires
2225 2985 2337 3029 patri-

1244 3032 1354 3067 monii
1378 3031 1453 3066 01113
1478 3031 1543 3066 (103
1567 3030 1743 3075 promissa
1767 3030 1822 3072 sit,
1848 3029 2016 3074 quoniam
2039 3030 2077 3064 in
2099 3030 2335 3065 instrumento

1243 3077 1295 3112 110
1320 3077 1492 3121 scriptum
1527 3076 1573 3110 sit
1609 3075 1677 3110 โille
1712 3079 1863 3120 patruus
1900 3078 1935 3110 01
1971 3078 2116 3110 curator
2151 3074 2337 3119 stipulanti

1246 3121 1468 3168 โspoponditโ.
1501 3123 1619 3155 movet
1642 3121 1897 3165 quaestionem,
1923 3120 2019 3165 quod
2042 3130 2114 3155 non
2138 3124 2178 3154 ut
2203 3120 2246 3154 de
2270 3130 2334 3154 suo

1247 3168 1366 3202 dotem
1390 3166 1502 3208 daret,
1527 3165 1590 3201 sed
1614 3176 1695 3200 cum
1727 3165 1888 3200 crederet
1918 3165 2093 3200 rationem
2124 3165 2334 3210 pupillarem

1245 3212 1421 3254 sufficere,
1446 3211 1618 3256 promisit.
1643 3215 1831 3256 praeterea
1848 3214 1882 3245 et
1905 3210 1992 3245 illud
2014 3211 2073 3245 hic
2096 3214 2216 3255 potest
2242 3213 2335 3243 trac-

1243 3258 1332 3300 tari,
1367 3260 1425 3299 ut,
1459 3257 1489 3291 si
1519 3256 1635 3291 sciens
1668 3260 1813 3292 curator
1835 3267 1907 3291 non
1932 3255 2098 3290 sufficere
2146 3254 2333 3305 remiserit,

1243 3303 1299 3338 vel
1323 3302 1475 3337 donasse
1498 3301 1660 3337 videatur
1689 3302 1761 3344 vel,
1799 3302 1966 3346 quoniam
2003 3300 2083 3335 dolo
2137 3303 2226 3340 0011,
2263 3308 2335 3332 11011

1243 3348 1294 3383 1111
1318 3350 1562 3383 succurratur.
1590 3347 1776 3391 respondi:
1800 3350 1944 3381 curator
1957 3356 2038 3381 cum
2059 3344 2217 3380 officium
2230 3353 2333 3377 suum

1245 3403 1407 3438 egressus
1431 3395 1559 3437 sponte
1583 3402 1621 3427 se
1645 3392 1870 3436 obligaverit,
1903 3402 1976 3426 non
2009 3393 2096 3434 puto
2130 3389 2161 3422 ei
2186 3399 2207 3422 a
2254 3398 2333 3439 10ฮฟแฟ

1244 3442 1323 3473 1010
1348 3437 1526 3472 31111ฮฝฮฟ11111
1561 3437 1709 3479 debere,
1745 3448 1818 3472 non
1849 3436 1960 3480 magis
1986 3445 2091 3479 quam
2115 3434 2144 3468 si
2169 3443 2226 3467 cre
2252 3436 2335 3467 11011

1270 3483 1384 3518 1101100
1415 3482 1603 3527 pecuniam
1635 3492 1673 3517 se
1705 3482 1871 3517 daturum
1904 3479 2170 3532 spopondisset:
2216 3476 2279 3512 sed
2304 3477 2333 3528 Is

1244 3494 1290 3563 ge
1314 3538 1383 3572 quo
1408 3531 1605 3563 tractamus
1629 3528 1660 3563 si
1683 3538 1756 3562 non
1781 3525 1936 3562 donandl
1960 3525 2088 3564 animo,
2110 3522 2177 3574 โsed
2201 3525 2333 3573 negotii

1244 3572 1388 3617 gerendi
1413 3583 1523 3608 causa
1547 3573 1664 3608 dotem
1689 3572 1869 3618 promisit,
1900 3570 2010 3604 habet
2033 3568 2215 3619 mullerem
2241 3567 2331 3601 obh-

1245 3622 1364 3663 gatam
1389 3621 1424 3652 et
1446 3619 1577 3663 poterit
1601 3618 1671 3653 dici
1695 3618 1801 3652 etiam
1820 3619 1984 3650 manente
2004 3617 2227 3648 matrimomo
2254 3621 2332 3646 eam

2108 411 2161 445 ari
2191 411 2339 456 placuit.

1379 460 1498 490 tamen
1530 465 1575 489 ex
1605 454 1717 489 tutela
1748 464 1820 488 non
1851 456 2011 498 pervenit
2042 456 2089 491 ad
2113 466 2192 498 eos,
2218 457 2279 502 qui
2303 467 2341 492 30

2021 3773 2061 3810 (51
2090 3770 2226 3811 quidam
2254 3770 2320 3803 edd

2017 3829 2060 3860 44

1710 3777 1751 3815 (4)
1778 3777 1810 3806 et
1824 3775 1883 3807 ins.
1897 3773 1930 3804 F
