2528 3918
206 123 397 167 XXXIII
400 123 420 166 1
449 125 475 165 4

207 257 271 294 per
301 244 611 282 fideicommissum
641 242 757 288 dedit,
791 243 831 280 ln
869 243 998 289 quibus
1034 246 1071 279 et
1101 241 1288 290 οὑγκτηοιι

231 290 434 328 taediorum
456 299 549 336 quae
571 288 823 335 appellabatur
845 289 942 325 circa
958 288 1154 325 Colonen¹:
1178 287 1293 324 eidem

221 337 335 373 ‘berto
358 338 485 381 postea
507 344 573 380 per
594 333 807 380 epistulam²
829 334 919 370 alias
932 333 1039 369 etiam
1060 343 1118 370 res
1136 332 1292 378 donavit,

207 382 244 417 in
267 381 397 426 quibus
421 379 466 416 de
490 379 572 416 Seia
594 383 632 416 et
653 378 839 425 Pamphilo
862 379 991 414 ita‘est
1013 378 1150 414 locuta:
1173 375 1291 413 ‘Tatta

205 424 292 462 ’τοῖς
314 423 551 472 κληρονόμοις
571 437 642 471 μου
663 427 812 471 χαίρειν.
854 422 1032 469 βούλομαι
1053 425 1186 468 βέβαια
1202 422 1294 458 εἶναι

204 469 263 506 ‘ni
286 467 562 518 ὑποτεταγμένα,
590 464 659 505 ὅσα
681 469 832 516 Ιφθασα
858 469 904 504 εἰς
926 467 969 503 τὸ
986 466 1102 512 ὄνομα
1124 465 1168 502 τὸ
1185 470 1292 513 Παμ-

204 513 330 562 ‘manv
352 516 601 559 πεποιηκέναι.
641 513 706 550 ἐὰν
727 514 818 570 Σειΐα
844 511 865 557 ἡ
890 510 1090 566 σήντροφρς
1111 526 1182 558 μου
1206 511 1292 555 κλη-

204 559 373 609 “ρονόμοε
402 559 462 606 μὴ,
482 562 644 608 γίνηται,
680 558 718 599 ἐξ
747 572 789 593 ου
817 561 979 606 γέγραφα
1020 556 1132 602 αυτὴν
1157 561 1293 604 μέρους,

204 604 397 686 ἰῖρὶρλομξςιι
421 600 509 652 αὐτῇ
534 602 696 648 δοθῆναι
723 602 790 647 τὴν
813 602 1002 650 οὐγκτησιν
1023 602 1091 647 τὴν
1113 605 1196 651 περὶ
1221 606 1293 638 Κο-

271 663 338 694 νην
373 677 383 687 .

234 699 312 732 arte
333 695 544 732 hereditatis
567 695 601 731 ei
624 697 837 731 testamento
855 693 1039 739 adscripta
1051 704 1096 729 ex
1120 693 1293 730 codicillis

233 740 526 785 deicommissum,
549 740 587 775 id
598 743 654 776 est
665 739 855 786 οὐγκτησιν
873 739 970 775 circa
982 738 1151 782 Colonen,
1176 738 1294 783 eligat,

207 797 264 831 an,
289 786 320 823 si
343 785 552 832 Pamphilus
576 795 621 821 ex
644 794 754 820 causa
767 783 1031 820 fideicommissi
1053 783 1178 820 eadem
1214 794 1294 819 rae-

208 832 268 867 dia
289 830 454 874 vindicet,
479 830 552 867 doli
573 830 659 865 mali
681 829 890 883 exceptione
919 829 1131 865 summoveri
1154 828 1197 864 de
1224 832 1293 864 eat.

208 876 393 922 respondit
426 876 640 912 translatum
669 874 780 910 viden
806 873 1118 911 fideicommissum
1151 873 1293 919 praedi-

208 920 394 1002 3¹³5&
417 919 698 1002 &tatewit
720 923 912 1001 flxaeffissz‘.
926 918 1236 1010 {zitrfffffffia
1258 919 1295 999 {¹1¹}

208 1011 392 1058 provincia
414 1010 644 1054 decessisset,
676 1010 862 1055 sexaginta
883 1009 998 1045 Lucio
1023 1009 1143 1045 Titio⁴
1167 1008 1293 1044 daren-

208 1063 278 1101 tur,
308 1059 349 1092 ut
371 1056 402 1092 is
427 1066 558 1101 corpus
582 1055 658 1091 eius
688 1058 832 1091 curaret
858 1054 896 1090 in
924 1053 1078 1100 patriam
1106 1054 1294 1100 reportari,

208 1106 245 1138 et
267 1101 448 1138 adiecerat
475 1101 565 1137 haec
593 1100 718 1136 verba:
749 1099 821 1136 ‘cui
851 1099 1000 1135 concedi
1027 1100 1125 1144 volo,
1155 1099 1188 1135 si
1211 1098 1296 1144 quid

209 1150 265 1183 ‘ex
294 1156 337 1183 ea
366 1146 519 1192 pecunia
547 1145 748 1192 supererit'.
794 1144 920 1181 eadem
948 1144 1005 1180 die
1034 1144 1219 1181 codicillos
1243 1144 1295 1197 ‘ad

209 1191 358 1228 heredes
382 1202 467 1228 suos
496 1191 548 1226 ita
576 1190 784 1236 scripserat:
817 1192 912 1235 ‘peto
942 1199 965 1225 a
988 1189 1105 1233 vobis,
1136 1193 1193 1232 ut,
1223 1200 1296 1226 sive

209 1237 257 1272 ‘in
280 1236 464 1283 provincia
486 1236 559 1271 sive
581 1235 620 1270 in
643 1235 700 1270 via
722 1235 858 1288 aliquid
890 1234 977 1270 mihi
1006 1234 1211 1271 humanitus
1235 1244 1295 1270 ac-

209 1282 357 1325 ‘ciderit,
381 1292 513 1326 corpus
537 1291 655 1316 meum
678 1284 810 1316 curetis
821 1281 880 1316 et⁵
901 1279 940 1315 in
964 1279 1159 1325 Campania
1181 1281 1240 1315 et⁵
1258 1279 1296 1315 in

209 1330 485 1363 ‘monumentum
508 1325 664 1362 filiorum
676 1335 836 1361 meorum
852 1325 1062 1370 reportare’.
1097 1325 1296 1370 quaesitum

208 1375 279 1416 est,
309 1382 357 1407 an
379 1371 433 1414 id,
463 1370 560 1416 quod
589 1369 808 1416 superfuerit
835 1380 882 1406 ex
905 1369 1106 1415 sexaginta,
1136 1380 1159 1405 a
1182 1369 1296 1406 Lucio

209 1417 304 1453 Titio
333 1416 442 1452 tacite
474 1415 659 1451 ademerit.
716 1414 901 1460 respondit
935 1414 1140 1460 ademptum
1172 1414 1295 1451 videri.

209 1465 229 1497 3
276 1460 346 1506 Qui
379 1461 472 1497 filias
506 1471 551 1496 ex
586 1460 790 1506 disparibus
825 1460 1050 1506 portionibus
1083 1463 1297 1497 testamento

209 1506 381 1543 heredes⁸
404 1505 619 1549 instituerat,
643 1515 758 1558 paene
781 1506 938 1541 omnium
951 1506 1129 1542 bonorum
1151 1516 1297 1542 suorum

208 1551 333 1588 eodem
356 1555 569 1588 testamento
593 1550 801 1587 divisionem
815 1550 910 1595 fecit,
936 1550 1062 1587 deinde
1075 1551 1166 1587 haec
1189 1550 1298 1587 verba

210 1596 358 1633 adiecit:
391 1593 452 1630 “n'z
481 1594 522 1631 δὲ
544 1594 653 1631 λοιπὰ
684 1594 806 1631 πάντα
844 1597 920 1630 τῶν
949 1593 1186 1644 ὑπαρχόντων
1209 1609 1294 1652 μου,

222 1639 356 1687 ὁμοίως
384 1644 446 1675 καὶ
475 1640 521 1676 τὰ
553 1643 614 1684 τῆς
644 1639 880 1689 κληρονομίας
910 1639 1008 1687 βάρη
1038 1643 1142 1676 ἔσται
1172 1654 1299 1686 μονων

212 1683 297 1722 ’τῶν
320 1684 383 1722 δύο
405 1699 476 1732 μου
498 1686 714 1754 θὐχατξρων
731 1689 869 1768 Πςῖἑμης
888 1689 953 1767 ggii
969 1683 1173 1767 ffiqlascofvdvys
1195 1683 1299 1766 ἢΗτῆς

737 1742 776 1767 os
814 1742 838 1767 a
867 1741 886 1767 c
949 1741 968 1767 c
1079 1741 1169 1776 onge
1192 1741 1214 1766 a
1241 1741 1299 1766 am

210 1777 417 1814 divisionem
441 1776 528 1813 fecit
551 1742 735 1813 bonorum?
749 1776 843 1813 inter
866 1776 1019 1821 easdem,
1043 1776 1137 1812 inter
1150 1786 1240 1822 quas
1263 1779 1300 1812 et

210 1825 421 1859 testamento
444 1821 623 1864 diviserat,
647 1821 823 1867 quaedam
844 1825 965 1858 tamen
988 1821 1078 1857 nulli
1091 1821 1299 1858 nominatim

210 1867 318 1903 dedit.
372 1867 572 1912 quaesitum
605 1871 675 1911 est,
705 1877 752 1903 an
774 1866 894 1903 Prima
922 1871 960 1903 et
987 1866 1154 1903 Secunda
1181 1866 1299 1902 filiae⁸

209 1924 254 1949 ex
276 1912 394 1949 verbis
417 1912 623 1949 testamenti
646 1922 753 1949 conse
778 1912 816 1947 ui
838 1912 987 1957 possint,
1011 1915 1053 1947 ut
1064 1912 1163 1949 solae
1186 1912 1298 1948 habe-

209 1962 273 1994 ant
296 1968 348 2002 ea,
373 1967 466 2012 quae
487 1957 695 1993 nominatim
717 1968 741 1993 n
795 1957 804 1966 ‘
817 1957 943 1994 relicta
958 1961 1044 1994 sunt
1065 1956 1297 2001 indivisione,

210 2013 301 2049 quae
320 2003 512 2039 novissima
528 2012 551 2038 a
562 2006 666 2048 patre
682 2002 780 2038 facta
797 2006 863 2039 est.
895 2002 1081 2048 respondit
1096 2013 1169 2038 non
1185 2012 1208 2038 a
1220 2006 1298 2038 tota

211 2049 394 2085 voluntate
416 2047 608 2084 recessisse
630 2047 752 2091 videri,
777 2047 842 2084 sed
863 2047 920 2084 his
931 2051 1072 2083 tantum
1088 2048 1196 2084 rebus
1209 2058 1298 2093 quas

210 2097 231 2129 4
277 2093 518 2129 reformasset.
566 2092 656 2128 Cum
668 2096 751 2138 post
773 2096 916 2138 apertas
940 2093 1082 2129 tabulas
1094 2092 1299 2129 testamenti

211 2138 455 2175 Priscillianus
479 2137 617 2180 vixerit,
642 2137 686 2173 de
711 2137 812 2174 cuius
836 2138 953 2183 legato
977 2138 1211 2183 portioneque
1235 2138 1298 2174 he·

211 2183 372 2220 reditatis
394 2186 509 2219 mater
531 2182 686 2228 epistula
697 2183 748 2218 ita
769 2186 928 2219 caverat:
954 2183 1134 2228 ‘quoniam
1151 2183 1299 2228 cognovi

211 2228 486 2264 ‘Priscillianum
513 2227 626 2263 filium
653 2238 772 2264 meum
799 2228 837 2264 in
865 2228 1033 2264 extremis
1056 2238 1145 2272 esse,
1176 2228 1297 2264 iustis-

212 2274 350 2309 ‘simum
373 2277 410 2309 et
433 2273 631 2319 piissimum
652 2272 738 2308 duxi
761 2273 962 2319 portionem
983 2273 1059 2309 eius
1077 2272 1298 2315 hereditatis,

211 2321 330 2364 ‘quam
351 2318 387 2355 ei
409 2321 621 2354 testamento
643 2317 826 2362 dederam,
859 2318 977 2364 legare
1000 2318 1164 2354 Mariano
1195 2318 1300 2354 fratri

211 2366 300 2400 ‘meo
323 2367 361 2400 et
384 2363 550 2400 Ianuario
579 2363 707 2399 marito
735 2373 814 2400 meo
838 2363 961 2409 aequis
990 2363 1232 2409 portionibus:
1263 2367 1300 2399 et

212 2409 254 2445 ‘si
277 2408 364 2454 quid
387 2408 420 2445 ei
442 2407 595 2462 amplius
618 2408 835 2454 legaveram,
867 2412 908 2443 ut
936 2408 967 2444 si
995 2408 1081 2454 quid
1109 2407 1143 2444 ei
1173 2409 1297 2443 huma-

212 2454 319 2490 ‘nitus
344 2453 542 2499 contigerit,
566 2453 613 2490 do
635 2454 649 2489 1
693 2454 738 2490 0⁹
773 2453 922 2500 darique
950 2453 1001 2490 eis
1032 2453 1142 2489 volo':
1173 2457 1300 2499 postea

211 2510 255 2535 ex
284 2498 408 2535 eadem
436 2498 642 2535 infirmitate
702 2499 917 2536 riscillianus
946 2498 1110 2535 decessit.
1158 2499 1298 2552 quaesi-

211 2548 287 2579 tum
316 2548 387 2587 est,
416 2554 464 2579 an
491 2544 646 2590 legatum
675 2554 817 2590 quoque
846 2544 923 2580 eius
952 2543 1000 2579 ad
1028 2544 1235 2579 Ianuarium
1263 2547 1300 2580 et

212 2589 414 2625 Marianum
437 2599 482 2625 ex
506 2599 616 2626 causa
638 2589 902 2626 fideicommissi
924 2588 1114 2635 pertineat.
1151 2599 1298 2634 respon-

212 2635 263 2670 dit
297 2644 403 2687 posse
437 2633 563 2679 videri,
605 2634 637 2670 si
670 2634 882 2671 decessisset
920 2645 966 2671 ex
1005 2644 1048 2670 ea
1083 2633 1297 2678 infirmitate,

212 2679 413 2759 ommmofilo
441 2683 478 2715 et
500 2679 656 2725 legatum
679 2679 726 2715 ad
749 2689 811 2716 eos
839 2679 884 2715 de
908 2679 1038 2725 quibus
1067 2683 1300 2725 quaereretur

212 2729 352 2760 transtu
381 2734 450 2760 sse.

258 2767 308 2806 31
341 2768 544 2805 Scaevam
555 2770 583 2791 ¹⁰
612 2769 704 2806 libro
767 2773 873 2806 uarro
907 2769 1043 2806 decimo
1077 2770 1298 2817 digestorum

214 2814 305 2850 Filio
329 2824 374 2850 ex
396 2817 498 2867 parte
521 2814 644 2850 heredi
666 2814 830 2850 instituto
843 2814 933 2851 duos
957 2814 1087 2851 fundos
1103 2825 1184 2850 cum
1198 2826 1298 2850 man-

213 2858 314 2904 cipiis
338 2862 375 2895 et
397 2862 632 2896 instrumento
657 2859 752 2895 omni
775 2859 918 2905 legavit:
950 2859 1044 2895 idem
1068 2860 1172 2896 uxori
1194 2861 1299 2906 plura

212 2905 330 2949 legata
352 2908 388 2939 et
410 2914 531 2940 servos
556 2904 716 2940 Stichum
739 2908 776 2940 et
789 2905 940 2940 Damam
962 2905 1105 2950 legavit:
1130 2905 1194 2941 sed
1217 2916 1298 2941 cum

212 2949 250 2984 in
274 2949 387 2984 altero
411 2959 456 2985 ex
479 2949 599 2985 fundis
629 2949 701 2985 filio
725 2950 939 3003 praelegatis
968 2950 1192 2995 cognovisset
1220 2951 1295 2986 vili-

213 3004 294 3030 cum
312 3004 384 3029 non
401 3004 490 3038 esse,
516 2994 677 3030 Stichum
695 2995 790 3031 misit
807 2998 844 3031 et
856 2999 930 3030 tam
953 2995 1005 3031 rei
1022 2996 1178 3031 rusticae
1192 3006 1298 3041 quam

214 3039 412 3075 rationibus
446 3038 550 3074 fundi
587 3039 774 3084 praefecit:
812 3040 1012 3085 quaesitum
1047 3043 1117 3084 est,
1153 3040 1298 3077 Stichus

214 3088 333 3119 utrum
357 3083 404 3119 ad
426 3094 573 3119 uxorem
596 3095 643 3119 an
666 3084 712 3120 ad
728 3085 840 3120 filium
864 3084 1067 3131 pertineret.
1103 3086 1296 3130 respondit,

214 3140 294 3165 cum
324 3139 459 3165 memor
488 3132 565 3164 erat
595 3139 733 3174 eorum,
769 3140 860 3176 quae
894 3133 1105 3166 testamento
1135 3131 1297 3175 cavisset,

213 3174 375 3210 Stichum
398 3173 454 3210 his
478 3174 641 3218 praediis,
666 3173 704 3210 in
727 3185 819 3219 quae
842 3175 1038 3211 translatus
1051 3179 1115 3218 est,
1140 3179 1298 3212 actorem

214 3219 340 3256 cedere
368 3230 433 3255 nec
462 3229 609 3254 uxorem
638 3230 743 3264 posse
773 3220 935 3256 Stichum
964 3231 1008 3255 ex
1035 3219 1298 3257 fideicommissi

219 3269 229 3299 l
282 3274 391 3300 causa
414 3267 546 3310 petere.
595 3264 702 3299 Matri
727 3275 812 3301 suae
843 3265 965 3301 heredi
994 3275 1039 3300 ex
1070 3269 1172 3311 parte
1196 3266 1296 3302 insti·

213 3312 311 3345 tutae
360 3313 505 3344 nattuor
528 3308 674 3354 praedia
696 3309 825 3363 legavit
848 3314 884 3346 et
906 3310 990 3346 fidei
1012 3310 1087 3347 eius
1112 3311 1297 3354 commisit,

214 3358 254 3390 ut
276 3364 321 3390 ex
335 3320 400 3390 ‘liis
423 3354 494 3390 duo
517 3363 642 3390 socero
655 3358 871 3390 restitueret:
897 3354 1024 3391 deinde
1041 3355 1214 3392 codicillis
1237 3366 1296 3392 so-

460 649 638 686 uaesitum
671 653 743 693 est,
779 659 860 684 cum
890 648 972 685 Seia
1003 648 1133 684 liberta
1162 647 1295 684 omissa

211 1728 259 1772 ’ἐξ
282 1727 405 1767 abrah
426 1744 618 1781 περιουσης
655 1758 664 1767 .

213 3470 253 3508 (ί)
278 3466 427 3501 oolonem
442 3467 474 3500 F

570 3469 615 3508 (2)
637 3477 697 3511 per
708 3466 837 3500 litteras
848 3480 909 3500 scr.
1010 3471 1053 3510 (³)
1080 3470 1116 3502 id
1126 3476 1193 3503 ese.-
1206 3468 1297 3502 Titia

215 3512 388 3547 heredibus
399 3512 480 3546 meis
491 3511 640 3545 salntem.
672 3511 765 3545 Infra
775 3512 899 3555 scripta
914 3514 986 3545 rata
1005 3524 1073 3547 esse
1084 3512 1160 3547 volo
1169 3539 1179 3557 ,
1196 3523 1295 3556 quae·

213 3568 354 3600 cumque
365 3560 442 3591 ante
454 3558 490 3590 in
503 3567 623 3590 nomen
635 3555 803 3600 Pamphili
823 3557 897 3589 feci.
929 3558 1018 3599 quod
1036 3559 1064 3592 si
1081 3558 1157 3592 Seia
1175 3558 1295 3592 collac-

214 3606 311 3636 tanea
329 3613 402 3636 mea
420 3603 515 3636 heres
525 3602 609 3635 mihi
622 3612 689 3635 non
702 3602 759 3635 flet
778 3611 818 3635 ex
835 3613 874 3635 ea
908 3605 979 3636 arte
996 3614 1063 3645 qua
1083 3614 1153 3637 eam
1168 3603 1296 3646 scripsi,

215 3646 288 3680 volo
301 3647 374 3681 dari
386 3658 456 3682 eam
469 3657 607 3680 massam
618 3657 703 3690 quae
714 3648 764 3680 est
773 3646 862 3679 circa
903 3646 1035 3681 olonen.
1098 3651 1141 3690 (ι)
1166 3648 1221 3682 titi
1233 3649 1296 3690 Ρ,

214 3692 274 3725 ‹IeL
291 3690 342 3725 F·
432 3696 476 3734 (5)
501 3694 534 3725 et
545 3692 609 3727 del.
701 3693 745 3733 (ο)
770 3692 865 3725 heres
881 3692 913 3724 F
995 3696 1039 3734 (7)
1065 3694 1102 3727 id
1111 3700 1176 3728 ese.-
1195 3703 1296 3736 quae-

214 3747 355 3777 cumque
367 3736 496 3778 reliqua
507 3739 586 3769 sunt
597 3747 635 3770 ex
648 3736 744 3769 bonis
763 3736 843 3769 mois
855 3736 999 3778 itemque
1017 3748 1119 3771 onera
1131 3738 1295 3771 heredita-

1287 120 1373 167 492

1436 11 1568 129 ὟἿ

1744 135 1804 166 ΒΕ
1831 133 1959 166 ΑΒΙΜ.
1990 135 2092 167 VEL.
2121 134 2308 168 TRANSF.
2337 133 2439 169 Lm.

1361 253 1444 280 cero
1468 242 1600 280 ademit
1621 243 1946 281 fideicommissum:
1972 244 2173 290 quaesitum
2184 248 2250 287 est,
2274 255 2322 280 an
2333 245 2441 282 nihilo

1359 288 1477 341 minus
1499 290 1835 370 exhffraelegatione
1864 289 1910 326 ad
1939 293 2088 326 matrem
2116 289 2322 343 pertineret.
2367 300 2441 327 res-

1361 333 1789 417 i⁰¹¹s¹¹e12¹¹¹m¹331¹2²80¹¹2¹³
1807 335 2206 425 „fiss‘fflvffssffffissn
2231 338 2441 426 ἓῗυῖἓξῖιῗξ

1361 423 1476 460 Titius
1500 424 1682 461 accusavit
1703 435 1794 468 eam,
1818 425 1915 471 quod
1936 429 2076 478 patrem
2106 435 2212 460 suum
2239 424 2444 462 mandasset

1360 469 1659 506 interficiendum:
1704 469 1786 506 Seia
1821 473 1905 517 post
1942 469 2142 506 institutam
2181 470 2443 507 accusationem

1362 513 1546 550 codicillos
1570 514 1724 551 confecit
1747 525 1813 551 nec
1836 515 1968 551 ademit
1989 515 2084 551 Titio
2108 514 2267 560 privigno
2289 515 2444 561 legatum

1361 562 1398 595 et
1420 562 1503 595 ante
1526 559 1633 595 finem
1655 560 1894 597 accusationis
1918 560 2089 596 decessit:
2120 563 2203 595 acta
2227 570 2338 596 causa
2360 571 2443 606 pro-

1362 604 1562 640 nuntiatum
1585 608 1641 640 est
1668 608 1807 650 patrem
1829 605 1914 641 Titii
1948 605 2082 642 scelere
2105 604 2208 641 Seiae
2236 615 2309 641 uon
2335 605 2443 641 inter-

1362 653 1517 695 ceptum.
1565 659 1708 694 quaero,
1733 661 1814 686 cum
1838 650 2012 686 codicillis
2035 650 2201 696 legatum,
2226 649 2322 695 quod
2335 654 2445 686 testa-

1363 698 1480 730 mento
1505 695 1600 731 Titio
1624 694 1781 738 dederat,
1806 705 1879 731 non
1901 695 2083 739 ademerit,
2114 705 2162 730 an
2184 695 2230 731 ab
2255 695 2445 731 heredibus

1363 739 1465 776 Seiae
1489 739 1584 776 Titio
1614 739 1797 776 debeatur.
1851 740 2036 786 respondit
2065 740 2261 777 secundum
2288 750 2332 776 ea
2355 750 2446 786 quae

1363 787 1382 820 3
1430 788 1716 830 proponerentur
1737 796 1810 822 non
1840 785 1972 821 deberi.
2020 785 2148 829 Filiae,
2180 795 2286 831 quam
2315 785 2352 820 in
2407 796 2446 821 o-

1362 833 1491 866 testate
1514 830 1681 874 habebat,
1709 830 1802 866 inter
1825 834 1945 867 cetera
1968 830 2098 875 legavit
2125 830 2324 876 peculium:
2353 830 2366 866 i
2392 841 2446 866 em

1362 878 1445 920 post
1469 875 1603 911 factum
1625 878 1878 912 testamentum
1902 876 2089 920 pecuniam
2112 886 2135 911 a
2164 875 2325 911 debitore
2353 875 2446 911 filiae

1363 920 1479 965 exegit
1502 924 1538 956 et
1560 920 1598 955 in
1621 931 1722 956 suam
1736 921 1910 956 rationem
1930 920 2120 956 convertit:
2144 931 2289 966 quaero,
2314 930 2360 956 an
2373 919 2447 955 filia

1363 976 1406 1001 eo
1429 965 1570 1001 nomine
1594 976 1674 1001 cum
1703 965 1894 1001 heredibus
1918 966 2030 1010 patris
2105 976 2163 1001 ere
2195 966 2319 1019 possit.
2371 976 2446 1002 res-

1363 1010 1505 1056 pondit,
1541 1010 1573 1047 si
1603 1011 1773 1057 probaret
1783 1012 1810 1033 ¹³
1841 1021 1914 1046 non
1942 1010 2083 1046 adimen
2109 1010 2118 1019 ‘
2152 1020 2268 1046 ammo
2301 1009 2446 1054 factum,

1407 1065 1468 1091 ere
1516 1065 1607 1092 osse.

1364 1066 1464 1139 ag32
1490 1067 1718 1136 Ιἰῖιῑινυῑαῑιωι
1738 1100 1828 1136 libro
1858 1100 1995 1137 decimo
2024 1101 2205 1136 actionum
2252 1099 2448 1136 Detrahere

1364 1145 1487 1191 legatis
1512 1146 1567 1182 vel
1595 1145 1752 1190 adicere,
1782 1145 1814 1181 si
1842 1145 1930 1181 nihil
1958 1146 2138 1191 praeter¹⁴
2167 1145 2353 1191 pecuniam
2382 1157 2447 1181 nu-

1364 1195 1537 1227 meratam
1559 1191 1715 1244 legatum
1738 1191 1800 1235 sit,
1830 1195 2034 1236 promptum
2063 1194 2135 1227 est:
2167 1201 2248 1226 cum
2278 1201 2361 1227 vero
2391 1201 2448 1227 res

1365 1236 1571 1318 ‹¹30rpgrales
1594 1236 1845 1316 mterrtvienieng,
1877 1240 1914 1272 et
1932 1235 2391 1317 ῗίἱτίιρὲιταωῷἰῆξίῧοτιίὶι
2412 1240 2451 1316 3

1433 1292 1454 1318 o
1481 1292 1588 1318 scura
1646 1292 1666 1317 o
1716 1292 1750 1317 0.
1837 1292 1898 1316 um
1983 1291 2003 1316 e
2062 1292 2080 1318 s
2155 1292 2277 1316 1m1ur
2346 1291 2365 1317 e

1365 1327 1475 1363 servis
1499 1292 1737 1363 relictapnihil
1760 1327 1888 1362 attinet
1911 1326 2027 1361 adimi.
2283 1309 2292 1325 ⁹
2366 1291 2411 1326 ga

1865 1464 1897 1502 V
1909 1463 1949 1502 ¹⁵.

1682 1530 1743 1563 DE
1768 1529 1914 1563 REBUS
1938 1529 2101 1563 nunus.

1415 1594 1433 1633 1
1461 1595 1708 1632 PAPIMANUS
1721 1595 1812 1631 libro
1828 1596 1978 1643 septimo
1993 1606 2247 1642 responsorum
2287 1595 2450 1631 Fundam

1367 1640 1593 1677 Maevianum
1624 1645 1688 1676 aut
1711 1640 1878 1676 Seianum
1902 1640 1997 1676 Titio
2027 1640 2224 1686 legaverat,
2260 1651 2341 1676 cum
2372 1642 2450 1677 uni-

1366 1696 1470 1723 versa
1519 1686 1672 1722 ossessio
1696 1686 1853 1731 plurium
1875 1685 2102 1731 praediorum
2125 1686 2192 1722 sub
2212 1686 2451 1732 appellatione

1366 1731 1468 1767 fundi
1553 1731 1670 1767 eviani
1692 1731 1891 1767 rationibus
1923 1730 2238 1767 demonstraretur.
2285 1732 2451 1777 respondi

1366 1787 1439 1813 non
1461 1775 1573 1812 videri
1596 1780 1716 1812 cetera
1763 1775 1886 1812 taedia
1909 1776 2028 1821 legato
2058 1776 2212 1812 voluisse
2243 1775 2451 1812 defunctum

1367 1821 1510 1864 cedere,
1546 1821 1578 1857 si
1612 1821 1715 1857 fundi
1737 1787 1883 1874 {siani-
1896 1821 2049 1874 pretium
2083 1831 2106 1856 a
2139 1821 2241 1856 fundi
2275 1822 2451 1858 Maeviani

1369 1866 1483 1913 pretio
1507 1877 1580 1902 non
1603 1877 1731 1912 magna
1754 1877 1908 1912 pecunia
1931 1866 2217 1912 distingueretur.

1413 1910 1439 1949 2
1466 1911 1571 1948 [osu
1589 1912 1680 1949 libro
1704 1922 1800 1948 nono
1823 1922 2078 1959 responsorum
2125 1911 2270 1948 Civibus
2299 1912 2452 1949 civitatis

1367 1958 1400 1994 le
1446 1960 1524 1993 tum
1546 1957 1601 1994 vel
1630 1956 1940 1993 fideicommissum
1971 1955 2092 1992 datum
2124 1956 2258 1993 civitati
2289 1957 2451 1994 relictum

1366 2004 1401 2039 vi
1426 2006 1516 2039 etur.

1413 2046 1437 2086 3
1465 2047 1519 2083 ΡΑ
1528 2057 1623 2084 vsvs
1649 2047 1739 2084 libro
1774 2052 1904 2093 quarto
1937 2047 2073 2083 decimo
2110 2048 2357 2093 quaestionum
2410 2048 2452 2084 In

1368 2093 1532 2139 ambiguo
1556 2103 1720 2129 sermone
1734 2103 1807 2128 non
1823 2096 2013 2138 utrumque
2036 2092 2197 2135 dicimus,
2221 2092 2285 2129 sed
2299 2092 2336 2128 id
2350 2092 2449 2128 dum-

1366 2142 1469 2174 taxat
1499 2138 1595 2183 quod
1626 2138 1804 2174 volumus:
1837 2138 1958 2219 itaque
1995 2137 2058 2183 qui
2097 2137 2195 2173 aliud
2228 2137 2315 2173 dicit
2345 2149 2450 2184 quam

1366 2184 1459 2227 vult,
1491 2194 1606 2228 neque
1633 2183 1671 2218 id
1700 2183 1787 2219 dicit
1815 2193 1885 2228 quo
1939 2194 2007 2219 vox
2035 2182 2228 2228 significat,
2266 2183 2350 2228 quia
2379 2195 2450 2220 non

1367 2229 1452 2272 vult,
1477 2239 1593 2273 neque
1614 2228 1652 2264 id
1675 2228 1770 2273 quod
1792 2228 1878 2272 vult,
1925 2228 1985 2263 uia
2008 2227 2044 2263 id
2067 2238 2139 2264 non
2159 2228 2329 2273 loquitur.

1413 2273 1439 2311 4
1464 2273 1519 2317 (5)
1543 2273 1652 2309 Imm
1670 2273 1760 2310 libro
1785 2284 1880 2309 nono
1948 2274 2039 2310 cimo
2055 2283 2310 2327 responsorum
2356 2274 2450 2309 Pau-

1366 2319 1422 2356 lus
1447 2318 1647 2364 respondit:
1673 2329 1755 2354 cum
1768 2329 1899 2354 nomen
1909 2318 2226 2354 fideicommissarii
2239 2322 2451 2355 testamento

1367 2364 1586 2410 adscriptum
1609 2374 1681 2399 non
1702 2363 1761 2406 sit,
1792 2363 1882 2399 nulli
1905 2374 2077 2408 personae
2106 2373 2222 2416 neque
2245 2368 2366 2400 certae
2389 2375 2449 2400 ne-

1367 2420 1434 2455 que
1457 2410 1614 2445 incertae
1644 2408 1766 2444 datum
1797 2408 2106 2444 fideicommissum
2134 2408 2244 2444 videri
2271 2408 2450 2445 indubita-

1366 2459 1443 2490 tum
1466 2458 1533 2490 est.

1413 2499 1437 2537 5
1453 2497 1520 2542 ’(6)
1547 2499 1670 2535 Gsms
1696 2498 1787 2534 libro
1813 2499 1936 2545 primo
1963 2498 2318 2543 fideicommissorum
2365 2499 2449 2544 Qui-

1368 2545 1450 2580 dam
1480 2544 1657 2589 relegatus
1688 2543 1786 2579 facto
1816 2547 2029 2579 testamento
2061 2547 2145 2588 post
2171 2543 2313 2579 heredis
2350 2543 2447 2580 insti-

1367 2590 1541 2626 tutionem
1564 2592 1601 2625 et
1623 2593 1706 2634 post
1728 2588 1845 2633 legata
1867 2587 2078 2634 quibusdam
2100 2588 2185 2623 data
2207 2588 2260 2623 ita
2283 2589 2448 2625 subiecit:

1368 2635 1411 2671 ‘si
1434 2635 1512 2680 quis
1537 2644 1581 2670 ex
1609 2633 1799 2669 heredibus
1829 2634 2000 2669 ceterisve
2029 2633 2168 2676 amicis,
2201 2644 2351 2679 quorum
2381 2634 2450 2670 hoc

1367 2683 1590 2716 ‘testamento
1614 2679 1828 2715 mentionem
1851 2679 1980 2721 habui,
2012 2678 2083 2714 sive
2115 2678 2194 2724 quis
2224 2678 2316 2715 alius
2347 2679 2450 2715 resti-

1367 2725 1553 2761 ‘tutionem
1581 2724 1667 2760 mihi
1697 2724 1937 2777 impetraverit
1970 2724 2015 2759 ab
2051 2724 2265 2769 imperatore
2298 2727 2336 2760 et
2369 2729 2450 2760 ante

1367 2771 1578 2813 ‘dec-essem,
1602 2780 1709 2815 quam
1733 2780 1766 2805 e1
1789 2769 1923 2814 gratias
1945 2779 2104 2814 agerem:
2130 2769 2209 2805 volo
2233 2768 2312 2804 dari
2334 2769 2366 2805 ei
2390 2769 2450 2815 qui

1367 2816 1416 2851 ‘id
1437 2816 1549 2861 egerit
1571 2824 1595 2850 a
1618 2815 1744 2851 ceteris
1773 2814 1963 2850 heredibus
1994 2824 2122 2850 aureos
2153 2813 2230 2850 tot’.
2282 2825 2375 2851 unus
2405 2825 2449 2850 ex

1366 2861 1433 2903 his,
1459 2871 1548 2906 quos
1572 2859 1721 2896 heredes
1745 2859 1948 2905 scripserat,
1973 2858 2173 2904 impetravit
2194 2858 2229 2894 ei
2252 2859 2448 2895 restitutio-

1366 2916 1447 2942 nem
1469 2910 1506 2941 et
1529 2909 1719 2950 antequam
1742 2904 1779 2939 id
1801 2903 1927 2946 sciret,
1958 2904 2121 2940 decessit.
2174 2914 2255 2939 cum
2283 2903 2327 2940 de
2351 2904 2448 2940 fidei-

1367 2950 1555 2987 commisso
1602 2954 1819 2991 uaereretur,
1844 2959 1891 2984 an
1914 2949 2114 2991 deberetur,
2139 2949 2323 2984 consultus
2341 2949 2448 2984 Iulia-

1366 3007 1433 3032 nus
1458 3006 1587 3041 respon
1614 2995 1643 3030 it
1665 2994 1805 3030 deberi:
1831 2994 1894 3030 sed
1917 2994 2022 3030 etiam
2045 2993 2077 3029 si
2100 3004 2171 3030 non
2193 2993 2296 3029 heres
2320 2994 2375 3030 vel
2398 2994 2447 3030 le-

1365 3040 1535 3087 gatarius,
1559 3039 1623 3076 sed
1645 3039 1736 3075 alius
1760 3050 1804 3075 ex
1829 3039 1951 3074 amicis
1976 3039 2112 3074 curavit
2134 3048 2215 3074 eum
2238 3038 2389 3083 restitui,
2413 3043 2450 3075 et

1370 3090 1384 3122 1
1434 3087 1469 3122 ei
1492 3084 1803 3121 fideicommissum
1825 3084 2011 3129 praestari.
2066 3083 2104 3119 Si
2127 3083 2193 3119 tibi
2224 3087 2260 3119 et
2283 3089 2447 3129 postumo

1366 3141 1432 3167 suo
1454 3130 1510 3166 vel
1532 3130 1648 3166 alieno
1672 3129 1905 3165 hereditatem
1928 3128 2114 3165 restituere
2137 3128 2216 3174 quis
2241 3129 2416 3174 rogaverit

1411 3173 1437 3213 6
1455 3173 1510 3219 (7)
1528 3174 1764 3211 Mamaos
1777 3174 1868 3210 libro
1887 3174 1991 3209 tertio
2005 3173 2360 3219 fideicommissorum
2393 3174 2449 3210 vel

1365 3231 1410 3257 ex
1428 3224 1532 3266 parte
1548 3223 1585 3256 te
1605 3223 1641 3255 et
1660 3230 1704 3255 ex
1722 3223 1826 3265 parte
1866 3223 2042 3255 ostumum
2058 3217 2223 3254 heredem
2238 3218 2448 3255 instituisset

1364 3266 1377 3301 1
1443 3269 1561 3301 tumve
1584 3264 1746 3301 similiter
1767 3263 1823 3300 vel
1871 3263 2154 3300 deicommissum
2177 3263 2343 3307 dedisset,

1462 3307 1518 3353 (8)
1545 3310 1669 3345 GAIUS
1688 3310 1779 3345 libro
1828 3310 1918 3344 rimo
1939 3308 2293 3354 fideicommissorum
2327 3312 2447 3344 utrum

1364 3355 1416 3391 ita
1433 3358 1620 3401 postumus
1641 3358 1778 3400 partem
1811 3353 1915 3395 aciat,
1933 3354 1965 3390 si
1984 3357 2089 3389 natus
2105 3353 2162 3397 sit,
2183 3363 2230 3388 an
2244 3358 2280 3389 et
2293 3354 2325 3390 si
2340 3358 2447 3390 natus

1366 3467 1416 3501 ria
1426 3468 1617 3511 pertineant
1628 3467 1670 3500 ad
1681 3465 1766 3500 solas
1777 3466 1859 3499 duas
1870 3465 1955 3499 filias
1966 3477 2054 3499 meas
2066 3467 2211 3500 Primam
2223 3469 2256 3500 et
2263 3467 2446 3500 Secundam

1363 3513 1613 3556 superstitemve
1625 3522 1748 3546 earum.
1841 3514 1885 3552 (8)
1911 3511 1980 3544 fllia
1994 3513 2025 3544 F
2119 3516 2162 3552 (9)
2187 3514 2271 3545 utet
2280 3512 2310 3544 si
2321 3512 2403 3554 quid
2415 3512 2445 3545 ei

1363 3556 1507 3635 amplius
1517 3557 1713 3601 legaveram,
1726 3555 1857 3609 eisdem,
1871 3557 1899 3589 si
1913 3557 1994 3621 q²uid
2006 3556 2038 3590 ei
2050 3557 2243 3589 humanitus
2256 3557 2445 3610 contigerit,

1364 3602 1422 3689 (18)
1432 3613 1556 3680 Θξξῐῗῖ
1549 3604 1779 3691 priviguo‹i2.)v.
1788 3601 1921 3687 “imag
1938 3603 2131 3690 probamus)
2157 3603 2435 3689 milltsegrofftetru
2420 3646 2453 3679 F

1409 3694 1467 3734 (ns)
1493 3693 1576 3737 Pap.
1599 3699 1687 3731 1...s;
1716 3691 1796 3725 Sab-
1820 3698 1931 3726 tomis.
1951 3699 1994 3726 is.
2016 3698 2061 3726 is.
2081 3699 2136 3730 ²83
2168 3692 2232 3725 Ed.
2254 3699 2296 3726 ιτ.
2316 3698 2444 3728 20...2·1;

1365 3737 1450 3781 App.
1465 3744 1513 3771 2⁹.
1525 3755 1570 3762 —
1586 3738 1666 3770 Bae.
1683 3738 1735 3777 Μ,
1749 3744 1791 3773 13.
1807 3744 1891 3771 ¹...28

2507 3451 2520 3475 ..ζ
2503 3417 2513 3434 r
2505 3382 2512 3396 n
2505 3352 2514 3362 .
2507 3311 2516 3314 3
2509 3239 2515 3247 ,
2507 3157 2512 3165 .,

2507 3052 2528 3470 *ml-*mgss-
2519 2990 2528 3033 Ure„
2524 2962 2525 2966 Α
