2528 3918
121 135 207 168 vm,
233 133 545 167 INSTRUMENTO
575 132 754 165 LEGATO

118 246 318 284 manuarias
351 245 492 292 quidem
523 244 795 291 suppellectilis,
827 244 1057 279 iumentarias
1089 245 1208 279 autem

119 292 339 329 instrumenti
370 301 449 327 esse
473 290 598 326 Ofilius
629 290 691 325 ait.
744 290 867 325 Labeo
901 289 1095 324 Cascellius
1121 289 1210 324 Tre-

118 338 235 374 batius
259 341 404 372 neutras
429 347 471 371 su
497 335 700 381 pellectilis‚
733 334 796 370 sed
827 335 947 380 potius
983 333 1209 370 instrumenti

118 387 244 429 putant
269 392 357 424 esse,
382 392 452 426 quo
501 388 621 416 verum
644 385 745 426 puto.

164 425 215 465 27
242 426 444 463 SCAEVOLA
490 426 581 462 libro
623 429 729 461 sexto
773 425 993 471 de’qestorum
1056 423 1210 460 Praedia

117 472 292 508 maritima
323 482 404 507 cum
436 471 546 507 servis
583 470 643 524 qui
675 470 724 506 ibi
756 474 861 506 erunt
890 473 927 505 et
958 470 1053 505 omni
1076 470 1209 505 instru-

117 522 233 554 mento
259 520 294 553 et
317 516 494 552 fructibus
511 516 571 561 qui
594 516 644 551 ibi
658 519 763 551 erunt
786 519 822 551 et
837 515 983 560 reliquis
1002 516 1210 550 colonorum

117 562 279 599 nutritori
304 573 368 598 suo
392 562 532 606 legavit.
580 560 779 606 quaesitum
804 565 876 604 est,
909 571 955 595 an
979 561 1071 596 servi
1094 560 1210 606 pisca-

117 614 223 651 tores,
248 608 308 653 qui
326 607 491 643 solebant
508 607 545 641 in
563 606 759 642 ministerio
776 606 959 641 testatoris
978 616 1056 641 esse
1074 611 1111 640 et
1130 604 1209 640 ubi-

117 663 267 699 cumque
283 663 363 688 eum
386 652 487 697 sequi
502 655 538 687 et
560 652 715 687 urbicis¹
736 651 935 687 rationibus
955 651 1209 696 expunoreban-

116 704 174 735 tur
197 709 264 734 nec
287 697 411 733 mortis
436 697 616 732 testatoris
646 701 804 742 tempore
835 697 872 731 in
904 697 1060 742 praediis
1077 678 1209 741 Iegatis

116 744 324 789 deprehensi
348 742 524 785 fuerant2‚
548 743 654 787 legati
679 752 757 778 esse
778 742 978 777 videantur.
1026 741 1211 787 respondit

116 789 311 825 secundum
335 798 379 824 ea
402 797 494 841 quae
524 791 811 833 proponerentur
843 798 915 823 non
947 797 1024 823 esse
1059 787 1208 831 legatos.

119 839 130 870 1
182 834 303 869 Adfini
326 844 391 869 suo
414 837 468 868 lta·
489 833 635 878 legavit:
662 832 824 868 ‘fundum
849 832 1099 868 Cornelianum
1114 831 1208 866 Titio

118 881 180 916 ‘ita
203 883 243 915 ut
267 883 321 914 est
343 879 539 914 instructus
563 889 644 914 cum
668 879 832 914 omnibus
864 878 972 913 rebus
1005 882 1040 913 et
1071 876 1208 912 manci-

116 930 124 945 ‘
151 925 194 961 iis
218 928 253 960 et
276 924 420 969 reliquis
444 923 652 959 colonorum
670 923 748 959 dari
765 923 868 959 volo'.
911 923 1022 958 ³haec
1043 922 1209 958 testatrix

149 980 251 1006 omae
273 970 345 1004 litis
369 979 480 1004 causa
504 979 546 1004 ex
570 969 695 1004 Africa
712 969 861 1009 ,veniens
891 968 1068 1014 mancipia
1100 977 1208 1013 quae-

116 1016 196 1051 dam
221 1027 264 1051 ex
287 1014 400 1050 fundo
425 1024 535 1059 supra
559 1014 712 1060 scripto,
737 1025 807 1060 quo
833 1014 938 1049 citius
971 1024 1035 1059 per
1058 1013 1209 1048 hiemem

115 1071 258 1107 operam
282 1061 434 1105 elegeret
443 1060 470 1102 ⁴,
494 1070 615 1095 secum
639 1059 807 1095 abduxit:
846 1059 1046 1104 quaesitum
1072 1063 1138 1101 est,
1162 1068 1208 1094 an

115 1117 157 1141 ea
181 1106 358 1150 mancipia
381 1105 654 1140 fideicommisso
680 1105 828 1148 cedant,
861 1115 941 1140 cum
966 1103 1141 1150 quaedam
1166 1113 1210 1138 ex

115 1152 170 1187 his
194 1152 338 1187 rusticis
363 1150 490 1186 officiis
515 1150 560 1186 ad
584 1154 724 1195 tempus
741 1150 1035 1196 peregrinationis
1053 1149 1209 1184 abducta

114 1201 198 1232 sunt
221 1196 352 1232 relictis
385 1196 649 1231 conservabus⁵
681 1200 716 1231 et
747 1196 830 1231 filiis
863 1196 936 1231 suis
974 1199 1009 1230 et
1033 1193 1207 1240 quaedam

114 1243 286 1277 matribus
312 1245 347 1276 et
370 1241 544 1287 patribus.
593 1240 778 1286 respondit
801 1241 990 1286 mancipia,
1016 1240 1059 1276 de
1081 1240 1208 1285 quibus

115 1291 360 1332 quaereretur,
397 1286 592 1322 secundum
634 1297 677 1322 ea
712 1296 803 1332 quae
868 1288 1130 1331 roponerentur
1165 1295 1208 1320 ex

115 1336 134 1368 2
183 1343 293 1368 causa
327 1331 587 1367 fideicommissi
620 1331 751 1367 deberi.
818 1331 835 1366 I
863 1342 916 1367 em
952 1331 1123 1376 quaesiit,
1161 1340 1208 1365 an

114 1379 253 1414 fructus
278 1377 435 1413 eiusdem
458 1376 571 1419 fundi,
598 1378 658 1422 qui
682 1377 731 1411 ibi
753 1377 790 1411 in
823 1377 913 1412 diem
946 1376 1070 1411 mortis
1095 1376 1209 1411 coacti

114 1423 318 1466 manserint,
343 1422 616 1457 fideicommisso
641 1422 782 1464 cedant,
808 1433 888 1457 cum
906 1422 1112 1467 plenissima
1135 1425 1208 1456 tes-

114 1469 240 1504 tatoris
264 1478 349 1514 erga
372 1467 525 1503 adfinem
548 1467 712 1502 voluntas
736 1468 782 1503 ab
809 1478 849 1502 eo
875 1477 1016 1513 quoque
1039 1465 1207 1501 manifes-

113 1518 220 1556 tetur,
255 1514 350 1559 quo⁶
373 1513 510 1558 reliqua
543 1513 751 1548 colonorum
784 1512 940 1548 eiusdem
973 1512 1208 1558 possessionis

114 1560 160 1594 ad
185 1570 264 1594 eum
295 1558 472 1604 pertinere
504 1558 665 1593 voluerit.
721 1558 905 1603 respondit
937 1558 973 1593 in
1005 1557 1210 1593 huiusmodi

114 1605 292 1650 scriptura
314 1614 422 1650 posse
446 1603 653 1649 responderi
668 1603 738 1639 hoc
755 1604 869 1639 solum
887 1603 1141 1649 quaerendum,
1164 1612 1210 1637 an

115 1649 301 1685 manifeste
325 1653 498 1702 appareat
522 1648 692 1684 defuncta
714 1648 762 1692 id,
799 1649 844 1684 de
869 1659 940 1694 quo
966 1651 1208 1694 quaereretur,

116 1699 134 1730 3
182 1695 259 1730 dari
283 1695 451 1730 nolulsse.
506 1694 674 1736 Liberto,
707 1705 811 1740 quem
842 1694 1006 1730 heredem
1039 1694 1076 1728 in
1107 1698 1210 1738 parte

117 1741 295 1786 rescripsit
303 1742 328 1783 ⁷,
363 1739 515 1775 fundum
538 1750 603 1785 per
625 1740 914 1785 praeceptionem
939 1739 1037 1775 dedit
1059 1739 1097 1775 in
1119 1739 1210 1774 haec

108 1784 240 1821 'verbaz
278 1785 475 1830 ‘Pamphile
499 1785 643 1827 liberte,
676 1785 872 1831 praecipito
913 1785 1048 1830 tibique
1078 1785 1210 1820 habeto

119 1831 276 1866 *fundum
306 1841 424 1866 meum
457 1831 639 1865 Titianum
664 1836 700 1865 et
731 1831 883 1876 agellum
914 1830 1210 1876 Sempronianum

119 1880 207 1912 'cum
230 1876 465 1911 instrumento
491 1880 526 1910 et
549 1875 624 1918 his,
661 1886 752 1922 quae
783 1877 820 1911 in
853 1875 976 1911 eodem
1001 1879 1106 1910 erunt
1130 1885 1211 1910 cum

119 1922 267 1964 ‘morian
299 1921 523 1967 familiaque,
557 1931 648 1966 quae
682 1922 718 1956 in
743 1932 784 1957 eo
808 1921 920 1957 fundo
945 1924 1117 1962 moratur,
1151 1931 1211 1956 ex-

114 1967 238 2012 ‘ceptis
263 1977 353 2013 quos
370 1967 632 2002 manumisero'.
681 1966 882 2012 quaesitum
908 1970 973 2009 est,
998 1977 1079 2002 cum
1099 1969 1210 2001 testa·

113 2017 172 2048 tor
193 2013 230 2048 in
264 2022 304 2047 eo
336 2012 447 2048 fundo
480 2012 703 2057 aliquantum
736 2012 808 2047 vini
838 2012 875 2047 in
901 2011 1003 2047 doliis
1032 2011 1210 2053 habuerit,

115 2058 210 2104 quod
233 2058 331 2094 vivus
356 2061 471 2092 totum
495 2057 704 2093 vendiderat
727 2060 762 2092 et
785 2061 924 2103 partem
940 2057 1082 2092 tertiam
1105 2055 1212 2102 pretii

115 2115 181 2149 pro
206 2114 248 2139 eo
273 2107 483 2148 acceperat,
521 2113 565 2137 an
598 2103 718 2138 vinum
749 2103 787 2137 in
819 2102 922 2138 doliis
953 2112 1140 2138 remanens
1165 2101 1211 2137 ad

114 2150 277 2184 libertum
304 2160 347 2183 ex
371 2158 481 2183 causa
497 2148 758 2193 praeceptionis
775 2148 963 2193 pertineat.
1004 2146 1212 2193 respondit⁸

116 2195 230 2229 verbis
268 2204 359 2239 quae
397 2197 682 2239 proponerentur
706 2193 897 2236 contineri,
935 2193 1003 2228 nisi
1026 2192 1212 2228 manifeste

117 2240 332 2274 contrariam
364 2239 582 2274 voluntatem
615 2239 805 2274 coheredes
838 2239 1052 2284 approbant.
1108 2239 1145 2273 in
1170 2248 1210 2273 eo

115 2285 225 2320 fundo
269 2285 506 2320 instrumenta
549 2283 744 2319 calendarii
788 2288 823 2319 et
857 2295 1020 2319 nummos
1055 2283 1210 2328 reliquit.

117 2340 328 2375 responsum
354 2333 408 2365 est
432 2329 475 2364 de
499 2329 651 2364 nummis
676 2339 828 2374 quoque,
865 2333 906 2364 ut
929 2339 1039 2375 supra
1062 2339 1211 2374 respon-

115 2379 135 2410 4
183 2386 273 2411 sum.
332 2375 388 2410 Ita
422 2375 577 2420 legatum
614 2378 685 2410 est:
731 2374 921 2420 ‘Septiciae
963 2374 1077 2410 sorori
1112 2384 1212 2410 meae

116 2420 229 2455 ‘fundi
251 2420 393 2466 paterni
416 2420 483 2455 mei
508 2419 628 2455 Seiani
651 2423 790 2465 partem
811 2420 889 2455 dari
912 2420 992 2456 volo
1014 2420 1066 2455 sic
1089 2423 1130 2454 ut
1145 2423 1211 2461 est,

116 2469 163 2501 ‘et
199 2466 348 2501 alteram
382 2469 520 2511 partem
551 2466 619 2508 ita,
655 2469 696 2500 nt
730 2465 767 2500 in
798 2466 889 2502 diem
919 2466 1043 2500 mortis
1072 2464 1210 2500 fuerit':

115 2511 315 2556 quaesitum
340 2514 405 2553 est,
432 2521 477 2546 an
503 2521 546 2545 ex
570 2511 686 2546 verbis
719 2521 831 2556 supra
863 2511 1005 2563 scriptis
1037 2520 1182 2555 aggeres
1198 2511 1212 2531 ⁹

116 2562 152 2591 et
184 2557 307 2608 praela
346 2556 416 2591 iam
451 2556 570 2601 posita
604 2559 821 2601 parataque,
865 2560 906 2591 ut
939 2556 1211 2591 1mmittantur9·

115 2601 297 2644 aedificio,
352 2601 436 2636 item
478 2601 750 2636 instrumentum
798 2602 976 2637 urbanum
1023 2605 1059 2636 et
1102 2601 1212 2636 rusti-

116 2657 199 2682 cum
224 2658 304 2682 cum
328 2647 533 2691 mancipiis,
566 2656 658 2692 quae
681 2646 786 2681 fundi
810 2656 920 2682 causa
945 2650 1058 2688 erant,
1091 2645 1137 2681 ad
1161 2646 1210 2681 le-

116 2693 271 2736 gatarios
300 2692 512 2737 pertineant.
559 2691 761 2736 respondit:
794 2695 914 2737 potest
928 2693 955 2713 ¹⁰
984 2692 1073 2726 haec
1104 2692 1213 2727 verba

117 2741 135 2771 5
184 2737 247 2772 ‘sic
270 2741 311 2772 ut
335 2737 398 2772 est'
424 2737 469 2772 ad
494 2737 705 2772 instructum
729 2736 866 2772 referri.
913 2736 1061 2772 Fundos
1081 2736 1213 2781 legavit

116 2782 153 2817 in
183 2782 273 2817 haec
303 2783 429 2817 verba:
465 2782 685 2827 ‘Sempronio
715 2780 817 2817 fratri
846 2792 924 2817 meo
955 2782 1025 2817 hoc
1058 2792 1115 2816 am
1142 2782 1210 2817 lius

118 2827 259 2863 ‘fundos
282 2838 380 2862 meos
403 2827 467 2870 ita,
491 2830 532 2862 ut
554 2827 720 2862 instructi
743 2831 839 2869 sunt,
863 2827 1072 2862 Cassianum
1135 2827 1210 2862 oni-

119 2875 237 2907 ‘anum
263 2883 343 2908 cum
362 2872 435 2908 suis
455 2872 588 2908 salictis
609 2875 645 2907 et
665 2872 783 2908 silvis’.
821 2871 1022 2918 quaesitum
1046 2875 1111 2914 est,
1131 2882 1211 2907 cum

118 2918 225 2953 silvae
250 2921 285 2958 et
308 2918 434 2953 salicta
451 2928 524 2953 non
543 2918 580 2953 in
603 2917 724 2953 fundis
741 2928 851 2963 supra
874 2917 1017 2962 scriptis
1031 2918 1070 2960 ¹¹,
1095 2916 1158 2952 sed
1174 2917 1212 2952 in

118 2962 265 2998 adiectis
289 2963 410 3007 agellis
436 2966 471 2998 et
495 2973 584 3008 quos
609 2963 712 2998 simul
736 2966 888 2999 testator
910 2963 1130 3008 comparavit
1145 2972 1212 2997 nec

119 3008 194 3043 sine
217 3008 273 3044 his
296 3008 400 3043 fundi
423 3007 492 3043 coli
514 3008 663 3054 possint,
688 3018 735 3043 an
758 3008 875 3054 legato
908 3007 1087 3044 cederent.
1135 3018 1211 3043 res-

118 3052 243 3098 pondit
275 3053 313 3088 id
343 3057 482 3088 tantum
518 3053 643 3089 cedere
666 3053 803 3098 legato,
834 3053 930 3099 quod
963 3053 1079 3088 verbis
1113 3063 1210 3088 com-

119 3098 375 3143 prehendisset.

165 3140 218 3181 28
246 3143 525 3179 ¹²SOAEVOLA¹³
557 3143 648 3179 libro
673 3144 837 3180 vicesimo
862 3145 966 3179 tertio
991 3143 1210 3190 diqestorum

119 3188 252 3224 Lucius
278 3189 393 3224 Titius
416 3188 579 3231 fundum,
603 3188 658 3224 uti
681 3192 758 3224 erat
781 3189 990 3232 instructus,
1020 3190 1209 3233 legaverat.

121 3234 318 3277 quaesitum
343 3237 406 3276 est,
431 3234 562 3269 fundus
587 3234 783 3269 instructus
808 3234 1105 3279 quemadmodum
1134 3233 1212 3268 dari

122 3278 260 3319 debeat,
284 3282 404 3314 utrum
427 3279 479 3315 sic
503 3283 544 3314 ut
567 3279 764 3314 instructus
789 3279 857 3315 fuit
879 3280 1003 3315 mortis
1020 3279 1132 3325 patris
1156 3278 1211 3314 fa-

121 3322 276 3358 miliae¹¹
293 3327 462 3403 temflore,
488 3328 528 3360 ut
540 3334 631 3369 quae
653 3324 769 3359 medio
794 3328 954 3370 tempore
970 3324 1125 3369 adgnata
1149 3328 1212 3359 aut

122 3368 158 3402 in
181 3367 330 3403 fundum
353 3369 365 3403 i
393 3372 452 3404 ata
476 3374 560 3404 sunt
582 3369 721 3405 heredis
747 3370 842 3405 sint?
876 3380 923 3405 an
947 3380 1030 3406 vero
1054 3370 1210 3405 instruc-

122 3416 179 3447 tus
210 3412 342 3447 fundus
374 3423 414 3448 eo
444 3417 602 3460 tempore
633 3415 759 3460 inspici
792 3414 939 3458 debeat,
975 3426 1044 3461 quo
1075 3414 1212 3450 factum

123 3461 176 3492 est
198 3460 472 3494 testamentum?
502 3470 548 3495 an
578 3470 661 3495 vero
692 3470 734 3495 eo
767 3463 946 3506 tempore,
983 3471 1053 3506 quo
1078 3459 1210 3495 fundus

124 3574 164 3608 (1)
187 3571 420 3613 sequitui-vicis
433 3571 466 3603 F
507 3573 550 3612 (2)
561 3572 664 3606 fuerit
676 3574 708 3607 F
749 3577 790 3613 (3)
816 3575 891 3616 post
903 3575 962 3607 ins.
1011 3575 1053 3614 (4)
1079 3584 1211 3617 operam

125 3614 278 3658 elegeret]
292 3616 357 3649 iter
368 3619 540 3659 perageret
550 3630 613 3651 scr.
761 3621 805 3661 (5)
829 3618 1125 3652 contubernalibus
1148 3631 1210 3652 scr.

127 3661 170 3698 (6)
195 3661 284 3702 quod
298 3661 325 3694 S
382 3662 425 3702 (7)
450 3661 581 3703 scripsit
593 3663 621 3695 S
681 3665 727 3705 (8)
744 3664 780 3696 id
793 3666 851 3697 ins.
923 3666 967 3704 (9)
993 3673 1114 3697 asseres
1127 3664 1210 3697 Hal.

127 3706 183 3746 (θ’)
202 3705 467 3739 immittenturF
492 3707 727 3749 (10)possescr.
760 3710 814 3750 (ιι)
825 3709 894 3741 sint
904 3709 964 3742 ins.
975 3709 1056 3742 Hal.
1095 3712 1152 3747 (12)
1168 3710 1209 3752 cs.

126 3749 171 3783 D.
186 3751 239 3792 36,
252 3758 279 3792 2,
292 3758 327 3785 28
375 3752 435 3793 (13)
449 3750 608 3795 scaevola]
622 3752 708 3786 idem
718 3753 751 3786 F
756 3753 770 3773 ²
816 3755 874 3797 (14)
886 3753 991 3798 patris
1004 3753 1147 3787 familias
1161 3755 1195 3788 F
1197 3753 1212 3774 ²

1199 115 1285 166 473

2059 119 2252 164 XXXIII
2284 123 2321 162 7.
2347 123 2372 164 8

1278 243 1352 289 peti
1377 242 1548 288 coeperit,
1574 245 1614 277 ut
1638 242 1808 287 quidquid
1821 252 1862 278 eo
1887 247 2046 289 tempore
2063 243 2289 279 instrumenti
2313 243 2373 278 de-

1278 288 1531 341 prehendatur,
1554 287 1725 332 legatario
1749 287 1940 333 proficiat?
1970 288 2156 335 respondit
2180 298 2223 325 ea
2245 288 2374 335 quibus

1278 337 1476 369 instructus
1500 333 1547 368 sit
1569 332 1702 367 fundus
1726 332 1921 368 secundum
1938 335 2047 369 verba
2061 334 2169 379 legati
2187 344 2279 380 quae
2303 334 2375 369 sint

1277 379 1313 414 in
1339 379 1462 414 eadem
1488 388 1615 421 causa,
1648 388 1728 413 cum
1753 377 1827 413 dies
1852 377 1958 423 legati
1991 379 2112 423 cedat,
2137 380 2373 416 instrumento

1279 424 1464 460 contineri.

1325 467 1378 506 29
1402 468 1537 504 LABEO
1568 467 1659 504 libro
1686 468 1811 514 primo
1842 468 2019 503 πιθανῶν
2070 469 2107 505 Si
2136 480 2261 506 navem
2294 480 2374 506 cum

1277 514 1513 550 instrumento
1538 513 1665 556 emisti,
1689 513 1865 558 praestari
1889 514 1954 548 tibi
1979 514 2084 550 debet
2104 515 2239 560 scapha
2262 516 2371 552 navis.

1280 559 1334 594 ΡΑ
1343 569 1452 595 Utus:
1473 559 1581 594 immo
1607 562 1745 594 contra.
1793 558 1924 594 etenim
1949 560 2083 604 scapha
2107 562 2206 596 navis
2224 572 2297 596 non
2321 565 2375 596 est

1279 605 1554 640 instrumentum
1578 603 1696 639 navis:
1723 604 1851 639 etenim
1875 604 2132 648 mediocritate,
2158 617 2229 641 non
2245 617 2375 651 genere

1280 650 1326 686 ab
1350 659 1394 685 ea
1417 649 1546 692 differt,
1579 649 1851 685 instrumentum
1883 653 2002 684 autem
2036 651 2207 696 cuiusque
2237 652 2289 687 rei
2313 663 2374 687 ne-

1278 703 1378 730 cesse
1413 699 1468 730 est
1503 694 1650 730 alterius
1708 695 1823 730 eneris
1859 704 1938 730 esse
1972 699 2080 748 atque
2114 706 2157 731 ea
2192 707 2376 743 quaequae

1278 741 1341 776 sit:
1367 740 1463 786 quod
1475 740 1673 786 Pomponio
1684 705 1786 776 Iibro
1809 740 1959 786 septimo
1981 741 2213 786 epistularum
2228 743 2373 788 placuit.

1753 879 1851 918 VIII
1861 878 1900 918 ¹⁵.

1575 945 1637 977 DE
1662 945 1862 978 PECULIO
1888 945 2080 978 LEGATO.

1327 1009 1344 1048 1
1375 1010 1536 1047 Pavum
1556 1011 1647 1047 libro
1673 1014 1805 1057 quarto
1828 1011 1879 1047 ad
1902 1011 2076 1048 Sabinum
2124 1011 2233 1048 Servo
2258 1012 2375 1057 legato

1279 1067 1359 1092 cum
1383 1056 1523 1102 peculio
1549 1060 1584 1092 et
1600 1057 1755 1093 alienato
1772 1057 1828 1092 vel
1851 1058 2070 1093 manumisso
2091 1058 2146 1094 vel
2162 1061 2301 1094 mortuo
2326 1059 2376 1093 le-

1277 1106 1400 1148 gatum
1424 1102 1530 1137 etiam
1554 1102 1686 1148 peculii
1710 1102 1956 1147 exstinguitur.

1324 1145 1349 1185 2
1378 1147 1502 1183 GAJUS
1530 1147 1621 1183 libro
1646 1152 1771 1183 octavo
1805 1149 1941 1185 decimo
1975 1147 2025 1184 ad
2055 1148 2208 1184 edictum
2226 1149 2377 1194 provin-

1280 1194 1371 1229 ciale
1415 1192 1510 1228 Nam
1544 1203 1636 1239 quae
1667 1193 1914 1229 accessionum
1945 1194 2065 1229 locum
2101 1193 2283 1239 optinent,
2316 1203 2376 1228 ex-

1278 1239 1519 1283 stinguuntur,
1545 1249 1626 1274 cum
1649 1239 1865 1284 principales
1889 1250 1947 1275 res
1971 1243 2177 1285 peremptae
2200 1238 2343 1274 fuerint.

1326 1281 1350 1322 3
1376 1283 1537 1319 PAULUS
1556 1283 1648 1319 libro
1673 1290 1804 1330 quarto
1828 1284 1878 1320 ad
1900 1284 2075 1320 Sabinum
2120 1285 2171 1320 At
2195 1284 2225 1319 si
2248 1285 2378 1320 ancilla

1280 1340 1361 1364 cum
1386 1329 1461 1364 suis
1485 1329 1580 1364 natis
1603 1329 1722 1374 legata
1746 1329 1803 1372 sit,
1827 1330 1934 1365 etiam
1958 1334 2101 1366 mortua
2131 1339 2174 1365 ea
2205 1330 2261 1365 vel
2292 1329 2377 1366 alie-

1278 1378 1365 1410 nata
1388 1374 1445 1410 vel
1466 1375 1685 1410 manumissa
1720 1375 1796 1410 nati
1820 1375 1867 1410 ad
1896 1375 2106 1420 legatarium
2137 1375 2378 1421 pertinebunt,

1278 1420 1362 1466 quia
1387 1419 1458 1455 duo
1481 1419 1600 1465 legata
1624 1424 1708 1455 sunt
1732 1425 1911 1466 separata.

1324 1464 1349 1502 4
1379 1465 1615 1501 Gaas-libro
1646 1469 1772 1502 octavo
1797 1466 1934 1502 decimo
1966 1466 2017 1502 ad
2046 1466 2200 1502 edictum
2226 1467 2378 1513 provin-

1279 1511 1370 1547 ciale
1417 1510 1487 1546 Sed
1511 1514 1547 1546 et
1570 1511 1601 1546 si
1625 1521 1706 1546 cum
1729 1511 1871 1547 vicariis
1897 1512 1970 1547 suis
2000 1511 2140 1557 legatus
2172 1512 2220 1548 sit
2243 1522 2378 1555 servus,

1279 1557 1386 1592 durat
1409 1556 1622 1592 vicariorum
1646 1557 1801 1602 legatum
1827 1561 1862 1593 et
1885 1560 2026 1593 mortuo
2061 1567 2102 1593 eo
2135 1561 2199 1593 aut
2222 1557 2377 1593 alienato

1280 1606 1344 1637 aut
1367 1602 1599 1638 manumisso.

1326 1646 1350 1684 5
1376 1646 1433 1682 ΡΑ
1441 1656 1536 1683 Utus
1552 1647 1643 1683 libro
1665 1651 1796 1694 quarto
1818 1647 1869 1683 ad
1884 1647 2058 1684 Sabinum
2092 1647 2239 1684 Peculio
2259 1648 2379 1694 legato

1281 1695 1424 1728 constat
1458 1692 1624 1728 heredem
1661 1693 1805 1728 nomina
1835 1693 2033 1739 peculiaria
2064 1693 2230 1740 persequi
2259 1704 2378 1740 posse,

1281 1742 1316 1774 et
1339 1739 1485 1783 insuper
1507 1738 1624 1783 ipsum
1637 1739 1666 1759 ¹⁶
1689 1738 1719 1774 si
1744 1738 1830 1784 quid
1853 1738 1983 1774 debeat
2014 1749 2129 1782 servo,
2152 1738 2303 1775 reddere
2326 1739 2378 1775 le-

1279 1783 1417 1829 gatario
1443 1783 1584 1818 debere.

1327 1827 1351 1866 6
1381 1830 1408 1850 ¹⁷
1426 1827 1621 1864 Uzpzfflos
1651 1828 1743 1864 libro
1775 1829 1941 1865 vicesimo
1974 1829 2099 1876 quinto
2131 1829 2182 1865 ad
2203 1828 2377 1866 Sabinum

1281 1874 1318 1910 Si
1342 1874 1520 1920 peculium
1543 1874 1681 1918 legetur
1705 1877 1740 1910 et
1764 1874 1810 1910 sit
1832 1874 1870 1909 in
1902 1874 2132 1920 corporibus,
2164 1879 2253 1921 puta
2276 1874 2379 1911 fundi

1279 1920 1334 1955 vel
1359 1919 1486 1962 aedes,
1517 1919 1549 1954 si
1603 1919 1720 1955 uidem
1751 1919 1839 1955 nihil
1863 1920 1927 1962 sit,
1961 1919 2057 1965 quod
2088 1930 2211 1956 servus
2236 1920 2378 1956 domino

1279 1966 1335 2001 vel
1360 1964 1538 2000 conservis
1562 1964 1588 1999 li
1616 1965 1727 2000 erisve
1746 1965 1879 2000 domini
1903 1965 2043 2008 debeat,
2066 1965 2206 2010 integra
2226 1976 2379 2011 corpora

1279 2010 1575 2045 vindicabuntur:
1614 2010 1670 2046 sin
1700 2020 1784 2046 vero
1810 2010 1867 2054 sit,
1893 2010 1988 2056 quod
2013 2011 2155 2046 domino
2189 2011 2245 2047 vel
2269 2022 2376 2058 supra

1280 2056 1422 2101 scriptis
1446 2055 1608 2100 personis
1641 2055 1832 2099 debeatur,
1865 2055 2021 2091 deminui
2051 2056 2192 2101 singula
2227 2067 2379 2103 corpora

1282 2112 1347 2146 pro
1373 2104 1454 2135 rata
1479 2100 1670 2136 debebunt.
1719 2105 1755 2136 et
1778 2101 1829 2136 ita
1854 2104 1888 2137 et
1910 2101 2071 2137 Iulianus
2105 2107 2140 2137 et
2164 2101 2287 2137 Celsus
2311 2113 2378 2148 pu-

1285 2151 1297 2181 l
1348 2150 1438 2181 tant.
1485 2146 1535 2180 Et
1558 2146 1589 2181 si
1612 2145 1721 2182 fuerit
1744 2146 1899 2192 legatum
1923 2147 2102 2191 peculium
2126 2158 2197 2182 non
2223 2147 2377 2183 deducto

1280 2202 1362 2228 aere
1385 2191 1513 2234 alieno,
1544 2188 1754 2236 verendum,
1786 2202 1831 2227 ne
1853 2192 1980 2227 inutile
2009 2192 2165 2237 legatum
2197 2192 2261 2235 sit,
2295 2193 2379 2238 quia

1282 2237 1377 2283 quod
1402 2237 1555 2272 adicitur
1579 2240 1705 2272 contra
1727 2240 1892 2272 naturam
1916 2237 2022 2282 legati
2049 2238 2095 2273 sit
2108 2238 2146 2273 ¹⁸.
2196 2238 2259 2274 sed
2289 2242 2377 2283 puto

1280 2294 1401 2318 verum
1429 2282 1557 2317 ¹⁹hanc
1593 2282 1826 2318 adiectionem
1855 2293 1925 2318 non
1949 2282 2075 2318 vitiare
2105 2283 2280 2328 legatum,
2315 2283 2378 2318 sed

1282 2328 1368 2363 nihil
1392 2328 1425 2364 ei
1449 2327 1609 2363 adicere:
1645 2338 1712 2363 nec
1736 2328 1829 2363 enim
1852 2331 1973 2373 potest
1996 2338 2156 2364 crescere
2187 2328 2377 2364 vindicatio

1281 2373 1412 2418 peculii
1436 2383 1500 2418 per
1523 2373 1618 2408 hauc
1643 2373 1889 2409 adiectionem.
1937 2373 2043 2418 plane
2068 2373 2098 2409 si
2121 2384 2301 2419 proponas
2326 2373 2376 2409 le-

1280 2419 1456 2463 gatarium
1480 2421 1627 2453 nactum
1644 2419 1907 2464 possessionem
1923 2429 2054 2461 rerum,
2079 2429 2165 2454 exce
2191 2419 2288 2455 tione
2306 2419 2377 2454 doli

1280 2464 1450 2499 adversus
1475 2463 1642 2499 heredem
1666 2463 1904 2499 vindicantem
1928 2464 1981 2499 uti
1996 2467 2133 2509 potest:
2185 2464 2268 2499 abet
2285 2464 2376 2500 enim

1279 2509 1316 2544 in
1341 2509 1463 2545 solidis
1480 2509 1586 2544 rebus
1602 2509 1822 2545 voluntatem
1836 2509 1929 2544 aeris
1945 2509 2053 2544 alieni
2069 2519 2141 2545 non
2166 2509 2376 2545 deducendi.

1281 2554 1343 2590 sed
1360 2558 1395 2590 et
1407 2555 1437 2589 si
1450 2554 1613 2590 dominus
1626 2554 1805 2590 remittere
1816 2564 1853 2589 se
1866 2564 1968 2590 servo
1991 2554 2086 2599 quod
2099 2554 2204 2590 debet
2220 2555 2275 2590 vel
2289 2555 2377 2590 nihil

1280 2600 1348 2635 sibi
1372 2610 1512 2635 servum
1536 2599 1664 2635 debere
1689 2599 1948 2644 significaverit,
1979 2599 2074 2635 valet
2097 2599 2187 2635 haec
2212 2599 2377 2643 adiectio,

1281 2645 1364 2691 quia
1396 2644 1493 2680 nuda
1515 2645 1701 2681 voluntate
1757 2648 1851 2680 otest
1883 2644 2046 2680 dominus
2071 2654 2172 2681 servo
2196 2645 2377 2680 remittere

1281 2695 1298 2725 2
1348 2690 1444 2736 quod
1467 2691 1500 2726 ei
1533 2690 1649 2725 debet.
1737 2690 1848 2725 icario
1881 2693 2001 2725 autem
2032 2700 2110 2726 meo
2143 2690 2228 2725 mihi
2258 2691 2375 2743 legato

1280 2747 1325 2771 an
1350 2740 1386 2771 et
1409 2735 1533 2771 vicarii
1556 2736 1625 2771 mei
1638 2735 1816 2780 peculium
1834 2734 1880 2770 ad
1894 2745 1952 2770 me
1963 2735 2155 2789 pertineat,
2204 2740 2375 2772 uaeritur.

1279 2785 1314 2816 et
1337 2785 1506 2826 putamus
1532 2780 1708 2816 contineri
1731 2781 1847 2825 legato
1863 2780 1985 2816 vicarii
2001 2781 2076 2816 eius
2091 2791 2185 2827 pecu
2200 2782 2283 2823 ium,
2308 2782 2376 2817 nisi

1280 2830 1298 2861 3
1348 2825 1497 2861 adversa
1521 2825 1568 2861 sit
1596 2826 1762 2861 voluntas
1794 2826 1987 2862 testatoris.
2036 2825 2074 2861 Si
2106 2837 2228 2862 servus
2261 2830 2296 2862 et
2325 2827 2375 2862 vi-

1279 2871 1397 2907 carius
1414 2871 1488 2906 eius
1504 2871 1606 2906 liberi
1630 2881 1708 2906 esse
1730 2870 1819 2906 iussi
1842 2871 1914 2907 sint
1937 2871 2057 2917 eisque
2079 2871 2220 2918 peculia
2235 2882 2302 2908 sua
2325 2872 2375 2907 le-

1278 2920 1361 2962 gata
1385 2916 1468 2959 sint,
1500 2917 1609 2952 verba
1633 2916 1829 2952 secundum
1851 2916 2071 2952 voluntatem
2102 2917 2287 2953 testatoris
2312 2928 2371 2953 ex-

1279 2961 1467 3003 audienda,
1499 2964 1681 3007 tamquam
1706 2961 1750 2997 de
1775 2961 1916 2997 duobus
1949 2962 2195 3008 separatisque
2226 2963 2375 3008 peculiis

1278 3010 1451 3042 testatore
1474 3006 1615 3041 locuto:
1653 3010 1688 3042 et
1720 3006 1915 3042 secundum
1944 3007 2035 3043 haec
2065 3008 2221 3044 vicarius
2252 3008 2375 3043 vicarii

1279 3063 1350 3088 non
1377 3051 1716 3095 communicabitur,
1748 3052 1815 3087 nisi
1846 3053 1936 3088 haec
1967 3063 2067 3088 mens
2098 3052 2168 3088 fuit
2197 3053 2373 3088 testantis.

1279 3100 1299 3132 4
1347 3097 1446 3132 Sicut
1471 3099 1590 3132 autem
1615 3107 1676 3132 aes
1701 3096 1874 3140 alienum,
1906 3097 1976 3134 hoc
2008 3102 2064 3134 est
2095 3098 2190 3144 quod
2225 3098 2375 3133 debetur

1280 3142 1434 3184 domino,
1459 3142 1586 3177 minuit
1609 3142 1765 3187 legatum
1786 3143 1978 3188 peculium,
2001 3143 2053 3179 ita
2076 3153 2142 3189 per
2157 3143 2374 3179 contrarium

1279 3188 1315 3222 id
1340 3187 1436 3233 quod
1460 3187 1624 3222 dominus
1649 3187 1755 3223 debet
1779 3198 1879 3223 servo
1897 3199 2028 3234 augere
2052 3188 2168 3224 debet.
2211 3188 2273 3223 sed
2290 3188 2373 3222 huic

1279 3232 1477 3269 sententiae
1508 3232 1719 3268 adversatur
1749 3233 1961 3279 rescriptum
2000 3233 2224 3279 imperatoris
2260 3233 2374 3267 nostri

1280 3282 1316 3313 et
1337 3278 1450 3324 patris
1475 3277 1563 3319 eius,
1588 3277 1683 3323 quod
1706 3278 1758 3314 ita
1782 3282 1853 3315 est:
1880 3279 1980 3314 ‘Cum
2004 3278 2181 3324 peculium
2197 3288 2298 3313 servo
2322 3277 2373 3312 le·

1280 3326 1405 3368 ‘gatur,
1430 3333 1503 3358 non
1528 3323 1633 3358 etiam
1647 3323 1683 3359 id
1712 3323 1930 3367 conceditur,
1955 3328 1995 3359 ut
2042 3323 2221 3358 etitionem
2241 3322 2373 3357 habeat

1280 3372 1289 3388 ‘
1317 3368 1484 3410 ecuniae,
1544 3378 1628 3404 uam
1659 3379 1698 3404 se
1727 3368 1765 3405 in
1795 3369 1970 3405 rationem
2003 3334 2136 3403 ‹ssmini
2159 3366 2373 3412 impendisse

1280 3417 1289 3433 ⁴
1317 3413 1401 3448 icit'.
1451 3413 1511 3458 qui
1557 3416 1676 3450 tamen
1701 3414 1732 3449 si
1754 3415 1845 3450 haec
1869 3414 2034 3450 voluntas
2066 3412 2134 3448 fuit
2164 3412 2372 3447 testatoris?

1280 3470 1344 3494 cur
1366 3468 1439 3493 non
1462 3458 1576 3503 possit
1599 3459 1793 3505 consequi?
1817 3462 1913 3496 certe
1937 3457 2159 3503 compensari
2175 3457 2280 3492 debet
2302 3457 2372 3492 hoc

1325 3573 1385 3615 (¹⁵)
1411 3572 1493 3606 Sab.
1505 3579 1844 3608 1...12.14...1⁶.1s.2o.
1859 3580 1912 3611 24ς
1932 3571 2018 3614 Pap.
2031 3579 2075 3606 19.
2090 3578 2132 3605 ιι.
2147 3577 2200 3608 26;
2219 3571 2308 3613 App.
2323 3577 2370 3604 22.

1281 3624 1334 3656 233
1359 3619 1426 3651 Ed.
1440 3624 1485 3652 13.
1497 3625 1540 3652 17.
1554 3625 1601 3652 25.
1613 3636 1660 3642 —-
1673 3618 1757 3651 Bas.
1774 3619 1827 3659 44,
1840 3625 1869 3651 11
1974 3620 2031 3655 (16)
2057 3617 2090 3649 et
2101 3616 2237 3658 insuper
2249 3615 2370 3658 ipsum]

1279 3662 1336 3707 sed
1348 3662 1437 3704 quod
1448 3663 1497 3695 ita
1509 3663 1619 3705 exegit
1630 3665 1663 3696 et
1675 3662 1835 3705 insuperi
1860 3672 1892 3694 se
1901 3674 1963 3694 scr.
2034 3662 2093 3702 (1¹1)
2113 3662 2159 3693 acl
2173 3665 2187 3699 ξ
2203 3667 2218 3694 4
2233 3663 2274 3703 ef.
2290 3661 2369 3693 Inst.

1281 3709 1312 3748 2,
1326 3716 1373 3748 20,
1387 3715 1423 3742 20
1514 3710 1574 3751 (ιε)
1597 3708 1648 3741 bit
1662 3709 1724 3749 Fa,
1738 3707 1787 3739 vit
1800 3708 1833 3739 F
1853 3706 1908 3749 ,fit
1922 3706 1971 3739 F²
2041 3708 2100 3747 (19)
2115 3705 2156 3738 ad
2169 3706 2228 3739 ins.
2244 3705 2276 3737 F

2051 3808 2094 3843 60
