2528 3918
186 119 392 166 XXXVII
427 124 491 166 14.
519 125 570 165 15

188 249 203 282 1
254 245 395 282 ‘rissimi
418 245 483 281 viri
505 245 600 282 hanc
623 244 834 282 sententiam
852 244 986 282 fuisse'.
1020 244 1130 281 1tem¹
1155 254 1263 297 quae-

185 292 293 327 situm
319 294 391 332 est,
427 290 457 325 si
479 290 622 336 patroni
643 289 738 327 filius
762 290 889 337 capitis
913 289 1134 326 accusaverit
1155 289 1263 325 liber-

185 340 272 377 tum,
296 345 343 370 an
359 335 429 371 hoc
446 338 573 371 noceat
586 334 708 371 liberis
722 334 846 381 ipsius.
883 339 919 371 et
933 334 1107 371 Proculus
1123 333 1264 379 quidem

184 380 222 415 in
252 380 321 415 hac
351 379 421 414 fuit
449 379 614 425 opinione
644 383 765 416 notam
795 380 1002 425 adspersam
1027 378 1169 431 patroni
1190 378 1264 414 filio

185 424 307 460 liberis
330 424 406 460 eius
430 434 570 467 nocere,
594 424 752 460 Iulianus
776 428 895 460 autem
915 427 1072 470 negavit:
1096 422 1183 460 sed’
1205 423 1264 459 hic

185 469 277 505 idem
301 469 397 514 quod
420 469 579 505 Iulianus
601 469 670 506 erit
693 469 889 505 dicendum.

236 510 286 552 18
311 513 514 549 Scaevoia
543 513 634 550 libro
658 518 789 560 quarto
812 523 1065 560 responsorum
1111 512 1262 557 Quaero,

185 569 232 594 an
256 559 404 594 libertus
427 558 609 603 prohiberi
631 562 750 604 potest
773 569 795 593 a
818 563 970 604 patrono
994 557 1032 593 in
1055 556 1179 593 eadem
1202 567 1262 593 co·

185 603 300 647 lonia,
339 604 376 638 in
406 613 479 683 gua
507 603 585 649 ipse
613 604 830 648 negotiatur,
870 603 961 638 idem
990 612 1102 647 genus
1121 601 1264 655 ‚neg-otii

188 658 362 684 exercere.
433 649 577 684 caevola
599 648 783 693 respondit
805 658 877 683 non
900 657 1005 692 posse
1028 647 1217 692 prohiberi.

235 690 285 730 19
320 692 375 728 ΡΑ
383 702 477 728 vws
509 693 600 728 libro
629 694 750 740 primo
785 694 1039 727 sententiarum
1098 692 1264 770 Ingratus

1057 740 1191 772 raestat
1210 746 1251 771 ve

187 738 334 773 libertus
358 741 424 779 est,
448 737 509 782 qui
532 741 683 783 patrono
707 737 914 781 obsequium
937 747 1009 772 non
1069 785 1084 815 t
1147 784 1163 815 t
1187 784 1202 815 t

1049 791 1069 817 e
1085 791 1146 816 rac
1164 791 1186 815 a
1205 808 1212 815 .

184 793 241 818 res
266 782 342 818 eius
366 782 561 818 filiorumve
584 782 731 817 tutelam
755 782 1002 818 administrare

232 825 286 864 20
317 826 425 862 IDEM
451 827 540 863 libro
573 828 676 862 tertio
707 827 963 862 sententiarum
1021 826 1120 861 Sicut
1154 829 1262 861 testa-

186 876 304 908 mento
324 871 420 907 facto
439 871 631 907 decedente
650 871 778 907 liberto
802 875 960 916 potestas
984 871 1090 906 datur
1111 875 1262 916 patrono

186 918 239 952 vel
259 917 432 953 libertatis
453 926 562 953 causa
576 916 742 961 imposita
757 920 878 961 petere
891 917 945 951 vel
962 916 1073 961 partis
1091 916 1264 951 bonorum

186 962 455 1007 possessionem,
478 961 530 997 ita
553 965 589 997 et
612 972 692 996 cum
714 961 882 997 intestato
907 960 1110 1003 decesserit,
1142 970 1264 995 earum

187 1017 306 1043 rerum
329 1006 453 1042 electio
477 1007 511 1042 ei
531 1009 661 1041 manet.

231 1049 281 1089 21
309 1051 651 1087 Heauoosmms
671 1051 761 1086 libro
787 1051 890 1086 tertio
915 1051 1006 1086 iuris
1028 1050 1263 1096 epitoniorum

186 1096 265 1132 Sive
287 1100 459 1141 patronus
483 1096 560 1131 sive
582 1096 731 1131 libertus
756 1095 962 1140 deportetur
992 1098 1028 1130 et
1055 1098 1138 1139 post
1160 1094 1262 1129 resti-

184 1145 319 1184 tuatur,
343 1141 511 1177 amissum
534 1143 747 1186 patronatus
771 1144 806 1175 et
824 1140 997 1185 petendae
1014 1143 1140 1175 contra
1158 1139 1263 1174 tabu-

185 1186 239 1222 las
274 1187 448 1221 bonorum
485 1184 720 1230 possessionis
759 1185 815 1220 ius
849 1184 1037 1229 recipiturt
1080 1183 1176 1229 quod
1208 1183 1264 1219 ius

185 1234 347 1267 servatur
380 1234 417 1265 et
451 1230 482 1265 si
519 1230 557 1265 in
594 1229 775 1265 metallum
837 1233 983 1265 atronus
1021 1228 1077 1264 vel
1114 1228 1263 1264 libertus

188 1279 203 1311 1
253 1275 440 1310 damnatus
463 1274 682 1310 restituatur.
728 1274 806 1309 Exc
822 1274 941 1309 uditur
970 1277 1095 1309 contra
1122 1273 1263 1309 tabulas

185 1320 359 1355 bonorum
388 1319 612 1364 possessione
643 1322 815 1363 patronus
848 1322 884 1355 et
911 1319 942 1354 si
965 1329 1009 1354 ex
1031 1318 1138 1354 uncia
1160 1319 1263 1354 heres

183 1365 391 1400 instituatur
414 1367 450 1399 et
471 1364 519 1406 id,
545 1363 640 1408 quod
663 1364 762 1399 deest
785 1363 831 1399 ad
854 1363 1086 1417 supplendam
1109 1363 1263 1399 debitam

184 1410 392 1454 portionem,
416 1418 480 1454 per
503 1418 642 1444 servum
664 1408 794 1444 iudicio
819 1409 936 1444 liberti
959 1409 1035 1444 sine
1055 1407 1263 1444 condicione

186 1458 221 1490 et
249 1453 419 1489 dilatione
449 1453 498 1496 ei,
528 1453 725 1489 hereditate
753 1454 809 1489 vel
837 1454 953 1498 legato
983 1453 1056 1489 sive
1083 1452 1262 1489 fideicom-

186 1502 206 1533 2
251 1498 377 1540 misso,
410 1498 532 1543 quaeri
554 1501 684 1543 potest.
730 1498 788 1533 Ex
812 1498 951 1534 duobus
974 1498 1135 1543 patronis
1157 1508 1261 1539 unus,

184 1553 229 1579 ex
257 1543 377 1578 debita
406 1547 510 1588 parte
540 1544 643 1578 heres
671 1543 856 1579 institutus
886 1543 961 1579 sine
991 1542 1200 1579 condicione
1229 1546 1264 1577 et

184 1588 364 1631 dilatione,
382 1591 508 1623 contra
522 1588 664 1623 tabulas
679 1588 852 1623 bonorum
866 1587 1127 1632 possessionem
1142 1591 1263 1632 petere

184 1643 257 1668 non
278 1632 427 1677 poterit,
450 1632 553 1674 licet,
578 1632 608 1667 si
630 1632 745 1667 minor
769 1632 801 1667 ei
823 1632 940 1677 portio
965 1635 1060 1668 esset
1081 1631 1206 1667 relicta
1228 1635 1265 1667 et

185 1680 311 1712 contra
339 1677 481 1712 tabulas
513 1677 688 1712 bonorum
717 1677 977 1722 possessionem
1000 1676 1162 1722 petisset,
1194 1676 1264 1711 alia

185 1725 205 1757 3
252 1722 358 1757 etiam
389 1722 506 1766 portio
539 1721 572 1756 ei
602 1721 810 1757 adcrescere
840 1721 1025 1766 potuisset.
1072 1721 1263 1756 Naturales

183 1766 287 1802 liberi
316 1766 435 1802 liberti
464 1766 668 1802 exheredati
696 1766 800 1809 facti,
830 1766 900 1802 alio
929 1777 973 1802 ex
1001 1769 1104 1812 parte
1134 1765 1264 1802 herede

183 1811 365 1854 instituto,
397 1812 429 1846 si
458 1821 524 1856 per
554 1821 694 1846 servum
725 1822 769 1846 ex
800 1811 871 1846 alia
883 1815 996 1890 1parte
1018 1811 1158 1856 parenti
1182 1821 1262 1846 suc·

184 1860 206 1891 4
253 1856 435 1898 cesserint,
460 1855 662 1892 obiciuntur
685 1860 849 1901 patrono.
916 1856 1021 1891 iberti
1043 1856 1137 1891 filius
1161 1856 1263 1891 heres

183 1901 370 1981 ixistgtutus
405 1901 436 1936 si
468 1901 564 1937 bona
597 1901 852 1946 repudiaverit,
888 1904 1061 1946 patronus
1094 1911 1167 1936 non
1202 1911 1263 1936 ex·

186 1956 206 1981 c
222 1957 246 1980 u
271 1946 353 1981 itur.

230 1988 284 2027 22
307 1990 429 2027 GAms
441 1990 532 2026 libro
547 1990 729 2036 sinqulari
741 1990 786 2025 de
799 1990 942 2026 casibus
977 1989 1070 2026 Satis
1087 1994 1228 2026 constat
1237 1991 1263 2033 ³,

185 2035 323 2071 etiamsi
341 2035 379 2070 in
397 2038 577 2087 potestate
595 2036 642 2070 sit
660 2034 818 2079 parentis
835 2034 928 2069 filius
949 2038 1130 2079 patronae,
1155 2035 1263 2071 nihilo

184 2081 298 2115 minus
323 2080 475 2124 legit1mo
498 2080 575 2116 iure
598 2079 645 2115 ad
668 2089 749 2115 eum
771 2079 948 2124 pertinere
970 2079 1212 2116 hereditatem.

231 2122 283 2162 23
311 2124 587 2160 Tareaomzvos
614 2125 705 2160 libro
735 2125 859 2170 quinto
890 2124 1025 2159 decimo
1051 2125 1263 2177 disputatio-

185 2179 269 2205 num
316 2168 355 2204 Si
377 2169 470 2204 filius
493 2169 606 2214 patris
629 2179 752 2204 necem
775 2169 924 2204 inultam
943 2169 1134 2213 reliquena
1181 2180 1263 2205 uam

186 2224 308 2250 servus
334 2213 467 2249 detexit
489 2218 526 2249 et
548 2214 677 2250 meruit
698 2214 915 2255 libertatem,
939 2213 1012 2248 dixi
1035 2224 1106 2250 non
1128 2214 1175 2249 ha
1202 2225 1261 2250 en-

188 2262 203 2293 1
253 2259 337 2294 dum
365 2269 432 2304 pro
462 2258 605 2303 patroni
633 2258 725 2300 filio,
757 2258 840 2310 quia
870 2258 1034 2303 indignus
1062 2262 1127 2295 est.
1174 2259 1262 2294 Cum

184 2313 229 2339 ex
259 2303 359 2339 falsis
388 2303 575 2347 codicillis,
608 2304 669 2348 qui
699 2313 772 2339 veri
803 2303 850 2338 ali
875 2313 922 2338 uo
950 2307 1108 2348 tempore
1139 2304 1263 2340 crediti

184 2351 286 2391 sunt,
322 2348 425 2384 heres
454 2348 622 2393 ignorans
653 2348 753 2393 quasi
783 2358 828 2391 ex
884 2347 1125 2384 deicommisso
1156 2348 1262 2384 liber-

183 2397 294 2428 tatem
317 2393 426 2429 servis
449 2393 705 2438 praestitisset,
729 2392 940 2438 rescriptum
964 2396 1018 2427 est
1040 2403 1063 2428 a
1086 2393 1165 2428 divo
1188 2394 1261 2428 Ha-

183 2437 307 2473 driano
338 2438 470 2473 liberos
501 2437 642 2482 quidem
673 2448 734 2474 eos
762 2448 857 2479 esse,
889 2437 953 2473 sed
983 2437 1262 2474 aestimationem

183 2482 239 2517 sui
267 2486 452 2527 praestare
480 2482 627 2518 debere:
659 2486 695 2518 et
723 2482 791 2518 hos
819 2482 966 2518 libertos
995 2483 1262 2519 manumissoris

183 2536 262 2562 esse
292 2531 389 2563 recte
417 2527 608 2572 probatur,
640 2527 724 2573 quia
754 2527 890 2563 salvum
922 2531 976 2563 est
1005 2528 1112 2563 etiam
1139 2528 1177 2563 in
1206 2528 1262 2563 his

182 2571 318 2607 libertis
340 2572 397 2607 ius
421 2572 563 2617 patroni
572 2573 597 2607 ⁴.

229 2613 308 2652 24⁶
331 2615 387 2651 ΡΑ
395 2626 489 2653 Uhvs
516 2616 754 2663 imperialium
784 2616 1038 2651 sententiarum
1071 2617 1109 2651 in
1139 2617 1262 2663 coqui-

184 2661 340 2695 tionibus
365 2660 594 2707 prolatarum
625 2661 700 2696 sive
730 2660 953 2696 decretorum
983 2670 1033 2695 ex
1063 2660 1164 2696 libris
1193 2672 1263 2697 sex

183 2705 274 2740 libro
298 2706 416 2751 primo
462 2704 617 2741 Camelia
627 2705 693 2740 Pia
711 2704 756 2740 ab
768 2704 989 2750 Hermogene
1009 2705 1260 2757 appellaverat,

187 2749 282 2793 quod
311 2749 445 2785 diceret
466 2749 636 2785 iudicem⁶
664 2749 708 2785 de
737 2749 924 2785 dividenda
951 2749 1147 2785 hereditate
1169 2751 1262 2785 inter

183 2803 224 2829 se
246 2799 283 2829 et
307 2794 513 2830 coheredem
536 2805 609 2830 non
632 2797 771 2829 tantum
789 2804 858 2837 res,
883 2793 946 2829 sed
963 2794 1091 2829 etiam⁷
1114 2794 1260 2830 libertos

185 2838 386 2874 divisisse⁸z
424 2839 520 2875 nullo
556 2839 650 2875 enim
682 2839 760 2874 iure
794 2838 831 2874 id
868 2848 948 2874 eum
976 2838 1114 2875 fecisse.
1163 2839 1260 2885 ‘’pla-

185 2883 259 2918 cuit
282 2883 414 2918 nullam
438 2894 516 2919 esse
537 2884 745 2920 libertorum
768 2883 990 2919 divisionem:
1015 2883 1260 2920 alimentorum

183 2931 302 2963 autem
336 2927 540 2963 divisionem
578 2939 600 2964 a
635 2928 751 2964 iudice
781 2928 875 2964 inter
906 2928 1097 2965 coheredes
1128 2928 1260 2965 factam

183 2971 307 3008 eodem
330 2972 434 3008 modo
457 2979 571 3008 ratam
594 2983 670 3009 esse
683 2974 722 3008 ¹⁰.

662 3066 733 3104 XV
747 3064 786 3103 ¹¹.

182 3129 244 3162 DE
257 3127 285 3149 ¹²
326 3128 563 3166 OBSEQUIIS
607 3130 891 3163 PARENTIBUS
936 3130 996 3163 ET
1038 3130 1259 3164 PATRONIS

563 3174 882 3208 PRAESTANDIS.

230 3237 249 3276 1
285 3238 479 3275 Uzmnvs
498 3238 589 3274 libro
605 3240 728 3285 primo
758 3240 965 3286 opinionum
1019 3239 1139 3275 Etiam
1168 3239 1258 3274 mili-

180 3283 278 3319 tibus
297 3283 441 3328 pietatis
460 3283 552 3321 ratio
571 3283 608 3318 in
627 3288 794 3328 parentes
815 3288 980 3320 constare
1000 3284 1123 3320 debet:
1148 3294 1259 3329 quare

180 3398 221 3437 (1)
244 3396 336 3438 item]
357 3396 471 3438 itaque
489 3408 551 3430 scr.
572 3403 602 3430 et
618 3397 666 3429 sic
676 3396 755 3439 sere
766 3396 829 3429 Ad.
845 3397 991 3430 Schmidt
1082 3397 1125 3438 (2)
1150 3398 1183 3429 et
1195 3398 1255 3430 ins.

181 3443 223 3481 (8)
248 3444 287 3473 ut
301 3443 358 3474 ins.
372 3441 407 3473 F'
493 3444 534 3479 (4)
560 3440 619 3482 qui
637 3440 781 3473 nummis
799 3450 819 3472 a
838 3451 871 3473 se
887 3441 972 3473 datis
989 3440 1175 3474 libertatem
1193 3441 1255 3473 im-

178 3487 395 3527 petraverunt
413 3486 573 3519 similiave
592 3485 778 3519 acciderunt
904 3486 947 3527 (5)
970 3502 1015 3515 ==
1033 3485 1080 3518 D.
1105 3487 1156 3527 10,
1175 3493 1204 3526 ²,
1223 3492 1254 3519 41

181 3532 224 3570 (6)
249 3529 374 3562 Paulus
392 3529 478 3563 libro
496 3530 604 3572 primo
621 3529 837 3563 decretorum.
885 3529 1053 3567 Quaedam
1073 3529 1195 3563 mulier
1214 3529 1255 3563 ab

179 3573 290 3607 iudice
302 3573 526 3616 appellaverat
537 3573 627 3617 quod
638 3574 762 3607 diceret
774 3583 850 3606 eum
862 3574 881 3606 I.
916 3586 969 3607 em.
1031 3578 1074 3614 (7)
1098 3575 1164 3608 etl.
1173 3587 1254 3618 pem.

181 3623 224 3660 (8)
249 3621 283 3651 et
293 3618 451 3652 alimenta
462 3629 547 3661 quae
559 3618 632 3652 dari
642 3619 780 3651 testator
791 3586 1028 3651 oertulibertis
1038 3619 1184 3651 iussisset
1194 3619 1254 3652 ins.

180 3664 200 3696 1.
212 3675 282 3707 qem
361 3665 406 3704 (s)
431 3673 470 3697 ex
483 3663 610 3697 diverso
622 3661 882 3705 respondebatur
894 3664 1093 3697 consensi-e
1105 3673 1159 3696 eos
1170 3663 1256 3698 divi-

1247 115 1333 166 564
1556 114 1595 135 ³

1322 3664 1382 3706 (ιι)
1405 3662 1474 3696 <nvi
1486 3665 1558 3698 «αα.

1486 1 1491 26 l

1492 24 1557 107 'l

1780 132 1842 165 1>ss
1872 131 2102 173 onssqtms
2127 130 2401 164 Pamisus

1331 242 1363 279 si
1383 242 1478 280 filius
1501 243 1602 282 miles
1623 244 1661 281 in
1708 247 1821 282 atrem
1844 244 1963 290 aliqua
1985 243 2175 289 commisit,
2204 254 2272 291 pro
2297 244 2402 281 modo

1337 291 1348 322 1
1399 287 1520 341 delicti
1629 255 1742 326 endiis
1760 293 1826 326 est.
1861 289 1911 324 Et
1927 289 2021 325 inter
2037 288 2240 326 collibertos
2255 293 2404 326 matrem

1331 335 1368 367 et
1389 331 1500 368 fllium
1521 343 1546 378 p
1560 334 1664 370 etatis
1686 334 1779 371 ratio
1801 333 1996 371 secundum
2018 337 2182 370 naturam
2203 334 2303 371 salva
2324 344 2403 371 esse

1331 379 1351 411 2
1393 376 1514 429 debet,
1560 378 1600 414 Si
1620 378 1714 415 filius
1737 382 1885 414 matrem
1914 382 1977 413 aut
1998 381 2152 424 patrm,
2180 388 2270 424 quos
2299 389 2402 415 vene-

1330 431 1403 457 rari
1425 425 1577 467 oportet,
1602 423 1823 459 contumeliis
1847 423 1969 458 adficit
1991 423 2047 458 vel
2062 422 2189 468 impias
2207 433 2333 460 manus
2353 424 2404 459 eis

1330 465 1457 509 infert,
1486 467 1689 512 praefectus
1711 468 1809 504 urbis
1833 468 2000 503 delictum
2024 466 2070 503 ad
2117 468 2269 504 ublicam
2315 468 2405 504 ieta-

1331 514 1351 545 3
1398 514 1470 546 tem
1499 511 1681 557 pertinens
1711 522 1776 558 pro
1799 512 1903 549 modo
1928 512 2003 548 eius
2025 512 2084 548 vin
2110 512 2189 548 ‘cat
2235 513 2276 548 In
2361 524 2403 549 us

1330 554 1456 591 militia
1477 555 1687 593 iudicandus
1710 560 1775 599 est,
1800 557 1860 603 qui
1883 561 2020 602 patrem
2043 560 2079 593 et
2100 561 2258 601 matrem,
2281 567 2304 592 a
2326 558 2400 604 qui·

1330 600 1398 636 bus
1422 610 1461 636 se
1482 601 1672 636 educatum
1696 601 1835 644 dixerit,
1858 601 2037 638 maleficos
2060 611 2082 637 a
2107 602 2298 647 pellaverit.

1377 642 1403 682 2
1426 644 1619 681 Ivzulws
1638 646 1730 681 libro
1753 651 1883 691 quarto
1906 647 2041 682 decimo
2068 612 2285 693 ciiyestorum
2329 647 2403 683 Ho-

1331 689 1410 725 nori
1438 690 1638 735 parentium
1667 700 1711 726 ac
1741 694 1970 736 patronorum
1999 691 2224 727 tribuendum
2248 694 2320 733 est,
2351 697 2404 734 ut,

1331 735 1494 814 3333‘32
1517 744 1599 815 {31²0
1615 736 2404 817 fficfflffifimiggigffimdffiffieffi

1331 824 1450 859 verbis
1474 824 1582 860 edicti
1603 834 1676 860 non
1698 824 1897 860 habeantur
1918 824 2066 861 infames
2096 825 2147 860 ita
2170 825 2404 868 condemnati,

1331 878 1370 904 re
1403 872 1522 904 tamen
1553 868 1633 914 ipsa
1662 873 1699 905 et
1729 879 1750 905 o
1775 869 1893 904 inione
1922 869 2102 905 hominum
2132 880 2204 906 non
2235 880 2254 905 e
2330 870 2407 906 ‘unt

1335 916 1350 948 1
1399 912 1567 949 infamiae
1589 916 1721 949 notam.
1775 913 1987 950 nterdictum
2009 924 2150 960 quoque
2171 914 2265 951 unde
2281 926 2315 951 vi
2333 925 2405 950 non

1333 961 1386 993 est
1409 958 1578 994 adversus
1603 968 1663 994 eos
1686 958 1914 994 reddendum.

1376 1000 1401 1040 3
1427 1002 1664 1039 Masculus
1684 1003 1774 1039 libro
1796 1004 1977 1049 sinqulari
1997 1013 2250 1050 responsorum
2290 1003 2405 1039 Titius

1331 1057 1482 1093 puerum
1507 1048 1600 1090 emit,
1625 1057 1728 1093 quem
1750 1052 1834 1093 post
1855 1048 1984 1083 multos
2007 1058 2120 1084 annos
2143 1048 2261 1084 venire
2283 1049 2404 1084 iussit:

1331 1096 1457 1137 postea
1488 1096 1655 1128 exoratus
1687 1096 1835 1138 accepto
1859 1093 1905 1128 ab
1929 1102 1971 1128 eo
1994 1093 2109 1138 pretio
2131 1103 2212 1129 eum
2235 1094 2405 1129 manumi-

1331 1138 1395 1190 sit:
1428 1147 1576 1182 quaero,
1606 1148 1653 1173 an
1676 1147 1756 1173 eum
1778 1137 1873 1190 filius
1897 1141 1933 1173 et
1954 1138 2058 1190 heres
2080 1138 2354 1192 manumissoris·
2367 1142 2406 1191 ut

1331 1186 1853 1280 assuetissimis&
1889 1182 2405 1281 sesti-immas}

1331 1282 1354 1307 a
1384 1283 1448 1307 suo
1480 1282 1580 1308 servo
1614 1283 1692 1317 quis
1723 1273 1776 1308 vel
1808 1272 1914 1308 etiam
1944 1273 1989 1308 ab
2013 1282 2126 1308 amico
2150 1282 2225 1308 eius
2249 1273 2405 1318 acceptis

1331 1317 1482 1352 nummis
1506 1317 1642 1353 dederit
1664 1317 1874 1360 libertatem,
1898 1327 1946 1353 an
1968 1317 2014 1353 ab
2037 1327 2079 1352 eo
2103 1327 2215 1360 servo,
2242 1317 2302 1362 qui
2325 1328 2406 1353 cum

1331 1365 1425 1397 esset
1441 1362 1577 1398 alienus
1592 1362 1630 1397 in
1646 1362 1750 1397 fidem
1770 1362 1845 1398 eius
1861 1362 2011 1398 devenit.
2050 1362 2177 1398 etenim
2193 1361 2253 1397 ille
2268 1362 2406 1398 etiamsi

1330 1417 1403 1442 non
1425 1407 1629 1460 gratuitum,
1654 1406 1862 1443 beneficium
1881 1411 2000 1443 tamen
2019 1407 2207 1452 praestitit,
2230 1407 2298 1443 iste
2319 1407 2405 1445 nihi]

1331 1452 1482 1496 amphus
1523 1462 1629 1497 quam
1671 1462 1815 1498 operam
1855 1462 1956 1488 suam
1997 1451 2264 1487 accommodare
2296 1451 2407 1487 videri

1359 1501 1462 1533 otest.

1334 1508 1356 1541 p
1376 1540 1402 1577 4
1425 1540 1660 1576 Mamaos
1674 1541 1766 1576 libro
1782 1541 1938 1577 secundo
1952 1541 2177 1587 publicorum
2193 1541 2406 1577 iudiciorum

1331 1585 1401 1621 Per
1424 1589 1693 1630 procuratorem
1715 1585 1892 1630 ingratum
1915 1586 2080 1622 libertum
2103 1595 2209 1631 posse
2232 1586 2333 1631 argui
2351 1585 2406 1621 di·

1330 1640 1395 1667 vus
1410 1631 1435 1652 ¹³
1459 1630 1608 1666 Severus
1633 1634 1668 1666 et
1690 1630 1890 1666 Antoninus
1913 1631 2023 1666 rescri
2047 1634 2180 1667 serunt.

1376 1673 1401 1712 5
1433 1674 1627 1711 ULPJANUs
1645 1675 1736 1711 libro
1760 1675 1894 1711 decimo
1918 1675 1967 1710 ad
1984 1687 2004 1711 e
2037 1677 2136 1711 'otum
2171 1674 2317 1718 Parens,
2340 1685 2404 1721 pa-

1331 1723 1456 1755 tronus
1479 1723 1650 1765 patrona,
1680 1720 1825 1755 liberive
1848 1723 1911 1755 aut
1933 1724 2097 1765 parentes
2119 1719 2262 1765 patroni
2309 1724 2404 1755 atro-

1330 1775 1458 1807 naeve,
1499 1775 1614 1809 neque
1653 1765 1684 1800 si
1722 1765 1768 1800 ob
1802 1765 1979 1810 negotium
2012 1765 2213 1800 faciendum
2245 1775 2267 1800 v
2333 1775 2405 1800 non

1330 1808 1532 1845 faciendum
1555 1810 1741 1854 pecuniam
1765 1809 1946 1854 accepisse
1969 1810 2187 1852 dicerentur,
2210 1810 2247 1845 in
2269 1810 2405 1845 factum

1334 1858 1350 1889 1
1398 1855 1539 1889 actione
1562 1858 1737 1891 tenentur.
1784 1854 1853 1890 Sed
1883 1864 1949 1890 nec
1979 1854 2137 1891 famosae
2159 1855 2317 1890 actiones
2341 1853 2404 1890 ad-

1330 1909 1454 1935 versus
1483 1909 1545 1935 eos
1575 1899 1721 1941 dantur,
1753 1909 1820 1934 nec
1850 1899 1918 1934 hae
1949 1899 2105 1945 quidem,
2135 1909 2228 1945 quae
2255 1899 2328 1935 doli
2349 1899 2404 1935 vel

1331 1943 1466 1979 fraudis
1490 1943 1624 1979 habent
1644 1943 1868 1986 mentionem,

1377 1985 1403 2026 6
1426 1988 1585 2024 Panos
1612 1989 1703 2024 libro
1733 1988 1918 2024 undecimo
1950 1988 2000 2024 ad
2027 1988 2179 2025 edictum
2225 1998 2291 2024 nec
2313 1988 2404 2024 servi

1332 2033 1492 2077 corrupti
1515 2036 1649 2078 agetur,

1377 2075 1401 2115 7
1432 2078 1625 2114 ULPIANUs
1644 2078 1734 2114 libro
1758 2077 1893 2113 decimo
1916 2078 1965 2113 ad
1986 2077 2139 2113 edictum
2182 2077 2266 2113 licet
2289 2077 2402 2113 famo-

1334 2125 1349 2157 1
1398 2132 1460 2158 sae
1493 2133 1565 2158 non
1596 2122 1676 2158 sint.
1730 2122 1781 2157 Et
1813 2123 1850 2158 in
1886 2127 2056 2167 quantum
2089 2121 2208 2158 facere
2241 2126 2403 2167 possunt,

1331 2171 1350 2202 2
1398 2167 1621 2203 damnantur.
1674 2167 1750 2203 Nec
1782 2167 2008 2212 exceptiones
2037 2166 2109 2203 doli
2136 2167 2320 2212 patiuntur
2347 2167 2403 2203 vel

1329 2212 1382 2248 vis
1404 2216 1562 2248 metusve
1585 2222 1712 2255 causa,
1736 2212 1791 2250 vel
1812 2212 2036 2247 interdictum
2059 2211 2153 2247 unde
2174 2212 2208 2247 vi
2230 2212 2285 2247 vel
2307 2211 2403 2257 quod

1331 2260 1351 2292 3
1397 2257 1431 2292 vi
1454 2257 1648 2302 patiuntur.
1691 2256 1768 2292 Nec
1789 2256 1987 2293 deferentes
2010 2256 2253 2292 iusiurandum
2275 2255 2319 2292 de
2342 2266 2401 2292 ca-

1330 2305 1351 2336 4
1396 2302 1529 2336 lumnia
1552 2302 1681 2336 iurant.
1729 2301 1805 2337 Nec
1832 2311 1905 2336 non
1934 2305 1970 2336 et
1998 2301 2029 2336 si
2051 2301 2180 2337 ventris
2203 2301 2343 2337 nomine
2364 2301 2402 2336 in

1356 2346 1587 2382 ossessionem
1611 2346 1808 2381 calumniae
1831 2356 1940 2381 causa
1958 2346 2067 2382 missa
2086 2346 2225 2381 dicatur
2240 2350 2401 2391 patrona,

1328 2357 1477 2428 libertus
1499 2391 1569 2426 hoc
1593 2390 1713 2426 dicens
1735 2401 1808 2426 non
1830 2390 2011 2433 audietur,
2043 2390 2127 2436 quia
2155 2390 2199 2426 de
2228 2390 2402 2426 calumnia

1329 2436 1471 2481 patroni
1493 2436 1616 2480 quaeri
1643 2446 1714 2470 non
1738 2434 1853 2470 debet.
1899 2435 1955 2470 his
1986 2435 2078 2471 enim
2107 2435 2267 2480 personis
2295 2435 2401 2471 etiam

1330 2484 1349 2514 5
1397 2480 1435 2515 in
1458 2480 1584 2515 ceteris
1607 2480 1768 2525 partibus
1789 2480 1894 2515 edicti
1911 2480 2026 2515 honor
2044 2480 2244 2516 habebitur.
2278 2479 2402 2516 Honor

1329 2528 1448 2560 autem
1471 2524 1525 2560 his
1548 2524 1710 2570 personis
1733 2524 1922 2560 habebitur
1944 2525 2042 2571 ipsis,
2069 2535 2142 2561 non
2165 2525 2271 2560 etiam
2291 2524 2400 2561 inter-

1328 2569 1533 2605 ventoribus
1562 2579 1700 2610 eorum:
1736 2573 1772 2605 et
1801 2569 1832 2604 si
1863 2569 1955 2605 forte
1989 2569 2058 2615 ipsi
2087 2580 2153 2616 pro
2183 2568 2262 2606 aliis
2291 2569 2400 2606 inter·

1329 2614 1482 2657 veniant,
1505 2614 1621 2649 honor
1642 2614 1841 2650 habebitur.

1375 2655 1400 2696 8
1424 2658 1480 2693 ΡΑ
1488 2668 1582 2694 vsvs
1601 2659 1691 2695 libro
1714 2659 1847 2694 decimo
1871 2658 1921 2694 ad
1942 2658 2094 2694 edictum
2142 2658 2253 2695 Heres
2283 2658 2401 2695 liberti

1329 2703 1447 2739 omnia
1469 2702 1549 2738 iura
1571 2703 1707 2748 integra
1731 2704 1888 2739 extranei
1910 2703 2060 2740 hominis
2083 2702 2252 2740 adversus
2278 2707 2399 2750 patro·

1327 2759 1412 2783 num
1435 2747 1593 2783 defuncti
1616 2748 1735 2784 habet.

1374 2790 1400 2830 9
1430 2792 1623 2828 Urmzws
1648 2792 1737 2828 libro
1766 2793 2015 2839 seoeaqensimo
2043 2795 2148 2829 sexto
2176 2792 2227 2828 ad
2247 2792 2398 2829 edictum

1327 2837 1472 2873 Liberto
1503 2840 1539 2872 et
1568 2836 1641 2873 filio
1672 2847 1811 2882 semper
1843 2837 1993 2872 honesta
2026 2841 2062 2873 et
2092 2840 2218 2873 sancta
2246 2847 2400 2883 persona

1326 2881 1438 2927 patris
1462 2892 1505 2917 ac
1526 2882 1667 2927 patroni
1689 2882 1797 2917 videri
1820 2881 1935 2917 debet.

1377 2925 1426 2964 10
1453 2925 1727 2962 rammam-vs
1746 2926 1836 2963 libro
1859 2927 2007 2972 septimo
2030 2925 2166 2962 decimo
2188 2926 2398 2973 disputatio-

1326 2982 1412 3006 num
1456 2971 1602 3006 Nullum
1623 2971 1679 3006 ius
1703 2970 1876 3007 libertatis
1900 2980 2009 3006 causa
2027 2970 2271 3015 impositorum
2289 2971 2398 3007 habet

1326 3015 1363 3051 in
1385 3016 1586 3061 mancipato
1600 3016 1626 3037 ¹⁴
1647 3015 1721 3051 filio
1734 3017 1773 3057 ¹⁵,
1797 3015 1880 3061 quia
1901 3015 1987 3050 nihil
2004 3014 2052 3050 im
2079 3014 2138 3051 oni
2156 3015 2275 3052 liberis
2294 3017 2396 3052 solet.

1327 3070 1393 3096 nec
1424 3059 1609 3106 quisquam
1638 3059 1726 3095 dixit
1753 3059 1979 3096 iureiurando
2002 3059 2048 3096 ob
2138 3059 2147 3067 ‘
2171 3059 2283 3096 filium
2305 3061 2397 3114 patri

1326 3104 1573 3141 manumissori
1589 3108 1630 3140 ut
1643 3104 1807 3141 libertum
1848 3107 1991 3140 atrouo:
2015 3113 2098 3139 nam
2113 3104 2280 3150 pietatem
2296 3105 2397 3142 liberi

1326 3149 1546 3194 parentibus,
1569 3159 1641 3184 non
1664 3159 1791 3194 operas
1839 3148 1954 3185 ebent.

1375 3191 1421 3231 11
1454 3193 1697 3230 Pammnvs
1725 3194 1815 3230 libro
1847 3194 1951 3229 tertio
1979 3192 2114 3229 decimo
2144 3204 2396 3240 responsorum

1325 3237 1473 3274 Liberta
1493 3237 1634 3282 ing-rata
1655 3249 1727 3274 non
1749 3242 1814 3282 est,
1838 3236 1934 3284 quod
1955 3241 2033 3273 arte
2049 3247 2115 3274 sua
2134 3243 2259 3275 contra
2274 3243 2395 3285 patro-

1326 3292 1394 3318 nae
1415 3282 1631 3319 voluntatem
1653 3283 1774 3319 utitur.

2277 3359 2386 3366 .-—-

1322 3395 1410 3474 mi
1418 3397 1456 3449 et
1466 3395 1580 3474 nzultis
1591 3397 1688 3429 annis
1699 3395 1856 3429 alimenta
1866 3395 2045 3429 secundum
2058 3396 2251 3430 divisionem
2257 3397 2395 3440 praesti-

1411 3452 1471 3474 lm-
1518 3453 1598 3492 qem-

1345 3485 1554 3537 raestatiom:
1577 3485 1634 3518 sed
1656 3488 1690 3519 et
1698 3440 2395 3520 (ifilagffdipggilmssffioegeahffiffiffi

1359 3539 1519 3562 visionem
1533 3531 1553 3563 l.
1564 3543 1645 3575 qem.

1368 3574 1423 3616 (ιι)
1448 3574 1527 3608 Sat.
1548 3582 1633 3614 ι...4;
1669 3575 1733 3609 Ed.
1753 3582 1841 3614 s...s;
1879 3574 1930 3608 Pa
1955 3599 1961 3606 .
1983 3582 2028 3609 ιο.
2046 3582 2085 3609 ιι.
2106 3593 2151 3600 -
2181 3575 2265 3609 Bas.
2290 3577 2344 3618 31,
2365 3583 2392 3611 2.

1323 3619 1378 3661 49,
1390 3625 1418 3653 ².
1431 3636 1477 3643 -
1500 3619 1550 3664 Cs.
1569 3620 1647 3654 Coa.
1659 3621 1691 3662 6,
1703 3626 1721 3654 (1
1825 3621 1882 3659 (12)
1905 3618 1934 3652 li
1974 3619 2020 3652 ris
2033 3622 2067 3653 et
2077 3619 2206 3653 libertis
2217 3622 2251 3653 et
2269 3621 2328 3654 ins.
2343 3619 2394 3654 Γ*

1646 3665 1705 3707 (14)
1728 3664 1932 3707 mancipato
1945 3664 1974 3697 S
2059 3666 2117 3706 (¹⁶)
2139 3666 2234 3708 pater
2246 3665 2306 3699 ins.
2318 3665 2397 3699 odd.
