2528 3918
129 95 280 139 XXXI

130 221 314 265 ‘praesens
344 218 382 253 in
414 217 571 259 diemve',
610 227 684 253 non
716 217 936 255 dubitarem.
971 218 1144 262 quantum
1173 214 1221 250 ad

131 264 319 300 verborum
342 261 636 308 significationem
659 263 846 305 attineret,
879 262 965 315 quin
995 271 1039 297 ea
1069 260 1222 306 pecunia

132 309 390 354 comprehensa
404 317 477 359 non
491 311 597 350 esset,
616 307 718 344 cuius
730 307 804 343 dies
816 311 988 359 monente
1000 316 1054 347 eo,
1072 306 1133 351 qui
1148 310 1221 342 tes·

131 357 328 389 tamentum
347 351 502 394 fecisset,
523 351 682 388 nondum
699 352 864 388 venisset.
898 351 1082 394 adiciendo
1103 354 1223 386 autem

131 398 221 434 haec
243 397 354 433 verba
377 400 559 442 ‘praesens
582 396 619 433 in
643 397 790 434 diemve'
821 401 944 443 aperte
975 396 1061 431 mihi
1083 395 1224 431 videtur

132 442 331 479 ostendisse
353 451 434 478 eam
456 451 599 488 quoque
620 443 809 488 pecuniam
832 442 950 487 legare
974 440 1139 477 voluisse.

178 485 231 524 47
256 486 365 523 Imm
378 487 470 523 libro
489 490 596 523 sexto
615 487 851 535 epistularum
887 487 969 522 Sem
995 486 1118 522 ronius
1133 485 1222 522 Pro-

133 532 237 569 culus
267 531 324 568 Ne
350 532 424 568 oti¹
466 541 532 568 suo
567 532 731 569 salutem.
788 532 900 567 Binae
934 536 972 566 ta
999 531 1080 567 ulae
1112 532 1224 566 testa-

132 577 242 613 menti
272 587 315 613 eo
342 586 399 613 em
428 580 590 630 tempore
619 577 827 622 exemplarii
856 586 967 612 causa
990 577 1147 622 scriptae
1169 577 1226 618 (ut

132 622 234 668 volgo
258 621 337 658 fieri
359 621 464 666 solet)
489 622 648 659 eiusdem
668 623 781 675 patris
800 621 953 657 familias
973 621 1224 672 proferuntur-3

132 668 170 703 in
193 667 315 703 alteris
341 671 495 710 centum,
518 667 556 703 in
579 668 699 703 alteris
720 666 976 712 quinquaginta
997 666 1097 702 aurei
1116 665 1226 711 legat1

133 716 218 749 sunt
247 712 363 749 Titio:
421 712 559 756 uaeris,
592 716 712 748 utrum
744 716 780 747 et
810 712 969 757 quinqua
994 712 1001 719 “
1030 715 1068 746 ta
1095 720 1225 746 aureos

133 768 181 794 an
212 760 356 793 centum
412 758 599 793 umtaxat²
629 757 817 793 habiturus
849 756 907 792 sit.
992 756 1138 792 roculus
1168 765 1225 791 re-

133 813 151 839 s
177 802 297 838 ondit:
329 801 367 838 in
396 802 467 838 hoc
491 812 580 838 casu
610 802 720 847 magis
752 801 876 838 heredi
933 801 1128 837 arcendum
1158 804 1224 842 est,

133 849 146 883 i
171 857 285 893 eoque
315 851 507 900 utrumque
529 848 686 892 legatum
709 847 806 883 nullo
830 857 887 882 mo
915 857 936 883 ο
961 846 1130 888 debetur,
1163 845 1226 881 sed

133 892 381 929 tantummodo
429 892 663 938 uinquaginta
686 892 797 927 aurei.

180 934 234 976 48
258 936 367 973 Ιοειι
385 937 415 973 l·
435 948 478 973 ro
501 942 626 973 octavo
650 937 888 984 epistularum
941 936 1127 972 Licinnius
1151 935 1225 971 Lu-

135 986 241 1019 custa
262 982 418 1019 Proculo
443 992 508 1018 suo
533 982 696 1018 salutem.
734 981 823 1017 Cum
847 980 959 1017 faciat
983 981 1228 1018 condicionem

133 1029 171 1064 in
194 1027 386 1073 releganda
409 1026 511 1070 dote,
536 1031 595 1070 ut,
621 1027 651 1063 si
672 1027 795 1062 mallet
818 1037 910 1062 uxor
932 1027 1112 1072 mancipia
1135 1035 1228 1071 quae

133 1073 172 1109 in
194 1072 315 1109 dotem
338 1072 477 1109 dederit
500 1083 608 1125 quam
637 1072 827 1117 pecuniam
860 1076 1102 1114 numeratam,
1136 1071 1227 1107 reci-

133 1118 262 1166 pere’:
287 1118 318 1154 si
340 1127 385 1153 ea
406 1117 586 1163 mancipia
608 1127 700 1152 uxor
722 1117 833 1159 malit,
858 1116 1031 1169 numquid
1054 1117 1162 1153 etiam
1185 1126 1229 1152 ea

133 1162 332 1209 mancipia,
365 1172 458 1208 quae
487 1167 615 1208 postea
646 1172 693 1198 ex
725 1162 781 1197 his
812 1162 999 1207 mancipiis
1022 1165 1109 1197 nata
1132 1167 1228 1204 sunt,

135 1208 240 1245 uxori
274 1208 491 1250 debeantur,
531 1217 678 1252 quaero.
735 1206 912 1242 Proculus
943 1207 1127 1242 Lucustae
1162 1217 1227 1242 suo

134 1253 299 1290 salutem.
335 1251 373 1289 Si
397 1262 489 1288 uxor
510 1252 632 1287 mallet
654 1251 835 1304 mancipia
858 1262 966 1297 quam
989 1252 1109 1288 dotem
1133 1252 1227 1287 acci-

135 1308 233 1345 pere,
256 1298 336 1343 ipsa
358 1296 556 1342 mancipia,
591 1306 683 1341 quae
707 1300 895 1332 aestimata
918 1297 955 1332 in
979 1297 1098 1332 dotem
1121 1297 1228 1339 dedit,

138 1347 155 1379 1
205 1353 278 1379 non
297 1341 405 1379 etiam
420 1345 546 1387 partus
561 1341 822 1386 mancipiorum
837 1341 871 1377 ei
886 1341 1122 1378 debebuntur.
1158 1342 1229 1377 Bo-

137 1398 266 1425 norum
296 1387 523 1433 possessione
555 1386 728 1422 dementis
760 1386 918 1422 curatori
949 1386 1033 1422 data
1062 1387 1181 1432 legata
1208 1397 1231 1422 a

136 1436 322 1475 curatore,
353 1432 415 1478 qui
437 1431 613 1467 furiosum
637 1431 813 1474 defendit,
845 1431 920 1477 peti
947 1436 1134 1477 poterunt:
1167 1432 1231 1468 sed

136 1478 198 1565 qtti’i
219 1481 355 1557 petelnti,
381 1485 507 1556 catvere
531 1476 789 1556 debebunt,ds{
809 1476 1129 1557 hereZitasdggtigta
1145 1477 1229 1529 ‚fue-

134 1534 165 1558 ri
241 1533 288 1558 no
352 1532 371 1557 e
396 1532 418 1557 a
435 1531 537 1557 orum
560 1531 703 1557 nomine
752 1532 774 1557 a
791 1532 852 1557 um
875 1532 906 1557 sl
946 1532 986 1558 re
1112 1533 1166 1558 m.

181 1565 206 1605 4
259 1532 420 1603 ΡΑσιξε
432 1566 523 1602 libro
541 1567 667 1612 quinto
684 1566 734 1601 ad
748 1566 859 1613 quem
875 1566 1010 1602 Iuliam
1025 1571 1061 1602 et
1075 1566 1230 1614 Papiam

133 1612 281 1650 Mortuo
297 1612 389 1648 bove
428 1612 466 1647 ui
481 1611 620 1664 legatus
640 1615 695 1647 est
715 1621 830 1657 neque
852 1611 988 1647 corium
1009 1622 1125 1657 neque
1147 1622 1230 1648 caro

137 1662 152 1694 1
203 1657 365 1694 debetur.
428 1656 552 1693 iTitio
569 1656 806 1692 frumentaria
824 1661 960 1692 tessera
978 1657 1096 1702 legata
1119 1657 1172 1694 sit
1195 1660 1232 1692 et

134 1703 164 1739 is
190 1702 402 1745 decesserit,
436 1701 581 1747 quidam
606 1705 738 1747 putant
761 1702 939 1747 exstingui
961 1702 1136 1747 legatum:
1170 1702 1232 1738 sed

133 1749 204 1784 hoc
226 1758 301 1783 non
326 1751 382 1783 est
404 1756 536 1789 verum,
562 1757 646 1782 nam
669 1747 728 1782 cui
751 1751 888 1782 tessera
910 1747 967 1783 vel
989 1747 1115 1784 militia
1134 1747 1230 1792 lega-

135 1796 155 1829 2
203 1797 274 1836 tur,
291 1791 491 1828 aestimatio
509 1790 649 1827 videtur
664 1791 794 1837 legata.
830 1792 953 1827 Labeo
969 1791 1081 1828 refert
1096 1802 1231 1837 agrum,

137 1837 240 1874 cuius
265 1837 518 1873 commercium
541 1847 615 1872 non
637 1837 760 1880 habes,
789 1837 900 1883 legari
923 1837 989 1872 tibi
1011 1848 1119 1882 posse
1143 1837 1230 1873 Tre-

135 1883 274 1919 batium
303 1881 549 1928 respondisse,
586 1882 681 1927 quod
712 1883 837 1918 merito
868 1882 1016 1918 Priscus
1045 1882 1231 1918 Fulcinius

135 1932 155 1964 3
204 1928 337 1963 falsum
367 1936 446 1963 esse
481 1927 612 1962 aiebat.
667 1926 739 1963 Sed
768 1927 945 1963 Proculus
979 1928 1047 1970 ait,
1090 1928 1120 1963 si
1151 1928 1230 1973 quis

134 1973 302 2009 heredem
333 1982 439 2007 suum
470 1982 551 2007 eum
581 1971 753 2015 fundum,
786 1973 889 2008 cuius
922 1973 1174 2009 commercium
1201 1973 1231 2008 is

134 2019 239 2054 heres
262 2027 337 2053 non
359 2017 512 2059 habeat,
545 2017 631 2052 dare
661 2017 839 2053 iusserat⁴
863 2018 915 2061 ei,
972 2018 1008 2053 ui
1031 2018 1109 2053 eius
1134 2028 1230 2053 com-

134 2062 307 2099 mercium
338 2062 491 2104 habeat,
559 2063 663 2097 utat⁵
699 2063 867 2099 heredem
906 2063 951 2099 ob
968 2064 1102 2108 igatum
1140 2073 1230 2104 esse,

136 2107 234 2154 quod
257 2107 375 2143 verius
398 2111 472 2149 est,
497 2118 517 2141 v
574 2107 612 2142 in
634 2107 749 2152 ipsam
771 2118 865 2151 rem,
898 2108 930 2143 si
952 2108 1043 2143 haec
1066 2108 1104 2143 in
1127 2108 1232 2144 bonis

135 2153 320 2189 testatoris
344 2151 471 2194 fuerit,
503 2151 559 2187 vel
583 2151 615 2187 si
638 2162 710 2187 non
734 2156 807 2194 est,
839 2153 877 2188 in
907 2153 984 2189 eius
1013 2153 1231 2189 aestimatio-

137 2202 158 2233 4
205 2207 298 2233 nem.
354 2197 392 2232 Si
426 2200 579 2232 testator
613 2196 691 2232 dari
727 2197 812 2242 quid
847 2198 1011 2233 iussisset
1045 2202 1109 2233 aut
1141 2209 1231 2243 opus

135 2243 215 2279 fieri
239 2246 304 2278 ant
324 2252 455 2277 munus
480 2241 569 2285 dari,
592 2252 659 2287 pro
679 2242 845 2287 portione
867 2253 933 2279 sua
951 2253 1014 2279 eos
1034 2247 1231 2288 praestare,

136 2288 268 2334 quibus
307 2297 393 2333 pars
434 2287 642 2323 hereditatis
681 2287 924 2331 adcresceret,
968 2297 1082 2333 aeque
1123 2291 1232 2333 atque

138 2337 258 2369 cetera
279 2332 410 2378 legata,
433 2332 565 2377 placet.

181 2376 235 2416 50
262 2379 500 2412 MARCELLUS
528 2376 620 2413 libro
653 2378 817 2413 vicesimo
850 2382 975 2413 octavo
1010 2378 1231 2424 diqestorum

136 2423 209 2459 Ut⁸
238 2422 431 2458 heredibus
462 2421 633 2458 substitui
662 2425 802 2468 potest,
833 2423 885 2458 ita
907 2423 1016 2458 etiam
1038 2423 1241 2468 legatariis.¹

135 2468 338 2510 videamus,
370 2477 418 2502 an
447 2467 543 2503 idem
570 2466 647 2503 fieri
669 2467 784 2513 possit
806 2471 843 2503 et
867 2478 949 2503 cum
971 2468 1095 2504 mortis
1121 2478 1233 2504 causa

137 2513 348 2555 donabitur,
381 2516 423 2548 ut
445 2512 482 2547 id
505 2512 691 2558 promittat
713 2512 773 2548 ille
796 2512 920 2556 alteri,
949 2513 979 2549 si
1001 2513 1078 2559 ipse
1103 2523 1232 2558 capere

135 2569 209 2594 non
231 2558 382 2604 poterit:
408 2557 506 2603 quod
527 2557 640 2603 magis
663 2561 730 2601 est,
755 2557 839 2603 quia
858 2557 895 2593 in
913 2558 1120 2604 posterioris
1142 2569 1230 2604 quo-

141 2607 155 2638 1
229 2613 274 2639 ue
306 2613 462 2648 persona
493 2601 640 2638 donatio
672 2603 867 2639 confertur.
915 2602 977 2639 ⁷Si
1001 2603 1117 2639 Titius
1143 2603 1232 2638 mihi

137 2648 212 2684 Stic
239 2652 394 2700 umaut
427 2647 550 2683 decem
581 2647 710 2684 debeat
726 2651 770 2684 et
793 2647 957 2701 legayero
981 2648 1047 2683 tibi
1070 2647 1231 2684 Stichum

137 2692 902 2790 iszssssfflffleasis‘ssffi
918 2693 1076 2775 ¹551th
1093 2693 1231 2783 &aa

138 2785 158 2818 2
205 2782 335 2825 fuerit,
368 2792 414 2818 ex
444 2785 574 2818 eventu
596 2783 785 2819 solutionis
807 2783 966 2836 legatum
987 2783 1093 2820 valet.
1142 2782 1232 2819 Cum

137 2828 190 2863 ita
213 2827 371 2873 legatum
399 2831 472 2863 est:
507 2830 689 2873 ‘quantam
720 2838 911 2874 pecuniam
941 2829 1046 2864 heres
1077 2839 1178 2865 meus
1210 2839 1233 2864 a

137 2872 246 2908 ‘Titio
270 2872 445 2917 exegerit,
475 2875 614 2908 tantam
636 2873 779 2910 Maevio
803 2873 912 2916 dato',
946 2874 977 2910 si
1008 2874 1075 2909 sub
1107 2873 1231 2909 condi·

139 2918 242 2954 cione
259 2917 418 2962 legatum
435 2921 501 2960 est,
522 2921 714 2963 antequam
733 2922 863 2955 exacta
881 2920 1035 2964 pecunia
1054 2919 1112 2962 sit,
1134 2918 1231 2963 lega-

137 2962 252 2999 tarius
283 2971 388 3007 agere
412 2972 485 2997 non
502 2966 644 3015 potest:
677 2963 774 3010 quod
804 2964 835 3000 si
865 2964 987 3000 statim
1018 2964 1094 3000 dies
1124 2963 1232 3009 legati

139 3007 253 3051 cedit,
295 3011 337 3043 ut
370 3006 555 3043 Publicius
595 3012 692 3044 recte
730 3012 854 3054 putat,
894 3008 1086 3055 legatarius
1126 3018 1232 3054 agere

138 3056 272 3099 potest,
295 3055 338 3088 ut
360 3052 520 3088 actiones

185 3095 236 3136 51
282 3096 479 3134 vaesanus
510 3097 538 3132 li

569 3058 783 3089 raestentur.
1099 3100 1106 3107 ¹

139 3142 296 3190 Papiam
352 3140 391 3178 si
421 3141 475 3194 ita
506 3109 601 3188 quiso
617 3098 849 3180 tggttggznssd
863 3098 1232 3180 sltfgezzavilszgggm‘iffl

139 3191 343 3241 ‘quantum‘
356 3187 551 3233 plurimum
579 3197 645 3233 per
675 3188 787 3234 legem
819 3189 983 3235 accipere
1010 3192 1130 3234 potest
1153 3189 1232 3225 dari

140 3233 257 3286 ‘solon
292 3235 429 3286 utique.
448 3235 555 3275 tunc,
591 3243 673 3267 cum
704 3233 872 3286 (μιιιιιιζοΒ
890 3244 1032 3286 ‘capere
1062 3235 1231 3287 potuerit,

138 3277 280 3315 videtur
308 3287 343 3314 ei
365 3277 542 3313 relictum.
589 3277 652 3313 sed
676 3282 713 3313 et
736 3289 765 3313 ει
789 3279 934 3315 dixerit:
967 3282 1087 3325 ‘quam
1117 3289 1231 3315 man-

140 3326 251 3387 ‘¹¹²⁸‹¹¹2
268 3326 407 3403 mim
417 3322 515 3403 1222?
524 3322 1231 3405 ⁹AEss⁸⁸i¹1¹c¹¹÷n3ffi⁰⁸⁸1Jssiihfflffieffl

138 3372 335 3449 lliberedrum
358 3393 465 3449 tertia
488 3422 573 3458 pars
597 3411 722 3447 relicta
744 3417 818 3455 est,
834 3396 973 3465 ‘utique
1004 3424 1077 3450 non
1099 3380 1233 3460 potgrit

140 3457 348 3504 adoptando
370 3458 515 3493 tertiam
538 3460 677 3503 partem
701 3467 882 3503 consequi.

142 3573 186 3614 (ι)
209 3571 428 3616 Sempronius
439 3571 553 3616 Nepos
564 3570 709 3604 Proculo
719 3582 783 3605 scr.
853 3578 895 3607 (2)
922 3572 1104 3613 quaeritur,
1118 3574 1232 3604 utrum

143 3620 278 3649 centum
293 3619 439 3657 (centum
454 3617 531 3650 add.
546 3615 610 3658 Ρ)
631 3619 666 3649 et
685 3615 935 3659 quinquaginta
947 3626 1063 3649 aureos
1075 3627 1119 3650 an
1133 3616 1232 3660 qnin-

144 3662 307 3704 quaginta
319 3661 494 3695 dumtaxat
505 3673 568 3695 εον.
679 3661 722 3703 (a)
748 3661 912 3703 reciperet
924 3673 987 3694 scr.
1094 3664 1138 3703 (4)
1162 3661 1232 3694 ins-

144 3707 226 3739 uerit
238 3706 290 3739 ΙΝ
378 3708 422 3749 (5)
447 3709 545 3750 putat
558 3707 618 3740 del.
709 3706 752 3746 (c)
778 3710 811 3738 et
825 3706 860 3739 F
939 3710 983 3748 (τ)
1007 3706 1132 3739 Paulus
1146 3704 1233 3739 libro

1214 88 1302 137 434
1492 46 1555 126 Ἷ

1485 3 1491 48 ἰ

2102 103 2162 135 DE
2190 103 2380 136 means

1556 136 1571 148 *s

1573 149 1596 157 x

1336 211 1390 251 52
1418 213 1643 250 Tauranus
1665 214 1844 251 Casurus
1865 214 1956 251 libro
1981 215 2086 250 tertio
2109 215 2160 250 ad
2181 214 2294 262 leqem
2317 213 2380 251 Iu-

1291 259 1377 295 liam
1408 262 1443 294 et
1469 258 1624 306 Papiam
1679 259 1763 296 Non
1793 270 1814 295 o
1842 264 1936 295 ortet
1965 260 2065 305 prius
2099 259 2142 297 de
2173 259 2380 297 condicione

1292 303 1504 385 cgitusquzm
1527 304 1662 350 quaeri,
1687 314 1794 351 quam
1816 270 1994 341 fler-editas
2014 305 2211 351 legatumve
2232 305 2279 341 ad
2298 315 2380 342 eum

1371 359 1453 384 mea
1471 375 1479 384 .

1292 360 1315 395 P
1338 391 1390 431 53
1415 393 1522 429 Imm
1542 394 1633 431 libro
1657 398 1789 440 quarto
1812 394 1861 430 ad
1883 395 1995 442 leqem
2021 394 2149 431 Iuliam
2171 397 2207 430 et
2225 393 2381 441 Papiam

1293 438 1382 474 Cum
1414 439 1459 474 ab
1491 449 1564 475 uno
1595 439 1725 475 herede
1754 439 1892 476 mulieri
1922 450 1987 485 pro
2020 440 2103 476 dote
2127 439 2381 485 compensandi

1292 484 1410 519 animo
1441 483 1597 528 legatum
1626 488 1721 520 esset
1751 494 1863 531 eaque
1890 485 2008 521 dotem
2032 495 2135 520 suam
2158 484 2252 521 ferre
2276 494 2382 530 quam

1292 529 1450 608 lezatum
1471 528 1607 571 maluit,
1631 531 1753 564 utrum
1774 529 1812 565 in
1836 540 1957 566 omnes
1981 529 2129 566 heredes
2170 539 2217 565 an
2240 529 2278 565 in
2301 539 2382 565 eum

1293 584 1332 609 so
1349 584 1427 616 um,
1462 583 1484 608 a
1515 584 1585 619 quo
1616 574 1772 620 legatum
1803 578 1876 618 est,
1909 575 2002 611 actio
2034 575 2068 611 ei
2091 575 2135 611 de
2147 576 2175 596 ¹⁰
2199 574 2281 611 dote
2306 573 2383 609 dari

1294 619 1435 661 debeat,
1460 619 1653 664 quaeritur.
1700 619 1861 655 Iulianus
1886 619 1924 655 in
1947 630 2028 656 eum
2051 621 2224 666 primum,
2257 630 2280 654 a
2310 629 2382 664 quo

1293 664 1450 709 legatum
1474 664 1531 706 sit,
1555 663 1732 699 actionem
1756 664 1911 701 dandam
1934 669 2056 710 putat:
2089 676 2174 701 nam
2206 674 2288 700 cum
2319 667 2384 699 aut

1294 719 1359 744 suo
1394 709 1473 744 iure
1507 712 1571 744 aut
1604 709 1735 745 iudicio
1770 709 1889 745 mariti
1923 713 2091 746 contenta
2129 720 2208 747 esse
2243 709 2385 752 debeat,

1295 764 1449 799 aequum
1472 763 1551 789 esse
1575 764 1666 797 eum,
1691 764 1713 789 a
1737 765 1807 799 quo
1831 755 1864 790 ei
1888 755 2036 791 maritus
2060 755 2194 808 aliquid
2213 765 2279 800 pro
2300 753 2384 789 dote

1294 799 1490 844 legaverat,
1528 809 1643 844 usque
1673 799 1719 834 ad
1751 799 1985 845 quantitatem
2016 800 2124 845 legati
2154 810 2246 837 onus
2277 799 2384 835 huius

1296 844 1386 880 aeris
1421 843 1527 879 alieni
1558 844 1734 880 sustinere
1764 844 1827 879 reli
1853 854 1901 879 ua
1930 848 2034 890 parte
2057 845 2150 881 dotis
2174 846 2221 882 ab
2244 844 2383 881 heredi-

1299 893 1312 923 1
1364 889 1432 924 bus
1447 890 1470 909 ¹¹
1507 889 1540 924 ei
1570 889 1798 935 praestanda.
1880 889 1983 925 adem
2013 894 2119 926 erunt
2149 890 2318 934 dicenda,
2355 889 2385 924 si

1295 934 1400 970 heres
1424 933 1590 969 instituta
1611 945 1676 980 pro
1701 934 1785 969 dote
1809 934 1967 970 omiserit
1992 935 2242 979 hereditatem,
2275 940 2317 971 ut
2348 935 2385 968 in

1298 982 1317 1013 2
1365 978 1599 1014 substitutum
1622 980 1717 1015 actio
1743 980 1865 1014 detur:
1897 984 1934 1014 et
1964 979 2034 1015 hoc
2058 990 2180 1016 verum
2202 984 2268 1016 est.
2316 978 2387 1017 Sed

1297 1024 1341 1060 de
1372 1023 1499 1069 legatis
1532 1027 1568 1060 et
1593 1024 1681 1070 legis
1706 1024 1889 1059 Falcidiae
1913 1024 2051 1060 ratione
2073 1025 2166 1061 belle
2190 1024 2385 1066 dubitatur,

1296 1073 1417 1104 utrum
1441 1068 1491 1111 is,
1515 1068 1553 1104 in
1576 1079 1681 1115 quem
1704 1070 1819 1105 solum
1843 1069 1936 1104 dotis
1962 1070 2056 1105 actio
2082 1069 2187 1105 detur
2199 1071 2237 1112 ¹²,
2268 1070 2387 1116 legata

1296 1114 1433 1159 integra
1456 1123 1502 1149 ex
1524 1124 1679 1160 persona
1703 1125 1769 1150 sua
1793 1113 1940 1156 debeat,
1998 1114 2119 1151 erinde
2143 1125 2186 1150 ac
2210 1115 2242 1151 si
2265 1126 2387 1151 omnes

1297 1159 1447 1194 heredes
1472 1159 1592 1195 dotem
1614 1163 1859 1205 praestarent,
1895 1169 1942 1194 an
1991 1162 2084 1196 otem
2107 1163 2221 1196 totam
2243 1160 2281 1195 in
2306 1170 2388 1196 aere

1297 1204 1413 1239 alieno
1440 1209 1666 1249 computare,
1695 1206 1779 1250 quia
1802 1204 1839 1239 in
1863 1214 1944 1240 eum
1967 1204 2083 1240 solum
2107 1205 2200 1241 actio
2225 1206 2302 1241 eius
2327 1205 2387 1242 de-

1297 1253 1374 1285 tur:
1400 1249 1497 1294 quod
1521 1259 1607 1285 sane
1629 1250 1741 1295 magis
1764 1250 1939 1285 rationem
1961 1249 2094 1286 habere
2115 1249 2266 1286 videtur.

1344 1293 1398 1331 54
1421 1294 1529 1329 IDEM
1556 1295 1646 1330 libro
1681 1296 1785 1330 tertio
1816 1294 1952 1330 decimo
1984 1295 2035 1330 ad
2060 1295 2173 1341 leqem
2195 1295 2330 1331 Iuliam
2355 1299 2389 1331 ct

1298 1339 1455 1386 Papiam
1503 1339 1540 1375 Si
1564 1340 1621 1376 cui
1645 1340 1776 1376 fundus
1802 1343 1945 1375 centum
1965 1339 2090 1385 dignus
2110 1340 2123 1375 l
2168 1344 2249 1377 atus
2268 1340 2389 1384 fuerit,

1299 1384 1329 1420 si
1346 1388 1488 1420 centum
1504 1385 1626 1421 heredi
1643 1385 1698 1420 vel
1716 1385 1863 1421 cuilibet
1882 1384 1943 1420 alii
1959 1384 2106 1428 dederit,
2132 1396 2156 1420 u
2182 1386 2349 1422 errimum
2363 1387 2390 1408 ¹³

1299 1429 1438 1465 videtur
1474 1439 1551 1465 esse
1585 1430 1759 1476 legatum:
1803 1439 1887 1465 nam
1923 1429 2013 1465 alias
2047 1430 2196 1466 interest
2228 1430 2390 1477 legatarii

1299 1474 1450 1510 fundum
1510 1475 1605 1511 otius
1639 1476 1772 1511 habere
1807 1484 1915 1521 quam
1950 1478 2110 1511 centum:
2149 1485 2258 1522 saepe
2296 1476 2391 1512 enim

1301 1519 1459 1555 confines
1506 1520 1621 1555 undos
1656 1521 1762 1556 etiam
1797 1529 1907 1565 supra
1941 1520 2072 1555 iustam
2107 1520 2390 1557 aestimationem

1299 1564 1447 1600 interest
1469 1569 1593 1600 nostra
1616 1565 1816 1611 adquirere.

1349 1608 1402 1646 55
1438 1609 1562 1645 Galus
1593 1610 1683 1646 libro
1719 1610 1928 1646 duodecimo
1963 1609 2013 1644 ad
2047 1610 2080 1645 le
2105 1621 2160 1646 em
2190 1610 2324 1647 [ulnam
2356 1615 2391 1647 et

1299 1654 1456 1701 Papiam
1504 1654 1542 1690 Si
1566 1654 1661 1690 Titio
1688 1659 1724 1691 et
1747 1655 1833 1690 mihi
1857 1654 1980 1690 eadem
2002 1665 2059 1690 res
2096 1659 2200 1701 egata
2222 1655 2330 1692 fuerit
2353 1660 2391 1692 et

1300 1699 1330 1735 is
1362 1700 1419 1735 die
1450 1699 1599 1736 cedente
1629 1700 1737 1746 legati
1761 1699 1953 1736 decesserit
1975 1709 2031 1735 me
2053 1699 2185 1736 herede
2206 1701 2331 1737 relicto
2356 1705 2392 1736 et

1299 1744 1356 1780 vel
1379 1754 1424 1780 ex
1447 1755 1528 1780 mea
1550 1745 1697 1790 propria
1721 1755 1832 1781 causa
1855 1744 1910 1782 vel
1933 1754 1978 1780 ex
2007 1745 2224 1781 hereditaria
2237 1746 2264 1767 ¹⁴
2293 1746 2307 1781 l
2351 1756 2390 1781 a·

1300 1794 1377 1825 tum
1400 1789 1652 1835 repudiavere,
1684 1790 1797 1836 magis
1828 1790 1975 1843 placere
2002 1789 2104 1826 video
2131 1795 2270 1836 partem
2294 1756 2391 1827 ‹ffic-

1304 1841 1317 1869 1
1370 1834 1473 1870 cisse.
1521 1834 1559 1870 Si
1591 1845 1634 1871 eo
1665 1835 1796 1871 herede
1826 1836 2009 1877 instituto,
2042 1835 2103 1881 qui
2132 1836 2189 1871 vel
2218 1836 2306 1871 nihil
2335 1836 2392 1872 vel

1300 1890 1373 1915 non
1403 1882 1520 1915 totum
1551 1890 1680 1926 capere
1703 1884 1841 1926 potest,
1874 1890 1975 1917 servo
2000 1880 2213 1917 hereditario
2236 1881 2392 1926 legatum

1299 1925 1427 1967 fuerit,
1470 1926 1712 1961 tractantibus
1747 1925 1851 1961 nobis
1887 1925 1931 1961 de
1967 1925 2167 1970 capacitate
2200 1926 2392 1962 videndum

1301 1973 1374 2013 est,
1406 1973 1528 2005 utrum
1558 1970 1699 2006 heredis
1730 1981 1777 2006 an
1801 1970 1960 2007 defuncti
1982 1981 2138 2015 persona
2160 1981 2208 2006 an
2229 1971 2391 2008 neutrius

1300 2015 1456 2061 spectari
1488 2014 1629 2051 debeat.
1685 2019 1721 2051 et
1781 2019 1838 2051 ost
1870 2015 2001 2051 multas
2035 2015 2224 2052 varietates
2258 2017 2391 2063 placet,

1300 2063 1359 2103 ut,
1392 2059 1478 2106 quia
1507 2060 1628 2096 nullus
1661 2064 1717 2096 est
1772 2060 1930 2104 ominus,
1962 2060 2000 2095 in
2031 2061 2133 2097 cuius
2189 2071 2320 2098 ersona
2348 2062 2392 2098 de

1301 2105 1504 2150 capacitate
1527 2105 1651 2151 quaeri
1700 2106 1807 2148 ossit,
1840 2106 1916 2142 sine
1947 2105 2021 2141 ullo
2052 2107 2146 2152 impe
2218 2111 2301 2143 ento
2326 2106 2390 2142 ad-

1301 2151 1465 2196 quiratur
1494 2150 1653 2196 legatum
1711 2151 1874 2187 ereditati
1905 2155 2014 2196 atque
2043 2151 2090 2187 ob
2121 2151 2159 2187 id
2189 2151 2392 2188 omnimodo

1301 2195 1347 2231 ad
1371 2205 1453 2231 eum
1474 2195 1663 2241 pertineat,
1693 2196 1906 2248 quicumque
1928 2199 2056 2241 postea
2078 2197 2181 2232 heres
2204 2197 2392 2240 exstiterit,

1300 2240 1499 2276 secundum
1523 2241 1618 2286 quod
1642 2251 1807 2287 accipere
1829 2244 1967 2287 potest:
1998 2241 2137 2287 reliqua
2163 2246 2284 2278 autem
2307 2252 2393 2288 pars

1301 2285 1347 2321 ad
1371 2296 1443 2328 eos,
1469 2286 1531 2331 qui
1553 2286 1630 2321 iure
1652 2289 1839 2329 vocantur,
1864 2286 1971 2322 venit.

1346 2328 1400 2368 56
1431 2330 1540 2366 IDEM
1568 2331 1659 2366 libro
1695 2335 1827 2377 quarto
1864 2331 2000 2366 decimo
2034 2330 2085 2366 ad
2114 2331 2226 2378 leqem
2257 2331 2392 2368 Iuliam

1299 2379 1335 2411 et
1364 2375 1522 2423 Papiam
1576 2375 1680 2419 Quod
1713 2375 1867 2421 principi
1896 2375 2059 2411 relictum
2091 2379 2163 2419 est,
2203 2376 2265 2422 qui
2296 2381 2390 2420 ante,

1299 2430 1408 2465 quam
1439 2420 1514 2456 dies
1545 2420 1653 2465 legati
1685 2420 1809 2463 cedat,
1841 2420 1886 2456 ab
1918 2420 2120 2456 hominibus
2152 2425 2296 2467 ereptus
2324 2426 2389 2465 est,

1299 2476 1344 2546 {x
1379 2466 1633 2503 constitutione
1667 2466 1737 2501 divi
1771 2465 1943 2500 Antonini
1982 2465 2182 2502 successori
2215 2466 2294 2502 eius
2329 2467 2389 2503 de-

1324 2514 1416 2547 etur.

1346 2553 1400 2593 57
1425 2555 1449 2591 1
1453 2565 1571 2591 amas
1589 2554 1655 2591 Ma
1663 2565 1873 2592 URICJANUS
1899 2555 1991 2591 libro
2023 2555 2181 2592 secundo
2204 2555 2255 2592 ad
2276 2556 2391 2603 leqem

1300 2599 1434 2636 Iuliam
1457 2604 1492 2636 et
1511 2599 1668 2648 Papiam
1714 2600 1753 2636 Si
1767 2601 1953 2646 Augustae
1976 2600 2148 2645 legaveris
2172 2605 2208 2637 et
2231 2611 2275 2638 ea
2297 2602 2391 2638 inter

1298 2646 1460 2682 homines
1491 2655 1571 2682 esse
1602 2645 1763 2688 desierit,
1797 2645 1918 2682 deficit
1947 2646 2043 2691 quod
2074 2646 2107 2682 ei
2137 2646 2300 2682 relictum
2323 2651 2389 2691 est,

1300 2691 1407 2727 sicuti
1431 2690 1533 2726 divus
1557 2690 1762 2727 Hadrianus
1785 2690 1822 2726 in
1845 2690 2009 2726 Plotinae
2035 2694 2072 2726 et
2094 2691 2255 2736 proxime
2277 2692 2389 2738 impe-

1299 2740 1398 2772 rator
1421 2736 1625 2772 Antoninus
1649 2736 1687 2771 in
1706 2735 1902 2772 Faustinae
1917 2737 2102 2781 Augustae
2124 2746 2279 2782 persona
2302 2748 2389 2773 con-

1299 2781 1425 2823 stituit,
1453 2791 1535 2817 cum
1558 2791 1602 2817 ea
1625 2785 1709 2817 ante
1732 2781 1825 2816 inter
1847 2780 2008 2817 homines
2031 2791 2110 2817 esse
2134 2781 2257 2825 desiit,
2281 2792 2389 2828 quam

1299 2830 1452 2863 testator
1475 2826 1674 2862 decederet.

1345 2868 1400 2910 58
1434 2871 1558 2908 (ἔωσε
1585 2871 1677 2908 libro
1708 2874 1840 2917 quarto
1873 2871 2009 2907 decimo
2041 2870 2091 2906 ad
2118 2870 2230 2917 leqem
2252 2870 2388 2908 Iuliam

1299 2921 1333 2953 et
1353 2916 1510 2964 Papiam
1557 2916 1594 2952 Si
1618 2916 1676 2952 cui
1698 2925 1756 2952 res
1778 2915 1897 2961 legata
1920 2915 2027 2951 fuerit
2047 2918 2083 2952 et
2102 2916 2244 2952 omnino
2267 2916 2389 2963 aliqua

1299 2972 1345 2998 ex
1394 2965 1471 2997 arte
1494 2961 1646 2997 voluerit
1669 2971 1772 2997 suam
1794 2971 1884 3004 esse,
1910 2964 2020 2997 totam
2043 2960 2209 3006 adquirit.

1346 3006 1370 3044 5
1434 3006 1660 3043 Tssassarws
1682 3006 1862 3042 Casuras
1889 3006 1981 3042 libro
2012 3006 2139 3052 quinto
2169 3005 2307 3042 decimo
2337 3006 2390 3042 ad

1299 3052 1332 3088 le
1358 3063 1413 3088 em
1437 3051 1569 3088 Iuliam
1592 3054 1629 3087 et
1651 3050 1806 3098 Papiam
1860 3050 1899 3087 Si
1923 3051 2010 3087 mihi
2032 3059 2140 3096 pure,
2174 3061 2276 3087 servo
2306 3061 2387 3088 meo

1299 3109 1320 3132 v
1373 3107 1464 3144 pure
1479 3097 1536 3133 vel
1553 3096 1621 3132 sub
1642 3096 1851 3132 condicione
1870 3096 1994 3132 eadem
2012 3105 2069 3131 res
2088 3095 2102 3130 1
2168 3099 2207 3131 ta
2225 3100 2281 3132 est
2304 3106 2386 3142 ego-

1299 3151 1369 3188 que
1391 3142 1547 3196 legatum
1571 3141 1667 3187 quod
1690 3141 1775 3176 mihi
1799 3140 1922 3177 datum
1949 3145 2003 3176 est
2024 3150 2114 3185 repu
2140 3140 2227 3184 iem,
2259 3140 2389 3178 deinde

1300 3187 1512 3224 condicione
1535 3186 1730 3222 exsistente
1746 3187 1772 3208 ¹⁸
1794 3185 1851 3229 id,
1883 3185 1979 3232 quod
2002 3195 2103 3221 servo
2127 3195 2206 3222 meo
2230 3185 2387 3232 legatum

1298 3236 1373 3276 est,
1405 3231 1529 3268 vellem
1553 3231 1600 3266 ad
1622 3241 1688 3284 me·
1701 3230 1898 3284 pertinere,
1954 3234 2066 3283 artem
2095 3230 2205 3276 legati
2235 3230 2391 3284 deficere*

1299 3287 1521 3364 ἒξῖΡᾱῖἓῗέἒὲ,
1541 3279 1723 3357 ἓῗξπῖἰῖἑ
1747 3275 2082 3373 aamssmfssmbzsszi’
2094 3278 2386 3366 &affigit

1299 3367 1381 3410 fiat,
1417 3366 1512 3412 quod
1547 3366 1656 3402 semel
1690 3365 1737 3402 ad
1770 3375 1827 3401 me
1857 3369 2034 3410 pertinere
2065 3365 2254 3402 voluerim:
2289 3365 2386 3411 quod

1299 3412 1449 3465 aequius
1473 3421 1551 3447 esse
1574 3410 1725 3447 videtur,
1771 3410 1864 3446 idem
1894 3414 1950 3446 est
1979 3414 2016 3446 et
2046 3410 2076 3446 si
2108 3410 2247 3447 duobus
2274 3410 2386 3447 servis

1298 3467 1387 3494 meis
1409 3455 1535 3493 eadem
1557 3466 1616 3492 res
1639 3455 1786 3502 legetur.

1302 3571 1394 3603 sexto
1406 3568 1449 3602 ad
1461 3568 1567 3612 legem
1580 3569 1702 3603 Iuliam
1716 3571 1750 3602 et
1761 3568 1902 3612 Papiam
1914 3570 1973 3603 im.
1988 3569 2019 3603 S
2078 3570 2122 3611 (Β)
2146 3578 2221 3602 cum
2256 3567 2385 3601 nando·

1301 3613 1409 3658 qneB
1488 3616 1532 3656 (9)
1557 3615 1630 3648 dari
1645 3615 1681 3648 F
1753 3616 1812 3655 (to)
1838 3614 1878 3646 de
1891 3627 1948 3648 om.
1964 3615 2000 3648 F
2074 3615 2129 3655 (11)
2153 3614 2245 3646 omni
2270 3612 2382 3647 usias.

1303 3661 1361 3703 (12)
1386 3659 1486 3693 datur
1506 3658 1557 3693 Ρ
1707 3660 1766 3701 (13)
1790 3658 2008 3700 uberrimum]
2029 3659 2112 3692 utile
2133 3657 2300 3691 interdum
2319 3669 2383 3692 scr.

1302 3706 1364 3748 (u)
1386 3704 1589 3738 hereditario
1602 3705 1638 3739 F
1719 3705 1779 3747 (15)
1803 3704 2001 3738 condicione
2014 3704 2194 3737 exsistente
2207 3703 2269 3737 del.
