<?xml version="1.0" encoding="UTF-8"?>
<!DOCTYPE html PUBLIC "-//W3C//DTD XHTML 1.0 Transitional//EN"
    "http://www.w3.org/TR/xhtml1/DTD/xhtml1-transitional.dtd">
<html xmlns="http://www.w3.org/1999/xhtml" xml:lang="en" lang="en">
 <head>
  <title>
</title>
<meta http-equiv="Content-Type" content="text/html;charset=utf-8" />
  <meta name='ocr-system' content='tesseract 3.04.00' />
  <meta name='ocr-capabilities' content='ocr_page ocr_carea ocr_par ocr_line ocrx_word'/>
</head>
<body>
  <div class='ocr_page' id='page_1' title='image "./corpusjuriscivil01krueuoft_0787.png"; bbox 0 0 2528 3918; ppageno 0'>
   <div class='ocr_carea' id='block_1_1' title="bbox 0 0 83 3918">
    <p class='ocr_par' dir='ltr' id='par_1_1' title="bbox 0 0 83 3918">
     <span class='ocr_line' id='line_1_1' title="bbox 0 0 83 3918; baseline 0 0"><span class='ocrx_word' id='word_1_1' title='bbox 0 0 83 3918; x_wconf 95' lang='lat' dir='ltr'><strong> </strong></span> 
     </span>
    </p>
   </div>
   <div class='ocr_carea' id='block_1_2' title="bbox 864 69 881 86">
    <p class='ocr_par' dir='ltr' id='par_1_2' title="bbox 864 69 881 86">
     <span class='ocr_line' id='line_1_2' title="bbox 864 69 881 86; baseline 0 0"><span class='ocrx_word' id='word_1_2' title='bbox 864 69 881 86; x_wconf 53' lang='grc' dir='ltr'>ἢ</span> 
     </span>
    </p>
   </div>
   <div class='ocr_carea' id='block_1_3' title="bbox 153 158 983 199">
    <p class='ocr_par' dir='ltr' id='par_1_3' title="bbox 153 158 983 199">
     <span class='ocr_line' id='line_1_3' title="bbox 153 158 983 199; baseline -0.002 -9"><span class='ocrx_word' id='word_1_3' title='bbox 153 159 312 199; x_wconf 81' lang='lat' dir='ltr'>QUIBUS</span> <span class='ocrx_word' id='word_1_4' title='bbox 339 159 400 189; x_wconf 81' lang='lat' dir='ltr'><strong>Ex</strong></span> <span class='ocrx_word' id='word_1_5' title='bbox 429 158 580 190; x_wconf 80' lang='lat' dir='ltr'><strong>cAusis</strong></span> <span class='ocrx_word' id='word_1_6' title='bbox 609 160 655 188; x_wconf 80' lang='lat' dir='ltr'><strong>IN</strong></span> <span class='ocrx_word' id='word_1_7' title='bbox 686 159 805 189; x_wconf 83' lang='lat' dir='ltr'><strong>Poss.</strong></span> <span class='ocrx_word' id='word_1_8' title='bbox 837 158 983 189; x_wconf 83' lang='lat' dir='ltr'>EATUR</span> 
     </span>
    </p>
   </div>
   <div class='ocr_carea' id='block_1_4' title="bbox 144 271 1234 3609">
    <p class='ocr_par' dir='ltr' id='par_1_4' title="bbox 148 271 1234 541">
     <span class='ocr_line' id='line_1_4' title="bbox 165 271 1232 319; baseline -0.003 -9"><span class='ocrx_word' id='word_1_9' title='bbox 165 283 254 311; x_wconf 86' lang='grc'><strong>10100</strong></span> <span class='ocrx_word' id='word_1_10' title='bbox 283 273 440 309; x_wconf 83' lang='lat' dir='ltr'><strong>extiterit</strong></span> <span class='ocrx_word' id='word_1_11' title='bbox 469 273 576 310; x_wconf 90' lang='lat' dir='ltr'><strong>alicui</strong></span> <span class='ocrx_word' id='word_1_12' title='bbox 605 282 717 319; x_wconf 82' lang='lat' dir='ltr'>exque</span> <span class='ocrx_word' id='word_1_13' title='bbox 748 282 791 309; x_wconf 87' lang='lat' dir='ltr'><strong>ea</strong></span> <span class='ocrx_word' id='word_1_14' title='bbox 821 282 932 308; x_wconf 88' lang='lat' dir='ltr'><strong>causa</strong></span> <span class='ocrx_word' id='word_1_15' title='bbox 954 272 1072 317; x_wconf 84' lang='lat' dir='ltr'><strong>legata</strong></span> <span class='ocrx_word' id='word_1_16' title='bbox 1095 271 1232 316; x_wconf 85' lang='lat' dir='ltr'><strong>debeat,</strong></span> 
     </span>
     <span class='ocr_line' id='line_1_5' title="bbox 151 317 1234 363; baseline -0.003 -8"><span class='ocrx_word' id='word_1_17' title='bbox 151 318 337 355; x_wconf 87' lang='lat' dir='ltr'><strong>videndum</strong></span> <span class='ocrx_word' id='word_1_18' title='bbox 369 323 440 362; x_wconf 91' lang='lat' dir='ltr'><strong>est,</strong></span> <span class='ocrx_word' id='word_1_19' title='bbox 481 329 528 354; x_wconf 90' lang='lat' dir='ltr'><strong>an</strong></span> <span class='ocrx_word' id='word_1_20' title='bbox 556 319 640 354; x_wconf 90' lang='lat' dir='ltr'><strong>huic</strong></span> <span class='ocrx_word' id='word_1_21' title='bbox 671 317 789 354; x_wconf 89' lang='lat' dir='ltr'><strong>edicto</strong></span> <span class='ocrx_word' id='word_1_22' title='bbox 817 317 920 353; x_wconf 89' lang='lat' dir='ltr'><strong>locus</strong></span> <span class='ocrx_word' id='word_1_23' title='bbox 949 318 1013 353; x_wconf 91' lang='lat' dir='ltr'><strong>sit:</strong></span> <span class='ocrx_word' id='word_1_24' title='bbox 1051 318 1234 363; x_wconf 84' lang='lat' dir='ltr'><strong>magisque</strong></span> 
     </span>
     <span class='ocr_line' id='line_1_6' title="bbox 152 363 1234 408; baseline -0.003 -8"><span class='ocrx_word' id='word_1_25' title='bbox 152 368 224 407; x_wconf 90' lang='lat' dir='ltr'><strong>est,</strong></span> <span class='ocrx_word' id='word_1_26' title='bbox 256 367 297 398; x_wconf 93' lang='lat' dir='ltr'><strong>ut</strong></span> <span class='ocrx_word' id='word_1_27' title='bbox 320 364 514 400; x_wconf 76' lang='lat' dir='ltr'>Marcellus</span> <span class='ocrx_word' id='word_1_28' title='bbox 539 364 680 406; x_wconf 81' lang='lat' dir='ltr'><strong>scribit,</strong></span> <span class='ocrx_word' id='word_1_29' title='bbox 712 363 820 398; x_wconf 88' lang='lat' dir='ltr'><strong>etiam</strong></span> <span class='ocrx_word' id='word_1_30' title='bbox 847 363 973 408; x_wconf 85' lang='lat' dir='ltr'><strong>pupilli</strong></span> <span class='ocrx_word' id='word_1_31' title='bbox 1002 373 1108 408; x_wconf 89' lang='lat' dir='ltr'><strong>posse</strong></span> <span class='ocrx_word' id='word_1_32' title='bbox 1138 363 1234 397; x_wconf 89' lang='lat' dir='ltr'><strong>bona</strong></span> 
     </span>
     <span class='ocr_line' id='line_1_7' title="bbox 149 407 1232 455; baseline -0.001 -11"><span class='ocrx_word' id='word_1_33' title='bbox 149 408 323 455; x_wconf 85' lang='lat' dir='ltr'><strong>possideri</strong></span> <span class='ocrx_word' id='word_1_34' title='bbox 348 419 495 454; x_wconf 82' lang='lat' dir='ltr'>esseque</span> <span class='ocrx_word' id='word_1_35' title='bbox 524 409 563 444; x_wconf 92' lang='lat' dir='ltr'><strong>in</strong></span> <span class='ocrx_word' id='word_1_36' title='bbox 586 408 734 443; x_wconf 91' lang='lat' dir='ltr'><strong>arbitrio</strong></span> <span class='ocrx_word' id='word_1_37' title='bbox 758 408 1055 443; x_wconf 89' lang='lat' dir='ltr'><strong>hereditariorum</strong></span> <span class='ocrx_word' id='word_1_38' title='bbox 1079 407 1232 444; x_wconf 90' lang='lat' dir='ltr'><strong>credito-</strong></span> 
     </span>
     <span class='ocr_line' id='line_1_8' title="bbox 148 453 1232 499; baseline -0.002 -10"><span class='ocrx_word' id='word_1_39' title='bbox 148 464 244 496; x_wconf 89' lang='lat' dir='ltr'><strong>rum,</strong></span> <span class='ocrx_word' id='word_1_40' title='bbox 284 454 369 498; x_wconf 92' lang='lat' dir='ltr'><strong>quid</strong></span> <span class='ocrx_word' id='word_1_41' title='bbox 399 454 519 499; x_wconf 89' lang='lat' dir='ltr'><strong>potius</strong></span> <span class='ocrx_word' id='word_1_42' title='bbox 550 453 699 498; x_wconf 79' lang='lat' dir='ltr'><strong>eligant:</strong></span> <span class='ocrx_word' id='word_1_43' title='bbox 740 453 868 488; x_wconf 83' lang='lat' dir='ltr'><strong>etenim</strong></span> <span class='ocrx_word' id='word_1_44' title='bbox 898 453 1039 488; x_wconf 87' lang='lat' dir='ltr'><strong>videtur</strong></span> <span class='ocrx_word' id='word_1_45' title='bbox 1069 453 1232 498; x_wconf 84' lang='lat' dir='ltr'><strong>impubes</strong></span> 
     </span>
     <span class='ocr_line' id='line_1_9' title="bbox 149 498 857 541; baseline -0.001 -7"><span class='ocrx_word' id='word_1_46' title='bbox 149 499 370 541; x_wconf 77' lang='lat' dir='ltr'><strong>contrahere,</strong></span> <span class='ocrx_word' id='word_1_47' title='bbox 397 509 478 534; x_wconf 92' lang='lat' dir='ltr'><strong>cum</strong></span> <span class='ocrx_word' id='word_1_48' title='bbox 501 498 590 533; x_wconf 89' lang='lat' dir='ltr'><strong>adiit</strong></span> <span class='ocrx_word' id='word_1_49' title='bbox 613 498 857 534; x_wconf 85' lang='lat' dir='ltr'><strong>hereditatem.</strong></span> 
     </span>
    </p>

    <p class='ocr_par' dir='ltr' id='par_1_5' title="bbox 150 542 1232 634">
     <span class='ocr_line' id='line_1_10' title="bbox 193 542 1232 589; baseline -0.002 -10"><span class='ocrx_word' id='word_1_50' title='bbox 193 542 219 580; x_wconf 86' lang='lat'>4</span> <span class='ocrx_word' id='word_1_51' title='bbox 245 543 301 578; x_wconf 73' lang='grc' dir='ltr'><strong>ΡΑ</strong></span> <span class='ocrx_word' id='word_1_52' title='bbox 308 553 352 579; x_wconf 68' lang='grc' dir='ltr'><strong>σι,</strong></span> <span class='ocrx_word' id='word_1_53' title='bbox 359 553 403 579; x_wconf 74' lang='lat' dir='ltr'><strong>vs</strong></span> <span class='ocrx_word' id='word_1_54' title='bbox 424 543 514 579; x_wconf 83' lang='lat' dir='ltr'><strong>libro</strong></span> <span class='ocrx_word' id='word_1_55' title='bbox 529 544 852 589; x_wconf 76' lang='lat' dir='ltr'><strong>quinquaqensimo</strong></span> <span class='ocrx_word' id='word_1_56' title='bbox 870 546 994 578; x_wconf 78' lang='lat' dir='ltr'><strong>octavo</strong></span> <span class='ocrx_word' id='word_1_57' title='bbox 1013 543 1063 578; x_wconf 86' lang='lat' dir='ltr'><strong>ad</strong></span> <span class='ocrx_word' id='word_1_58' title='bbox 1078 543 1232 578; x_wconf 78' lang='lat' dir='ltr'><strong>edictum</strong></span> 
     </span>
     <span class='ocr_line' id='line_1_11' title="bbox 150 587 1075 634; baseline -0.001 -10"><span class='ocrx_word' id='word_1_59' title='bbox 150 588 219 624; x_wconf 86' lang='lat' dir='ltr'><strong>Sed</strong></span> <span class='ocrx_word' id='word_1_60' title='bbox 244 592 281 623; x_wconf 92' lang='lat' dir='ltr'><strong>et</strong></span> <span class='ocrx_word' id='word_1_61' title='bbox 301 588 344 631; x_wconf 90' lang='lat' dir='ltr'><strong>is,</strong></span> <span class='ocrx_word' id='word_1_62' title='bbox 369 588 429 634; x_wconf 92' lang='lat' dir='ltr'><strong>qui</strong></span> <span class='ocrx_word' id='word_1_63' title='bbox 451 588 595 624; x_wconf 83' lang='lat' dir='ltr'><strong>miscuit</strong></span> <span class='ocrx_word' id='word_1_64' title='bbox 618 598 667 630; x_wconf 85' lang='lat' dir='ltr'><strong>se,</strong></span> <span class='ocrx_word' id='word_1_65' title='bbox 693 589 904 624; x_wconf 82' lang='lat' dir='ltr'><strong>contrahere</strong></span> <span class='ocrx_word' id='word_1_66' title='bbox 927 587 1075 623; x_wconf 88' lang='lat' dir='ltr'><strong>videtur.</strong></span> 
     </span>
    </p>

    <p class='ocr_par' dir='ltr' id='par_1_6' title="bbox 144 632 1233 2069">
     <span class='ocr_line' id='line_1_12' title="bbox 194 632 1232 679; baseline -0.004 -8"><span class='ocrx_word' id='word_1_67' title='bbox 194 633 217 671; x_wconf 88' lang='lat'>5</span> <span class='ocrx_word' id='word_1_68' title='bbox 249 633 443 669; x_wconf 67' lang='lat' dir='ltr'><strong>Urmzws</strong></span> <span class='ocrx_word' id='word_1_69' title='bbox 468 634 557 669; x_wconf 76' lang='lat' dir='ltr'><strong>libro</strong></span> <span class='ocrx_word' id='word_1_70' title='bbox 587 634 911 679; x_wconf 73' lang='lat' dir='ltr'><strong>quinquayensimo</strong></span> <span class='ocrx_word' id='word_1_71' title='bbox 934 645 1030 669; x_wconf 80' lang='lat' dir='ltr'><strong>nono</strong></span> <span class='ocrx_word' id='word_1_72' title='bbox 1061 633 1111 668; x_wconf 88' lang='lat' dir='ltr'><strong>ad</strong></span> <span class='ocrx_word' id='word_1_73' title='bbox 1138 632 1232 667; x_wconf 80' lang='lat' dir='ltr'><strong>edic—</strong></span> 
     </span>
     <span class='ocr_line' id='line_1_13' title="bbox 148 678 1232 724; baseline -0.002 -11"><span class='ocrx_word' id='word_1_74' title='bbox 148 685 221 713; x_wconf 83' lang='lat' dir='ltr'><strong>tum</strong></span> <span class='ocrx_word' id='word_1_75' title='bbox 267 678 367 713; x_wconf 90' lang='lat' dir='ltr'><strong>Haec</strong></span> <span class='ocrx_word' id='word_1_76' title='bbox 397 682 516 713; x_wconf 87' lang='lat' dir='ltr'><strong>autem</strong></span> <span class='ocrx_word' id='word_1_77' title='bbox 545 679 662 713; x_wconf 91' lang='lat' dir='ltr'><strong>locum</strong></span> <span class='ocrx_word' id='word_1_78' title='bbox 693 679 846 720; x_wconf 88' lang='lat' dir='ltr'><strong>habent,</strong></span> <span class='ocrx_word' id='word_1_79' title='bbox 880 678 1043 724; x_wconf 91' lang='lat' dir='ltr'><strong>quotiens</strong></span> <span class='ocrx_word' id='word_1_80' title='bbox 1073 678 1232 724; x_wconf 89' lang='lat' dir='ltr'><strong>pupillus</strong></span> 
     </span>
     <span class='ocr_line' id='line_1_14' title="bbox 148 723 1231 768; baseline -0.002 -9"><span class='ocrx_word' id='word_1_81' title='bbox 148 734 219 759; x_wconf 90' lang='lat' dir='ltr'><strong>non</strong></span> <span class='ocrx_word' id='word_1_82' title='bbox 244 723 455 758; x_wconf 80' lang='lat' dir='ltr'><strong>defendatur</strong></span> <span class='ocrx_word' id='word_1_83' title='bbox 478 733 501 758; x_wconf 94' lang='lat' dir='ltr'><strong>a</strong></span> <span class='ocrx_word' id='word_1_84' title='bbox 524 734 758 768; x_wconf 90' lang='lat' dir='ltr'><strong>quocumque,</strong></span> <span class='ocrx_word' id='word_1_85' title='bbox 782 723 856 759; x_wconf 90' lang='lat' dir='ltr'><strong>sive</strong></span> <span class='ocrx_word' id='word_1_86' title='bbox 875 734 897 758; x_wconf 89' lang='lat' dir='ltr'><strong>a</strong></span> <span class='ocrx_word' id='word_1_87' title='bbox 915 728 1035 759; x_wconf 90' lang='lat' dir='ltr'><strong>tutore</strong></span> <span class='ocrx_word' id='word_1_88' title='bbox 1052 723 1109 758; x_wconf 91' lang='lat' dir='ltr'><strong>vel</strong></span> <span class='ocrx_word' id='word_1_89' title='bbox 1128 733 1231 758; x_wconf 90' lang='lat' dir='ltr'><strong>cura-</strong></span> 
     </span>
     <span class='ocr_line' id='line_1_15' title="bbox 147 768 1230 814; baseline -0.001 -11"><span class='ocrx_word' id='word_1_90' title='bbox 147 773 226 804; x_wconf 88' lang='lat' dir='ltr'><strong>tore</strong></span> <span class='ocrx_word' id='word_1_91' title='bbox 240 770 261 811; x_wconf 85' lang='lat'><strong>¹,</strong></span> <span class='ocrx_word' id='word_1_92' title='bbox 287 769 359 803; x_wconf 88' lang='lat' dir='ltr'><strong>sive</strong></span> <span class='ocrx_word' id='word_1_93' title='bbox 383 769 515 803; x_wconf 91' lang='lat' dir='ltr'><strong>habeat</strong></span> <span class='ocrx_word' id='word_1_94' title='bbox 537 772 691 804; x_wconf 87' lang='lat' dir='ltr'><strong>tutorem</strong></span> <span class='ocrx_word' id='word_1_95' title='bbox 715 769 872 814; x_wconf 91' lang='lat' dir='ltr'><strong>pupillus</strong></span> <span class='ocrx_word' id='word_1_96' title='bbox 898 769 971 804; x_wconf 87' lang='lat' dir='ltr'><strong>sive</strong></span> <span class='ocrx_word' id='word_1_97' title='bbox 990 779 1062 804; x_wconf 93' lang='lat' dir='ltr'><strong>non</strong></span> <span class='ocrx_word' id='word_1_98' title='bbox 1081 768 1230 803; x_wconf 91' lang='lat' dir='ltr'><strong>habeat:</strong></span> 
     </span>
     <span class='ocr_line' id='line_1_16' title="bbox 148 813 1231 859; baseline -0.001 -11"><span class='ocrx_word' id='word_1_99' title='bbox 148 817 303 849; x_wconf 85' lang='lat' dir='ltr'><strong>ceterum</strong></span> <span class='ocrx_word' id='word_1_100' title='bbox 328 814 357 847; x_wconf 84' lang='lat' dir='ltr'><strong>si</strong></span> <span class='ocrx_word' id='word_1_101' title='bbox 381 813 513 849; x_wconf 89' lang='lat' dir='ltr'><strong>existat</strong></span> <span class='ocrx_word' id='word_1_102' title='bbox 536 814 675 859; x_wconf 83' lang='lat' dir='ltr'><strong>aliquis,</strong></span> <span class='ocrx_word' id='word_1_103' title='bbox 704 813 765 859; x_wconf 90' lang='lat' dir='ltr'><strong>qui</strong></span> <span class='ocrx_word' id='word_1_104' title='bbox 789 814 979 849; x_wconf 89' lang='lat' dir='ltr'><strong>defendere</strong></span> <span class='ocrx_word' id='word_1_105' title='bbox 1003 814 1050 849; x_wconf 90' lang='lat' dir='ltr'><strong>sit</strong></span> <span class='ocrx_word' id='word_1_106' title='bbox 1096 817 1231 854; x_wconf 88' lang='lat' dir='ltr'><strong>aratus,</strong></span> 
     </span>
     <span class='ocr_line' id='line_1_17' title="bbox 152 858 1230 895; baseline -0.001 -1"><span class='ocrx_word' id='word_1_107' title='bbox 152 864 161 893; x_wconf 86' lang='grc'><strong>1</strong></span> <span class='ocrx_word' id='word_1_108' title='bbox 215 859 371 894; x_wconf 81' lang='lat' dir='ltr'><strong>cessabit</strong></span> <span class='ocrx_word' id='word_1_109' title='bbox 393 858 446 894; x_wconf 91' lang='lat' dir='ltr'><strong>rei</strong></span> <span class='ocrx_word' id='word_1_110' title='bbox 470 859 666 894; x_wconf 90' lang='lat' dir='ltr'><strong>servandae</strong></span> <span class='ocrx_word' id='word_1_111' title='bbox 691 869 802 894; x_wconf 90' lang='lat' dir='ltr'><strong>causa</strong></span> <span class='ocrx_word' id='word_1_112' title='bbox 851 859 1015 895; x_wconf 91' lang='lat' dir='ltr'><strong>ossessio.</strong></span> <span class='ocrx_word' id='word_1_113' title='bbox 1100 869 1146 894; x_wconf 93' lang='lat' dir='ltr'><strong>on</strong></span> <span class='ocrx_word' id='word_1_114' title='bbox 1170 858 1230 893; x_wconf 91' lang='lat' dir='ltr'><strong>de-</strong></span> 
     </span>
     <span class='ocr_line' id='line_1_18' title="bbox 146 903 1230 950; baseline -0.001 -12"><span class='ocrx_word' id='word_1_115' title='bbox 146 903 245 938; x_wconf 83' lang='lat' dir='ltr'><strong>fendi</strong></span> <span class='ocrx_word' id='word_1_116' title='bbox 280 904 455 949; x_wconf 90' lang='lat' dir='ltr'><strong>pupillum</strong></span> <span class='ocrx_word' id='word_1_117' title='bbox 489 908 655 939; x_wconf 85' lang='lat' dir='ltr'><strong>constare</strong></span> <span class='ocrx_word' id='word_1_118' title='bbox 687 904 793 940; x_wconf 92' lang='lat' dir='ltr'><strong>debet</strong></span> <span class='ocrx_word' id='word_1_119' title='bbox 836 905 1028 950; x_wconf 89' lang='lat' dir='ltr'><strong>iquereque</strong></span> <span class='ocrx_word' id='word_1_120' title='bbox 1061 903 1230 950; x_wconf 86' lang='lat' dir='ltr'><strong>praetori,</strong></span> 
     </span>
     <span class='ocr_line' id='line_1_19' title="bbox 147 949 1231 994; baseline -0.001 -11"><span class='ocrx_word' id='word_1_121' title='bbox 147 952 187 983; x_wconf 93' lang='lat' dir='ltr'><strong>ut</strong></span> <span class='ocrx_word' id='word_1_122' title='bbox 210 949 262 984; x_wconf 91' lang='lat' dir='ltr'><strong>sic</strong></span> <span class='ocrx_word' id='word_1_123' title='bbox 285 949 470 994; x_wconf 86' lang='lat' dir='ltr'><strong>permittat</strong></span> <span class='ocrx_word' id='word_1_124' title='bbox 492 949 667 984; x_wconf 90' lang='lat' dir='ltr'><strong>bonorum</strong></span> <span class='ocrx_word' id='word_1_125' title='bbox 689 949 964 994; x_wconf 86' lang='lat' dir='ltr'><strong>possessionem.</strong></span> <span class='ocrx_word' id='word_1_126' title='bbox 1012 950 1082 985; x_wconf 93' lang='lat' dir='ltr'><strong>hoc</strong></span> <span class='ocrx_word' id='word_1_127' title='bbox 1113 951 1231 984; x_wconf 91' lang='lat' dir='ltr'><strong>autem</strong></span> 
     </span>
     <span class='ocr_line' id='line_1_20' title="bbox 148 994 1230 1040; baseline -0.001 -11"><span class='ocrx_word' id='word_1_128' title='bbox 148 997 312 1030; x_wconf 83' lang='lat' dir='ltr'><strong>constare</strong></span> <span class='ocrx_word' id='word_1_129' title='bbox 337 994 442 1029; x_wconf 87' lang='lat' dir='ltr'><strong>debet</strong></span> <span class='ocrx_word' id='word_1_130' title='bbox 465 994 534 1029; x_wconf 87' lang='lat' dir='ltr'><strong>sic:</strong></span> <span class='ocrx_word' id='word_1_131' title='bbox 567 995 739 1030; x_wconf 90' lang='lat' dir='ltr'><strong>evocandi</strong></span> <span class='ocrx_word' id='word_1_132' title='bbox 767 998 853 1030; x_wconf 89' lang='lat' dir='ltr'><strong>sunt</strong></span> <span class='ocrx_word' id='word_1_133' title='bbox 881 995 927 1029; x_wconf 91' lang='lat' dir='ltr'><strong>ad</strong></span> <span class='ocrx_word' id='word_1_134' title='bbox 950 998 1150 1040; x_wconf 87' lang='lat' dir='ltr'><strong>praetorem</strong></span> <span class='ocrx_word' id='word_1_135' title='bbox 1173 997 1230 1028; x_wconf 92' lang='lat' dir='ltr'><strong>tu-</strong></span> 
     </span>
     <span class='ocr_line' id='line_1_21' title="bbox 145 1039 1232 1088; baseline 0 -15"><span class='ocrx_word' id='word_1_136' title='bbox 145 1044 242 1074; x_wconf 85' lang='lat' dir='ltr'><strong>tores</strong></span> <span class='ocrx_word' id='word_1_137' title='bbox 265 1039 411 1088; x_wconf 87' lang='lat' dir='ltr'><strong>pupilli,</strong></span> <span class='ocrx_word' id='word_1_138' title='bbox 445 1043 486 1074; x_wconf 89' lang='lat' dir='ltr'><strong>ut</strong></span> <span class='ocrx_word' id='word_1_139' title='bbox 517 1039 753 1075; x_wconf 82' lang='lat' dir='ltr'><strong>defendant²:</strong></span> <span class='ocrx_word' id='word_1_140' title='bbox 787 1041 817 1075; x_wconf 90' lang='lat' dir='ltr'><strong>si</strong></span> <span class='ocrx_word' id='word_1_141' title='bbox 847 1044 966 1075; x_wconf 89' lang='lat' dir='ltr'><strong>autem</strong></span> <span class='ocrx_word' id='word_1_142' title='bbox 995 1050 1068 1075; x_wconf 90' lang='lat' dir='ltr'><strong>non</strong></span> <span class='ocrx_word' id='word_1_143' title='bbox 1099 1039 1232 1074; x_wconf 71' lang='lat' dir='ltr'><strong>habet3</strong></span> 
     </span>
     <span class='ocr_line' id='line_1_22' title="bbox 145 1084 1233 1130; baseline 0 -12"><span class='ocrx_word' id='word_1_144' title='bbox 145 1088 301 1128; x_wconf 90' lang='lat' dir='ltr'><strong>tutores,</strong></span> <span class='ocrx_word' id='word_1_145' title='bbox 331 1084 533 1129; x_wconf 89' lang='lat' dir='ltr'><strong>requirendi</strong></span> <span class='ocrx_word' id='word_1_146' title='bbox 563 1085 707 1129; x_wconf 85' lang='lat' dir='ltr'><strong>cognati</strong></span> <span class='ocrx_word' id='word_1_147' title='bbox 736 1086 791 1120; x_wconf 91' lang='lat' dir='ltr'><strong>vel</strong></span> <span class='ocrx_word' id='word_1_148' title='bbox 815 1085 952 1120; x_wconf 89' lang='lat' dir='ltr'><strong>adfines</strong></span> <span class='ocrx_word' id='word_1_149' title='bbox 977 1090 1013 1120; x_wconf 89' lang='lat' dir='ltr'><strong>et</strong></span> <span class='ocrx_word' id='word_1_150' title='bbox 1035 1085 1065 1120; x_wconf 89' lang='lat' dir='ltr'><strong>si</strong></span> <span class='ocrx_word' id='word_1_151' title='bbox 1089 1085 1150 1130; x_wconf 91' lang='lat' dir='ltr'><strong>qui</strong></span> <span class='ocrx_word' id='word_1_152' title='bbox 1173 1084 1233 1118; x_wconf 89' lang='lat' dir='ltr'><strong>alii</strong></span> 
     </span>
     <span class='ocr_line' id='line_1_23' title="bbox 147 1129 1233 1175; baseline -0.001 -11"><span class='ocrx_word' id='word_1_153' title='bbox 147 1129 239 1165; x_wconf 88' lang='lat' dir='ltr'><strong>forte</strong></span> <span class='ocrx_word' id='word_1_154' title='bbox 270 1133 371 1171; x_wconf 88' lang='lat' dir='ltr'><strong>sunt,</strong></span> <span class='ocrx_word' id='word_1_155' title='bbox 413 1141 502 1175; x_wconf 88' lang='lat' dir='ltr'><strong>quos</strong></span> <span class='ocrx_word' id='word_1_156' title='bbox 533 1130 722 1165; x_wconf 87' lang='lat' dir='ltr'><strong>verisimile</strong></span> <span class='ocrx_word' id='word_1_157' title='bbox 749 1134 803 1166; x_wconf 90' lang='lat' dir='ltr'><strong>est</strong></span> <span class='ocrx_word' id='word_1_158' title='bbox 832 1130 1074 1166; x_wconf 87' lang='lat' dir='ltr'><strong>defensionem</strong></span> <span class='ocrx_word' id='word_1_159' title='bbox 1105 1129 1233 1175; x_wconf 90' lang='lat' dir='ltr'><strong>pupilli</strong></span> 
     </span>
     <span class='ocr_line' id='line_1_24' title="bbox 146 1175 1233 1220; baseline 0 -11"><span class='ocrx_word' id='word_1_160' title='bbox 146 1175 302 1220; x_wconf 86' lang='lat' dir='ltr'><strong>pupillae</strong></span> <span class='ocrx_word' id='word_1_161' title='bbox 337 1186 409 1210; x_wconf 91' lang='lat' dir='ltr'><strong>non</strong></span> <span class='ocrx_word' id='word_1_162' title='bbox 445 1175 637 1211; x_wconf 88' lang='lat' dir='ltr'><strong>omissuros</strong></span> <span class='ocrx_word' id='word_1_163' title='bbox 668 1176 723 1211; x_wconf 90' lang='lat' dir='ltr'><strong>vel</strong></span> <span class='ocrx_word' id='word_1_164' title='bbox 755 1179 903 1220; x_wconf 88' lang='lat' dir='ltr'><strong>propter</strong></span> <span class='ocrx_word' id='word_1_165' title='bbox 933 1175 1233 1211; x_wconf 88' lang='lat' dir='ltr'><strong>necessitudinem</strong></span> 
     </span>
     <span class='ocr_line' id='line_1_25' title="bbox 147 1220 1233 1266; baseline 0 -12"><span class='ocrx_word' id='word_1_166' title='bbox 147 1220 202 1254; x_wconf 92' lang='lat' dir='ltr'><strong>vel</strong></span> <span class='ocrx_word' id='word_1_167' title='bbox 232 1224 379 1265; x_wconf 89' lang='lat' dir='ltr'><strong>propter</strong></span> <span class='ocrx_word' id='word_1_168' title='bbox 414 1221 597 1255; x_wconf 90' lang='lat' dir='ltr'><strong>caritatem</strong></span> <span class='ocrx_word' id='word_1_169' title='bbox 635 1221 688 1255; x_wconf 89' lang='lat' dir='ltr'><strong>vel</strong></span> <span class='ocrx_word' id='word_1_170' title='bbox 720 1231 790 1266; x_wconf 90' lang='lat' dir='ltr'><strong>qua</strong></span> <span class='ocrx_word' id='word_1_171' title='bbox 820 1221 891 1256; x_wconf 92' lang='lat' dir='ltr'><strong>alia</strong></span> <span class='ocrx_word' id='word_1_172' title='bbox 919 1221 1076 1256; x_wconf 90' lang='lat' dir='ltr'><strong>ratione:</strong></span> <span class='ocrx_word' id='word_1_173' title='bbox 1114 1220 1233 1255; x_wconf 91' lang='lat' dir='ltr'><strong>liberti</strong></span> 
     </span>
     <span class='ocr_line' id='line_1_26' title="bbox 147 1265 1233 1311; baseline 0.001 -12"><span class='ocrx_word' id='word_1_174' title='bbox 147 1266 253 1299; x_wconf 90' lang='lat' dir='ltr'><strong>etiam</strong></span> <span class='ocrx_word' id='word_1_175' title='bbox 288 1265 320 1300; x_wconf 92' lang='lat' dir='ltr'><strong>si</strong></span> <span class='ocrx_word' id='word_1_176' title='bbox 354 1265 414 1310; x_wconf 90' lang='lat' dir='ltr'><strong>qui</strong></span> <span class='ocrx_word' id='word_1_177' title='bbox 445 1270 530 1301; x_wconf 87' lang='lat' dir='ltr'><strong>sunt</strong></span> <span class='ocrx_word' id='word_1_178' title='bbox 558 1266 695 1309; x_wconf 88' lang='lat' dir='ltr'><strong>idonei,</strong></span> <span class='ocrx_word' id='word_1_179' title='bbox 733 1266 906 1301; x_wconf 88' lang='lat' dir='ltr'><strong>evocandi</strong></span> <span class='ocrx_word' id='word_1_180' title='bbox 945 1265 1233 1311; x_wconf 87' lang='lat' dir='ltr'><strong>exquirendaque</strong></span> 
     </span>
     <span class='ocr_line' id='line_1_27' title="bbox 149 1310 1231 1355; baseline 0 -11"><span class='ocrx_word' id='word_1_181' title='bbox 149 1310 318 1346; x_wconf 88' lang='lat' dir='ltr'><strong>defensio.</strong></span> <span class='ocrx_word' id='word_1_182' title='bbox 356 1310 387 1345; x_wconf 93' lang='lat' dir='ltr'><strong>si</strong></span> <span class='ocrx_word' id='word_1_183' title='bbox 410 1315 474 1345; x_wconf 90' lang='lat' dir='ltr'><strong>aut</strong></span> <span class='ocrx_word' id='word_1_184' title='bbox 497 1315 626 1355; x_wconf 88' lang='lat' dir='ltr'><strong>negent</strong></span> <span class='ocrx_word' id='word_1_185' title='bbox 649 1321 687 1346; x_wconf 92' lang='lat' dir='ltr'><strong>se</strong></span> <span class='ocrx_word' id='word_1_186' title='bbox 707 1311 898 1346; x_wconf 80' lang='lat' dir='ltr'><strong>defendere</strong></span> <span class='ocrx_word' id='word_1_187' title='bbox 917 1316 980 1346; x_wconf 87' lang='lat' dir='ltr'><strong>aut</strong></span> <span class='ocrx_word' id='word_1_188' title='bbox 1000 1322 1073 1346; x_wconf 90' lang='lat' dir='ltr'><strong>non</strong></span> <span class='ocrx_word' id='word_1_189' title='bbox 1091 1314 1231 1355; x_wconf 85' lang='lat' dir='ltr'><strong>negent,</strong></span> 
     </span>
     <span class='ocr_line' id='line_1_28' title="bbox 146 1355 1231 1401; baseline 0 -11"><span class='ocrx_word' id='word_1_190' title='bbox 146 1355 210 1390; x_wconf 87' lang='lat' dir='ltr'><strong>sed</strong></span> <span class='ocrx_word' id='word_1_191' title='bbox 231 1358 387 1397; x_wconf 86' lang='lat' dir='ltr'><strong>taceant,</strong></span> <span class='ocrx_word' id='word_1_192' title='bbox 412 1360 499 1391; x_wconf 93' lang='lat' dir='ltr'><strong>tunc</strong></span> <span class='ocrx_word' id='word_1_193' title='bbox 516 1360 663 1400; x_wconf 91' lang='lat' dir='ltr'><strong>praetor</strong></span> <span class='ocrx_word' id='word_1_194' title='bbox 680 1357 943 1401; x_wconf 87' lang='lat' dir='ltr'><strong>possessionem</strong></span> <span class='ocrx_word' id='word_1_195' title='bbox 961 1356 1072 1398; x_wconf 87' lang='lat' dir='ltr'><strong>dabit,</strong></span> <span class='ocrx_word' id='word_1_196' title='bbox 1096 1356 1231 1391; x_wconf 92' lang='lat' dir='ltr'><strong>tamdiu</strong></span> 
     </span>
     <span class='ocr_line' id='line_1_29' title="bbox 145 1400 1233 1446; baseline -0.001 -10"><span class='ocrx_word' id='word_1_197' title='bbox 145 1400 301 1444; x_wconf 85' lang='lat' dir='ltr'><strong>scilicet,</strong></span> <span class='ocrx_word' id='word_1_198' title='bbox 334 1400 452 1445; x_wconf 89' lang='lat' dir='ltr'><strong>quoad</strong></span> <span class='ocrx_word' id='word_1_199' title='bbox 480 1411 552 1436; x_wconf 91' lang='lat' dir='ltr'><strong>non</strong></span> <span class='ocrx_word' id='word_1_200' title='bbox 583 1401 812 1436; x_wconf 85' lang='lat' dir='ltr'><strong>defendatur:</strong></span> <span class='ocrx_word' id='word_1_201' title='bbox 846 1402 877 1437; x_wconf 91' lang='lat' dir='ltr'><strong>si</strong></span> <span class='ocrx_word' id='word_1_202' title='bbox 906 1401 1049 1437; x_wconf 88' lang='lat' dir='ltr'><strong>defendi</strong></span> <span class='ocrx_word' id='word_1_203' title='bbox 1076 1401 1233 1446; x_wconf 90' lang='lat' dir='ltr'><strong>coeperit</strong></span> 
     </span>
     <span class='ocr_line' id='line_1_30' title="bbox 144 1445 1233 1498; baseline 0.001 -19"><span class='ocrx_word' id='word_1_204' title='bbox 144 1445 302 1490; x_wconf 91' lang='lat' dir='ltr'><strong>pupillus</strong></span> <span class='ocrx_word' id='word_1_205' title='bbox 325 1446 382 1480; x_wconf 89' lang='lat' dir='ltr'><strong>vel</strong></span> <span class='ocrx_word' id='word_1_206' title='bbox 404 1446 560 1492; x_wconf 86' lang='lat' dir='ltr'><strong>pupilla,</strong></span> <span class='ocrx_word' id='word_1_207' title='bbox 594 1446 731 1481; x_wconf 87' lang='lat' dir='ltr'><strong>desinet</strong></span> <span class='ocrx_word' id='word_1_208' title='bbox 753 1447 940 1492; x_wconf 86' lang='lat' dir='ltr'><strong>possideri.</strong></span> <span class='ocrx_word' id='word_1_209' title='bbox 988 1447 1082 1498; x_wconf 63' lang='lat' dir='ltr'><strong>idem</strong></span> <span class='ocrx_word' id='word_1_210' title='bbox 1113 1450 1169 1482; x_wconf 88' lang='lat' dir='ltr'><strong>est</strong></span> <span class='ocrx_word' id='word_1_211' title='bbox 1197 1450 1233 1482; x_wconf 93' lang='lat' dir='ltr'><strong>et</strong></span> 
     </span>
     <span class='ocr_line' id='line_1_31' title="bbox 146 1491 1232 1537; baseline 0.001 -12"><span class='ocrx_word' id='word_1_212' title='bbox 146 1495 165 1525; x_wconf 84' lang='lat'>2</span> <span class='ocrx_word' id='word_1_213' title='bbox 212 1491 249 1525; x_wconf 90' lang='lat' dir='ltr'><strong>in</strong></span> <span class='ocrx_word' id='word_1_214' title='bbox 274 1491 419 1526; x_wconf 85' lang='lat' dir='ltr'><strong>furioso.</strong></span> <span class='ocrx_word' id='word_1_215' title='bbox 466 1491 530 1526; x_wconf 90' lang='lat' dir='ltr'><strong>Ait</strong></span> <span class='ocrx_word' id='word_1_216' title='bbox 551 1491 721 1527; x_wconf 88' lang='lat' dir='ltr'><strong>Praetor:</strong></span> <span class='ocrx_word' id='word_1_217' title='bbox 756 1492 798 1527; x_wconf 84' lang='lat' dir='ltr'><strong>‘si</strong></span> <span class='ocrx_word' id='word_1_218' title='bbox 827 1492 859 1528; x_wconf 90' lang='lat' dir='ltr'><strong>is</strong></span> <span class='ocrx_word' id='word_1_219' title='bbox 888 1492 1047 1537; x_wconf 91' lang='lat' dir='ltr'><strong>pupillus</strong></span> <span class='ocrx_word' id='word_1_220' title='bbox 1069 1503 1107 1527; x_wconf 91' lang='lat'><strong>111</strong></span> <span class='ocrx_word' id='word_1_221' title='bbox 1130 1502 1232 1527; x_wconf 91' lang='lat' dir='ltr'><strong>suam</strong></span> 
     </span>
     <span class='ocr_line' id='line_1_32' title="bbox 146 1536 1232 1583; baseline 0.001 -13"><span class='ocrx_word' id='word_1_222' title='bbox 146 1536 305 1571; x_wconf 88' lang='lat' dir='ltr'><strong>‘tutelam</strong></span> <span class='ocrx_word' id='word_1_223' title='bbox 338 1536 475 1571; x_wconf 88' lang='lat' dir='ltr'><strong>venerit</strong></span> <span class='ocrx_word' id='word_1_224' title='bbox 509 1546 593 1571; x_wconf 87' lang='lat' dir='ltr'><strong>eave</strong></span> <span class='ocrx_word' id='word_1_225' title='bbox 627 1537 767 1582; x_wconf 89' lang='lat' dir='ltr'><strong>pupilla</strong></span> <span class='ocrx_word' id='word_1_226' title='bbox 796 1537 991 1583; x_wconf 82' lang='lat' dir='ltr'><strong>viripotens</strong></span> <span class='ocrx_word' id='word_1_227' title='bbox 1028 1536 1139 1572; x_wconf 86' lang='lat' dir='ltr'><strong>fuerit</strong></span> <span class='ocrx_word' id='word_1_228' title='bbox 1172 1538 1232 1572; x_wconf 76' lang='lat' dir='ltr'><strong>et⁴</strong></span> 
     </span>
     <span class='ocr_line' id='line_1_33' title="bbox 146 1580 1231 1627; baseline 0.002 -12"><span class='ocrx_word' id='word_1_229' title='bbox 146 1584 254 1616; x_wconf 86' lang='lat' dir='ltr'><strong>‘recte</strong></span> <span class='ocrx_word' id='word_1_230' title='bbox 278 1580 506 1617; x_wconf 86' lang='lat' dir='ltr'><strong>defendetur:</strong></span> <span class='ocrx_word' id='word_1_231' title='bbox 540 1592 620 1625; x_wconf 88' lang='lat' dir='ltr'><strong>eos,</strong></span> <span class='ocrx_word' id='word_1_232' title='bbox 647 1582 708 1626; x_wconf 92' lang='lat' dir='ltr'><strong>qui</strong></span> <span class='ocrx_word' id='word_1_233' title='bbox 730 1583 828 1618; x_wconf 88' lang='lat' dir='ltr'><strong>bona</strong></span> <span class='ocrx_word' id='word_1_234' title='bbox 850 1582 1053 1627; x_wconf 89' lang='lat' dir='ltr'><strong>possident,</strong></span> <span class='ocrx_word' id='word_1_235' title='bbox 1079 1582 1124 1617; x_wconf 91' lang='lat' dir='ltr'><strong>de</strong></span> <span class='ocrx_word' id='word_1_236' title='bbox 1146 1593 1231 1627; x_wconf 92' lang='lat' dir='ltr'><strong>pos-</strong></span> 
     </span>
     <span class='ocr_line' id='line_1_34' title="bbox 146 1627 1232 1672; baseline 0.001 -11"><span class='ocrx_word' id='word_1_237' title='bbox 146 1630 164 1661; x_wconf 85' lang='lat'><strong>3</strong></span> <span class='ocrx_word' id='word_1_238' title='bbox 214 1627 384 1662; x_wconf 86' lang='lat' dir='ltr'><strong>‘sessione</strong></span> <span class='ocrx_word' id='word_1_239' title='bbox 414 1627 584 1662; x_wconf 90' lang='lat' dir='ltr'><strong>decedere</strong></span> <span class='ocrx_word' id='word_1_240' title='bbox 614 1627 770 1663; x_wconf 86' lang='lat' dir='ltr'><strong>iubebo’.</strong></span> <span class='ocrx_word' id='word_1_241' title='bbox 822 1628 935 1663; x_wconf 87' lang='lat' dir='ltr'><strong>Recte</strong></span> <span class='ocrx_word' id='word_1_242' title='bbox 970 1627 1111 1663; x_wconf 90' lang='lat' dir='ltr'><strong>defendi</strong></span> <span class='ocrx_word' id='word_1_243' title='bbox 1146 1627 1232 1672; x_wconf 90' lang='lat' dir='ltr'><strong>quid</strong></span> 
     </span>
     <span class='ocr_line' id='line_1_35' title="bbox 145 1671 1231 1718; baseline 0 -11"><span class='ocrx_word' id='word_1_244' title='bbox 145 1672 202 1713; x_wconf 89' lang='lat' dir='ltr'><strong>sit,</strong></span> <span class='ocrx_word' id='word_1_245' title='bbox 225 1671 418 1715; x_wconf 86' lang='lat' dir='ltr'><strong>videamus,</strong></span> <span class='ocrx_word' id='word_1_246' title='bbox 442 1675 561 1707; x_wconf 89' lang='lat' dir='ltr'><strong>utrum</strong></span> <span class='ocrx_word' id='word_1_247' title='bbox 583 1676 724 1707; x_wconf 89' lang='lat' dir='ltr'><strong>tantum</strong></span> <span class='ocrx_word' id='word_1_248' title='bbox 746 1673 887 1718; x_wconf 88' lang='lat' dir='ltr'><strong>copiam</strong></span> <span class='ocrx_word' id='word_1_249' title='bbox 907 1673 963 1708; x_wconf 91' lang='lat' dir='ltr'><strong>sui</strong></span> <span class='ocrx_word' id='word_1_250' title='bbox 982 1673 1103 1708; x_wconf 90' lang='lat' dir='ltr'><strong>facere</strong></span> <span class='ocrx_word' id='word_1_251' title='bbox 1126 1676 1163 1708; x_wconf 90' lang='lat' dir='ltr'><strong>et</strong></span> <span class='ocrx_word' id='word_1_252' title='bbox 1185 1673 1231 1707; x_wconf 91' lang='lat' dir='ltr'><strong>ad</strong></span> 
     </span>
     <span class='ocr_line' id='line_1_36' title="bbox 144 1716 1232 1763; baseline 0.001 -12"><span class='ocrx_word' id='word_1_253' title='bbox 144 1716 410 1762; x_wconf 88' lang='lat' dir='ltr'><strong>suscipiendum</strong></span> <span class='ocrx_word' id='word_1_254' title='bbox 444 1717 615 1752; x_wconf 90' lang='lat' dir='ltr'><strong>iudicium</strong></span> <span class='ocrx_word' id='word_1_255' title='bbox 650 1722 816 1763; x_wconf 89' lang='lat' dir='ltr'><strong>paratum</strong></span> <span class='ocrx_word' id='word_1_256' title='bbox 854 1721 957 1754; x_wconf 82' lang='lat' dir='ltr'><strong>esse⁵</strong></span> <span class='ocrx_word' id='word_1_257' title='bbox 996 1729 1043 1753; x_wconf 90' lang='lat' dir='ltr'><strong>an</strong></span> <span class='ocrx_word' id='word_1_258' title='bbox 1078 1728 1160 1753; x_wconf 91' lang='lat' dir='ltr'><strong>vero</strong></span> <span class='ocrx_word' id='word_1_259' title='bbox 1196 1722 1232 1753; x_wconf 92' lang='lat' dir='ltr'><strong>et</strong></span> 
     </span>
     <span class='ocr_line' id='line_1_37' title="bbox 144 1762 1230 1809; baseline 0.002 -13"><span class='ocrx_word' id='word_1_260' title='bbox 144 1762 319 1797; x_wconf 84' lang='lat' dir='ltr'><strong>satisdare</strong></span> <span class='ocrx_word' id='word_1_261' title='bbox 354 1762 566 1798; x_wconf 89' lang='lat' dir='ltr'><strong>omnimodo.</strong></span> <span class='ocrx_word' id='word_1_262' title='bbox 621 1768 658 1798; x_wconf 91' lang='lat' dir='ltr'><strong>et</strong></span> <span class='ocrx_word' id='word_1_263' title='bbox 697 1763 840 1809; x_wconf 90' lang='lat' dir='ltr'><strong>quidem</strong></span> <span class='ocrx_word' id='word_1_264' title='bbox 883 1775 957 1799; x_wconf 93' lang='lat' dir='ltr'><strong>non</strong></span> <span class='ocrx_word' id='word_1_265' title='bbox 993 1764 1108 1799; x_wconf 89' lang='lat' dir='ltr'><strong>solum</strong></span> <span class='ocrx_word' id='word_1_266' title='bbox 1144 1763 1230 1808; x_wconf 88' lang='lat' dir='ltr'><strong>ipsis</strong></span> 
     </span>
     <span class='ocr_line' id='line_1_38' title="bbox 145 1807 1230 1854; baseline 0.001 -11"><span class='ocrx_word' id='word_1_267' title='bbox 145 1817 184 1843; x_wconf 88' lang='lat' dir='ltr'><strong>se</strong></span> <span class='ocrx_word' id='word_1_268' title='bbox 216 1807 405 1843; x_wconf 86' lang='lat' dir='ltr'><strong>defendere</strong></span> <span class='ocrx_word' id='word_1_269' title='bbox 433 1807 635 1843; x_wconf 88' lang='lat' dir='ltr'><strong>volentibus</strong></span> <span class='ocrx_word' id='word_1_270' title='bbox 672 1809 742 1844; x_wconf 92' lang='lat' dir='ltr'><strong>hoc</strong></span> <span class='ocrx_word' id='word_1_271' title='bbox 773 1809 933 1844; x_wconf 84' lang='lat' dir='ltr'><strong>edictum·</strong></span> <span class='ocrx_word' id='word_1_272' title='bbox 961 1810 1134 1854; x_wconf 86' lang='lat' dir='ltr'><strong>scriptum</strong></span> <span class='ocrx_word' id='word_1_273' title='bbox 1166 1813 1230 1852; x_wconf 90' lang='lat' dir='ltr'><strong>est,</strong></span> 
     </span>
     <span class='ocr_line' id='line_1_39' title="bbox 145 1853 1232 1890; baseline 0.001 -2"><span class='ocrx_word' id='word_1_274' title='bbox 145 1853 208 1888; x_wconf 90' lang='lat' dir='ltr'><strong>sed</strong></span> <span class='ocrx_word' id='word_1_275' title='bbox 231 1853 269 1888; x_wconf 91' lang='lat' dir='ltr'><strong>in</strong></span> <span class='ocrx_word' id='word_1_276' title='bbox 292 1862 383 1888; x_wconf 90' lang='lat' dir='ltr'><strong>rem:</strong></span> <span class='ocrx_word' id='word_1_277' title='bbox 416 1857 451 1888; x_wconf 89' lang='lat' dir='ltr'><strong>et</strong></span> <span class='ocrx_word' id='word_1_278' title='bbox 482 1857 588 1889; x_wconf 90' lang='lat' dir='ltr'><strong>‘recte</strong></span> <span class='ocrx_word' id='word_1_279' title='bbox 620 1853 840 1889; x_wconf 90' lang='lat' dir='ltr'><strong>defendetur&#39;</strong></span> <span class='ocrx_word' id='word_1_280' title='bbox 873 1855 942 1890; x_wconf 92' lang='lat' dir='ltr'><strong>hoc</strong></span> <span class='ocrx_word' id='word_1_281' title='bbox 974 1858 1029 1890; x_wconf 91' lang='lat' dir='ltr'><strong>est</strong></span> <span class='ocrx_word' id='word_1_282' title='bbox 1057 1855 1113 1889; x_wconf 89' lang='lat' dir='ltr'><strong>vel</strong></span> <span class='ocrx_word' id='word_1_283' title='bbox 1142 1864 1164 1889; x_wconf 89' lang='lat' dir='ltr'><strong>a</strong></span> <span class='ocrx_word' id='word_1_284' title='bbox 1193 1864 1232 1889; x_wconf 91' lang='lat' dir='ltr'><strong>se</strong></span> 
     </span>
     <span class='ocr_line' id='line_1_40' title="bbox 144 1898 1233 1943; baseline 0.001 -11"><span class='ocrx_word' id='word_1_285' title='bbox 144 1898 199 1933; x_wconf 91' lang='lat' dir='ltr'><strong>vel</strong></span> <span class='ocrx_word' id='word_1_286' title='bbox 222 1898 267 1933; x_wconf 83' lang='lat' dir='ltr'><strong>ab</strong></span> <span class='ocrx_word' id='word_1_287' title='bbox 292 1898 362 1933; x_wconf 90' lang='lat' dir='ltr'><strong>alio</strong></span> <span class='ocrx_word' id='word_1_288' title='bbox 387 1909 621 1943; x_wconf 90' lang='lat' dir='ltr'><strong>quocumque.</strong></span> <span class='ocrx_word' id='word_1_289' title='bbox 670 1899 734 1934; x_wconf 89' lang='lat' dir='ltr'><strong>sed</strong></span> <span class='ocrx_word' id='word_1_290' title='bbox 764 1900 793 1934; x_wconf 89' lang='lat' dir='ltr'><strong>si</strong></span> <span class='ocrx_word' id='word_1_291' title='bbox 823 1899 915 1935; x_wconf 86' lang='lat' dir='ltr'><strong>alius</strong></span> <span class='ocrx_word' id='word_1_292' title='bbox 946 1899 1133 1942; x_wconf 87' lang='lat' dir='ltr'><strong>defendat,</strong></span> <span class='ocrx_word' id='word_1_293' title='bbox 1165 1899 1233 1934; x_wconf 91' lang='lat' dir='ltr'><strong>erit</strong></span> 
     </span>
     <span class='ocr_line' id='line_1_41' title="bbox 145 1943 1231 1997; baseline 0.002 -19"><span class='ocrx_word' id='word_1_294' title='bbox 145 1943 349 1978; x_wconf 87' lang='lat' dir='ltr'><strong>necessaria</strong></span> <span class='ocrx_word' id='word_1_295' title='bbox 373 1943 577 1987; x_wconf 87' lang='lat' dir='ltr'><strong>satisdatio,</strong></span> <span class='ocrx_word' id='word_1_296' title='bbox 612 1944 642 1979; x_wconf 91' lang='lat' dir='ltr'><strong>si</strong></span> <span class='ocrx_word' id='word_1_297' title='bbox 665 1944 760 1988; x_wconf 90' lang='lat' dir='ltr'><strong>ipse,</strong></span> <span class='ocrx_word' id='word_1_298' title='bbox 784 1955 858 1980; x_wconf 92' lang='lat' dir='ltr'><strong>non</strong></span> <span class='ocrx_word' id='word_1_299' title='bbox 881 1948 968 1989; x_wconf 91' lang='lat' dir='ltr'><strong>puto</strong></span> <span class='ocrx_word' id='word_1_300' title='bbox 992 1945 1231 1997; x_wconf 51' lang='lat' dir='ltr'><strong>nqessariam</strong></span> 
     </span>
     <span class='ocr_line' id='line_1_42' title="bbox 145 1988 1232 2035; baseline 0.003 -13"><span class='ocrx_word' id='word_1_301' title='bbox 145 1988 425 2024; x_wconf 85' lang='lat' dir='ltr'><strong>satisdationem.</strong></span> <span class='ocrx_word' id='word_1_302' title='bbox 474 1999 556 2033; x_wconf 88' lang='lat' dir='ltr'><strong>ergo</strong></span> <span class='ocrx_word' id='word_1_303' title='bbox 588 1989 711 2024; x_wconf 89' lang='lat' dir='ltr'><strong>oblata</strong></span> <span class='ocrx_word' id='word_1_304' title='bbox 744 1989 950 2025; x_wconf 89' lang='lat' dir='ltr'><strong>defensione</strong></span> <span class='ocrx_word' id='word_1_305' title='bbox 979 1990 1070 2025; x_wconf 83' lang='lat' dir='ltr'><strong>delei</strong></span> <span class='ocrx_word' id='word_1_306' title='bbox 1099 1990 1232 2035; x_wconf 91' lang='lat' dir='ltr'><strong>poterit</strong></span> 
     </span>
     <span class='ocr_line' id='line_1_43' title="bbox 144 2033 506 2069; baseline 0 -1"><span class='ocrx_word' id='word_1_307' title='bbox 144 2033 332 2068; x_wconf 89' lang='lat' dir='ltr'><strong>interdicto</strong></span> <span class='ocrx_word' id='word_1_308' title='bbox 357 2034 506 2069; x_wconf 89' lang='lat' dir='ltr'><strong>reddito.</strong></span> 
     </span>
    </p>

    <p class='ocr_par' dir='ltr' id='par_1_7' title="bbox 144 2076 1231 2530">
     <span class='ocr_line' id='line_1_44' title="bbox 191 2076 1231 2133; baseline 0.001 -18"><span class='ocrx_word' id='word_1_309' title='bbox 191 2076 215 2115; x_wconf 88' lang='grc'>6</span> <span class='ocrx_word' id='word_1_310' title='bbox 241 2078 399 2114; x_wconf 58' lang='grc' dir='ltr'><strong>131401υο</strong></span> <span class='ocrx_word' id='word_1_311' title='bbox 427 2079 517 2114; x_wconf 72' lang='lat' dir='ltr'><strong>libro</strong></span> <span class='ocrx_word' id='word_1_312' title='bbox 541 2081 866 2133; x_wconf 68' lang='lat' dir='ltr'><strong>quirzquaqensimo</strong></span> <span class='ocrx_word' id='word_1_313' title='bbox 891 2081 1039 2126; x_wconf 76' lang='lat' dir='ltr'><strong>septimo</strong></span> <span class='ocrx_word' id='word_1_314' title='bbox 1065 2080 1114 2115; x_wconf 81' lang='lat' dir='ltr'><strong>ad</strong></span> <span class='ocrx_word' id='word_1_315' title='bbox 1137 2080 1231 2116; x_wconf 76' lang='lat' dir='ltr'><strong>edic-</strong></span> 
     </span>
     <span class='ocr_line' id='line_1_45' title="bbox 146 2124 1230 2168; baseline 0.002 -10"><span class='ocrx_word' id='word_1_316' title='bbox 146 2128 219 2158; x_wconf 85' lang='lat' dir='ltr'><strong>tum</strong></span> <span class='ocrx_word' id='word_1_317' title='bbox 265 2124 308 2158; x_wconf 92' lang='lat' dir='ltr'><strong>In</strong></span> <span class='ocrx_word' id='word_1_318' title='bbox 339 2125 600 2168; x_wconf 91' lang='lat' dir='ltr'><strong>possessionem</strong></span> <span class='ocrx_word' id='word_1_319' title='bbox 628 2125 722 2160; x_wconf 79' lang='lat' dir='ltr'><strong>mitti</strong></span> <span class='ocrx_word' id='word_1_320' title='bbox 752 2126 844 2161; x_wconf 90' lang='lat' dir='ltr'><strong>solet</strong></span> <span class='ocrx_word' id='word_1_321' title='bbox 873 2125 1028 2161; x_wconf 90' lang='lat' dir='ltr'><strong>creditor</strong></span> <span class='ocrx_word' id='word_1_322' title='bbox 1051 2129 1086 2161; x_wconf 93' lang='lat' dir='ltr'><strong>et</strong></span> <span class='ocrx_word' id='word_1_323' title='bbox 1109 2125 1140 2160; x_wconf 88' lang='lat' dir='ltr'><strong>si</strong></span> <span class='ocrx_word' id='word_1_324' title='bbox 1163 2125 1230 2161; x_wconf 90' lang='lat' dir='ltr'><strong>sub</strong></span> 
     </span>
     <span class='ocr_line' id='line_1_46' title="bbox 148 2168 1230 2216; baseline 0.002 -13"><span class='ocrx_word' id='word_1_325' title='bbox 148 2173 161 2203; x_wconf 93' lang='lat'>1</span> <span class='ocrx_word' id='word_1_326' title='bbox 214 2168 422 2204; x_wconf 90' lang='lat' dir='ltr'><strong>condicione</strong></span> <span class='ocrx_word' id='word_1_327' title='bbox 447 2170 480 2204; x_wconf 92' lang='lat' dir='ltr'><strong>ei</strong></span> <span class='ocrx_word' id='word_1_328' title='bbox 502 2171 656 2214; x_wconf 90' lang='lat' dir='ltr'><strong>pecunia</strong></span> <span class='ocrx_word' id='word_1_329' title='bbox 679 2171 855 2216; x_wconf 90' lang='lat' dir='ltr'><strong>promissa</strong></span> <span class='ocrx_word' id='word_1_330' title='bbox 879 2170 935 2206; x_wconf 90' lang='lat' dir='ltr'><strong>sit.</strong></span> <span class='ocrx_word' id='word_1_331' title='bbox 971 2170 1060 2206; x_wconf 87' lang='lat' dir='ltr'><strong>Cum</strong></span> <span class='ocrx_word' id='word_1_332' title='bbox 1080 2170 1230 2206; x_wconf 90' lang='lat' dir='ltr'><strong>dicitur:</strong></span> 
     </span>
     <span class='ocr_line' id='line_1_47' title="bbox 146 2214 1230 2260; baseline 0.002 -11"><span class='ocrx_word' id='word_1_333' title='bbox 146 2218 193 2249; x_wconf 90' lang='lat' dir='ltr'><strong>‘et</strong></span> <span class='ocrx_word' id='word_1_334' title='bbox 224 2214 320 2256; x_wconf 90' lang='lat' dir='ltr'><strong>eius,</strong></span> <span class='ocrx_word' id='word_1_335' title='bbox 361 2215 462 2250; x_wconf 92' lang='lat' dir='ltr'><strong>cuius</strong></span> <span class='ocrx_word' id='word_1_336' title='bbox 492 2215 586 2250; x_wconf 90' lang='lat' dir='ltr'><strong>bona</strong></span> <span class='ocrx_word' id='word_1_337' title='bbox 618 2226 786 2260; x_wconf 86' lang='lat' dir='ltr'><strong>possessa</strong></span> <span class='ocrx_word' id='word_1_338' title='bbox 816 2220 901 2252; x_wconf 86' lang='lat' dir='ltr'><strong>sunt</strong></span> <span class='ocrx_word' id='word_1_339' title='bbox 929 2227 952 2251; x_wconf 91' lang='lat' dir='ltr'><strong>a</strong></span> <span class='ocrx_word' id='word_1_340' title='bbox 983 2216 1230 2259; x_wconf 89' lang='lat' dir='ltr'><strong>creditoribus,</strong></span> 
     </span>
     <span class='ocr_line' id='line_1_48' title="bbox 146 2261 1230 2307; baseline 0.004 -14"><span class='ocrx_word' id='word_1_341' title='bbox 146 2263 325 2302; x_wconf 89' lang='lat' dir='ltr'><strong>‘veneant,</strong></span> <span class='ocrx_word' id='word_1_342' title='bbox 350 2264 600 2304; x_wconf 89' lang='lat' dir='ltr'><strong>praeterquam</strong></span> <span class='ocrx_word' id='word_1_343' title='bbox 624 2261 750 2306; x_wconf 89' lang='lat' dir='ltr'><strong>pupilli</strong></span> <span class='ocrx_word' id='word_1_344' title='bbox 773 2266 810 2297; x_wconf 91' lang='lat' dir='ltr'><strong>et</strong></span> <span class='ocrx_word' id='word_1_345' title='bbox 833 2262 927 2305; x_wconf 88' lang='lat' dir='ltr'><strong>eius,</strong></span> <span class='ocrx_word' id='word_1_346' title='bbox 976 2262 1014 2297; x_wconf 92' lang='lat' dir='ltr'><strong>ui</strong></span> <span class='ocrx_word' id='word_1_347' title='bbox 1036 2262 1090 2297; x_wconf 93' lang='lat' dir='ltr'><strong>rei</strong></span> <span class='ocrx_word' id='word_1_348' title='bbox 1112 2262 1230 2307; x_wconf 91' lang='lat' dir='ltr'><strong>publi-</strong></span> 
     </span>
     <span class='ocr_line' id='line_1_49' title="bbox 147 2273 1230 2360; baseline 0.004 -22"><span class='ocrx_word' id='word_1_349' title='bbox 147 2307 222 2339; x_wconf 89' lang='lat' dir='ltr'><strong>‘cae</strong></span> <span class='ocrx_word' id='word_1_350' title='bbox 255 2315 365 2339; x_wconf 89' lang='lat' dir='ltr'><strong>causa</strong></span> <span class='ocrx_word' id='word_1_351' title='bbox 393 2305 470 2340; x_wconf 90' lang='lat' dir='ltr'><strong>sine</strong></span> <span class='ocrx_word' id='word_1_352' title='bbox 501 2305 582 2341; x_wconf 91' lang='lat' dir='ltr'><strong>dolo</strong></span> <span class='ocrx_word' id='word_1_353' title='bbox 612 2308 706 2342; x_wconf 92' lang='lat' dir='ltr'><strong>malo</strong></span> <span class='ocrx_word' id='word_1_354' title='bbox 739 2306 851 2351; x_wconf 88' lang='lat' dir='ltr'><strong>afuit&#39;,</strong></span> <span class='ocrx_word' id='word_1_355' title='bbox 882 2273 1118 2360; x_wconf 52' lang='lat' dir='ltr'><strong>inteffiegimus</strong></span> <span class='ocrx_word' id='word_1_356' title='bbox 1143 2307 1230 2350; x_wconf 89' lang='lat' dir='ltr'><strong>eius,</strong></span> 
     </span>
     <span class='ocr_line' id='line_1_50' title="bbox 146 2349 1229 2397; baseline 0.003 -13"><span class='ocrx_word' id='word_1_357' title='bbox 146 2353 165 2384; x_wconf 85' lang='lat'>2</span> <span class='ocrx_word' id='word_1_358' title='bbox 215 2349 275 2394; x_wconf 87' lang='lat' dir='ltr'><strong>qui</strong></span> <span class='ocrx_word' id='word_1_359' title='bbox 299 2349 381 2385; x_wconf 92' lang='lat' dir='ltr'><strong>dolo</strong></span> <span class='ocrx_word' id='word_1_360' title='bbox 404 2350 500 2386; x_wconf 90' lang='lat' dir='ltr'><strong>malo</strong></span> <span class='ocrx_word' id='word_1_361' title='bbox 525 2350 666 2393; x_wconf 88' lang='lat' dir='ltr'><strong>afuerit,</strong></span> <span class='ocrx_word' id='word_1_362' title='bbox 690 2362 798 2397; x_wconf 83' lang='lat' dir='ltr'><strong>posse</strong></span> <span class='ocrx_word' id='word_1_363' title='bbox 821 2353 950 2388; x_wconf 90' lang='lat' dir='ltr'><strong>venire.</strong></span> <span class='ocrx_word' id='word_1_364' title='bbox 987 2352 1027 2388; x_wconf 72' lang='lat' dir='ltr'><strong>Si</strong></span> <span class='ocrx_word' id='word_1_365' title='bbox 1048 2353 1094 2387; x_wconf 85' lang='lat' dir='ltr'><strong>ab</strong></span> <span class='ocrx_word' id='word_1_366' title='bbox 1118 2353 1229 2388; x_wconf 92' lang='lat' dir='ltr'><strong>hosti-</strong></span> 
     </span>
     <span class='ocr_line' id='line_1_51' title="bbox 144 2395 1231 2443; baseline 0.003 -14"><span class='ocrx_word' id='word_1_367' title='bbox 144 2395 210 2429; x_wconf 89' lang='lat' dir='ltr'><strong>bus</strong></span> <span class='ocrx_word' id='word_1_368' title='bbox 242 2395 320 2439; x_wconf 89' lang='lat' dir='ltr'><strong>quis</strong></span> <span class='ocrx_word' id='word_1_369' title='bbox 345 2400 472 2441; x_wconf 89' lang='lat' dir='ltr'><strong>captus</strong></span> <span class='ocrx_word' id='word_1_370' title='bbox 496 2397 558 2438; x_wconf 91' lang='lat' dir='ltr'><strong>sit,</strong></span> <span class='ocrx_word' id='word_1_371' title='bbox 592 2397 786 2433; x_wconf 87' lang='lat' dir='ltr'><strong>creditores</strong></span> <span class='ocrx_word' id='word_1_372' title='bbox 810 2398 886 2433; x_wconf 90' lang='lat' dir='ltr'><strong>eius</strong></span> <span class='ocrx_word' id='word_1_373' title='bbox 909 2397 947 2432; x_wconf 92' lang='lat' dir='ltr'><strong>in</strong></span> <span class='ocrx_word' id='word_1_374' title='bbox 969 2397 1231 2443; x_wconf 88' lang='lat' dir='ltr'><strong>possessionem</strong></span> 
     </span>
     <span class='ocr_line' id='line_1_52' title="bbox 145 2440 1229 2484; baseline 0.004 -10"><span class='ocrx_word' id='word_1_375' title='bbox 145 2440 307 2475; x_wconf 89' lang='lat' dir='ltr'><strong>mittendi</strong></span> <span class='ocrx_word' id='word_1_376' title='bbox 329 2445 430 2484; x_wconf 90' lang='lat' dir='ltr'><strong>sunt,</strong></span> <span class='ocrx_word' id='word_1_377' title='bbox 463 2444 504 2475; x_wconf 92' lang='lat' dir='ltr'><strong>ut</strong></span> <span class='ocrx_word' id='word_1_378' title='bbox 534 2445 654 2477; x_wconf 89' lang='lat' dir='ltr'><strong>tamen</strong></span> <span class='ocrx_word' id='word_1_379' title='bbox 683 2453 756 2478; x_wconf 93' lang='lat' dir='ltr'><strong>non</strong></span> <span class='ocrx_word' id='word_1_380' title='bbox 787 2443 909 2478; x_wconf 88' lang='lat' dir='ltr'><strong>statim</strong></span> <span class='ocrx_word' id='word_1_381' title='bbox 939 2443 1116 2478; x_wconf 88' lang='lat' dir='ltr'><strong>bonorum</strong></span> <span class='ocrx_word' id='word_1_382' title='bbox 1145 2453 1229 2478; x_wconf 87' lang='lat' dir='ltr'><strong>ven-</strong></span> 
     </span>
     <span class='ocr_line' id='line_1_53' title="bbox 145 2485 1177 2530; baseline 0.003 -11"><span class='ocrx_word' id='word_1_383' title='bbox 145 2485 229 2520; x_wconf 90' lang='lat' dir='ltr'><strong>ditio</strong></span> <span class='ocrx_word' id='word_1_384' title='bbox 253 2486 491 2530; x_wconf 89' lang='lat' dir='ltr'><strong>permittatur,</strong></span> <span class='ocrx_word' id='word_1_385' title='bbox 515 2487 579 2522; x_wconf 91' lang='lat' dir='ltr'><strong>sed</strong></span> <span class='ocrx_word' id='word_1_386' title='bbox 602 2487 742 2523; x_wconf 88' lang='lat' dir='ltr'><strong>interim</strong></span> <span class='ocrx_word' id='word_1_387' title='bbox 765 2488 871 2524; x_wconf 89' lang='lat' dir='ltr'><strong>bonis</strong></span> <span class='ocrx_word' id='word_1_388' title='bbox 895 2492 1040 2524; x_wconf 88' lang='lat' dir='ltr'><strong>curator</strong></span> <span class='ocrx_word' id='word_1_389' title='bbox 1063 2488 1177 2524; x_wconf 90' lang='lat' dir='ltr'><strong>detur.</strong></span> 
     </span>
    </p>

    <p class='ocr_par' dir='ltr' id='par_1_8' title="bbox 145 2528 1230 3609">
     <span class='ocr_line' id='line_1_54' title="bbox 191 2528 1229 2584; baseline 0.004 -19"><span class='ocrx_word' id='word_1_390' title='bbox 191 2528 214 2566; x_wconf 89' lang='lat'><strong>7</strong></span> <span class='ocrx_word' id='word_1_391' title='bbox 247 2530 440 2566; x_wconf 77' lang='lat' dir='ltr'><em>ULPIANUS</em></span> <span class='ocrx_word' id='word_1_392' title='bbox 470 2531 561 2567; x_wconf 78' lang='lat' dir='ltr'><strong>libro</strong></span> <span class='ocrx_word' id='word_1_393' title='bbox 586 2534 910 2584; x_wconf 60' lang='lat' dir='ltr'><strong>quinquagensimo</strong></span> <span class='ocrx_word' id='word_1_394' title='bbox 934 2544 1029 2569; x_wconf 80' lang='lat' dir='ltr'><strong>nono</strong></span> <span class='ocrx_word' id='word_1_395' title='bbox 1058 2534 1108 2569; x_wconf 80' lang='lat' dir='ltr'><strong>ad</strong></span> <span class='ocrx_word' id='word_1_396' title='bbox 1136 2534 1229 2569; x_wconf 79' lang='lat' dir='ltr'><strong>edic-</strong></span> 
     </span>
     <span class='ocr_line' id='line_1_55' title="bbox 146 2575 1229 2614; baseline 0.004 -4"><span class='ocrx_word' id='word_1_397' title='bbox 146 2581 219 2610; x_wconf 74' lang='lat' dir='ltr'><strong>tam</strong></span> <span class='ocrx_word' id='word_1_398' title='bbox 272 2575 458 2612; x_wconf 86' lang='lat' dir='ltr'><strong>Fulcinius</strong></span> <span class='ocrx_word' id='word_1_399' title='bbox 495 2577 673 2612; x_wconf 79' lang='lat' dir='ltr'><strong>existimat</strong></span> <span class='ocrx_word' id='word_1_400' title='bbox 711 2578 904 2614; x_wconf 89' lang='lat' dir='ltr'><strong>creditores</strong></span> <span class='ocrx_word' id='word_1_401' title='bbox 941 2579 994 2614; x_wconf 92' lang='lat' dir='ltr'><strong>rei</strong></span> <span class='ocrx_word' id='word_1_402' title='bbox 1032 2579 1229 2614; x_wconf 86' lang='lat' dir='ltr'><strong>servandae</strong></span> 
     </span>
     <span class='ocr_line' id='line_1_56' title="bbox 146 2621 1230 2666; baseline 0.004 -11"><span class='ocrx_word' id='word_1_403' title='bbox 146 2631 256 2656; x_wconf 89' lang='lat' dir='ltr'><strong>causa</strong></span> <span class='ocrx_word' id='word_1_404' title='bbox 285 2621 414 2657; x_wconf 89' lang='lat' dir='ltr'><strong>missos</strong></span> <span class='ocrx_word' id='word_1_405' title='bbox 444 2622 482 2656; x_wconf 93' lang='lat' dir='ltr'><strong>in</strong></span> <span class='ocrx_word' id='word_1_406' title='bbox 514 2623 775 2666; x_wconf 89' lang='lat' dir='ltr'><strong>possessionem</strong></span> <span class='ocrx_word' id='word_1_407' title='bbox 807 2633 851 2659; x_wconf 84' lang='lat' dir='ltr'><strong>ex</strong></span> <span class='ocrx_word' id='word_1_408' title='bbox 873 2623 930 2659; x_wconf 91' lang='lat' dir='ltr'><strong>his</strong></span> <span class='ocrx_word' id='word_1_409' title='bbox 953 2624 1062 2659; x_wconf 88' lang='lat' dir='ltr'><strong>rebus</strong></span> <span class='ocrx_word' id='word_1_410' title='bbox 1086 2624 1134 2659; x_wconf 89' lang='lat' dir='ltr'><strong>ali</strong></span> <span class='ocrx_word' id='word_1_411' title='bbox 1158 2635 1230 2659; x_wconf 91' lang='grc'><strong>11011</strong></span> 
     </span>
     <span class='ocr_line' id='line_1_57' title="bbox 149 2666 1229 2712; baseline 0.004 -12"><span class='ocrx_word' id='word_1_412' title='bbox 149 2669 161 2700; x_wconf 85' lang='grc'><strong>1</strong></span> <span class='ocrx_word' id='word_1_413' title='bbox 212 2666 352 2701; x_wconf 88' lang='grc'><strong>(1011010.</strong></span> <span class='ocrx_word' id='word_1_414' title='bbox 389 2666 542 2702; x_wconf 88' lang='lat' dir='ltr'><strong>Praetor</strong></span> <span class='ocrx_word' id='word_1_415' title='bbox 560 2668 628 2702; x_wconf 88' lang='lat' dir='ltr'><strong>ait:</strong></span> <span class='ocrx_word' id='word_1_416' title='bbox 655 2667 734 2712; x_wconf 80' lang='lat' dir='ltr'><strong>‘Qui</strong></span> <span class='ocrx_word' id='word_1_417' title='bbox 758 2668 994 2704; x_wconf 87' lang='lat' dir='ltr'><strong>fraudationis</strong></span> <span class='ocrx_word' id='word_1_418' title='bbox 1019 2679 1130 2705; x_wconf 91' lang='lat' dir='ltr'><strong>causa</strong></span> <span class='ocrx_word' id='word_1_419' title='bbox 1148 2669 1229 2704; x_wconf 88' lang='lat' dir='ltr'><strong>lati-</strong></span> 
     </span>
     <span class='ocr_line' id='line_1_58' title="bbox 146 2711 1228 2757; baseline 0.004 -12"><span class='ocrx_word' id='word_1_420' title='bbox 146 2711 264 2753; x_wconf 88' lang='lat' dir='ltr'><strong>‘tabit,</strong></span> <span class='ocrx_word' id='word_1_421' title='bbox 304 2712 336 2746; x_wconf 88' lang='lat' dir='ltr'><strong>si</strong></span> <span class='ocrx_word' id='word_1_422' title='bbox 365 2712 451 2746; x_wconf 90' lang='lat' dir='ltr'><strong>boni</strong></span> <span class='ocrx_word' id='word_1_423' title='bbox 481 2711 547 2747; x_wconf 90' lang='lat' dir='ltr'><strong>viri</strong></span> <span class='ocrx_word' id='word_1_424' title='bbox 578 2713 753 2748; x_wconf 90' lang='lat' dir='ltr'><strong>arbitratu</strong></span> <span class='ocrx_word' id='word_1_425' title='bbox 784 2724 858 2749; x_wconf 89' lang='lat' dir='ltr'><strong>non</strong></span> <span class='ocrx_word' id='word_1_426' title='bbox 889 2713 1117 2757; x_wconf 90' lang='lat' dir='ltr'><strong>defendetur,</strong></span> <span class='ocrx_word' id='word_1_427' title='bbox 1154 2715 1228 2750; x_wconf 86' lang='lat' dir='ltr'><strong>eius</strong></span> 
     </span>
     <span class='ocr_line' id='line_1_59' title="bbox 146 2756 1227 2802; baseline 0.005 -12"><span class='ocrx_word' id='word_1_428' title='bbox 146 2759 164 2789; x_wconf 80' lang='lat'>2</span> <span class='ocrx_word' id='word_1_429' title='bbox 214 2756 321 2791; x_wconf 85' lang='lat' dir='ltr'><strong>‘bona</strong></span> <span class='ocrx_word' id='word_1_430' title='bbox 335 2756 511 2801; x_wconf 89' lang='lat' dir='ltr'><strong>possideri</strong></span> <span class='ocrx_word' id='word_1_431' title='bbox 526 2757 700 2802; x_wconf 90' lang='lat' dir='ltr'><strong>vendique</strong></span> <span class='ocrx_word' id='word_1_432' title='bbox 715 2758 872 2794; x_wconf 91' lang='lat' dir='ltr'><strong>iubebo&#39;.</strong></span> <span class='ocrx_word' id='word_1_433' title='bbox 908 2759 1020 2794; x_wconf 71' lang='grc' dir='ltr'><strong>(311111θ</strong></span> <span class='ocrx_word' id='word_1_434' title='bbox 1042 2759 1113 2795; x_wconf 90' lang='grc'><strong>1100</strong></span> <span class='ocrx_word' id='word_1_435' title='bbox 1133 2759 1227 2795; x_wconf 90' lang='lat' dir='ltr'><strong>edic-</strong></span> 
     </span>
     <span class='ocr_line' id='line_1_60' title="bbox 146 2801 1226 2847; baseline 0.006 -13"><span class='ocrx_word' id='word_1_436' title='bbox 146 2807 223 2835; x_wconf 88' lang='lat' dir='ltr'><strong>tum</strong></span> <span class='ocrx_word' id='word_1_437' title='bbox 244 2801 364 2836; x_wconf 91' lang='lat' dir='ltr'><strong>locum</strong></span> <span class='ocrx_word' id='word_1_438' title='bbox 387 2802 537 2844; x_wconf 89' lang='lat' dir='ltr'><strong>habeat,</strong></span> <span class='ocrx_word' id='word_1_439' title='bbox 569 2813 642 2838; x_wconf 89' lang='grc'><strong>11011</strong></span> <span class='ocrx_word' id='word_1_440' title='bbox 664 2803 799 2838; x_wconf 86' lang='lat' dir='ltr'><strong>sufficit</strong></span> <span class='ocrx_word' id='word_1_441' title='bbox 821 2804 981 2847; x_wconf 90' lang='lat' dir='ltr'><strong>latitare,</strong></span> <span class='ocrx_word' id='word_1_442' title='bbox 1013 2804 1078 2839; x_wconf 90' lang='lat' dir='ltr'><strong>sed</strong></span> <span class='ocrx_word' id='word_1_443' title='bbox 1108 2808 1144 2839; x_wconf 92' lang='lat' dir='ltr'><strong>et</strong></span> <span class='ocrx_word' id='word_1_444' title='bbox 1166 2815 1226 2840; x_wconf 91' lang='lat' dir='ltr'><strong>ne-</strong></span> 
     </span>
     <span class='ocr_line' id='line_1_61' title="bbox 146 2845 1226 2894; baseline 0.005 -14"><span class='ocrx_word' id='word_1_445' title='bbox 146 2856 245 2881; x_wconf 89' lang='lat' dir='ltr'><strong>cesse</strong></span> <span class='ocrx_word' id='word_1_446' title='bbox 260 2849 316 2881; x_wconf 87' lang='lat' dir='ltr'><strong>est</strong></span> <span class='ocrx_word' id='word_1_447' title='bbox 331 2845 567 2882; x_wconf 88' lang='lat' dir='ltr'><strong>fraudationis</strong></span> <span class='ocrx_word' id='word_1_448' title='bbox 583 2858 694 2883; x_wconf 89' lang='grc'><strong>001100</strong></span> <span class='ocrx_word' id='word_1_449' title='bbox 708 2848 747 2883; x_wconf 90' lang='lat' dir='ltr'><strong>id</strong></span> <span class='ocrx_word' id='word_1_450' title='bbox 765 2849 858 2885; x_wconf 85' lang='lat' dir='ltr'><strong>fieri:</strong></span> <span class='ocrx_word' id='word_1_451' title='bbox 882 2859 997 2894; x_wconf 92' lang='lat' dir='ltr'><strong>neque</strong></span> <span class='ocrx_word' id='word_1_452' title='bbox 1015 2849 1111 2894; x_wconf 87' lang='lat' dir='ltr'><strong>quod</strong></span> <span class='ocrx_word' id='word_1_453' title='bbox 1130 2849 1226 2885; x_wconf 90' lang='lat' dir='ltr'><strong>frau-</strong></span> 
     </span>
     <span class='ocr_line' id='line_1_62' title="bbox 146 2890 1227 2940; baseline 0.006 -16"><span class='ocrx_word' id='word_1_454' title='bbox 146 2890 299 2926; x_wconf 83' lang='lat' dir='ltr'><strong>dationis</strong></span> <span class='ocrx_word' id='word_1_455' title='bbox 325 2901 435 2926; x_wconf 87' lang='lat' dir='ltr'><strong>causa</strong></span> <span class='ocrx_word' id='word_1_456' title='bbox 458 2892 535 2927; x_wconf 90' lang='lat' dir='ltr'><strong>sine</strong></span> <span class='ocrx_word' id='word_1_457' title='bbox 557 2892 756 2929; x_wconf 86' lang='lat' dir='ltr'><strong>latitatione</strong></span> <span class='ocrx_word' id='word_1_458' title='bbox 778 2894 835 2938; x_wconf 88' lang='lat' dir='ltr'><strong>fit,</strong></span> <span class='ocrx_word' id='word_1_459' title='bbox 868 2894 955 2930; x_wconf 89' lang='lat' dir='ltr'><strong>satis</strong></span> <span class='ocrx_word' id='word_1_460' title='bbox 985 2899 1041 2930; x_wconf 89' lang='lat' dir='ltr'><strong>est</strong></span> <span class='ocrx_word' id='word_1_461' title='bbox 1069 2894 1116 2929; x_wconf 89' lang='lat' dir='ltr'><strong>ad</strong></span> <span class='ocrx_word' id='word_1_462' title='bbox 1143 2905 1227 2940; x_wconf 90' lang='lat' dir='ltr'><strong>pos-</strong></span> 
     </span>
     <span class='ocr_line' id='line_1_63' title="bbox 146 2936 1228 2984; baseline 0.006 -14"><span class='ocrx_word' id='word_1_463' title='bbox 146 2936 339 2971; x_wconf 88' lang='lat' dir='ltr'><strong>sessionem</strong></span> <span class='ocrx_word' id='word_1_464' title='bbox 369 2940 406 2972; x_wconf 91' lang='lat' dir='ltr'><strong>et</strong></span> <span class='ocrx_word' id='word_1_465' title='bbox 435 2936 689 2981; x_wconf 90' lang='lat' dir='ltr'><strong>venditionem,</strong></span> <span class='ocrx_word' id='word_1_466' title='bbox 725 2939 787 2974; x_wconf 91' lang='lat' dir='ltr'><strong>sed</strong></span> <span class='ocrx_word' id='word_1_467' title='bbox 820 2943 961 2984; x_wconf 87' lang='lat' dir='ltr'><strong>oportet</strong></span> <span class='ocrx_word' id='word_1_468' title='bbox 989 2939 1228 2979; x_wconf 87' lang='lat' dir='ltr'><strong>fraudationis</strong></span> 
     </span>
     <span class='ocr_line' id='line_1_64' title="bbox 146 2981 1226 3030; baseline 0.005 -15"><span class='ocrx_word' id='word_1_469' title='bbox 146 2991 256 3016; x_wconf 89' lang='lat' dir='ltr'><strong>causa</strong></span> <span class='ocrx_word' id='word_1_470' title='bbox 278 2981 431 3016; x_wconf 85' lang='lat' dir='ltr'><strong>latitare.</strong></span> <span class='ocrx_word' id='word_1_471' title='bbox 468 2985 505 3018; x_wconf 89' lang='lat' dir='ltr'><strong>et</strong></span> <span class='ocrx_word' id='word_1_472' title='bbox 528 2986 583 3018; x_wconf 88' lang='lat' dir='ltr'><strong>est</strong></span> <span class='ocrx_word' id='word_1_473' title='bbox 604 2982 893 3028; x_wconf 74' lang='lat' dir='ltr'><strong>ftequentissima</strong></span> <span class='ocrx_word' id='word_1_474' title='bbox 907 2985 998 3020; x_wconf 90' lang='lat' dir='ltr'><strong>haec</strong></span> <span class='ocrx_word' id='word_1_475' title='bbox 1017 2995 1127 3020; x_wconf 91' lang='lat' dir='ltr'><strong>causa</strong></span> <span class='ocrx_word' id='word_1_476' title='bbox 1143 2996 1226 3030; x_wconf 91' lang='lat' dir='ltr'><strong>pos-</strong></span> 
     </span>
     <span class='ocr_line' id='line_1_65' title="bbox 146 3026 1226 3075; baseline 0.005 -14"><span class='ocrx_word' id='word_1_477' title='bbox 146 3026 331 3063; x_wconf 86' lang='lat' dir='ltr'><strong>sessionis:</strong></span> <span class='ocrx_word' id='word_1_478' title='bbox 361 3037 443 3061; x_wconf 91' lang='lat' dir='ltr'><strong>nam</strong></span> <span class='ocrx_word' id='word_1_479' title='bbox 472 3027 510 3062; x_wconf 89' lang='lat' dir='ltr'><strong>in</strong></span> <span class='ocrx_word' id='word_1_480' title='bbox 538 3038 607 3063; x_wconf 92' lang='lat' dir='ltr'><strong>usu</strong></span> <span class='ocrx_word' id='word_1_481' title='bbox 629 3028 845 3064; x_wconf 86' lang='lat' dir='ltr'><strong>latitantium</strong></span> <span class='ocrx_word' id='word_1_482' title='bbox 868 3030 965 3065; x_wconf 90' lang='lat' dir='ltr'><strong>bona</strong></span> <span class='ocrx_word' id='word_1_483' title='bbox 986 3029 1226 3075; x_wconf 86' lang='lat' dir='ltr'><strong>possidentur.</strong></span> 
     </span>
     <span class='ocr_line' id='line_1_66' title="bbox 147 3070 1226 3120; baseline 0.006 -15"><span class='ocrx_word' id='word_1_484' title='bbox 147 3074 166 3105; x_wconf 91' lang='lat'><strong>3</strong></span> <span class='ocrx_word' id='word_1_485' title='bbox 215 3070 252 3106; x_wconf 88' lang='lat' dir='ltr'><strong>Si</strong></span> <span class='ocrx_word' id='word_1_486' title='bbox 283 3071 362 3116; x_wconf 89' lang='lat' dir='ltr'><strong>quis</strong></span> <span class='ocrx_word' id='word_1_487' title='bbox 390 3072 589 3117; x_wconf 86' lang='lat' dir='ltr'><strong>possederit</strong></span> <span class='ocrx_word' id='word_1_488' title='bbox 617 3073 713 3108; x_wconf 88' lang='lat' dir='ltr'><strong>bona</strong></span> <span class='ocrx_word' id='word_1_489' title='bbox 741 3074 891 3110; x_wconf 88' lang='lat' dir='ltr'><strong>alicuius</strong></span> <span class='ocrx_word' id='word_1_490' title='bbox 916 3076 1018 3120; x_wconf 91' lang='lat' dir='ltr'><strong>quasi</strong></span> <span class='ocrx_word' id='word_1_491' title='bbox 1040 3075 1226 3119; x_wconf 87' lang='lat' dir='ltr'><strong>latitantis,</strong></span> 
     </span>
     <span class='ocr_line' id='line_1_67' title="bbox 146 3115 1227 3164; baseline 0.006 -14"><span class='ocrx_word' id='word_1_492' title='bbox 146 3115 207 3159; x_wconf 88' lang='lat' dir='ltr'><strong>qui</strong></span> <span class='ocrx_word' id='word_1_493' title='bbox 221 3126 294 3151; x_wconf 91' lang='lat' dir='ltr'><strong>non</strong></span> <span class='ocrx_word' id='word_1_494' title='bbox 309 3116 486 3159; x_wconf 86' lang='lat' dir='ltr'><strong>latitabat,</strong></span> <span class='ocrx_word' id='word_1_495' title='bbox 511 3122 548 3153; x_wconf 90' lang='lat' dir='ltr'><strong>et</strong></span> <span class='ocrx_word' id='word_1_496' title='bbox 563 3118 769 3161; x_wconf 89' lang='lat' dir='ltr'><strong>vendiderit,</strong></span> <span class='ocrx_word' id='word_1_497' title='bbox 788 3130 1008 3164; x_wconf 90' lang='lat' dir='ltr'><strong>consequens</strong></span> <span class='ocrx_word' id='word_1_498' title='bbox 1025 3120 1093 3156; x_wconf 90' lang='lat' dir='ltr'><strong>erit</strong></span> <span class='ocrx_word' id='word_1_499' title='bbox 1110 3121 1227 3156; x_wconf 86' lang='lat' dir='ltr'><strong>dicere</strong></span> 
     </span>
     <span class='ocr_line' id='line_1_68' title="bbox 145 3161 1225 3201; baseline 0.006 -6"><span class='ocrx_word' id='word_1_500' title='bbox 145 3161 380 3196; x_wconf 89' lang='lat' dir='ltr'><strong>venditionem</strong></span> <span class='ocrx_word' id='word_1_501' title='bbox 402 3162 579 3198; x_wconf 90' lang='lat' dir='ltr'><strong>bonorum</strong></span> <span class='ocrx_word' id='word_1_502' title='bbox 602 3166 762 3199; x_wconf 88' lang='lat' dir='ltr'><strong>secutam</strong></span> <span class='ocrx_word' id='word_1_503' title='bbox 784 3164 916 3200; x_wconf 88' lang='lat' dir='ltr'><strong>nullius</strong></span> <span class='ocrx_word' id='word_1_504' title='bbox 944 3166 1112 3201; x_wconf 90' lang='lat' dir='ltr'><strong>momenti</strong></span> <span class='ocrx_word' id='word_1_505' title='bbox 1136 3175 1225 3201; x_wconf 89' lang='lat' dir='ltr'><strong>esse.</strong></span> 
     </span>
     <span class='ocr_line' id='line_1_69' title="bbox 147 3205 1228 3250; baseline 0.006 -11"><span class='ocrx_word' id='word_1_506' title='bbox 147 3209 166 3239; x_wconf 81' lang='grc'>4</span> <span class='ocrx_word' id='word_1_507' title='bbox 214 3205 306 3250; x_wconf 82' lang='lat' dir='ltr'><strong>Quid</strong></span> <span class='ocrx_word' id='word_1_508' title='bbox 337 3207 384 3242; x_wconf 89' lang='lat' dir='ltr'><strong>sit</strong></span> <span class='ocrx_word' id='word_1_509' title='bbox 415 3211 534 3243; x_wconf 91' lang='lat' dir='ltr'><strong>autem</strong></span> <span class='ocrx_word' id='word_1_510' title='bbox 563 3207 722 3250; x_wconf 90' lang='lat' dir='ltr'><strong>latitare,</strong></span> <span class='ocrx_word' id='word_1_511' title='bbox 759 3209 950 3245; x_wconf 82' lang='lat' dir='ltr'><strong>videamus.</strong></span> <span class='ocrx_word' id='word_1_512' title='bbox 997 3210 1140 3246; x_wconf 91' lang='lat' dir='ltr'><strong>latitare</strong></span> <span class='ocrx_word' id='word_1_513' title='bbox 1172 3214 1228 3246; x_wconf 89' lang='lat' dir='ltr'><strong>est</strong></span> 
     </span>
     <span class='ocr_line' id='line_1_70' title="bbox 146 3251 1227 3300; baseline 0.004 -15"><span class='ocrx_word' id='word_1_514' title='bbox 146 3260 227 3294; x_wconf 84' lang='lat' dir='ltr'><strong>non,</strong></span> <span class='ocrx_word' id='word_1_515' title='bbox 252 3255 292 3285; x_wconf 88' lang='lat' dir='ltr'><strong>ut</strong></span> <span class='ocrx_word' id='word_1_516' title='bbox 317 3251 465 3287; x_wconf 90' lang='lat' dir='ltr'><strong>Cicero⁷</strong></span> <span class='ocrx_word' id='word_1_517' title='bbox 490 3252 629 3295; x_wconf 84' lang='lat' dir='ltr'><strong>definit,</strong></span> <span class='ocrx_word' id='word_1_518' title='bbox 654 3253 769 3298; x_wconf 86' lang='lat' dir='ltr'><strong>turpis</strong></span> <span class='ocrx_word' id='word_1_519' title='bbox 793 3255 985 3291; x_wconf 87' lang='lat' dir='ltr'><strong>occultatio</strong></span> <span class='ocrx_word' id='word_1_520' title='bbox 1009 3255 1082 3290; x_wconf 90' lang='lat' dir='ltr'><strong>sui:</strong></span> <span class='ocrx_word' id='word_1_521' title='bbox 1107 3259 1227 3300; x_wconf 89' lang='lat' dir='ltr'><strong>potest</strong></span> 
     </span>
     <span class='ocr_line' id='line_1_71' title="bbox 146 3295 1227 3343; baseline 0.005 -13"><span class='ocrx_word' id='word_1_522' title='bbox 146 3295 238 3330; x_wconf 89' lang='lat' dir='ltr'><strong>euim</strong></span> <span class='ocrx_word' id='word_1_523' title='bbox 268 3297 346 3339; x_wconf 87' lang='lat' dir='ltr'><strong>quis</strong></span> <span class='ocrx_word' id='word_1_524' title='bbox 375 3297 517 3333; x_wconf 90' lang='lat' dir='ltr'><strong>latitare</strong></span> <span class='ocrx_word' id='word_1_525' title='bbox 549 3308 621 3332; x_wconf 90' lang='grc'><strong>11011</strong></span> <span class='ocrx_word' id='word_1_526' title='bbox 650 3297 748 3343; x_wconf 90' lang='lat' dir='ltr'><strong>turpi</strong></span> <span class='ocrx_word' id='word_1_527' title='bbox 778 3298 846 3333; x_wconf 86' lang='lat' dir='ltr'><strong>de⁸</strong></span> <span class='ocrx_word' id='word_1_528' title='bbox 875 3310 1002 3342; x_wconf 88' lang='lat' dir='ltr'><strong>causa,</strong></span> <span class='ocrx_word' id='word_1_529' title='bbox 1034 3300 1142 3335; x_wconf 84' lang='lat' dir='ltr'><strong>veluti</strong></span> <span class='ocrx_word' id='word_1_530' title='bbox 1189 3301 1227 3335; x_wconf 94' lang='lat' dir='ltr'><strong>ui</strong></span> 
     </span>
     <span class='ocr_line' id='line_1_72' title="bbox 146 3341 1224 3385; baseline 0.006 -10"><span class='ocrx_word' id='word_1_531' title='bbox 146 3342 286 3385; x_wconf 77' lang='lat' dir='ltr'><strong>tyranni</strong></span> <span class='ocrx_word' id='word_1_532' title='bbox 317 3341 563 3377; x_wconf 87' lang='lat' dir='ltr'><strong>crudelitatem</strong></span> <span class='ocrx_word' id='word_1_533' title='bbox 591 3342 692 3378; x_wconf 89' lang='lat' dir='ltr'><strong>timet</strong></span> <span class='ocrx_word' id='word_1_534' title='bbox 720 3346 784 3377; x_wconf 89' lang='lat' dir='ltr'><strong>aut</strong></span> <span class='ocrx_word' id='word_1_535' title='bbox 806 3343 876 3378; x_wconf 85' lang='lat' dir='ltr'><strong>vim</strong></span> <span class='ocrx_word' id='word_1_536' title='bbox 897 3345 1051 3380; x_wconf 86' lang='lat' dir='ltr'><strong>hostium</strong></span> <span class='ocrx_word' id='word_1_537' title='bbox 1075 3349 1138 3380; x_wconf 90' lang='lat' dir='ltr'><strong>aut</strong></span> <span class='ocrx_word' id='word_1_538' title='bbox 1186 3356 1224 3380; x_wconf 89' lang='lat' dir='ltr'><strong>o-</strong></span> 
     </span>
     <span class='ocr_line' id='line_1_73' title="bbox 146 3386 1224 3431; baseline 0.006 -12"><span class='ocrx_word' id='word_1_539' title='bbox 146 3388 166 3419; x_wconf 80' lang='grc'>5</span> <span class='ocrx_word' id='word_1_540' title='bbox 213 3386 379 3421; x_wconf 88' lang='lat' dir='ltr'><strong>mesticas</strong></span> <span class='ocrx_word' id='word_1_541' title='bbox 417 3387 621 3422; x_wconf 86' lang='lat' dir='ltr'><strong>seditiones.</strong></span> <span class='ocrx_word' id='word_1_542' title='bbox 677 3386 771 3423; x_wconf 83' lang='lat' dir='ltr'><strong>Sed⁹</strong></span> <span class='ocrx_word' id='word_1_543' title='bbox 808 3388 855 3431; x_wconf 85' lang='grc'><strong>10,</strong></span> <span class='ocrx_word' id='word_1_544' title='bbox 917 3389 955 3424; x_wconf 90' lang='grc'><strong>111</strong></span> <span class='ocrx_word' id='word_1_545' title='bbox 990 3389 1224 3426; x_wconf 87' lang='lat' dir='ltr'><strong>fraudationis</strong></span> 
     </span>
     <span class='ocr_line' id='line_1_74' title="bbox 146 3430 1226 3478; baseline 0.006 -14"><span class='ocrx_word' id='word_1_546' title='bbox 146 3440 257 3465; x_wconf 86' lang='lat' dir='ltr'><strong>causa</strong></span> <span class='ocrx_word' id='word_1_547' title='bbox 278 3430 403 3474; x_wconf 83' lang='lat' dir='ltr'><strong>latitet,</strong></span> <span class='ocrx_word' id='word_1_548' title='bbox 428 3443 500 3468; x_wconf 92' lang='lat' dir='ltr'><strong>non</strong></span> <span class='ocrx_word' id='word_1_549' title='bbox 519 3437 639 3468; x_wconf 90' lang='lat' dir='ltr'><strong>tamen</strong></span> <span class='ocrx_word' id='word_1_550' title='bbox 657 3436 806 3478; x_wconf 89' lang='lat' dir='ltr'><strong>propter</strong></span> <span class='ocrx_word' id='word_1_551' title='bbox 822 3443 882 3468; x_wconf 90' lang='lat' dir='ltr'><strong>cre</strong></span> <span class='ocrx_word' id='word_1_552' title='bbox 919 3437 1026 3477; x_wconf 88' lang='lat' dir='ltr'><strong>tores,</strong></span> <span class='ocrx_word' id='word_1_553' title='bbox 1052 3434 1119 3470; x_wconf 87' lang='lat' dir='ltr'><strong>etsi</strong></span> <span class='ocrx_word' id='word_1_554' title='bbox 1135 3435 1226 3470; x_wconf 90' lang='lat' dir='ltr'><strong>haec</strong></span> 
     </span>
     <span class='ocr_line' id='line_1_75' title="bbox 145 3474 1223 3522; baseline 0.005 -13"><span class='ocrx_word' id='word_1_555' title='bbox 145 3474 297 3510; x_wconf 89' lang='lat' dir='ltr'><strong>latitatio</strong></span> <span class='ocrx_word' id='word_1_556' title='bbox 322 3475 515 3512; x_wconf 87' lang='lat' dir='ltr'><strong>creditores</strong></span> <span class='ocrx_word' id='word_1_557' title='bbox 538 3477 696 3521; x_wconf 86' lang='lat' dir='ltr'><strong>fraudet,</strong></span> <span class='ocrx_word' id='word_1_558' title='bbox 725 3478 762 3512; x_wconf 93' lang='lat' dir='ltr'><strong>in</strong></span> <span class='ocrx_word' id='word_1_559' title='bbox 793 3487 837 3514; x_wconf 84' lang='lat' dir='ltr'><strong>ea</strong></span> <span class='ocrx_word' id='word_1_560' title='bbox 864 3482 983 3515; x_wconf 85' lang='lat' dir='ltr'><strong>tamen</strong></span> <span class='ocrx_word' id='word_1_561' title='bbox 1012 3480 1079 3515; x_wconf 92' lang='lat' dir='ltr'><strong>erit</strong></span> <span class='ocrx_word' id='word_1_562' title='bbox 1103 3490 1223 3522; x_wconf 86' lang='lat' dir='ltr'><strong>causa,</strong></span> 
     </span>
     <span class='ocr_line' id='line_1_76' title="bbox 147 3520 1224 3569; baseline 0.005 -15"><span class='ocrx_word' id='word_1_563' title='bbox 147 3530 191 3554; x_wconf 86' lang='grc'><strong>110</strong></span> <span class='ocrx_word' id='word_1_564' title='bbox 221 3520 303 3555; x_wconf 87' lang='grc'><strong>111110</strong></span> <span class='ocrx_word' id='word_1_565' title='bbox 360 3521 508 3556; x_wconf 86' lang='grc' dir='ltr'><strong>0001ᾱο11</strong></span> <span class='ocrx_word' id='word_1_566' title='bbox 537 3523 632 3557; x_wconf 87' lang='lat' dir='ltr'><strong>bona</strong></span> <span class='ocrx_word' id='word_1_567' title='bbox 664 3523 738 3558; x_wconf 90' lang='lat' dir='ltr'><strong>eius</strong></span> <span class='ocrx_word' id='word_1_568' title='bbox 770 3523 924 3567; x_wconf 89' lang='lat' dir='ltr'><strong>possint,</strong></span> <span class='ocrx_word' id='word_1_569' title='bbox 954 3524 1037 3569; x_wconf 91' lang='lat' dir='ltr'><strong>quia</strong></span> <span class='ocrx_word' id='word_1_570' title='bbox 1060 3535 1132 3559; x_wconf 89' lang='lat' dir='ltr'><strong>non</strong></span> <span class='ocrx_word' id='word_1_571' title='bbox 1155 3525 1224 3559; x_wconf 91' lang='grc'><strong>1100</strong></span> 
     </span>
     <span class='ocr_line' id='line_1_77' title="bbox 145 3565 1222 3609; baseline 0.005 -10"><span class='ocrx_word' id='word_1_572' title='bbox 145 3565 262 3600; x_wconf 85' lang='grc'><strong>01111110</strong></span> <span class='ocrx_word' id='word_1_573' title='bbox 291 3565 427 3609; x_wconf 86' lang='grc'><strong>1011101,</strong></span> <span class='ocrx_word' id='word_1_574' title='bbox 465 3571 507 3601; x_wconf 91' lang='grc'><strong>111</strong></span> <span class='ocrx_word' id='word_1_575' title='bbox 538 3566 680 3603; x_wconf 89' lang='lat' dir='ltr'><strong>fraudet</strong></span> <span class='ocrx_word' id='word_1_576' title='bbox 712 3568 922 3603; x_wconf 85' lang='lat' dir='ltr'><strong>creditores:</strong></span> <span class='ocrx_word' id='word_1_577' title='bbox 962 3569 1101 3604; x_wconf 90' lang='lat' dir='ltr'><strong>animus</strong></span> <span class='ocrx_word' id='word_1_578' title='bbox 1130 3569 1222 3604; x_wconf 90' lang='lat' dir='ltr'><strong>enim</strong></span> 
     </span>
    </p>
   </div>
   <div class='ocr_carea' id='block_1_5' title="bbox 146 3678 1224 3812">
    <p class='ocr_par' dir='ltr' id='par_1_9' title="bbox 146 3678 1224 3812">
     <span class='ocr_line' id='line_1_78' title="bbox 146 3678 1224 3724; baseline 0.003 -13"><span class='ocrx_word' id='word_1_579' title='bbox 146 3678 186 3719; x_wconf 85' lang='lat'><strong>(1)</strong></span> <span class='ocrx_word' id='word_1_580' title='bbox 210 3678 278 3712; x_wconf 82' lang='lat' dir='ltr'><strong>sive</strong></span> <span class='ocrx_word' id='word_1_581' title='bbox 288 3688 310 3711; x_wconf 86' lang='lat' dir='ltr'><strong>a</strong></span> <span class='ocrx_word' id='word_1_582' title='bbox 320 3680 430 3712; x_wconf 84' lang='lat' dir='ltr'><strong>tutore</strong></span> <span class='ocrx_word' id='word_1_583' title='bbox 442 3678 494 3711; x_wconf 90' lang='lat' dir='ltr'><strong>vel</strong></span> <span class='ocrx_word' id='word_1_584' title='bbox 507 3681 659 3713; x_wconf 85' lang='lat' dir='ltr'><strong>curatore</strong></span> <span class='ocrx_word' id='word_1_585' title='bbox 672 3681 732 3714; x_wconf 79' lang='lat' dir='ltr'><strong>del.</strong></span> <span class='ocrx_word' id='word_1_586' title='bbox 794 3682 836 3722; x_wconf 82' lang='lat'><strong>(2)</strong></span> <span class='ocrx_word' id='word_1_587' title='bbox 856 3680 1011 3714; x_wconf 87' lang='lat' dir='ltr'><strong>defendat</strong></span> <span class='ocrx_word' id='word_1_588' title='bbox 1021 3682 1056 3714; x_wconf 83' lang='lat' dir='ltr'><em>F</em></span> <span class='ocrx_word' id='word_1_589' title='bbox 1104 3684 1146 3724; x_wconf 84' lang='grc'><strong>(3)</strong></span> <span class='ocrx_word' id='word_1_590' title='bbox 1165 3683 1224 3714; x_wconf 85' lang='grc'><strong>110-</strong></span> 
     </span>
     <span class='ocr_line' id='line_1_79' title="bbox 146 3722 1224 3768; baseline 0.006 -14"><span class='ocrx_word' id='word_1_591' title='bbox 146 3722 226 3755; x_wconf 90' lang='lat' dir='ltr'><strong>bent</strong></span> <span class='ocrx_word' id='word_1_592' title='bbox 236 3723 271 3755; x_wconf 89' lang='lat' dir='ltr'><strong>F&#39;</strong></span> <span class='ocrx_word' id='word_1_593' title='bbox 371 3728 412 3764; x_wconf 76' lang='lat'><strong>(4)</strong></span> <span class='ocrx_word' id='word_1_594' title='bbox 439 3727 471 3756; x_wconf 90' lang='lat' dir='ltr'><strong>et</strong></span> <span class='ocrx_word' id='word_1_595' title='bbox 483 3725 544 3757; x_wconf 84' lang='lat' dir='ltr'><strong>del.</strong></span> <span class='ocrx_word' id='word_1_596' title='bbox 557 3724 611 3757; x_wconf 86' lang='lat' dir='ltr'><strong>F²</strong></span> <span class='ocrx_word' id='word_1_597' title='bbox 721 3727 761 3766; x_wconf 79' lang='lat'><strong>(5)</strong></span> <span class='ocrx_word' id='word_1_598' title='bbox 788 3727 871 3758; x_wconf 86' lang='grc'><strong>00001</strong></span> <span class='ocrx_word' id='word_1_599' title='bbox 884 3726 918 3758; x_wconf 90' lang='lat' dir='ltr'><em>F</em></span> <span class='ocrx_word' id='word_1_600' title='bbox 1014 3729 1057 3768; x_wconf 78' lang='grc'><strong>(6)</strong></span> <span class='ocrx_word' id='word_1_601' title='bbox 1082 3737 1149 3768; x_wconf 92' lang='grc'><strong>(1110</strong></span> <span class='ocrx_word' id='word_1_602' title='bbox 1160 3739 1224 3760; x_wconf 84' lang='lat' dir='ltr'><strong>scr.</strong></span> 
     </span>
     <span class='ocr_line' id='line_1_80' title="bbox 149 3769 1222 3812; baseline 0.003 -12"><span class='ocrx_word' id='word_1_603' title='bbox 149 3770 189 3808; x_wconf 83' lang='lat'><strong>(7)</strong></span> <span class='ocrx_word' id='word_1_604' title='bbox 215 3769 247 3800; x_wconf 83' lang='lat' dir='ltr'><strong>in</strong></span> <span class='ocrx_word' id='word_1_605' title='bbox 262 3769 427 3812; x_wconf 65' lang='lat' dir='ltr'><strong>deperdito</strong></span> <span class='ocrx_word' id='word_1_606' title='bbox 440 3769 521 3801; x_wconf 84' lang='lat' dir='ltr'><strong>libro</strong></span> <span class='ocrx_word' id='word_1_607' title='bbox 534 3769 643 3812; x_wconf 78' lang='lat' dir='ltr'><strong>aliquo</strong></span> <span class='ocrx_word' id='word_1_608' title='bbox 724 3771 769 3810; x_wconf 86' lang='lat'><strong>(8)</strong></span> <span class='ocrx_word' id='word_1_609' title='bbox 794 3769 835 3802; x_wconf 83' lang='lat' dir='ltr'><strong>da</strong></span> <span class='ocrx_word' id='word_1_610' title='bbox 848 3771 883 3802; x_wconf 88' lang='lat' dir='ltr'><em>F</em></span> <span class='ocrx_word' id='word_1_611' title='bbox 955 3773 999 3812; x_wconf 83' lang='grc'><strong>(9)</strong></span> <span class='ocrx_word' id='word_1_612' title='bbox 1023 3773 1056 3804; x_wconf 82' lang='lat' dir='ltr'><strong>et</strong></span> <span class='ocrx_word' id='word_1_613' title='bbox 1068 3773 1127 3805; x_wconf 79' lang='lat' dir='ltr'><strong>ins.</strong></span> <span class='ocrx_word' id='word_1_614' title='bbox 1144 3771 1222 3804; x_wconf 83' lang='lat' dir='ltr'><strong>Hal.</strong></span> 
     </span>
    </p>
   </div>
   <div class='ocr_carea' id='block_1_6' title="bbox 1224 143 1302 189">
    <p class='ocr_par' dir='ltr' id='par_1_10' title="bbox 1224 143 1302 189">
     <span class='ocr_line' id='line_1_81' title="bbox 1224 143 1302 189; baseline 0 0"><span class='ocrx_word' id='word_1_615' title='bbox 1224 143 1302 189; x_wconf 75' lang='lat'><strong>671</strong></span> 
     </span>
    </p>
   </div>
   <div class='ocr_carea' id='block_1_7' title="bbox 2123 152 2388 194">
    <p class='ocr_par' dir='ltr' id='par_1_11' title="bbox 2123 152 2388 194">
     <span class='ocr_line' id='line_1_82' title="bbox 2123 152 2388 194; baseline -0.015 1"><span class='ocrx_word' id='word_1_616' title='bbox 2123 152 2335 194; x_wconf 90' lang='lat' dir='ltr'>XXXXII</span> <span class='ocrx_word' id='word_1_617' title='bbox 2366 156 2388 191; x_wconf 86' lang='grc'>4</span> 
     </span>
    </p>
   </div>
   <div class='ocr_carea' id='block_1_8' title="bbox 1292 271 2389 3613">
    <p class='ocr_par' dir='ltr' id='par_1_12' title="bbox 1292 271 2389 3613">
     <span class='ocr_line' id='line_1_83' title="bbox 1300 271 2384 318; baseline 0.005 -12"><span class='ocrx_word' id='word_1_618' title='bbox 1300 271 1474 309; x_wconf 82' lang='lat' dir='ltr'><strong>latitantis</strong></span> <span class='ocrx_word' id='word_1_619' title='bbox 1512 271 1710 316; x_wconf 84' lang='lat' dir='ltr'><strong>quaeritur,</strong></span> <span class='ocrx_word' id='word_1_620' title='bbox 1748 284 1817 318; x_wconf 91' lang='lat' dir='ltr'><strong>quo</strong></span> <span class='ocrx_word' id='word_1_621' title='bbox 1850 274 1966 310; x_wconf 89' lang='lat' dir='ltr'><strong>animo</strong></span> <span class='ocrx_word' id='word_1_622' title='bbox 1999 275 2131 318; x_wconf 87' lang='lat' dir='ltr'><strong>latitet,</strong></span> <span class='ocrx_word' id='word_1_623' title='bbox 2169 278 2211 311; x_wconf 86' lang='lat' dir='ltr'><strong>ut</strong></span> <span class='ocrx_word' id='word_1_624' title='bbox 2243 275 2384 311; x_wconf 85' lang='lat' dir='ltr'><strong>fraudet</strong></span> 
     </span>
     <span class='ocr_line' id='line_1_84' title="bbox 1303 316 2383 366; baseline 0.004 -14"><span class='ocrx_word' id='word_1_625' title='bbox 1303 320 1322 352; x_wconf 89' lang='lat'><strong>6</strong></span> <span class='ocrx_word' id='word_1_626' title='bbox 1371 316 1565 353; x_wconf 87' lang='lat' dir='ltr'><strong>creditores</strong></span> <span class='ocrx_word' id='word_1_627' title='bbox 1590 327 1637 351; x_wconf 85' lang='lat' dir='ltr'><strong>an</strong></span> <span class='ocrx_word' id='word_1_628' title='bbox 1660 317 1732 357; x_wconf 86' lang='lat' dir='ltr'><strong>alia</strong></span> <span class='ocrx_word' id='word_1_629' title='bbox 1756 328 1799 352; x_wconf 87' lang='lat' dir='ltr'><strong>ex</strong></span> <span class='ocrx_word' id='word_1_630' title='bbox 1824 329 1943 354; x_wconf 88' lang='lat' dir='ltr'><strong>causa.</strong></span> <span class='ocrx_word' id='word_1_631' title='bbox 1991 320 2082 364; x_wconf 81' lang='lat' dir='ltr'><strong>Quid</strong></span> <span class='ocrx_word' id='word_1_632' title='bbox 2106 331 2207 366; x_wconf 86' lang='lat' dir='ltr'><strong>ergo,</strong></span> <span class='ocrx_word' id='word_1_633' title='bbox 2239 322 2270 356; x_wconf 85' lang='lat' dir='ltr'><strong>si</strong></span> <span class='ocrx_word' id='word_1_634' title='bbox 2294 321 2383 356; x_wconf 90' lang='lat' dir='ltr'><strong>duas</strong></span> 
     </span>
     <span class='ocr_line' id='line_1_85' title="bbox 1303 361 2382 412; baseline 0.003 -15"><span class='ocrx_word' id='word_1_635' title='bbox 1303 372 1430 398; x_wconf 88' lang='lat' dir='ltr'><strong>causas</strong></span> <span class='ocrx_word' id='word_1_636' title='bbox 1454 361 1618 397; x_wconf 89' lang='lat' dir='ltr'><strong>latitandi</strong></span> <span class='ocrx_word' id='word_1_637' title='bbox 1641 362 1773 397; x_wconf 64' lang='lat' dir='ltr'><strong>habuit»</strong></span> <span class='ocrx_word' id='word_1_638' title='bbox 1791 364 1845 398; x_wconf 86' lang='lat' dir='ltr'><strong>vel</strong></span> <span class='ocrx_word' id='word_1_639' title='bbox 1867 365 2003 409; x_wconf 89' lang='lat' dir='ltr'><strong>plures,</strong></span> <span class='ocrx_word' id='word_1_640' title='bbox 2034 366 2126 401; x_wconf 90' lang='lat' dir='ltr'><strong>inter</strong></span> <span class='ocrx_word' id='word_1_641' title='bbox 2156 377 2245 412; x_wconf 89' lang='lat' dir='ltr'><strong>quas</strong></span> <span class='ocrx_word' id='word_1_642' title='bbox 2277 366 2382 402; x_wconf 86' lang='lat' dir='ltr'><strong>etiam</strong></span> 
     </span>
     <span class='ocr_line' id='line_1_86' title="bbox 1300 406 2384 456; baseline 0.003 -14"><span class='ocrx_word' id='word_1_643' title='bbox 1300 407 1493 442; x_wconf 89' lang='lat' dir='ltr'><strong>fraudandi</strong></span> <span class='ocrx_word' id='word_1_644' title='bbox 1513 406 1733 442; x_wconf 84' lang='lat' dir='ltr'><strong>creditores?</strong></span> <span class='ocrx_word' id='word_1_645' title='bbox 1757 418 1804 442; x_wconf 87' lang='lat' dir='ltr'><strong>an</strong></span> <span class='ocrx_word' id='word_1_646' title='bbox 1828 409 1980 445; x_wconf 86' lang='lat' dir='ltr'><strong>venditio</strong></span> <span class='ocrx_word' id='word_1_647' title='bbox 2004 415 2102 446; x_wconf 89' lang='lat' dir='ltr'><strong>recte</strong></span> <span class='ocrx_word' id='word_1_648' title='bbox 2126 411 2324 456; x_wconf 89' lang='lat' dir='ltr'><strong>procedat?</strong></span> <span class='ocrx_word' id='word_1_649' title='bbox 2347 416 2384 446; x_wconf 89' lang='lat' dir='ltr'><strong>et</strong></span> 
     </span>
     <span class='ocr_line' id='line_1_87' title="bbox 1300 452 2382 498; baseline 0.005 -11"><span class='ocrx_word' id='word_1_650' title='bbox 1300 456 1388 497; x_wconf 92' lang='lat' dir='ltr'><strong>puto</strong></span> <span class='ocrx_word' id='word_1_651' title='bbox 1419 452 1663 498; x_wconf 90' lang='lat' dir='ltr'><strong>probandum,</strong></span> <span class='ocrx_word' id='word_1_652' title='bbox 1695 452 1724 487; x_wconf 90' lang='lat' dir='ltr'><strong>si</strong></span> <span class='ocrx_word' id='word_1_653' title='bbox 1755 453 1875 497; x_wconf 86' lang='lat' dir='ltr'><strong>plures</strong></span> <span class='ocrx_word' id='word_1_654' title='bbox 1909 464 2038 490; x_wconf 88' lang='lat' dir='ltr'><strong>causae</strong></span> <span class='ocrx_word' id='word_1_655' title='bbox 2069 456 2141 491; x_wconf 88' lang='lat' dir='ltr'><strong>sint</strong></span> <span class='ocrx_word' id='word_1_656' title='bbox 2163 456 2382 498; x_wconf 88' lang='lat' dir='ltr'><strong>latitationis,</strong></span> 
     </span>
     <span class='ocr_line' id='line_1_88' title="bbox 1300 497 2384 543; baseline 0.004 -11"><span class='ocrx_word' id='word_1_657' title='bbox 1300 498 1395 533; x_wconf 90' lang='lat' dir='ltr'><strong>inter</strong></span> <span class='ocrx_word' id='word_1_658' title='bbox 1427 508 1516 543; x_wconf 88' lang='lat' dir='ltr'><strong>quas</strong></span> <span class='ocrx_word' id='word_1_659' title='bbox 1550 502 1606 532; x_wconf 88' lang='lat' dir='ltr'><strong>est</strong></span> <span class='ocrx_word' id='word_1_660' title='bbox 1634 501 1671 533; x_wconf 92' lang='lat' dir='ltr'><strong>et</strong></span> <span class='ocrx_word' id='word_1_661' title='bbox 1698 497 1933 534; x_wconf 87' lang='lat' dir='ltr'><strong>fraudationis</strong></span> <span class='ocrx_word' id='word_1_662' title='bbox 1959 510 2078 543; x_wconf 90' lang='lat' dir='ltr'><strong>causa,</strong></span> <span class='ocrx_word' id='word_1_663' title='bbox 2102 511 2231 537; x_wconf 91' lang='lat' dir='ltr'><strong>nocere</strong></span> <span class='ocrx_word' id='word_1_664' title='bbox 2255 501 2384 537; x_wconf 90' lang='lat' dir='ltr'><strong>debere</strong></span> 
     </span>
     <span class='ocr_line' id='line_1_89' title="bbox 1302 543 2383 591; baseline 0.005 -14"><span class='ocrx_word' id='word_1_665' title='bbox 1302 546 1319 576; x_wconf 79' lang='lat'><strong>&#39;1</strong></span> <span class='ocrx_word' id='word_1_666' title='bbox 1368 553 1545 587; x_wconf 87' lang='lat' dir='ltr'><strong>posseque</strong></span> <span class='ocrx_word' id='word_1_667' title='bbox 1562 543 1645 577; x_wconf 87' lang='lat' dir='ltr'><strong>hinc</strong></span> <span class='ocrx_word' id='word_1_668' title='bbox 1665 543 1760 578; x_wconf 90' lang='lat' dir='ltr'><strong>bona</strong></span> <span class='ocrx_word' id='word_1_669' title='bbox 1780 543 1894 578; x_wconf 89' lang='lat' dir='ltr'><strong>vendi.</strong></span> <span class='ocrx_word' id='word_1_670' title='bbox 1932 544 2023 588; x_wconf 81' lang='lat' dir='ltr'><strong>Quid</strong></span> <span class='ocrx_word' id='word_1_671' title='bbox 2041 546 2071 580; x_wconf 91' lang='lat' dir='ltr'><strong>si</strong></span> <span class='ocrx_word' id='word_1_672' title='bbox 2089 546 2258 582; x_wconf 84' lang='lat' dir='ltr'><strong>adversus</strong></span> <span class='ocrx_word' id='word_1_673' title='bbox 2277 557 2383 591; x_wconf 91' lang='lat' dir='ltr'><strong>quos-</strong></span> 
     </span>
     <span class='ocr_line' id='line_1_90' title="bbox 1301 587 2385 636; baseline 0.005 -14"><span class='ocrx_word' id='word_1_674' title='bbox 1301 588 1382 622; x_wconf 86' lang='lat' dir='ltr'><strong>dam</strong></span> <span class='ocrx_word' id='word_1_675' title='bbox 1406 588 1588 623; x_wconf 88' lang='lat' dir='ltr'><strong>occultare</strong></span> <span class='ocrx_word' id='word_1_676' title='bbox 1612 598 1651 623; x_wconf 89' lang='grc'><strong>00</strong></span> <span class='ocrx_word' id='word_1_677' title='bbox 1675 587 1862 623; x_wconf 87' lang='lat' dir='ltr'><strong>consilium</strong></span> <span class='ocrx_word' id='word_1_678' title='bbox 1885 599 1957 624; x_wconf 92' lang='lat' dir='ltr'><strong>non</strong></span> <span class='ocrx_word' id='word_1_679' title='bbox 1983 594 2052 632; x_wconf 89' lang='lat' dir='ltr'><strong>est,</strong></span> <span class='ocrx_word' id='word_1_680' title='bbox 2086 591 2254 627; x_wconf 90' lang='lat' dir='ltr'><strong>adversus</strong></span> <span class='ocrx_word' id='word_1_681' title='bbox 2279 603 2385 636; x_wconf 89' lang='lat' dir='ltr'><strong>quos-</strong></span> 
     </span>
     <span class='ocr_line' id='line_1_91' title="bbox 1301 632 2383 681; baseline 0.005 -15"><span class='ocrx_word' id='word_1_682' title='bbox 1301 632 1383 667; x_wconf 88' lang='lat' dir='ltr'><strong>dam</strong></span> <span class='ocrx_word' id='word_1_683' title='bbox 1416 636 1487 677; x_wconf 88' lang='lat' dir='ltr'><strong>est,</strong></span> <span class='ocrx_word' id='word_1_684' title='bbox 1529 633 1612 678; x_wconf 92' lang='lat' dir='ltr'><strong>quid</strong></span> <span class='ocrx_word' id='word_1_685' title='bbox 1645 632 1829 668; x_wconf 80' lang='lat' dir='ltr'><strong>dicemus?</strong></span> <span class='ocrx_word' id='word_1_686' title='bbox 1867 637 1903 668; x_wconf 91' lang='lat' dir='ltr'><strong>et</strong></span> <span class='ocrx_word' id='word_1_687' title='bbox 1938 635 2132 670; x_wconf 91' lang='lat' dir='ltr'><strong>rectissime</strong></span> <span class='ocrx_word' id='word_1_688' title='bbox 2165 636 2383 681; x_wconf 89' lang='lat' dir='ltr'><strong>Pomponius</strong></span> 
     </span>
     <span class='ocr_line' id='line_1_92' title="bbox 1301 678 2384 726; baseline 0.006 -15"><span class='ocrx_word' id='word_1_689' title='bbox 1301 678 1425 712; x_wconf 86' lang='lat' dir='ltr'><strong>scribit</strong></span> <span class='ocrx_word' id='word_1_690' title='bbox 1454 689 1526 713; x_wconf 89' lang='lat' dir='ltr'><strong>non</strong></span> <span class='ocrx_word' id='word_1_691' title='bbox 1561 678 1731 713; x_wconf 89' lang='lat' dir='ltr'><strong>adversus</strong></span> <span class='ocrx_word' id='word_1_692' title='bbox 1765 688 1886 714; x_wconf 91' lang='lat' dir='ltr'><strong>omnes</strong></span> <span class='ocrx_word' id='word_1_693' title='bbox 1911 678 2142 715; x_wconf 88' lang='lat' dir='ltr'><strong>latitationem</strong></span> <span class='ocrx_word' id='word_1_694' title='bbox 2167 681 2384 726; x_wconf 82' lang='lat' dir='ltr'><strong>exigendam,</strong></span> 
     </span>
     <span class='ocr_line' id='line_1_93' title="bbox 1301 722 2386 770; baseline 0.005 -13"><span class='ocrx_word' id='word_1_695' title='bbox 1301 722 1365 757; x_wconf 89' lang='lat' dir='ltr'><strong>sed</strong></span> <span class='ocrx_word' id='word_1_696' title='bbox 1389 723 1559 759; x_wconf 89' lang='lat' dir='ltr'><strong>adversus</strong></span> <span class='ocrx_word' id='word_1_697' title='bbox 1583 733 1679 765; x_wconf 93' lang='lat' dir='ltr'><strong>eum,</strong></span> <span class='ocrx_word' id='word_1_698' title='bbox 1696 732 1698 734; x_wconf 83' lang='lat'>·</span> <span class='ocrx_word' id='word_1_699' title='bbox 1714 734 1819 769; x_wconf 92' lang='lat' dir='ltr'><strong>quem</strong></span> <span class='ocrx_word' id='word_1_700' title='bbox 1849 724 1928 768; x_wconf 87' lang='lat' dir='ltr'><strong>quis</strong></span> <span class='ocrx_word' id='word_1_701' title='bbox 1959 724 2121 770; x_wconf 88' lang='lat' dir='ltr'><strong>decipere</strong></span> <span class='ocrx_word' id='word_1_702' title='bbox 2153 730 2188 761; x_wconf 91' lang='lat' dir='ltr'><strong>et</strong></span> <span class='ocrx_word' id='word_1_703' title='bbox 2217 727 2386 762; x_wconf 84' lang='lat' dir='ltr'><strong>fraudare</strong></span> 
     </span>
     <span class='ocr_line' id='line_1_94' title="bbox 1301 768 2384 814; baseline 0.005 -12"><span class='ocrx_word' id='word_1_704' title='bbox 1301 768 1498 803; x_wconf 83' lang='lat' dir='ltr'><strong>latitatione</strong></span> <span class='ocrx_word' id='word_1_705' title='bbox 1531 768 1696 803; x_wconf 91' lang='lat' dir='ltr'><strong>destinat.</strong></span> <span class='ocrx_word' id='word_1_706' title='bbox 1750 772 1871 804; x_wconf 82' lang='lat' dir='ltr'><strong>utrum</strong></span> <span class='ocrx_word' id='word_1_707' title='bbox 1907 779 1989 814; x_wconf 82' lang='lat' dir='ltr'><strong>ergo</strong></span> <span class='ocrx_word' id='word_1_708' title='bbox 2028 780 2149 806; x_wconf 89' lang='lat' dir='ltr'><strong>omnes</strong></span> <span class='ocrx_word' id='word_1_709' title='bbox 2183 772 2279 806; x_wconf 92' lang='lat' dir='ltr'><strong>bona</strong></span> <span class='ocrx_word' id='word_1_710' title='bbox 2309 772 2384 807; x_wconf 91' lang='lat' dir='ltr'><strong>eius</strong></span> 
     </span>
     <span class='ocr_line' id='line_1_95' title="bbox 1300 813 2385 859; baseline 0.004 -12"><span class='ocrx_word' id='word_1_711' title='bbox 1300 813 1452 848; x_wconf 86' lang='lat' dir='ltr'><strong>vendere</strong></span> <span class='ocrx_word' id='word_1_712' title='bbox 1483 817 1652 858; x_wconf 87' lang='lat' dir='ltr'><strong>possunt,</strong></span> <span class='ocrx_word' id='word_1_713' title='bbox 1714 814 1774 849; x_wconf 88' lang='lat' dir='ltr'><strong>uia</strong></span> <span class='ocrx_word' id='word_1_714' title='bbox 1804 814 1942 856; x_wconf 88' lang='lat' dir='ltr'><strong>latitat,</strong></span> <span class='ocrx_word' id='word_1_715' title='bbox 1974 815 2044 850; x_wconf 89' lang='lat' dir='ltr'><strong>hoc</strong></span> <span class='ocrx_word' id='word_1_716' title='bbox 2075 820 2130 850; x_wconf 90' lang='lat' dir='ltr'><strong>est</strong></span> <span class='ocrx_word' id='word_1_717' title='bbox 2161 817 2267 851; x_wconf 90' lang='lat' dir='ltr'><strong>etiam</strong></span> <span class='ocrx_word' id='word_1_718' title='bbox 2296 818 2385 859; x_wconf 86' lang='lat' dir='ltr'><strong>hi¹0‚</strong></span> 
     </span>
     <span class='ocr_line' id='line_1_96' title="bbox 1301 858 2386 903; baseline 0.005 -11"><span class='ocrx_word' id='word_1_719' title='bbox 1301 858 1471 893; x_wconf 88' lang='lat' dir='ltr'><strong>adversus</strong></span> <span class='ocrx_word' id='word_1_720' title='bbox 1497 869 1586 903; x_wconf 91' lang='lat' dir='ltr'><strong>quos</strong></span> <span class='ocrx_word' id='word_1_721' title='bbox 1610 870 1682 894; x_wconf 91' lang='lat' dir='ltr'><strong>non</strong></span> <span class='ocrx_word' id='word_1_722' title='bbox 1720 860 1841 902; x_wconf 89' lang='lat' dir='ltr'><strong>atitat,</strong></span> <span class='ocrx_word' id='word_1_723' title='bbox 1896 860 1957 894; x_wconf 89' lang='lat' dir='ltr'><strong>uia</strong></span> <span class='ocrx_word' id='word_1_724' title='bbox 1979 870 2101 895; x_wconf 92' lang='lat' dir='ltr'><strong>verum</strong></span> <span class='ocrx_word' id='word_1_725' title='bbox 2126 866 2180 896; x_wconf 90' lang='lat' dir='ltr'><strong>est</strong></span> <span class='ocrx_word' id='word_1_726' title='bbox 2202 871 2282 896; x_wconf 91' lang='lat' dir='ltr'><strong>eum</strong></span> <span class='ocrx_word' id='word_1_727' title='bbox 2306 862 2386 897; x_wconf 89' lang='lat' dir='ltr'><strong>lati-</strong></span> 
     </span>
     <span class='ocr_line' id='line_1_97' title="bbox 1301 904 2387 950; baseline 0.004 -12"><span class='ocrx_word' id='word_1_728' title='bbox 1301 905 1431 946; x_wconf 90' lang='lat' dir='ltr'><strong>tare¹¹,</strong></span> <span class='ocrx_word' id='word_1_729' title='bbox 1463 913 1511 938; x_wconf 91' lang='grc'><strong>011</strong></span> <span class='ocrx_word' id='word_1_730' title='bbox 1533 914 1617 939; x_wconf 87' lang='lat' dir='ltr'><strong>vero</strong></span> <span class='ocrx_word' id='word_1_731' title='bbox 1641 904 1672 939; x_wconf 89' lang='lat' dir='ltr'><strong>is</strong></span> <span class='ocrx_word' id='word_1_732' title='bbox 1696 905 1811 946; x_wconf 84' lang='lat' dir='ltr'><strong>solus,</strong></span> <span class='ocrx_word' id='word_1_733' title='bbox 1844 914 1865 939; x_wconf 90' lang='lat' dir='ltr'><strong>a</strong></span> <span class='ocrx_word' id='word_1_734' title='bbox 1891 914 2014 940; x_wconf 90' lang='lat' dir='ltr'><strong>versus</strong></span> <span class='ocrx_word' id='word_1_735' title='bbox 2046 916 2150 950; x_wconf 90' lang='lat' dir='ltr'><strong>quem</strong></span> <span class='ocrx_word' id='word_1_736' title='bbox 2174 906 2314 942; x_wconf 88' lang='lat' dir='ltr'><strong>latitat?</strong></span> <span class='ocrx_word' id='word_1_737' title='bbox 2353 912 2387 942; x_wconf 88' lang='lat' dir='ltr'><strong>et</strong></span> 
     </span>
     <span class='ocr_line' id='line_1_98' title="bbox 1302 948 2387 993; baseline 0.004 -10"><span class='ocrx_word' id='word_1_738' title='bbox 1302 948 1444 993; x_wconf 89' lang='lat' dir='ltr'><strong>quidem</strong></span> <span class='ocrx_word' id='word_1_739' title='bbox 1467 959 1588 983; x_wconf 86' lang='lat' dir='ltr'><strong>verum</strong></span> <span class='ocrx_word' id='word_1_740' title='bbox 1615 952 1670 984; x_wconf 90' lang='lat' dir='ltr'><strong>est</strong></span> <span class='ocrx_word' id='word_1_741' title='bbox 1692 959 1772 984; x_wconf 90' lang='lat' dir='ltr'><strong>eum</strong></span> <span class='ocrx_word' id='word_1_742' title='bbox 1796 950 1939 985; x_wconf 90' lang='lat' dir='ltr'><strong>latitare</strong></span> <span class='ocrx_word' id='word_1_743' title='bbox 1963 953 1999 985; x_wconf 91' lang='lat' dir='ltr'><strong>et</strong></span> <span class='ocrx_word' id='word_1_744' title='bbox 2021 950 2258 987; x_wconf 89' lang='lat' dir='ltr'><strong>fraudationis</strong></span> <span class='ocrx_word' id='word_1_745' title='bbox 2278 962 2387 987; x_wconf 89' lang='lat' dir='ltr'><strong>causa</strong></span> 
     </span>
     <span class='ocr_line' id='line_1_99' title="bbox 1301 994 2386 1042; baseline 0.004 -14"><span class='ocrx_word' id='word_1_746' title='bbox 1301 994 1455 1036; x_wconf 90' lang='lat' dir='ltr'><strong>latitare,</strong></span> <span class='ocrx_word' id='word_1_747' title='bbox 1480 994 1549 1029; x_wconf 91' lang='lat' dir='ltr'><strong>etsi</strong></span> <span class='ocrx_word' id='word_1_748' title='bbox 1571 1005 1644 1029; x_wconf 91' lang='lat' dir='ltr'><strong>non</strong></span> <span class='ocrx_word' id='word_1_749' title='bbox 1667 994 1837 1030; x_wconf 89' lang='lat' dir='ltr'><strong>adversus</strong></span> <span class='ocrx_word' id='word_1_750' title='bbox 1860 1005 1916 1030; x_wconf 90' lang='lat' dir='ltr'><strong>me</strong></span> <span class='ocrx_word' id='word_1_751' title='bbox 1939 995 2074 1031; x_wconf 90' lang='lat' dir='ltr'><strong>latitet:</strong></span> <span class='ocrx_word' id='word_1_752' title='bbox 2100 997 2163 1031; x_wconf 86' lang='lat' dir='ltr'><strong>sed</strong></span> <span class='ocrx_word' id='word_1_753' title='bbox 2179 997 2266 1031; x_wconf 91' lang='lat' dir='ltr'><strong>illud</strong></span> <span class='ocrx_word' id='word_1_754' title='bbox 2284 1007 2386 1042; x_wconf 90' lang='lat' dir='ltr'><strong>spec-</strong></span> 
     </span>
     <span class='ocr_line' id='line_1_100' title="bbox 1301 1039 2387 1087; baseline 0.004 -14"><span class='ocrx_word' id='word_1_755' title='bbox 1301 1039 1449 1073; x_wconf 86' lang='lat' dir='ltr'><strong>tandum</strong></span> <span class='ocrx_word' id='word_1_756' title='bbox 1463 1040 1491 1061; x_wconf 86' lang='lat'><strong>¹²</strong></span> <span class='ocrx_word' id='word_1_757' title='bbox 1510 1039 1728 1084; x_wconf 88' lang='lat' dir='ltr'><strong>Pomponius</strong></span> <span class='ocrx_word' id='word_1_758' title='bbox 1748 1043 1865 1085; x_wconf 89' lang='lat' dir='ltr'><strong>putat,</strong></span> <span class='ocrx_word' id='word_1_759' title='bbox 1891 1051 1937 1075; x_wconf 90' lang='lat' dir='ltr'><strong>an</strong></span> <span class='ocrx_word' id='word_1_760' title='bbox 1957 1040 2127 1076; x_wconf 89' lang='lat' dir='ltr'><strong>adversus</strong></span> <span class='ocrx_word' id='word_1_761' title='bbox 2148 1051 2213 1085; x_wconf 84' lang='lat' dir='ltr'><strong>me,</strong></span> <span class='ocrx_word' id='word_1_762' title='bbox 2238 1051 2387 1087; x_wconf 89' lang='lat' dir='ltr'><strong>eumque</strong></span> 
     </span>
     <span class='ocr_line' id='line_1_101' title="bbox 1302 1085 2388 1131; baseline 0.004 -12"><span class='ocrx_word' id='word_1_763' title='bbox 1302 1085 1415 1119; x_wconf 90' lang='lat' dir='ltr'><strong>solum</strong></span> <span class='ocrx_word' id='word_1_764' title='bbox 1451 1095 1558 1129; x_wconf 90' lang='lat' dir='ltr'><strong>posse</strong></span> <span class='ocrx_word' id='word_1_765' title='bbox 1588 1085 1672 1120; x_wconf 92' lang='lat' dir='ltr'><strong>hinc</strong></span> <span class='ocrx_word' id='word_1_766' title='bbox 1703 1085 1941 1120; x_wconf 89' lang='lat' dir='ltr'><strong>venditionem</strong></span> <span class='ocrx_word' id='word_1_767' title='bbox 1970 1086 2180 1131; x_wconf 86' lang='lat' dir='ltr'><strong>impetrare,</strong></span> <span class='ocrx_word' id='word_1_768' title='bbox 2220 1087 2388 1123; x_wconf 86' lang='lat' dir='ltr'><strong>adversus</strong></span> 
     </span>
     <span class='ocr_line' id='line_1_102' title="bbox 1303 1130 2388 1174; baseline 0.003 -10"><span class='ocrx_word' id='word_1_769' title='bbox 1303 1132 1322 1164; x_wconf 89' lang='lat'>8</span> <span class='ocrx_word' id='word_1_770' title='bbox 1371 1140 1474 1174; x_wconf 91' lang='lat' dir='ltr'><strong>quem</strong></span> <span class='ocrx_word' id='word_1_771' title='bbox 1505 1130 1680 1165; x_wconf 90' lang='lat' dir='ltr'><strong>latitetur.</strong></span> <span class='ocrx_word' id='word_1_772' title='bbox 1731 1131 1894 1166; x_wconf 89' lang='lat' dir='ltr'><strong>Latitare</strong></span> <span class='ocrx_word' id='word_1_773' title='bbox 1923 1135 2041 1167; x_wconf 90' lang='lat' dir='ltr'><strong>autem</strong></span> <span class='ocrx_word' id='word_1_774' title='bbox 2073 1135 2128 1166; x_wconf 90' lang='lat' dir='ltr'><strong>est</strong></span> <span class='ocrx_word' id='word_1_775' title='bbox 2159 1143 2240 1167; x_wconf 93' lang='lat' dir='ltr'><strong>cum</strong></span> <span class='ocrx_word' id='word_1_776' title='bbox 2271 1136 2388 1168; x_wconf 91' lang='lat' dir='ltr'><strong>tractu</strong></span> 
     </span>
     <span class='ocr_line' id='line_1_103' title="bbox 1302 1174 2389 1221; baseline 0.004 -12"><span class='ocrx_word' id='word_1_777' title='bbox 1302 1174 1422 1220; x_wconf 91' lang='lat' dir='ltr'><strong>aliquo</strong></span> <span class='ocrx_word' id='word_1_778' title='bbox 1466 1175 1596 1218; x_wconf 84' lang='lat' dir='ltr'><strong>latere,</strong></span> <span class='ocrx_word' id='word_1_779' title='bbox 1640 1175 1937 1221; x_wconf 87' lang='lat' dir='ltr'><strong>quemadmodum</strong></span> <span class='ocrx_word' id='word_1_780' title='bbox 1978 1176 2145 1212; x_wconf 89' lang='lat' dir='ltr'><strong>factitare</strong></span> <span class='ocrx_word' id='word_1_781' title='bbox 2184 1177 2239 1212; x_wconf 88' lang='lat' dir='ltr'><strong>fre</strong></span> <span class='ocrx_word' id='word_1_782' title='bbox 2264 1183 2389 1213; x_wconf 91' lang='lat' dir='ltr'><strong>uenter</strong></span> 
     </span>
     <span class='ocr_line' id='line_1_104' title="bbox 1303 1220 2388 1258; baseline 0.003 -3"><span class='ocrx_word' id='word_1_783' title='bbox 1303 1223 1322 1254; x_wconf 81' lang='grc'><strong>9</strong></span> <span class='ocrx_word' id='word_1_784' title='bbox 1369 1220 1499 1256; x_wconf 90' lang='lat' dir='ltr'><strong>facere.</strong></span> <span class='ocrx_word' id='word_1_785' title='bbox 1537 1221 1637 1256; x_wconf 87' lang='lat' dir='ltr'><strong>Adeo</strong></span> <span class='ocrx_word' id='word_1_786' title='bbox 1662 1225 1782 1256; x_wconf 91' lang='lat' dir='ltr'><strong>autem</strong></span> <span class='ocrx_word' id='word_1_787' title='bbox 1804 1221 1957 1257; x_wconf 88' lang='lat' dir='ltr'><strong>latitatio</strong></span> <span class='ocrx_word' id='word_1_788' title='bbox 1983 1222 2139 1257; x_wconf 91' lang='lat' dir='ltr'><strong>animum</strong></span> <span class='ocrx_word' id='word_1_789' title='bbox 2164 1226 2200 1258; x_wconf 93' lang='lat' dir='ltr'><strong>et</strong></span> <span class='ocrx_word' id='word_1_790' title='bbox 2222 1233 2244 1257; x_wconf 88' lang='lat' dir='ltr'><strong>a</strong></span> <span class='ocrx_word' id='word_1_791' title='bbox 2272 1227 2388 1258; x_wconf 89' lang='lat' dir='ltr'><strong>ectum</strong></span> 
     </span>
     <span class='ocr_line' id='line_1_105' title="bbox 1302 1266 2387 1309; baseline 0.003 -9"><span class='ocrx_word' id='word_1_792' title='bbox 1302 1266 1516 1301; x_wconf 89' lang='lat' dir='ltr'><strong>occultantis</strong></span> <span class='ocrx_word' id='word_1_793' title='bbox 1541 1276 1580 1302; x_wconf 90' lang='lat' dir='ltr'><strong>se</strong></span> <span class='ocrx_word' id='word_1_794' title='bbox 1595 1267 1621 1287; x_wconf 85' lang='lat'><strong>¹³</strong></span> <span class='ocrx_word' id='word_1_795' title='bbox 1645 1266 1841 1309; x_wconf 86' lang='lat' dir='ltr'><strong>desiderat,</strong></span> <span class='ocrx_word' id='word_1_796' title='bbox 1866 1270 1907 1302; x_wconf 91' lang='lat' dir='ltr'><strong>ut</strong></span> <span class='ocrx_word' id='word_1_797' title='bbox 1929 1271 2027 1303; x_wconf 91' lang='lat' dir='ltr'><strong>recte</strong></span> <span class='ocrx_word' id='word_1_798' title='bbox 2051 1267 2184 1303; x_wconf 90' lang='lat' dir='ltr'><strong>dictum</strong></span> <span class='ocrx_word' id='word_1_799' title='bbox 2208 1267 2256 1303; x_wconf 89' lang='lat' dir='ltr'><strong>sit</strong></span> <span class='ocrx_word' id='word_1_800' title='bbox 2278 1267 2387 1303; x_wconf 87' lang='lat' dir='ltr'><strong>furio-</strong></span> 
     </span>
     <span class='ocr_line' id='line_1_106' title="bbox 1302 1311 2387 1358; baseline 0.003 -12"><span class='ocrx_word' id='word_1_801' title='bbox 1302 1321 1381 1346; x_wconf 90' lang='lat' dir='ltr'><strong>sum</strong></span> <span class='ocrx_word' id='word_1_802' title='bbox 1404 1311 1487 1346; x_wconf 86' lang='lat' dir='ltr'><strong>hinc</strong></span> <span class='ocrx_word' id='word_1_803' title='bbox 1511 1311 1747 1347; x_wconf 88' lang='lat' dir='ltr'><strong>venditionem</strong></span> <span class='ocrx_word' id='word_1_804' title='bbox 1780 1312 1857 1357; x_wconf 90' lang='lat' dir='ltr'><strong>pati</strong></span> <span class='ocrx_word' id='word_1_805' title='bbox 1879 1323 1952 1347; x_wconf 90' lang='lat' dir='ltr'><strong>non</strong></span> <span class='ocrx_word' id='word_1_806' title='bbox 1976 1323 2101 1358; x_wconf 89' lang='lat' dir='ltr'><strong>posse,</strong></span> <span class='ocrx_word' id='word_1_807' title='bbox 2134 1313 2218 1357; x_wconf 90' lang='lat' dir='ltr'><strong>quia</strong></span> <span class='ocrx_word' id='word_1_808' title='bbox 2246 1323 2318 1348; x_wconf 91' lang='lat' dir='ltr'><strong>non</strong></span> <span class='ocrx_word' id='word_1_809' title='bbox 2349 1324 2387 1350; x_wconf 83' lang='lat' dir='ltr'><strong>se</strong></span> 
     </span>
     <span class='ocr_line' id='line_1_107' title="bbox 1305 1356 2387 1402; baseline 0.005 -12"><span class='ocrx_word' id='word_1_810' title='bbox 1305 1359 1345 1390; x_wconf 87' lang='lat'><strong>10</strong></span> <span class='ocrx_word' id='word_1_811' title='bbox 1393 1356 1569 1401; x_wconf 88' lang='lat' dir='ltr'><strong>occultat,</strong></span> <span class='ocrx_word' id='word_1_812' title='bbox 1603 1357 1664 1402; x_wconf 91' lang='lat' dir='ltr'><strong>qui</strong></span> <span class='ocrx_word' id='word_1_813' title='bbox 1695 1368 1782 1392; x_wconf 90' lang='lat' dir='ltr'><strong>suus</strong></span> <span class='ocrx_word' id='word_1_814' title='bbox 1813 1368 1886 1392; x_wconf 90' lang='lat' dir='ltr'><strong>non</strong></span> <span class='ocrx_word' id='word_1_815' title='bbox 1915 1361 1982 1393; x_wconf 88' lang='lat' dir='ltr'><strong>est.</strong></span> <span class='ocrx_word' id='word_1_816' title='bbox 2028 1358 2140 1394; x_wconf 89' lang='lat' dir='ltr'><strong>Plane</strong></span> <span class='ocrx_word' id='word_1_817' title='bbox 2171 1359 2202 1394; x_wconf 90' lang='lat' dir='ltr'><strong>si</strong></span> <span class='ocrx_word' id='word_1_818' title='bbox 2231 1369 2304 1395; x_wconf 90' lang='lat' dir='ltr'><strong>non</strong></span> <span class='ocrx_word' id='word_1_819' title='bbox 2327 1358 2387 1394; x_wconf 91' lang='lat' dir='ltr'><strong>de-</strong></span> 
     </span>
     <span class='ocr_line' id='line_1_108' title="bbox 1301 1401 2389 1446; baseline 0.004 -11"><span class='ocrx_word' id='word_1_820' title='bbox 1301 1401 1471 1436; x_wconf 88' lang='lat' dir='ltr'><strong>fendatur</strong></span> <span class='ocrx_word' id='word_1_821' title='bbox 1501 1401 1678 1444; x_wconf 88' lang='lat' dir='ltr'><strong>furiosus,</strong></span> <span class='ocrx_word' id='word_1_822' title='bbox 1712 1406 1913 1438; x_wconf 84' lang='lat' dir='ltr'><strong>curatorem</strong></span> <span class='ocrx_word' id='word_1_823' title='bbox 1938 1403 1971 1439; x_wconf 90' lang='lat' dir='ltr'><strong>ei</strong></span> <span class='ocrx_word' id='word_1_824' title='bbox 1994 1402 2170 1446; x_wconf 90' lang='lat' dir='ltr'><strong>dandum,</strong></span> <span class='ocrx_word' id='word_1_825' title='bbox 2201 1408 2266 1439; x_wconf 90' lang='lat' dir='ltr'><strong>aut</strong></span> <span class='ocrx_word' id='word_1_826' title='bbox 2294 1404 2389 1440; x_wconf 87' lang='lat' dir='ltr'><strong>bona</strong></span> 
     </span>
     <span class='ocr_line' id='line_1_109' title="bbox 1301 1446 2386 1493; baseline 0.003 -12"><span class='ocrx_word' id='word_1_827' title='bbox 1301 1446 1378 1482; x_wconf 91' lang='lat' dir='ltr'><strong>eius</strong></span> <span class='ocrx_word' id='word_1_828' title='bbox 1407 1450 1449 1481; x_wconf 93' lang='lat' dir='ltr'><strong>ut</strong></span> <span class='ocrx_word' id='word_1_829' title='bbox 1477 1447 1746 1492; x_wconf 89' lang='lat' dir='ltr'><strong>possideantur,</strong></span> <span class='ocrx_word' id='word_1_830' title='bbox 1777 1448 1985 1483; x_wconf 89' lang='lat' dir='ltr'><strong>nominatim</strong></span> <span class='ocrx_word' id='word_1_831' title='bbox 2014 1449 2288 1493; x_wconf 88' lang='lat' dir='ltr'><strong>permittendum</strong></span> <span class='ocrx_word' id='word_1_832' title='bbox 2323 1453 2386 1485; x_wconf 90' lang='lat' dir='ltr'><strong>est.</strong></span> 
     </span>
     <span class='ocr_line' id='line_1_110' title="bbox 1302 1491 2389 1536; baseline 0.004 -10"><span class='ocrx_word' id='word_1_833' title='bbox 1302 1491 1425 1527; x_wconf 86' lang='lat' dir='ltr'><strong>Labeo</strong></span> <span class='ocrx_word' id='word_1_834' title='bbox 1458 1496 1578 1528; x_wconf 91' lang='lat' dir='ltr'><strong>autem</strong></span> <span class='ocrx_word' id='word_1_835' title='bbox 1609 1493 1751 1536; x_wconf 88' lang='lat' dir='ltr'><strong>scribit,</strong></span> <span class='ocrx_word' id='word_1_836' title='bbox 1784 1494 1814 1529; x_wconf 90' lang='lat' dir='ltr'><strong>si</strong></span> <span class='ocrx_word' id='word_1_837' title='bbox 1846 1505 1919 1529; x_wconf 92' lang='lat' dir='ltr'><strong>non</strong></span> <span class='ocrx_word' id='word_1_838' title='bbox 1940 1493 2142 1529; x_wconf 88' lang='lat' dir='ltr'><strong>inveniatur</strong></span> <span class='ocrx_word' id='word_1_839' title='bbox 2165 1496 2311 1530; x_wconf 84' lang='lat' dir='ltr'><strong>curator</strong></span> <span class='ocrx_word' id='word_1_840' title='bbox 2333 1495 2389 1530; x_wconf 88' lang='lat' dir='ltr'><strong>vel</strong></span> 
     </span>
     <span class='ocr_line' id='line_1_111' title="bbox 1302 1536 2388 1581; baseline 0.004 -10"><span class='ocrx_word' id='word_1_841' title='bbox 1302 1536 1468 1573; x_wconf 90' lang='lat' dir='ltr'><strong>defensor</strong></span> <span class='ocrx_word' id='word_1_842' title='bbox 1498 1537 1644 1581; x_wconf 87' lang='lat' dir='ltr'><strong>furiosi,</strong></span> <span class='ocrx_word' id='word_1_843' title='bbox 1677 1538 1741 1574; x_wconf 89' lang='lat' dir='ltr'><strong>sed</strong></span> <span class='ocrx_word' id='word_1_844' title='bbox 1772 1542 1808 1574; x_wconf 88' lang='lat' dir='ltr'><strong>et</strong></span> <span class='ocrx_word' id='word_1_845' title='bbox 1838 1538 1869 1574; x_wconf 92' lang='lat' dir='ltr'><strong>si</strong></span> <span class='ocrx_word' id='word_1_846' title='bbox 1900 1543 2046 1575; x_wconf 89' lang='lat' dir='ltr'><strong>curator</strong></span> <span class='ocrx_word' id='word_1_847' title='bbox 2075 1539 2182 1574; x_wconf 89' lang='lat' dir='ltr'><strong>datus</strong></span> <span class='ocrx_word' id='word_1_848' title='bbox 2212 1550 2292 1575; x_wconf 91' lang='lat' dir='ltr'><strong>eum</strong></span> <span class='ocrx_word' id='word_1_849' title='bbox 2316 1550 2388 1575; x_wconf 89' lang='lat' dir='ltr'><strong>non</strong></span> 
     </span>
     <span class='ocr_line' id='line_1_112' title="bbox 1302 1582 2387 1631; baseline 0.004 -14"><span class='ocrx_word' id='word_1_850' title='bbox 1302 1582 1488 1625; x_wconf 89' lang='lat' dir='ltr'><strong>defendat,</strong></span> <span class='ocrx_word' id='word_1_851' title='bbox 1522 1586 1609 1618; x_wconf 90' lang='lat' dir='ltr'><strong>tunc</strong></span> <span class='ocrx_word' id='word_1_852' title='bbox 1638 1584 1890 1619; x_wconf 90' lang='lat' dir='ltr'><strong>removendum</strong></span> <span class='ocrx_word' id='word_1_853' title='bbox 1920 1595 2000 1619; x_wconf 92' lang='lat' dir='ltr'><strong>eum</strong></span> <span class='ocrx_word' id='word_1_854' title='bbox 2029 1588 2066 1619; x_wconf 93' lang='lat' dir='ltr'><strong>et</strong></span> <span class='ocrx_word' id='word_1_855' title='bbox 2094 1589 2259 1630; x_wconf 87' lang='lat' dir='ltr'><strong>oportere</strong></span> <span class='ocrx_word' id='word_1_856' title='bbox 2282 1595 2387 1631; x_wconf 88' lang='lat' dir='ltr'><strong>prae-</strong></span> 
     </span>
     <span class='ocr_line' id='line_1_113' title="bbox 1301 1628 2388 1674; baseline 0.004 -12"><span class='ocrx_word' id='word_1_857' title='bbox 1301 1631 1415 1663; x_wconf 91' lang='lat' dir='ltr'><strong>torem</strong></span> <span class='ocrx_word' id='word_1_858' title='bbox 1446 1628 1533 1664; x_wconf 88' lang='lat' dir='ltr'><strong>dare</strong></span> <span class='ocrx_word' id='word_1_859' title='bbox 1564 1632 1767 1664; x_wconf 86' lang='lat' dir='ltr'><strong>curatorem</strong></span> <span class='ocrx_word' id='word_1_860' title='bbox 1795 1629 1949 1674; x_wconf 90' lang='lat' dir='ltr'><strong>aliquem</strong></span> <span class='ocrx_word' id='word_1_861' title='bbox 1982 1640 2025 1665; x_wconf 86' lang='lat' dir='ltr'><strong>ex</strong></span> <span class='ocrx_word' id='word_1_862' title='bbox 2058 1630 2315 1674; x_wconf 88' lang='lat' dir='ltr'><strong>creditoribus,</strong></span> <span class='ocrx_word' id='word_1_863' title='bbox 2347 1634 2388 1666; x_wconf 93' lang='lat' dir='ltr'><strong>ut</strong></span> 
     </span>
     <span class='ocr_line' id='line_1_114' title="bbox 1301 1673 2387 1719; baseline 0.004 -12"><span class='ocrx_word' id='word_1_864' title='bbox 1301 1683 1373 1708; x_wconf 92' lang='lat' dir='ltr'><strong>non</strong></span> <span class='ocrx_word' id='word_1_865' title='bbox 1397 1673 1568 1718; x_wconf 88' lang='lat' dir='ltr'><strong>amplius,</strong></span> <span class='ocrx_word' id='word_1_866' title='bbox 1594 1684 1700 1719; x_wconf 91' lang='lat' dir='ltr'><strong>quam</strong></span> <span class='ocrx_word' id='word_1_867' title='bbox 1723 1685 1871 1711; x_wconf 89' lang='lat' dir='ltr'><strong>necesse</strong></span> <span class='ocrx_word' id='word_1_868' title='bbox 1895 1679 1961 1717; x_wconf 88' lang='lat' dir='ltr'><strong>est,</strong></span> <span class='ocrx_word' id='word_1_869' title='bbox 1986 1685 2030 1710; x_wconf 86' lang='lat' dir='ltr'><strong>ex</strong></span> <span class='ocrx_word' id='word_1_870' title='bbox 2053 1675 2157 1711; x_wconf 90' lang='lat' dir='ltr'><strong>bonis</strong></span> <span class='ocrx_word' id='word_1_871' title='bbox 2180 1675 2305 1711; x_wconf 83' lang='lat' dir='ltr'><strong>furiosi</strong></span> <span class='ocrx_word' id='word_1_872' title='bbox 2328 1686 2387 1711; x_wconf 91' lang='lat' dir='ltr'><strong>ve-</strong></span> 
     </span>
     <span class='ocr_line' id='line_1_115' title="bbox 1301 1719 2387 1766; baseline 0.004 -14"><span class='ocrx_word' id='word_1_873' title='bbox 1301 1722 1403 1753; x_wconf 90' lang='lat' dir='ltr'><strong>neat:</strong></span> <span class='ocrx_word' id='word_1_874' title='bbox 1438 1729 1552 1764; x_wconf 86' lang='lat' dir='ltr'><strong>eaque</strong></span> <span class='ocrx_word' id='word_1_875' title='bbox 1584 1719 1758 1755; x_wconf 89' lang='lat' dir='ltr'><strong>servanda</strong></span> <span class='ocrx_word' id='word_1_876' title='bbox 1789 1720 1913 1756; x_wconf 90' lang='lat' dir='ltr'><strong>Labeo</strong></span> <span class='ocrx_word' id='word_1_877' title='bbox 1946 1720 2012 1764; x_wconf 88' lang='lat' dir='ltr'><strong>ait,</strong></span> <span class='ocrx_word' id='word_1_878' title='bbox 2046 1731 2137 1766; x_wconf 87' lang='lat' dir='ltr'><strong>quae</strong></span> <span class='ocrx_word' id='word_1_879' title='bbox 2166 1721 2283 1756; x_wconf 88' lang='lat' dir='ltr'><strong>solent</strong></span> <span class='ocrx_word' id='word_1_880' title='bbox 2312 1732 2387 1758; x_wconf 89' lang='lat' dir='ltr'><strong>ser-</strong></span> 
     </span>
     <span class='ocr_line' id='line_1_116' title="bbox 1304 1764 2388 1810; baseline 0.003 -12"><span class='ocrx_word' id='word_1_881' title='bbox 1304 1767 1341 1798; x_wconf 85' lang='lat'><strong>11</strong></span> <span class='ocrx_word' id='word_1_882' title='bbox 1391 1764 1478 1806; x_wconf 88' lang='lat' dir='ltr'><strong>vari,</strong></span> <span class='ocrx_word' id='word_1_883' title='bbox 1503 1775 1584 1799; x_wconf 90' lang='lat' dir='ltr'><strong>cum</strong></span> <span class='ocrx_word' id='word_1_884' title='bbox 1603 1768 1727 1800; x_wconf 90' lang='lat' dir='ltr'><strong>venter</strong></span> <span class='ocrx_word' id='word_1_885' title='bbox 1737 1765 1775 1800; x_wconf 95' lang='lat' dir='ltr'><strong>in</strong></span> <span class='ocrx_word' id='word_1_886' title='bbox 1794 1766 2057 1810; x_wconf 88' lang='lat' dir='ltr'><strong>possessionem</strong></span> <span class='ocrx_word' id='word_1_887' title='bbox 2076 1766 2238 1802; x_wconf 88' lang='lat' dir='ltr'><strong>mittitur.</strong></span> <span class='ocrx_word' id='word_1_888' title='bbox 2276 1766 2388 1802; x_wconf 89' lang='lat' dir='ltr'><strong>Plane</strong></span> 
     </span>
     <span class='ocr_line' id='line_1_117' title="bbox 1300 1809 2386 1855; baseline 0.004 -12"><span class='ocrx_word' id='word_1_889' title='bbox 1300 1809 1480 1844; x_wconf 91' lang='lat' dir='ltr'><strong>interdum</strong></span> <span class='ocrx_word' id='word_1_890' title='bbox 1508 1809 1604 1845; x_wconf 93' lang='lat' dir='ltr'><strong>bona</strong></span> <span class='ocrx_word' id='word_1_891' title='bbox 1636 1811 1711 1846; x_wconf 87' lang='lat' dir='ltr'><strong>eius</strong></span> <span class='ocrx_word' id='word_1_892' title='bbox 1743 1820 1854 1846; x_wconf 89' lang='lat' dir='ltr'><strong>causa</strong></span> <span class='ocrx_word' id='word_1_893' title='bbox 1885 1811 2027 1855; x_wconf 87' lang='lat' dir='ltr'><strong>cognita</strong></span> <span class='ocrx_word' id='word_1_894' title='bbox 2057 1811 2243 1847; x_wconf 89' lang='lat' dir='ltr'><strong>vendenda</strong></span> <span class='ocrx_word' id='word_1_895' title='bbox 2273 1816 2386 1854; x_wconf 88' lang='lat' dir='ltr'><strong>erunt,</strong></span> 
     </span>
     <span class='ocr_line' id='line_1_118' title="bbox 1301 1854 2387 1899; baseline 0.003 -10"><span class='ocrx_word' id='word_1_896' title='bbox 1301 1854 1331 1889; x_wconf 90' lang='lat' dir='ltr'><strong>si</strong></span> <span class='ocrx_word' id='word_1_897' title='bbox 1355 1858 1506 1899; x_wconf 82' lang='lat' dir='ltr'><strong>urgueat</strong></span> <span class='ocrx_word' id='word_1_898' title='bbox 1529 1865 1590 1890; x_wconf 88' lang='lat' dir='ltr'><strong>aes</strong></span> <span class='ocrx_word' id='word_1_899' title='bbox 1609 1855 1765 1891; x_wconf 87' lang='lat' dir='ltr'><strong>alienum</strong></span> <span class='ocrx_word' id='word_1_900' title='bbox 1783 1860 1819 1891; x_wconf 93' lang='grc'><strong>01</strong></span> <span class='ocrx_word' id='word_1_901' title='bbox 1837 1856 1960 1891; x_wconf 91' lang='lat' dir='ltr'><strong>dilatio</strong></span> <span class='ocrx_word' id='word_1_902' title='bbox 1983 1856 2149 1892; x_wconf 92' lang='lat' dir='ltr'><strong>damnum</strong></span> <span class='ocrx_word' id='word_1_903' title='bbox 2168 1857 2216 1893; x_wconf 87' lang='lat' dir='ltr'><strong>sit</strong></span> <span class='ocrx_word' id='word_1_904' title='bbox 2234 1857 2387 1892; x_wconf 88' lang='lat' dir='ltr'><strong>allatura</strong></span> 
     </span>
     <span class='ocr_line' id='line_1_119' title="bbox 1302 1899 2388 1955; baseline 0.003 -21"><span class='ocrx_word' id='word_1_905' title='bbox 1302 1899 1554 1944; x_wconf 88' lang='lat' dir='ltr'><strong>creditoribus,</strong></span> <span class='ocrx_word' id='word_1_906' title='bbox 1587 1900 1639 1935; x_wconf 86' lang='lat' dir='ltr'><strong>ita</strong></span> <span class='ocrx_word' id='word_1_907' title='bbox 1662 1904 1782 1937; x_wconf 88' lang='lat' dir='ltr'><strong>autem</strong></span> <span class='ocrx_word' id='word_1_908' title='bbox 1805 1901 2007 1946; x_wconf 88' lang='lat' dir='ltr'><strong>vendenda,</strong></span> <span class='ocrx_word' id='word_1_909' title='bbox 2038 1906 2079 1936; x_wconf 91' lang='lat' dir='ltr'><strong>ut</strong></span> <span class='ocrx_word' id='word_1_910' title='bbox 2101 1902 2197 1947; x_wconf 90' lang='lat' dir='ltr'><strong>quod</strong></span> <span class='ocrx_word' id='word_1_911' title='bbox 2220 1903 2388 1955; x_wconf 85' lang='lat' dir='ltr'><strong>supersit,</strong></span> 
     </span>
     <span class='ocr_line' id='line_1_120' title="bbox 1301 1945 2386 1991; baseline 0.003 -12"><span class='ocrx_word' id='word_1_912' title='bbox 1301 1945 1437 1980; x_wconf 87' lang='lat' dir='ltr'><strong>furioso</strong></span> <span class='ocrx_word' id='word_1_913' title='bbox 1463 1945 1583 1988; x_wconf 90' lang='lat' dir='ltr'><strong>detur,</strong></span> <span class='ocrx_word' id='word_1_914' title='bbox 1615 1946 1700 1991; x_wconf 90' lang='lat' dir='ltr'><strong>quia</strong></span> <span class='ocrx_word' id='word_1_915' title='bbox 1722 1946 1874 1982; x_wconf 90' lang='lat' dir='ltr'><strong>hominis</strong></span> <span class='ocrx_word' id='word_1_916' title='bbox 1900 1947 1974 1982; x_wconf 86' lang='lat' dir='ltr'><strong>eius</strong></span> <span class='ocrx_word' id='word_1_917' title='bbox 1999 1950 2115 1983; x_wconf 88' lang='lat' dir='ltr'><strong>status</strong></span> <span class='ocrx_word' id='word_1_918' title='bbox 2139 1951 2176 1983; x_wconf 90' lang='lat' dir='ltr'><strong>et</strong></span> <span class='ocrx_word' id='word_1_919' title='bbox 2198 1947 2343 1983; x_wconf 84' lang='grc'><strong>1101111110</strong></span> <span class='ocrx_word' id='word_1_920' title='bbox 2366 1959 2386 1982; x_wconf 85' lang='lat' dir='ltr'><strong>a</strong></span> 
     </span>
     <span class='ocr_line' id='line_1_121' title="bbox 1300 1990 2384 2038; baseline 0.003 -14"><span class='ocrx_word' id='word_1_921' title='bbox 1300 1990 1428 2035; x_wconf 91' lang='lat' dir='ltr'><strong>pupilli</strong></span> <span class='ocrx_word' id='word_1_922' title='bbox 1457 1991 1666 2027; x_wconf 91' lang='lat' dir='ltr'><strong>condicione</strong></span> <span class='ocrx_word' id='word_1_923' title='bbox 1688 2002 1762 2026; x_wconf 89' lang='lat' dir='ltr'><strong>non</strong></span> <span class='ocrx_word' id='word_1_924' title='bbox 1784 1992 1935 2027; x_wconf 92' lang='lat' dir='ltr'><strong>multum</strong></span> <span class='ocrx_word' id='word_1_925' title='bbox 1958 1992 2146 2028; x_wconf 90' lang='lat' dir='ltr'><strong>abhorret:</strong></span> <span class='ocrx_word' id='word_1_926' title='bbox 2180 1993 2277 2038; x_wconf 90' lang='lat' dir='ltr'><strong>quod</strong></span> <span class='ocrx_word' id='word_1_927' title='bbox 2308 1992 2384 2038; x_wconf 89' lang='lat' dir='ltr'><strong>qui-</strong></span> 
     </span>
     <span class='ocr_line' id='line_1_122' title="bbox 1305 2035 2385 2083; baseline 0.003 -13"><span class='ocrx_word' id='word_1_928' title='bbox 1305 2038 1345 2070; x_wconf 83' lang='lat'><strong>12</strong></span> <span class='ocrx_word' id='word_1_929' title='bbox 1393 2035 1472 2071; x_wconf 89' lang='grc'><strong>(10111</strong></span> <span class='ocrx_word' id='word_1_930' title='bbox 1495 2047 1567 2072; x_wconf 90' lang='lat' dir='ltr'><strong>non</strong></span> <span class='ocrx_word' id='word_1_931' title='bbox 1594 2040 1648 2072; x_wconf 88' lang='lat' dir='ltr'><strong>est</strong></span> <span class='ocrx_word' id='word_1_932' title='bbox 1670 2037 1747 2072; x_wconf 90' lang='lat' dir='ltr'><strong>sine</strong></span> <span class='ocrx_word' id='word_1_933' title='bbox 1770 2037 1921 2073; x_wconf 89' lang='lat' dir='ltr'><strong>ratione.</strong></span> <span class='ocrx_word' id='word_1_934' title='bbox 1968 2037 2137 2083; x_wconf 90' lang='lat' dir='ltr'><strong>Idemque</strong></span> <span class='ocrx_word' id='word_1_935' title='bbox 2168 2042 2204 2073; x_wconf 91' lang='lat' dir='ltr'><strong>et</strong></span> <span class='ocrx_word' id='word_1_936' title='bbox 2232 2037 2271 2073; x_wconf 89' lang='lat' dir='ltr'><strong>in</strong></span> <span class='ocrx_word' id='word_1_937' title='bbox 2302 2049 2385 2083; x_wconf 92' lang='lat' dir='ltr'><strong>pro-</strong></span> 
     </span>
     <span class='ocr_line' id='line_1_123' title="bbox 1301 2080 2386 2132; baseline 0.002 -16"><span class='ocrx_word' id='word_1_938' title='bbox 1301 2080 1381 2125; x_wconf 87' lang='lat' dir='ltr'><strong>digo</strong></span> <span class='ocrx_word' id='word_1_939' title='bbox 1415 2081 1604 2117; x_wconf 89' lang='lat' dir='ltr'><strong>dicendum</strong></span> <span class='ocrx_word' id='word_1_940' title='bbox 1640 2086 1695 2118; x_wconf 87' lang='lat' dir='ltr'><strong>est</strong></span> <span class='ocrx_word' id='word_1_941' title='bbox 1726 2083 1940 2128; x_wconf 89' lang='lat' dir='ltr'><strong>ceterisque,</strong></span> <span class='ocrx_word' id='word_1_942' title='bbox 1982 2082 2042 2128; x_wconf 91' lang='lat' dir='ltr'><strong>qui</strong></span> <span class='ocrx_word' id='word_1_943' title='bbox 2080 2086 2284 2119; x_wconf 86' lang='lat' dir='ltr'><strong>curatorum</strong></span> <span class='ocrx_word' id='word_1_944' title='bbox 2319 2094 2386 2132; x_wconf 87' lang='lat' dir='ltr'><strong>ope</strong></span> 
     </span>
     <span class='ocr_line' id='line_1_124' title="bbox 1299 2125 2385 2174; baseline 0.004 -14"><span class='ocrx_word' id='word_1_945' title='bbox 1299 2125 1486 2162; x_wconf 89' lang='lat' dir='ltr'><strong>iuvantur:</strong></span> <span class='ocrx_word' id='word_1_946' title='bbox 1526 2137 1593 2162; x_wconf 90' lang='lat' dir='ltr'><strong>nec</strong></span> <span class='ocrx_word' id='word_1_947' title='bbox 1631 2127 1724 2163; x_wconf 91' lang='lat' dir='ltr'><strong>enim</strong></span> <span class='ocrx_word' id='word_1_948' title='bbox 1755 2127 1943 2173; x_wconf 89' lang='lat' dir='ltr'><strong>quisquam</strong></span> <span class='ocrx_word' id='word_1_949' title='bbox 1978 2128 2124 2174; x_wconf 90' lang='lat' dir='ltr'><strong>proprie</strong></span> <span class='ocrx_word' id='word_1_950' title='bbox 2154 2128 2294 2163; x_wconf 89' lang='lat' dir='ltr'><strong>latitare</strong></span> <span class='ocrx_word' id='word_1_951' title='bbox 2324 2139 2385 2164; x_wconf 91' lang='lat' dir='ltr'><strong>eos</strong></span> 
     </span>
     <span class='ocr_line' id='line_1_125' title="bbox 1303 2171 2386 2226; baseline 0.002 -20"><span class='ocrx_word' id='word_1_952' title='bbox 1303 2174 1343 2206; x_wconf 88' lang='lat'><strong>13</strong></span> <span class='ocrx_word' id='word_1_953' title='bbox 1392 2171 1532 2208; x_wconf 86' lang='lat' dir='ltr'><strong>dixerit.</strong></span> <span class='ocrx_word' id='word_1_954' title='bbox 1567 2172 1662 2208; x_wconf 90' lang='lat' dir='ltr'><strong>Illud</strong></span> <span class='ocrx_word' id='word_1_955' title='bbox 1683 2172 1865 2208; x_wconf 87' lang='lat' dir='ltr'><strong>sciendum</strong></span> <span class='ocrx_word' id='word_1_956' title='bbox 1886 2178 1940 2209; x_wconf 90' lang='lat' dir='ltr'><strong>est</strong></span> <span class='ocrx_word' id='word_1_957' title='bbox 1958 2183 2064 2218; x_wconf 89' lang='lat' dir='ltr'><strong>posse</strong></span> <span class='ocrx_word' id='word_1_958' title='bbox 2083 2184 2188 2226; x_wconf 85' lang='lat' dir='ltr'><strong>quem</strong></span> <span class='ocrx_word' id='word_1_959' title='bbox 2207 2173 2244 2209; x_wconf 88' lang='grc'><strong>111</strong></span> <span class='ocrx_word' id='word_1_960' title='bbox 2265 2174 2386 2209; x_wconf 91' lang='lat' dir='ltr'><strong>eadem</strong></span> 
     </span>
     <span class='ocr_line' id='line_1_126' title="bbox 1301 2217 2385 2261; baseline 0.002 -9"><span class='ocrx_word' id='word_1_961' title='bbox 1301 2217 1443 2252; x_wconf 86' lang='lat' dir='ltr'><strong>civitate</strong></span> <span class='ocrx_word' id='word_1_962' title='bbox 1472 2228 1551 2253; x_wconf 90' lang='lat' dir='ltr'><strong>esse</strong></span> <span class='ocrx_word' id='word_1_963' title='bbox 1582 2221 1618 2253; x_wconf 88' lang='lat' dir='ltr'><strong>et</strong></span> <span class='ocrx_word' id='word_1_964' title='bbox 1647 2218 1807 2261; x_wconf 86' lang='lat' dir='ltr'><strong>latitare,</strong></span> <span class='ocrx_word' id='word_1_965' title='bbox 1839 2222 1876 2254; x_wconf 90' lang='lat' dir='ltr'><strong>et</strong></span> <span class='ocrx_word' id='word_1_966' title='bbox 1906 2219 1944 2253; x_wconf 91' lang='lat' dir='ltr'><strong>in</strong></span> <span class='ocrx_word' id='word_1_967' title='bbox 1975 2219 2046 2254; x_wconf 91' lang='lat' dir='ltr'><strong>alia</strong></span> <span class='ocrx_word' id='word_1_968' title='bbox 2079 2219 2220 2254; x_wconf 89' lang='lat' dir='ltr'><strong>c1vitate</strong></span> <span class='ocrx_word' id='word_1_969' title='bbox 2251 2223 2287 2254; x_wconf 87' lang='lat' dir='ltr'><strong>et</strong></span> <span class='ocrx_word' id='word_1_970' title='bbox 2314 2229 2385 2254; x_wconf 90' lang='lat' dir='ltr'><strong>non</strong></span> 
     </span>
     <span class='ocr_line' id='line_1_127' title="bbox 1300 2262 2386 2309; baseline 0.002 -12"><span class='ocrx_word' id='word_1_971' title='bbox 1300 2262 1452 2298; x_wconf 89' lang='lat' dir='ltr'><strong>latitare.</strong></span> <span class='ocrx_word' id='word_1_972' title='bbox 1502 2262 1634 2299; x_wconf 87' lang='lat' dir='ltr'><strong>etenim</strong></span> <span class='ocrx_word' id='word_1_973' title='bbox 1665 2263 1727 2308; x_wconf 91' lang='lat' dir='ltr'><strong>qui</strong></span> <span class='ocrx_word' id='word_1_974' title='bbox 1756 2264 1794 2298; x_wconf 92' lang='lat' dir='ltr'><strong>in</strong></span> <span class='ocrx_word' id='word_1_975' title='bbox 1825 2264 1896 2298; x_wconf 89' lang='lat' dir='ltr'><strong>alia</strong></span> <span class='ocrx_word' id='word_1_976' title='bbox 1928 2264 2069 2299; x_wconf 89' lang='lat' dir='ltr'><strong>civitate</strong></span> <span class='ocrx_word' id='word_1_977' title='bbox 2100 2264 2148 2299; x_wconf 87' lang='lat' dir='ltr'><strong>sit</strong></span> <span class='ocrx_word' id='word_1_978' title='bbox 2177 2264 2386 2309; x_wconf 91' lang='lat' dir='ltr'><strong>copiamque</strong></span> 
     </span>
     <span class='ocr_line' id='line_1_128' title="bbox 1300 2308 2384 2354; baseline 0.002 -12"><span class='ocrx_word' id='word_1_979' title='bbox 1300 2308 1357 2343; x_wconf 90' lang='lat' dir='ltr'><strong>sui</strong></span> <span class='ocrx_word' id='word_1_980' title='bbox 1380 2308 1491 2343; x_wconf 89' lang='lat' dir='ltr'><strong>faciat</strong></span> <span class='ocrx_word' id='word_1_981' title='bbox 1512 2308 1550 2343; x_wconf 92' lang='lat' dir='ltr'><strong>in</strong></span> <span class='ocrx_word' id='word_1_982' title='bbox 1573 2308 1718 2353; x_wconf 89' lang='lat' dir='ltr'><strong>publico</strong></span> <span class='ocrx_word' id='word_1_983' title='bbox 1743 2309 1863 2354; x_wconf 91' lang='lat' dir='ltr'><strong>ibique</strong></span> <span class='ocrx_word' id='word_1_984' title='bbox 1886 2314 2023 2354; x_wconf 92' lang='lat' dir='ltr'><strong>pareat,</strong></span> <span class='ocrx_word' id='word_1_985' title='bbox 2050 2319 2096 2344; x_wconf 89' lang='lat' dir='ltr'><strong>an</strong></span> <span class='ocrx_word' id='word_1_986' title='bbox 2116 2309 2241 2352; x_wconf 88' lang='lat' dir='ltr'><strong>latitet,</strong></span> <span class='ocrx_word' id='word_1_987' title='bbox 2267 2309 2384 2344; x_wconf 89' lang='lat' dir='ltr'><strong>videa-</strong></span> 
     </span>
     <span class='ocr_line' id='line_1_129' title="bbox 1299 2353 2382 2399; baseline 0.002 -12"><span class='ocrx_word' id='word_1_988' title='bbox 1299 2364 1389 2388; x_wconf 88' lang='lat' dir='ltr'><strong>mus.</strong></span> <span class='ocrx_word' id='word_1_989' title='bbox 1438 2357 1474 2389; x_wconf 91' lang='lat' dir='ltr'><strong>et</strong></span> <span class='ocrx_word' id='word_1_990' title='bbox 1496 2353 1602 2389; x_wconf 92' lang='lat' dir='ltr'><strong>hodie</strong></span> <span class='ocrx_word' id='word_1_991' title='bbox 1626 2354 1695 2390; x_wconf 90' lang='lat' dir='ltr'><strong>hoc</strong></span> <span class='ocrx_word' id='word_1_992' title='bbox 1719 2354 1796 2390; x_wconf 87' lang='grc'><strong>11110</strong></span> <span class='ocrx_word' id='word_1_993' title='bbox 1819 2354 1967 2398; x_wconf 86' lang='grc'><strong>1111111111,</strong></span> <span class='ocrx_word' id='word_1_994' title='bbox 1998 2358 2039 2389; x_wconf 89' lang='grc'><strong>111</strong></span> <span class='ocrx_word' id='word_1_995' title='bbox 2061 2354 2135 2389; x_wconf 89' lang='lat' dir='ltr'><strong>sive</strong></span> <span class='ocrx_word' id='word_1_996' title='bbox 2159 2354 2238 2399; x_wconf 91' lang='lat' dir='ltr'><strong>quis</strong></span> <span class='ocrx_word' id='word_1_997' title='bbox 2261 2354 2382 2390; x_wconf 90' lang='lat' dir='ltr'><strong>eodem</strong></span> 
     </span>
     <span class='ocr_line' id='line_1_130' title="bbox 1298 2398 2384 2444; baseline 0.001 -11"><span class='ocrx_word' id='word_1_998' title='bbox 1298 2398 1408 2434; x_wconf 70' lang='lat' dir='ltr'><strong>loci¹⁴</strong></span> <span class='ocrx_word' id='word_1_999' title='bbox 1440 2402 1524 2444; x_wconf 88' lang='lat' dir='ltr'><strong>agat</strong></span> <span class='ocrx_word' id='word_1_1000' title='bbox 1552 2400 1626 2435; x_wconf 90' lang='lat' dir='ltr'><strong>sive</strong></span> <span class='ocrx_word' id='word_1_1001' title='bbox 1682 2409 1803 2444; x_wconf 87' lang='lat' dir='ltr'><strong>eregre</strong></span> <span class='ocrx_word' id='word_1_1002' title='bbox 1833 2403 1934 2444; x_wconf 89' lang='lat' dir='ltr'><strong>agat,</strong></span> <span class='ocrx_word' id='word_1_1003' title='bbox 1973 2399 2003 2435; x_wconf 89' lang='lat' dir='ltr'><strong>si</strong></span> <span class='ocrx_word' id='word_1_1004' title='bbox 2039 2403 2159 2434; x_wconf 92' lang='lat' dir='ltr'><strong>tamen</strong></span> <span class='ocrx_word' id='word_1_1005' title='bbox 2195 2409 2384 2435; x_wconf 87' lang='lat' dir='ltr'><strong>occursum</strong></span> 
     </span>
     <span class='ocr_line' id='line_1_131' title="bbox 1300 2443 2382 2490; baseline 0 -11"><span class='ocrx_word' id='word_1_1006' title='bbox 1300 2443 1485 2479; x_wconf 85' lang='lat' dir='ltr'><strong>creditoris</strong></span> <span class='ocrx_word' id='word_1_1007' title='bbox 1511 2444 1627 2483; x_wconf 71' lang='lat' dir='ltr'><strong>evitet,</strong></span> <span class='ocrx_word' id='word_1_1008' title='bbox 1665 2444 1793 2480; x_wconf 90' lang='lat' dir='ltr'><strong>atitare</strong></span> <span class='ocrx_word' id='word_1_1009' title='bbox 1817 2444 1989 2479; x_wconf 88' lang='lat' dir='ltr'><strong>videatur.</strong></span> <span class='ocrx_word' id='word_1_1010' title='bbox 2027 2444 2177 2489; x_wconf 88' lang='lat' dir='ltr'><strong>denique</strong></span> <span class='ocrx_word' id='word_1_1011' title='bbox 2197 2455 2278 2479; x_wconf 93' lang='lat' dir='ltr'><strong>eum</strong></span> <span class='ocrx_word' id='word_1_1012' title='bbox 2297 2455 2382 2490; x_wconf 92' lang='lat' dir='ltr'><strong>quo-</strong></span> 
     </span>
     <span class='ocr_line' id='line_1_132' title="bbox 1300 2489 2383 2534; baseline 0 -10"><span class='ocrx_word' id='word_1_1013' title='bbox 1300 2499 1378 2534; x_wconf 91' lang='lat' dir='ltr'><strong>que,</strong></span> <span class='ocrx_word' id='word_1_1014' title='bbox 1405 2489 1466 2533; x_wconf 90' lang='lat' dir='ltr'><strong>qui</strong></span> <span class='ocrx_word' id='word_1_1015' title='bbox 1487 2489 1525 2524; x_wconf 88' lang='lat' dir='ltr'><strong>in</strong></span> <span class='ocrx_word' id='word_1_1016' title='bbox 1549 2489 1628 2525; x_wconf 91' lang='lat' dir='ltr'><strong>foro</strong></span> <span class='ocrx_word' id='word_1_1017' title='bbox 1654 2489 1777 2525; x_wconf 91' lang='lat' dir='ltr'><strong>eodem</strong></span> <span class='ocrx_word' id='word_1_1018' title='bbox 1802 2494 1902 2534; x_wconf 86' lang='lat' dir='ltr'><strong>agat,</strong></span> <span class='ocrx_word' id='word_1_1019' title='bbox 1935 2490 1965 2524; x_wconf 91' lang='lat' dir='ltr'><strong>si</strong></span> <span class='ocrx_word' id='word_1_1020' title='bbox 1996 2489 2091 2524; x_wconf 90' lang='lat' dir='ltr'><strong>circa</strong></span> <span class='ocrx_word' id='word_1_1021' title='bbox 2115 2489 2297 2525; x_wconf 88' lang='lat' dir='ltr'><strong>columnas</strong></span> <span class='ocrx_word' id='word_1_1022' title='bbox 2321 2493 2383 2524; x_wconf 91' lang='lat' dir='ltr'><strong>aut</strong></span> 
     </span>
     <span class='ocr_line' id='line_1_133' title="bbox 1299 2534 2382 2580; baseline 0.002 -12"><span class='ocrx_word' id='word_1_1023' title='bbox 1299 2534 1471 2569; x_wconf 90' lang='lat' dir='ltr'><strong>stationes</strong></span> <span class='ocrx_word' id='word_1_1024' title='bbox 1496 2545 1535 2570; x_wconf 90' lang='lat' dir='ltr'><strong>se</strong></span> <span class='ocrx_word' id='word_1_1025' title='bbox 1559 2535 1736 2577; x_wconf 90' lang='lat' dir='ltr'><strong>occultet,</strong></span> <span class='ocrx_word' id='word_1_1026' title='bbox 1765 2535 1876 2570; x_wconf 90' lang='lat' dir='ltr'><strong>videri</strong></span> <span class='ocrx_word' id='word_1_1027' title='bbox 1904 2534 2045 2570; x_wconf 89' lang='lat' dir='ltr'><strong>latitare</strong></span> <span class='ocrx_word' id='word_1_1028' title='bbox 2076 2538 2212 2570; x_wconf 89' lang='lat' dir='ltr'><strong>veteres</strong></span> <span class='ocrx_word' id='word_1_1029' title='bbox 2235 2545 2382 2580; x_wconf 88' lang='lat' dir='ltr'><strong>respon-</strong></span> 
     </span>
     <span class='ocr_line' id='line_1_134' title="bbox 1299 2579 2381 2625; baseline 0 -11"><span class='ocrx_word' id='word_1_1030' title='bbox 1299 2579 1439 2622; x_wconf 90' lang='lat' dir='ltr'><strong>derunt,</strong></span> <span class='ocrx_word' id='word_1_1031' title='bbox 1464 2583 1501 2615; x_wconf 92' lang='lat' dir='ltr'><strong>et</strong></span> <span class='ocrx_word' id='word_1_1032' title='bbox 1523 2590 1630 2624; x_wconf 90' lang='lat' dir='ltr'><strong>posse</strong></span> <span class='ocrx_word' id='word_1_1033' title='bbox 1655 2590 1759 2625; x_wconf 92' lang='lat' dir='ltr'><strong>quem</strong></span> <span class='ocrx_word' id='word_1_1034' title='bbox 1783 2580 1952 2615; x_wconf 88' lang='lat' dir='ltr'><strong>adversus</strong></span> <span class='ocrx_word' id='word_1_1035' title='bbox 1972 2580 2123 2615; x_wconf 89' lang='lat' dir='ltr'><strong>alterum</strong></span> <span class='ocrx_word' id='word_1_1036' title='bbox 2140 2579 2293 2624; x_wconf 88' lang='lat' dir='ltr'><strong>latitare,</strong></span> <span class='ocrx_word' id='word_1_1037' title='bbox 2319 2579 2381 2614; x_wconf 90' lang='lat' dir='ltr'><strong>ad-</strong></span> 
     </span>
     <span class='ocr_line' id='line_1_135' title="bbox 1298 2624 2382 2670; baseline -0.001 -10"><span class='ocrx_word' id='word_1_1038' title='bbox 1298 2635 1419 2660; x_wconf 86' lang='lat' dir='ltr'><strong>versus</strong></span> <span class='ocrx_word' id='word_1_1039' title='bbox 1456 2625 1609 2660; x_wconf 88' lang='lat' dir='ltr'><strong>alterum</strong></span> <span class='ocrx_word' id='word_1_1040' title='bbox 1646 2635 1730 2660; x_wconf 90' lang='lat' dir='ltr'><strong>non.</strong></span> <span class='ocrx_word' id='word_1_1041' title='bbox 1779 2628 1921 2660; x_wconf 89' lang='lat' dir='ltr'><strong>constat</strong></span> <span class='ocrx_word' id='word_1_1042' title='bbox 1950 2629 2088 2667; x_wconf 90' lang='lat' dir='ltr'><strong>autem,</strong></span> <span class='ocrx_word' id='word_1_1043' title='bbox 2127 2628 2168 2659; x_wconf 90' lang='lat' dir='ltr'><strong>ut</strong></span> <span class='ocrx_word' id='word_1_1044' title='bbox 2197 2624 2275 2670; x_wconf 91' lang='lat' dir='ltr'><strong>ipse</strong></span> <span class='ocrx_word' id='word_1_1045' title='bbox 2306 2624 2382 2660; x_wconf 91' lang='lat' dir='ltr'><strong>eius</strong></span> 
     </span>
     <span class='ocr_line' id='line_1_136' title="bbox 1302 2669 2381 2723; baseline 0.002 -19"><span class='ocrx_word' id='word_1_1046' title='bbox 1302 2673 1341 2704; x_wconf 81' lang='lat'><strong>14</strong></span> <span class='ocrx_word' id='word_1_1047' title='bbox 1384 2670 1504 2723; x_wconf 82' lang='lat' dir='ltr'><strong>possit</strong></span> <span class='ocrx_word' id='word_1_1048' title='bbox 1518 2670 1614 2706; x_wconf 90' lang='lat' dir='ltr'><strong>bona</strong></span> <span class='ocrx_word' id='word_1_1049' title='bbox 1629 2670 1792 2712; x_wconf 88' lang='lat' dir='ltr'><strong>vendere,</strong></span> <span class='ocrx_word' id='word_1_1050' title='bbox 1818 2670 1989 2706; x_wconf 87' lang='lat' dir='ltr'><strong>adversus</strong></span> <span class='ocrx_word' id='word_1_1051' title='bbox 2011 2680 2115 2715; x_wconf 92' lang='lat' dir='ltr'><strong>quem</strong></span> <span class='ocrx_word' id='word_1_1052' title='bbox 2135 2670 2305 2705; x_wconf 65' lang='lat' dir='ltr'><strong>latitatffi.</strong></span> <span class='ocrx_word' id='word_1_1053' title='bbox 2345 2669 2381 2706; x_wconf 91' lang='lat' dir='ltr'><strong>Si</strong></span> 
     </span>
     <span class='ocr_line' id='line_1_137' title="bbox 1296 2714 2381 2761; baseline 0 -12"><span class='ocrx_word' id='word_1_1054' title='bbox 1296 2715 1334 2749; x_wconf 91' lang='lat' dir='ltr'><strong>in</strong></span> <span class='ocrx_word' id='word_1_1055' title='bbox 1358 2714 1451 2750; x_wconf 87' lang='grc'><strong>(110111</strong></span> <span class='ocrx_word' id='word_1_1056' title='bbox 1473 2716 1530 2751; x_wconf 91' lang='lat' dir='ltr'><strong>vel</strong></span> <span class='ocrx_word' id='word_1_1057' title='bbox 1553 2716 1620 2751; x_wconf 90' lang='lat' dir='ltr'><strong>sub</strong></span> <span class='ocrx_word' id='word_1_1058' title='bbox 1646 2715 1855 2751; x_wconf 88' lang='lat' dir='ltr'><strong>condicione</strong></span> <span class='ocrx_word' id='word_1_1059' title='bbox 1879 2714 2020 2751; x_wconf 90' lang='lat' dir='ltr'><strong>debitor</strong></span> <span class='ocrx_word' id='word_1_1060' title='bbox 2039 2715 2166 2758; x_wconf 90' lang='lat' dir='ltr'><strong>latitet,</strong></span> <span class='ocrx_word' id='word_1_1061' title='bbox 2191 2718 2381 2761; x_wconf 88' lang='lat' dir='ltr'><strong>antequam</strong></span> 
     </span>
     <span class='ocr_line' id='line_1_138' title="bbox 1298 2760 2380 2806; baseline 0.001 -11"><span class='ocrx_word' id='word_1_1062' title='bbox 1298 2760 1373 2795; x_wconf 92' lang='lat' dir='ltr'><strong>dies</strong></span> <span class='ocrx_word' id='word_1_1063' title='bbox 1397 2760 1452 2795; x_wconf 93' lang='lat' dir='ltr'><strong>vel</strong></span> <span class='ocrx_word' id='word_1_1064' title='bbox 1477 2760 1639 2796; x_wconf 90' lang='lat' dir='ltr'><strong>condicio</strong></span> <span class='ocrx_word' id='word_1_1065' title='bbox 1663 2761 1796 2803; x_wconf 88' lang='lat' dir='ltr'><strong>veniat,</strong></span> <span class='ocrx_word' id='word_1_1066' title='bbox 1828 2770 1901 2795; x_wconf 92' lang='lat' dir='ltr'><strong>non</strong></span> <span class='ocrx_word' id='word_1_1067' title='bbox 1928 2763 2082 2806; x_wconf 90' lang='lat' dir='ltr'><strong>possunt</strong></span> <span class='ocrx_word' id='word_1_1068' title='bbox 2105 2760 2200 2795; x_wconf 90' lang='lat' dir='ltr'><strong>bona</strong></span> <span class='ocrx_word' id='word_1_1069' title='bbox 2222 2760 2299 2796; x_wconf 88' lang='lat' dir='ltr'><strong>eius</strong></span> <span class='ocrx_word' id='word_1_1070' title='bbox 2322 2770 2380 2796; x_wconf 90' lang='lat' dir='ltr'><strong>ve—</strong></span> 
     </span>
     <span class='ocr_line' id='line_1_139' title="bbox 1297 2805 2380 2851; baseline -0.001 -11"><span class='ocrx_word' id='word_1_1071' title='bbox 1297 2805 1392 2840; x_wconf 90' lang='lat' dir='ltr'><strong>nire:</strong></span> <span class='ocrx_word' id='word_1_1072' title='bbox 1432 2805 1516 2850; x_wconf 90' lang='lat' dir='ltr'><strong>quid</strong></span> <span class='ocrx_word' id='word_1_1073' title='bbox 1547 2806 1641 2841; x_wconf 92' lang='lat' dir='ltr'><strong>enim</strong></span> <span class='ocrx_word' id='word_1_1074' title='bbox 1669 2805 1836 2849; x_wconf 89' lang='lat' dir='ltr'><strong>interest,</strong></span> <span class='ocrx_word' id='word_1_1075' title='bbox 1876 2805 2016 2841; x_wconf 90' lang='lat' dir='ltr'><strong>debitor</strong></span> <span class='ocrx_word' id='word_1_1076' title='bbox 2050 2805 2127 2851; x_wconf 90' lang='lat' dir='ltr'><strong>quis</strong></span> <span class='ocrx_word' id='word_1_1077' title='bbox 2159 2816 2228 2841; x_wconf 89' lang='lat' dir='ltr'><strong>non</strong></span> <span class='ocrx_word' id='word_1_1078' title='bbox 2262 2805 2308 2841; x_wconf 87' lang='lat' dir='ltr'><strong>sit</strong></span> <span class='ocrx_word' id='word_1_1079' title='bbox 2335 2816 2380 2840; x_wconf 89' lang='lat' dir='ltr'><strong>an</strong></span> 
     </span>
     <span class='ocr_line' id='line_1_140' title="bbox 1296 2850 2379 2895; baseline 0 -11"><span class='ocrx_word' id='word_1_1080' title='bbox 1296 2850 1455 2885; x_wconf 89' lang='lat' dir='ltr'><strong>nondum</strong></span> <span class='ocrx_word' id='word_1_1081' title='bbox 1473 2850 1654 2886; x_wconf 86' lang='lat' dir='ltr'><strong>conveniri</strong></span> <span class='ocrx_word' id='word_1_1082' title='bbox 1671 2850 1810 2895; x_wconf 88' lang='lat' dir='ltr'><strong>possit?</strong></span> <span class='ocrx_word' id='word_1_1083' title='bbox 1844 2861 1928 2885; x_wconf 90' lang='lat' dir='ltr'><strong>nam</strong></span> <span class='ocrx_word' id='word_1_1084' title='bbox 1951 2853 1988 2886; x_wconf 90' lang='lat' dir='ltr'><strong>et</strong></span> <span class='ocrx_word' id='word_1_1085' title='bbox 2011 2850 2041 2886; x_wconf 90' lang='lat' dir='ltr'><strong>si</strong></span> <span class='ocrx_word' id='word_1_1086' title='bbox 2065 2861 2137 2886; x_wconf 91' lang='lat' dir='ltr'><strong>non</strong></span> <span class='ocrx_word' id='word_1_1087' title='bbox 2161 2851 2207 2886; x_wconf 91' lang='lat' dir='ltr'><strong>sit</strong></span> <span class='ocrx_word' id='word_1_1088' title='bbox 2230 2850 2379 2894; x_wconf 88' lang='lat' dir='ltr'><strong>debitor,</strong></span> 
     </span>
     <span class='ocr_line' id='line_1_141' title="bbox 1296 2895 2380 2940; baseline -0.001 -10"><span class='ocrx_word' id='word_1_1089' title='bbox 1296 2895 1389 2931; x_wconf 91' lang='lat' dir='ltr'><strong>idem</strong></span> <span class='ocrx_word' id='word_1_1090' title='bbox 1413 2895 1582 2931; x_wconf 87' lang='lat' dir='ltr'><strong>dicemus.</strong></span> <span class='ocrx_word' id='word_1_1091' title='bbox 1617 2896 1709 2931; x_wconf 91' lang='lat' dir='ltr'><strong>idem</strong></span> <span class='ocrx_word' id='word_1_1092' title='bbox 1733 2896 1800 2930; x_wconf 90' lang='lat' dir='ltr'><strong>erit</strong></span> <span class='ocrx_word' id='word_1_1093' title='bbox 1824 2895 2012 2931; x_wconf 92' lang='lat' dir='ltr'><strong>dicendum</strong></span> <span class='ocrx_word' id='word_1_1094' title='bbox 2036 2899 2071 2931; x_wconf 93' lang='lat' dir='ltr'><strong>et</strong></span> <span class='ocrx_word' id='word_1_1095' title='bbox 2094 2896 2125 2931; x_wconf 92' lang='lat' dir='ltr'><strong>si</strong></span> <span class='ocrx_word' id='word_1_1096' title='bbox 2149 2895 2227 2940; x_wconf 92' lang='lat' dir='ltr'><strong>quis</strong></span> <span class='ocrx_word' id='word_1_1097' title='bbox 2250 2895 2380 2930; x_wconf 88' lang='lat' dir='ltr'><strong>habeat</strong></span> 
     </span>
     <span class='ocr_line' id='line_1_142' title="bbox 1297 2940 2378 2986; baseline -0.001 -11"><span class='ocrx_word' id='word_1_1098' title='bbox 1297 2941 1440 2985; x_wconf 91' lang='lat' dir='ltr'><strong>quidem</strong></span> <span class='ocrx_word' id='word_1_1099' title='bbox 1463 2941 1658 2984; x_wconf 90' lang='lat' dir='ltr'><strong>actionem,</strong></span> <span class='ocrx_word' id='word_1_1100' title='bbox 1691 2940 1754 2975; x_wconf 88' lang='lat' dir='ltr'><strong>sed</strong></span> <span class='ocrx_word' id='word_1_1101' title='bbox 1777 2940 1903 2983; x_wconf 90' lang='lat' dir='ltr'><strong>talem,</strong></span> <span class='ocrx_word' id='word_1_1102' title='bbox 1936 2951 2027 2986; x_wconf 89' lang='lat' dir='ltr'><strong>quae</strong></span> <span class='ocrx_word' id='word_1_1103' title='bbox 2051 2951 2115 2986; x_wconf 89' lang='lat' dir='ltr'><strong>per</strong></span> <span class='ocrx_word' id='word_1_1104' title='bbox 2138 2941 2378 2985; x_wconf 87' lang='lat' dir='ltr'><strong>exceptionem</strong></span> 
     </span>
     <span class='ocr_line' id='line_1_143' title="bbox 1300 2984 2376 3031; baseline -0.001 -11"><span class='ocrx_word' id='word_1_1105' title='bbox 1300 2990 1338 3020; x_wconf 82' lang='lat'><strong>15</strong></span> <span class='ocrx_word' id='word_1_1106' title='bbox 1386 2986 1580 3030; x_wconf 89' lang='lat' dir='ltr'><strong>repellitur.</strong></span> <span class='ocrx_word' id='word_1_1107' title='bbox 1630 2985 1667 3021; x_wconf 84' lang='lat' dir='ltr'><strong>Si</strong></span> <span class='ocrx_word' id='word_1_1108' title='bbox 1699 2985 1778 3030; x_wconf 89' lang='lat' dir='ltr'><strong>quis</strong></span> <span class='ocrx_word' id='word_1_1109' title='bbox 1811 2985 1953 3021; x_wconf 88' lang='lat' dir='ltr'><strong>actione</strong></span> <span class='ocrx_word' id='word_1_1110' title='bbox 1985 2985 2029 3021; x_wconf 91' lang='lat' dir='ltr'><strong>de</strong></span> <span class='ocrx_word' id='word_1_1111' title='bbox 2059 2984 2199 3031; x_wconf 88' lang='lat' dir='ltr'><strong>peculio</strong></span> <span class='ocrx_word' id='word_1_1112' title='bbox 2231 2985 2294 3019; x_wconf 92' lang='lat' dir='ltr'><strong>filii</strong></span> <span class='ocrx_word' id='word_1_1113' title='bbox 2325 2985 2376 3019; x_wconf 92' lang='lat' dir='ltr'><strong>vel</strong></span> 
     </span>
     <span class='ocr_line' id='line_1_144' title="bbox 1296 3029 2375 3075; baseline -0.002 -10"><span class='ocrx_word' id='word_1_1114' title='bbox 1296 3030 1388 3066; x_wconf 90' lang='lat' dir='ltr'><strong>servi</strong></span> <span class='ocrx_word' id='word_1_1115' title='bbox 1410 3030 1552 3066; x_wconf 89' lang='lat' dir='ltr'><strong>nomine</strong></span> <span class='ocrx_word' id='word_1_1116' title='bbox 1577 3031 1756 3066; x_wconf 86' lang='lat' dir='ltr'><strong>conveniri</strong></span> <span class='ocrx_word' id='word_1_1117' title='bbox 1779 3031 1902 3075; x_wconf 92' lang='lat' dir='ltr'><strong>possit,</strong></span> <span class='ocrx_word' id='word_1_1118' title='bbox 1928 3031 1960 3066; x_wconf 88' lang='lat' dir='ltr'><strong>si</strong></span> <span class='ocrx_word' id='word_1_1119' title='bbox 1982 3030 2108 3074; x_wconf 86' lang='lat' dir='ltr'><strong>latitet,</strong></span> <span class='ocrx_word' id='word_1_1120' title='bbox 2141 3040 2182 3065; x_wconf 92' lang='lat' dir='ltr'><strong>eo</strong></span> <span class='ocrx_word' id='word_1_1121' title='bbox 2206 3030 2284 3064; x_wconf 91' lang='lat' dir='ltr'><strong>iure</strong></span> <span class='ocrx_word' id='word_1_1122' title='bbox 2307 3029 2375 3064; x_wconf 91' lang='lat' dir='ltr'><strong>uti-</strong></span> 
     </span>
     <span class='ocr_line' id='line_1_145' title="bbox 1295 3074 2375 3128; baseline -0.003 -18"><span class='ocrx_word' id='word_1_1123' title='bbox 1295 3086 1386 3118; x_wconf 93' lang='lat' dir='ltr'><strong>mur,</strong></span> <span class='ocrx_word' id='word_1_1124' title='bbox 1410 3080 1452 3110; x_wconf 91' lang='lat' dir='ltr'><strong>ut</strong></span> <span class='ocrx_word' id='word_1_1125' title='bbox 1473 3075 1613 3120; x_wconf 89' lang='lat' dir='ltr'><strong>possint</strong></span> <span class='ocrx_word' id='word_1_1126' title='bbox 1631 3076 1726 3110; x_wconf 91' lang='lat' dir='ltr'><strong>bona</strong></span> <span class='ocrx_word' id='word_1_1127' title='bbox 1744 3076 1818 3110; x_wconf 91' lang='lat' dir='ltr'><strong>eius</strong></span> <span class='ocrx_word' id='word_1_1128' title='bbox 1838 3075 2014 3128; x_wconf 83' lang='lat' dir='ltr'><strong>possideri</strong></span> <span class='ocrx_word' id='word_1_1129' title='bbox 2031 3079 2068 3111; x_wconf 93' lang='lat' dir='ltr'><strong>et</strong></span> <span class='ocrx_word' id='word_1_1130' title='bbox 2083 3075 2211 3118; x_wconf 91' lang='lat' dir='ltr'><strong>venire,</strong></span> <span class='ocrx_word' id='word_1_1131' title='bbox 2236 3074 2375 3126; x_wconf 81' lang='lat' dir='ltr'><strong>tametsi</strong></span> 
     </span>
     <span class='ocr_line' id='line_1_146' title="bbox 1295 3118 2374 3171; baseline -0.003 -16"><span class='ocrx_word' id='word_1_1132' title='bbox 1295 3120 1383 3155; x_wconf 89' lang='lat' dir='ltr'><strong>nihil</strong></span> <span class='ocrx_word' id='word_1_1133' title='bbox 1406 3120 1515 3155; x_wconf 88' lang='lat' dir='ltr'><strong>fuerit</strong></span> <span class='ocrx_word' id='word_1_1134' title='bbox 1535 3120 1574 3155; x_wconf 91' lang='lat' dir='ltr'><strong>in</strong></span> <span class='ocrx_word' id='word_1_1135' title='bbox 1597 3120 1754 3164; x_wconf 89' lang='lat' dir='ltr'><strong>peculio,</strong></span> <span class='ocrx_word' id='word_1_1136' title='bbox 1787 3131 1872 3166; x_wconf 88' lang='grc'><strong>(11110</strong></span> <span class='ocrx_word' id='word_1_1137' title='bbox 1901 3131 1979 3156; x_wconf 87' lang='grc'><strong>0000</strong></span> <span class='ocrx_word' id='word_1_1138' title='bbox 2011 3123 2130 3165; x_wconf 88' lang='lat' dir='ltr'><strong>potest</strong></span> <span class='ocrx_word' id='word_1_1139' title='bbox 2153 3123 2187 3153; x_wconf 90' lang='lat' dir='ltr'><strong>et</strong></span> <span class='ocrx_word' id='word_1_1140' title='bbox 2210 3118 2374 3171; x_wconf 42' lang='lat' dir='ltr'><strong>rei-mdl-</strong></span> 
     </span>
     <span class='ocr_line' id='line_1_147' title="bbox 1296 3166 2374 3215; baseline -0.005 -14"><span class='ocrx_word' id='word_1_1141' title='bbox 1296 3169 1399 3201; x_wconf 88' lang='lat' dir='ltr'><strong>catae</strong></span> <span class='ocrx_word' id='word_1_1142' title='bbox 1427 3169 1568 3210; x_wconf 90' lang='lat' dir='ltr'><strong>tempus</strong></span> <span class='ocrx_word' id='word_1_1143' title='bbox 1599 3168 1820 3210; x_wconf 87' lang='lat' dir='ltr'><strong>spectamus,</strong></span> <span class='ocrx_word' id='word_1_1144' title='bbox 1852 3169 1973 3200; x_wconf 91' lang='lat' dir='ltr'><strong>utrum</strong></span> <span class='ocrx_word' id='word_1_1145' title='bbox 2003 3166 2049 3201; x_wconf 90' lang='lat' dir='ltr'><strong>sit</strong></span> <span class='ocrx_word' id='word_1_1146' title='bbox 2077 3175 2123 3199; x_wconf 90' lang='lat' dir='ltr'><strong>an</strong></span> <span class='ocrx_word' id='word_1_1147' title='bbox 2151 3174 2224 3198; x_wconf 91' lang='lat' dir='ltr'><strong>non</strong></span> <span class='ocrx_word' id='word_1_1148' title='bbox 2247 3166 2307 3205; x_wconf 86' lang='grc'><strong>011,</strong></span> <span class='ocrx_word' id='word_1_1149' title='bbox 2337 3167 2374 3215; x_wconf 72' lang='lat' dir='ltr'><strong>et</strong></span> 
     </span>
     <span class='ocr_line' id='line_1_148' title="bbox 1295 3207 2371 3258; baseline -0.004 -13"><span class='ocrx_word' id='word_1_1150' title='bbox 1295 3210 1391 3255; x_wconf 92' lang='lat' dir='ltr'><strong>quod</strong></span> <span class='ocrx_word' id='word_1_1151' title='bbox 1421 3213 1543 3244; x_wconf 89' lang='lat' dir='ltr'><strong>teneat</strong></span> <span class='ocrx_word' id='word_1_1152' title='bbox 1573 3210 1685 3253; x_wconf 88' lang='lat' dir='ltr'><strong>actio,</strong></span> <span class='ocrx_word' id='word_1_1153' title='bbox 1718 3210 1825 3246; x_wconf 89' lang='lat' dir='ltr'><strong>etiam</strong></span> <span class='ocrx_word' id='word_1_1154' title='bbox 1854 3210 1884 3245; x_wconf 89' lang='lat' dir='ltr'><strong>si</strong></span> <span class='ocrx_word' id='word_1_1155' title='bbox 1914 3210 2003 3245; x_wconf 88' lang='lat' dir='ltr'><strong>nihil</strong></span> <span class='ocrx_word' id='word_1_1156' title='bbox 2033 3210 2069 3244; x_wconf 94' lang='lat' dir='ltr'><strong>in</strong></span> <span class='ocrx_word' id='word_1_1157' title='bbox 2093 3208 2231 3253; x_wconf 89' lang='lat' dir='ltr'><strong>peculio</strong></span> <span class='ocrx_word' id='word_1_1158' title='bbox 2255 3207 2371 3258; x_wconf 79' lang='lat' dir='ltr'><strong>fuerit.</strong></span> 
     </span>
     <span class='ocr_line' id='line_1_149' title="bbox 1299 3254 2372 3300; baseline -0.004 -10"><span class='ocrx_word' id='word_1_1159' title='bbox 1299 3259 1339 3290; x_wconf 84' lang='lat'><strong>16</strong></span> <span class='ocrx_word' id='word_1_1160' title='bbox 1385 3254 1476 3290; x_wconf 91' lang='lat' dir='ltr'><strong>Item</strong></span> <span class='ocrx_word' id='word_1_1161' title='bbox 1498 3254 1697 3297; x_wconf 87' lang='lat' dir='ltr'><strong>videamus,</strong></span> <span class='ocrx_word' id='word_1_1162' title='bbox 1728 3255 1759 3290; x_wconf 90' lang='lat' dir='ltr'><strong>si</strong></span> <span class='ocrx_word' id='word_1_1163' title='bbox 1787 3255 1866 3300; x_wconf 88' lang='lat' dir='ltr'><strong>quis</strong></span> <span class='ocrx_word' id='word_1_1164' title='bbox 1898 3256 2066 3290; x_wconf 88' lang='lat' dir='ltr'><strong>adversus</strong></span> <span class='ocrx_word' id='word_1_1165' title='bbox 2095 3255 2132 3287; x_wconf 91' lang='lat' dir='ltr'><strong>in</strong></span> <span class='ocrx_word' id='word_1_1166' title='bbox 2160 3262 2234 3287; x_wconf 89' lang='lat' dir='ltr'><strong>rem</strong></span> <span class='ocrx_word' id='word_1_1167' title='bbox 2263 3256 2372 3287; x_wconf 80' lang='lat' dir='ltr'><strong>actio-</strong></span> 
     </span>
     <span class='ocr_line' id='line_1_150' title="bbox 1295 3296 2374 3348; baseline -0.003 -15"><span class='ocrx_word' id='word_1_1168' title='bbox 1295 3310 1375 3334; x_wconf 89' lang='lat' dir='ltr'><strong>nem</strong></span> <span class='ocrx_word' id='word_1_1169' title='bbox 1398 3299 1531 3342; x_wconf 80' lang='lat' dir='ltr'><strong>latitet,</strong></span> <span class='ocrx_word' id='word_1_1170' title='bbox 1565 3309 1613 3334; x_wconf 91' lang='lat' dir='ltr'><strong>an</strong></span> <span class='ocrx_word' id='word_1_1171' title='bbox 1642 3300 1738 3335; x_wconf 90' lang='lat' dir='ltr'><strong>bona</strong></span> <span class='ocrx_word' id='word_1_1172' title='bbox 1769 3300 1845 3336; x_wconf 90' lang='lat' dir='ltr'><strong>eius</strong></span> <span class='ocrx_word' id='word_1_1173' title='bbox 1875 3299 2049 3346; x_wconf 88' lang='lat' dir='ltr'><strong>possideri</strong></span> <span class='ocrx_word' id='word_1_1174' title='bbox 2076 3306 2273 3348; x_wconf 82' lang='lat' dir='ltr'><strong>venumque</strong></span> <span class='ocrx_word' id='word_1_1175' title='bbox 2297 3296 2374 3331; x_wconf 89' lang='lat' dir='ltr'><strong>dari</strong></span> 
     </span>
     <span class='ocr_line' id='line_1_151' title="bbox 1294 3342 2374 3394; baseline -0.005 -14"><span class='ocrx_word' id='word_1_1176' title='bbox 1294 3344 1443 3390; x_wconf 90' lang='lat' dir='ltr'><strong>possint.</strong></span> <span class='ocrx_word' id='word_1_1177' title='bbox 1496 3347 1596 3379; x_wconf 84' lang='lat' dir='ltr'><strong>extat</strong></span> <span class='ocrx_word' id='word_1_1178' title='bbox 1623 3344 1760 3380; x_wconf 88' lang='lat' dir='ltr'><strong>Neratii</strong></span> <span class='ocrx_word' id='word_1_1179' title='bbox 1797 3345 1972 3380; x_wconf 89' lang='lat' dir='ltr'><strong>sententia</strong></span> <span class='ocrx_word' id='word_1_1180' title='bbox 2009 3342 2254 3394; x_wconf 37' lang='lat' dir='ltr'><strong>existimantis,</strong></span> <span class='ocrx_word' id='word_1_1181' title='bbox 2280 3342 2374 3376; x_wconf 91' lang='lat' dir='ltr'><strong>bona</strong></span> 
     </span>
     <span class='ocr_line' id='line_1_152' title="bbox 1294 3387 2372 3437; baseline -0.004 -14"><span class='ocrx_word' id='word_1_1182' title='bbox 1294 3399 1373 3424; x_wconf 90' lang='lat' dir='ltr'><strong>esse</strong></span> <span class='ocrx_word' id='word_1_1183' title='bbox 1396 3388 1598 3424; x_wconf 89' lang='lat' dir='ltr'><strong>vendenda:</strong></span> <span class='ocrx_word' id='word_1_1184' title='bbox 1623 3393 1660 3424; x_wconf 92' lang='lat' dir='ltr'><strong>et</strong></span> <span class='ocrx_word' id='word_1_1185' title='bbox 1682 3389 1752 3424; x_wconf 93' lang='lat' dir='ltr'><strong>hoc</strong></span> <span class='ocrx_word' id='word_1_1186' title='bbox 1775 3389 1948 3433; x_wconf 90' lang='lat' dir='ltr'><strong>rescripto</strong></span> <span class='ocrx_word' id='word_1_1187' title='bbox 1965 3387 2138 3422; x_wconf 88' lang='lat' dir='ltr'><strong>Hadriam</strong></span> <span class='ocrx_word' id='word_1_1188' title='bbox 2159 3389 2372 3437; x_wconf 79' lang='lat' dir='ltr'><strong>continetur,</strong></span> 
     </span>
     <span class='ocr_line' id='line_1_153' title="bbox 1297 3431 2371 3483; baseline -0.004 -15"><span class='ocrx_word' id='word_1_1189' title='bbox 1297 3438 1334 3468; x_wconf 76' lang='grc' dir='ltr'><strong>Π</strong></span> <span class='ocrx_word' id='word_1_1190' title='bbox 1385 3444 1455 3478; x_wconf 86' lang='grc'><strong>(1110</strong></span> <span class='ocrx_word' id='word_1_1191' title='bbox 1477 3433 1556 3469; x_wconf 89' lang='grc'><strong>11110</strong></span> <span class='ocrx_word' id='word_1_1192' title='bbox 1578 3434 1720 3469; x_wconf 88' lang='lat' dir='ltr'><strong>utimur.</strong></span> <span class='ocrx_word' id='word_1_1193' title='bbox 1760 3434 1882 3469; x_wconf 89' lang='lat' dir='ltr'><strong>Celsus</strong></span> <span class='ocrx_word' id='word_1_1194' title='bbox 1906 3437 2024 3467; x_wconf 90' lang='lat' dir='ltr'><strong>autem</strong></span> <span class='ocrx_word' id='word_1_1195' title='bbox 2048 3432 2154 3483; x_wconf 76' lang='lat' dir='ltr'><strong>Sexto</strong></span> <span class='ocrx_word' id='word_1_1196' title='bbox 2178 3431 2371 3475; x_wconf 85' lang='lat' dir='ltr'><strong>respoud1t‚</strong></span> 
     </span>
     <span class='ocr_line' id='line_1_154' title="bbox 1294 3475 2373 3528; baseline -0.005 -14"><span class='ocrx_word' id='word_1_1197' title='bbox 1294 3479 1324 3514; x_wconf 90' lang='lat' dir='ltr'><strong>si</strong></span> <span class='ocrx_word' id='word_1_1198' title='bbox 1347 3477 1506 3521; x_wconf 86' lang='lat' dir='ltr'><strong>fundum,</strong></span> <span class='ocrx_word' id='word_1_1199' title='bbox 1532 3489 1636 3522; x_wconf 91' lang='lat' dir='ltr'><strong>quem</strong></span> <span class='ocrx_word' id='word_1_1200' title='bbox 1661 3483 1781 3524; x_wconf 89' lang='lat' dir='ltr'><strong>petere</strong></span> <span class='ocrx_word' id='word_1_1201' title='bbox 1804 3479 1894 3519; x_wconf 87' lang='lat' dir='ltr'><strong>volo,</strong></span> <span class='ocrx_word' id='word_1_1202' title='bbox 1921 3475 2237 3528; x_wconf 70' lang='lat' dir='ltr'><strong>Titiuspossldeat</strong></span> <span class='ocrx_word' id='word_1_1203' title='bbox 2259 3485 2373 3528; x_wconf 77' lang='lat' dir='ltr'><strong>neque</strong></span> 
     </span>
     <span class='ocr_line' id='line_1_155' title="bbox 1294 3520 2372 3573; baseline -0.005 -15"><span class='ocrx_word' id='word_1_1204' title='bbox 1294 3524 1423 3558; x_wconf 88' lang='lat' dir='ltr'><strong>absens</strong></span> <span class='ocrx_word' id='word_1_1205' title='bbox 1449 3523 1670 3566; x_wconf 87' lang='lat' dir='ltr'><strong>defendatur,</strong></span> <span class='ocrx_word' id='word_1_1206' title='bbox 1696 3523 1912 3558; x_wconf 90' lang='lat' dir='ltr'><strong>commodius</strong></span> <span class='ocrx_word' id='word_1_1207' title='bbox 1936 3532 1974 3557; x_wconf 92' lang='grc'><strong>00</strong></span> <span class='ocrx_word' id='word_1_1208' title='bbox 1993 3524 2194 3557; x_wconf 63' lang='grc'><strong>001011111010</strong></span> <span class='ocrx_word' id='word_1_1209' title='bbox 2213 3530 2250 3554; x_wconf 90' lang='grc'><strong>111</strong></span> <span class='ocrx_word' id='word_1_1210' title='bbox 2271 3520 2372 3573; x_wconf 73' lang='lat' dir='ltr'><strong>fundi</strong></span> 
     </span>
     <span class='ocr_line' id='line_1_156' title="bbox 1292 3565 2370 3613; baseline -0.003 -10"><span class='ocrx_word' id='word_1_1211' title='bbox 1292 3567 1555 3613; x_wconf 86' lang='lat' dir='ltr'><strong>possessionem</strong></span> <span class='ocrx_word' id='word_1_1212' title='bbox 1585 3568 1793 3603; x_wconf 88' lang='lat' dir='ltr'><strong>mittendum</strong></span> <span class='ocrx_word' id='word_1_1213' title='bbox 1825 3577 1932 3612; x_wconf 90' lang='lat' dir='ltr'><strong>quam</strong></span> <span class='ocrx_word' id='word_1_1214' title='bbox 1962 3567 2057 3602; x_wconf 87' lang='lat' dir='ltr'><strong>bona</strong></span> <span class='ocrx_word' id='word_1_1215' title='bbox 2087 3566 2161 3600; x_wconf 90' lang='lat' dir='ltr'><strong>eius</strong></span> <span class='ocrx_word' id='word_1_1216' title='bbox 2184 3565 2370 3611; x_wconf 80' lang='lat' dir='ltr'><strong>possideri.</strong></span> 
     </span>
    </p>
   </div>
   <div class='ocr_carea' id='block_1_9' title="bbox 1292 3676 2371 3811">
    <p class='ocr_par' dir='ltr' id='par_1_13' title="bbox 1292 3676 2371 3811">
     <span class='ocr_line' id='line_1_157' title="bbox 1295 3676 2371 3723; baseline -0.002 -9"><span class='ocrx_word' id='word_1_1217' title='bbox 1295 3683 1353 3722; x_wconf 86' lang='lat'>(10)</span> <span class='ocrx_word' id='word_1_1218' title='bbox 1374 3680 1404 3713; x_wconf 84' lang='lat' dir='ltr'><strong>si</strong></span> <span class='ocrx_word' id='word_1_1219' title='bbox 1416 3680 1468 3713; x_wconf 72' lang='lat'><strong>1⁴⁷²</strong></span> <span class='ocrx_word' id='word_1_1220' title='bbox 1515 3683 1571 3722; x_wconf 88' lang='lat'><strong>(11)</strong></span> <span class='ocrx_word' id='word_1_1221' title='bbox 1592 3681 1671 3723; x_wconf 88' lang='lat' dir='ltr'><strong>quia</strong></span> <span class='ocrx_word' id='word_1_1222' title='bbox 1682 3690 1797 3712; x_wconf 86' lang='lat' dir='ltr'><strong>verum</strong></span> <span class='ocrx_word' id='word_1_1223' title='bbox 1809 3680 1858 3710; x_wconf 89' lang='lat' dir='ltr'><strong>est</strong></span> <span class='ocrx_word' id='word_1_1224' title='bbox 1870 3688 1944 3710; x_wconf 89' lang='lat' dir='ltr'><strong>eum</strong></span> <span class='ocrx_word' id='word_1_1225' title='bbox 1953 3676 2085 3710; x_wconf 83' lang='lat' dir='ltr'><strong>latitare</strong></span> <span class='ocrx_word' id='word_1_1226' title='bbox 2099 3677 2162 3710; x_wconf 73' lang='lat' dir='ltr'><strong>del.</strong></span> <span class='ocrx_word' id='word_1_1227' title='bbox 2209 3677 2269 3720; x_wconf 80' lang='lat'><strong>(12)</strong></span> <span class='ocrx_word' id='word_1_1228' title='bbox 2285 3677 2371 3712; x_wconf 68' lang='lat' dir='ltr'><strong>trao-</strong></span> 
     </span>
     <span class='ocr_line' id='line_1_158' title="bbox 1292 3722 2371 3767; baseline 0 -10"><span class='ocrx_word' id='word_1_1229' title='bbox 1292 3725 1431 3758; x_wconf 89' lang='lat' dir='ltr'><strong>tandum</strong></span> <span class='ocrx_word' id='word_1_1230' title='bbox 1444 3725 1493 3759; x_wconf 58' lang='grc' dir='ltr'><strong>Γ*</strong></span> <span class='ocrx_word' id='word_1_1231' title='bbox 1550 3727 1607 3767; x_wconf 82' lang='grc'><strong>(13)</strong></span> <span class='ocrx_word' id='word_1_1232' title='bbox 1625 3723 1842 3757; x_wconf 86' lang='lat' dir='ltr'><strong>occultantise</strong></span> <span class='ocrx_word' id='word_1_1233' title='bbox 1854 3722 1915 3765; x_wconf 86' lang='lat' dir='ltr'><strong>F2,</strong></span> <span class='ocrx_word' id='word_1_1234' title='bbox 1926 3722 2109 3755; x_wconf 79' lang='lat' dir='ltr'><strong>latitantise</strong></span> <span class='ocrx_word' id='word_1_1235' title='bbox 2123 3723 2173 3756; x_wconf 71' lang='grc' dir='ltr'><strong>Ιῐἰ</strong></span> <span class='ocrx_word' id='word_1_1236' title='bbox 2229 3729 2286 3765; x_wconf 77' lang='lat' dir='ltr'><strong>(u)</strong></span> <span class='ocrx_word' id='word_1_1237' title='bbox 2303 3724 2371 3757; x_wconf 73' lang='lat' dir='ltr'><strong>sive</strong></span> 
     </span>
     <span class='ocr_line' id='line_1_159' title="bbox 1292 3766 2052 3811; baseline -0.001 -9"><span class='ocrx_word' id='word_1_1238' title='bbox 1292 3770 1359 3802; x_wconf 85' lang='lat' dir='ltr'><strong>alio</strong></span> <span class='ocrx_word' id='word_1_1239' title='bbox 1373 3771 1432 3804; x_wconf 80' lang='lat' dir='ltr'><strong>ins.</strong></span> <span class='ocrx_word' id='word_1_1240' title='bbox 1448 3769 1498 3803; x_wconf 85' lang='lat' dir='ltr'><strong>F²</strong></span> <span class='ocrx_word' id='word_1_1241' title='bbox 1591 3772 1648 3811; x_wconf 82' lang='lat'>(15)</span> <span class='ocrx_word' id='word_1_1242' title='bbox 1673 3770 1800 3801; x_wconf 83' lang='lat' dir='ltr'><strong>constat</strong></span> <span class='ocrx_word' id='word_1_1243' title='bbox 1866 3766 1978 3800; x_wconf 79' lang='lat' dir='ltr'><strong>latitat</strong></span> <span class='ocrx_word' id='word_1_1244' title='bbox 1989 3768 2052 3801; x_wconf 70' lang='lat' dir='ltr'><strong>dol.</strong></span> 
     </span>
    </p>
   </div>
  </div>
 </body>
</html>
