2528 3918
140 145 200 185 im
228 152 390 185 pomus

139 273 200 299 sus
223 262 336 308 repeti
365 261 403 297 in
426 259 668 306 quaestionem
689 261 824 305 potest,
857 258 1008 294 maxime
1031 257 1061 293 si
1084 257 1121 293 in
1145 260 1217 293 tor-

140 311 159 342 2
206 310 327 343 menta
349 307 503 342 animum
527 315 728 351 corpusque
746 303 937 340 duraverit.
971 302 1015 338 In
1034 313 1078 338 ea
1097 312 1218 345 causa,

139 353 175 388 in
198 362 270 398 qua
293 352 400 387 nullis
423 361 506 387 reus
529 349 744 396 argumentis
776 348 1010 394 urguebatur,
1043 350 1220 383 tormenta

140 408 210 433 non
241 397 346 433 facile
374 395 576 432 adhibenda
606 398 709 437 sunt,
742 394 805 430 sed
834 393 1039 430 instandum
1070 402 1219 428 accusa-

139 442 219 484 tori,
243 445 284 477 ut
305 442 343 477 id
366 440 463 487 quod
484 439 646 476 intendat
666 440 874 485 comprobet
893 442 1000 484 atque
1020 437 1217 474 convincat.

140 491 159 522 3
206 487 332 523 Testes
362 484 551 532 torquendi
581 496 653 521 non
683 488 768 520 sunt
791 482 1022 520 convincendi
1043 481 1220 518 mendacii

140 536 203 568 aut
225 531 407 568 veritatis¹
472 529 563 574 atia,
595 529 663 565 nisi
687 540 768 565 cum
791 529 887 566 facto
912 527 1143 574 intervenisse
1166 526 1218 562 di-

140 581 160 612 4
208 580 348 612 cuntur.
393 575 435 611 Iu
461 586 506 611 ex
538 585 619 610 cum
648 574 692 610 de
719 574 790 610 fide
818 574 957 628 generis
986 573 1116 609 instrui
1147 583 1220 607 non

139 625 266 668 potest,
285 621 440 667 poterit2
459 620 504 656 de
519 620 627 655 servis
645 619 868 655 hereditariis
886 619 1019 654 habere
1039 617 1219 663 quaestio-

139 672 159 702 5
205 677 297 703 nem.
322 666 442 709 Servo,
457 665 518 711 qui
534 666 627 701 ultro
644 664 777 710 aliquid
793 664 837 700 de
853 663 994 700 domino
1012 663 1201 699 confitetur
1211 688 1220 704 ,

139 712 226 748 fides
238 723 311 747 non
324 710 630 747 accommodatur:
649 720 694 746 ne
719 721 764 746 ue
779 710 871 745 enim
886 709 1051 754 oportet³
1069 707 1220 744 salutem

140 762 159 792 6
207 756 428 793 dominorum
459 766 641 791 servorum
671 766 713 790 ar
739 755 818 790 itrio
850 753 1032 790 committi.
1090 753 1219 788 Servus

139 802 175 838 in
207 805 316 848 caput
345 801 420 837 eius
452 800 605 843 domini,
637 810 661 836 a
690 811 760 845 quo
792 799 986 835 distractus
1013 801 1069 834 est
1093 797 1221 843 cuique

139 846 331 892 aliquando
350 846 502 888 servivit,
525 845 563 881 in
579 845 784 882 memoriam
799 844 928 890 prioris
947 843 1092 879 dominii
1111 843 1219 878 inter-

141 896 158 926 7
207 892 326 937 rogari
356 902 429 927 non
456 895 587 936 potest.
634 890 781 934 Servus,
813 900 880 925 nec
910 889 941 925 si
964 899 987 924 a
1009 888 1150 924 domino
1174 887 1221 923 ad

140 941 160 972 8
207 940 383 973 tormenta
400 935 582 979 offeratur,
607 935 901 980 ⁴interrogandus
921 938 984 970 est.
1020 933 1115 969 Sane
1133 943 1219 978 quo-

139 983 229 1018 tiens
260 982 460 1028 quaeritur,
502 991 550 1016 an
578 981 670 1016 servi
699 980 737 1016 in
766 983 877 1033 caput
906 979 1038 1014 domini
1068 978 1220 1014 interro-

138 1027 245 1072 gandi
276 1026 363 1069 sint,
396 1026 496 1072 prius
520 1025 564 1062 de
587 1036 710 1061 eorum
734 1024 888 1061 dominio
913 1027 1055 1070 oportet
1077 1022 1219 1069 inquiri.

139 1077 159 1107 9
208 1071 440 1117 Cogniturum
463 1071 508 1107 de
530 1070 736 1107 criminibus
756 1069 956 1116 praesidem
976 1072 1118 1114 oportet
1137 1071 1222 1104 ante

139 1116 232 1153 diem
288 1117 381 1153 alam
409 1116 528 1152 facere
557 1115 740 1152 custodias
769 1126 809 1152 se
837 1114 1063 1156 auditurum,
1097 1123 1143 1149 ne
1173 1112 1221 1157 hi,

140 1162 201 1208 qui
224 1161 268 1198 de
284 1161 435 1198 endendi
458 1165 560 1204 sunt,
585 1160 714 1197 subitis
736 1163 989 1197 accusatorum
1012 1158 1221 1195 criminibus

139 1207 403 1253 obprimantur:
437 1205 595 1252 quamvis
622 1205 862 1242 defensionem
886 1214 1109 1250 quocumque
1131 1207 1220 1239 tem·

139 1262 227 1299 pore
255 1252 483 1298 postulante⁵
513 1262 575 1287 reo
604 1251 726 1296 negari
754 1262 828 1287 non
860 1253 1019 1296 oportet,
1055 1249 1144 1285 adeo
1180 1252 1222 1284 ut

139 1301 331 1343 propterea
372 1300 408 1333 et
444 1296 654 1333 differantur
692 1299 728 1332 et
761 1295 990 1342 proferantur
1026 1293 1221 1330 custodiae.

145 1346 183 1378 10
231 1342 424 1379 Custodiae
454 1353 527 1378 non
557 1342 674 1377 solum
704 1352 770 1387 pro
801 1340 987 1384 tribunali,
1018 1339 1082 1376 sed
1110 1342 1147 1375 et
1177 1338 1222 1375 de

139 1388 248 1433 plano
271 1386 388 1423 audiri
410 1390 562 1433 possunt
583 1390 691 1432 atque
713 1385 886 1423 damnari.

189 1430 240 1470 19
266 1429 544 1468 annromrws
568 1431 660 1468 libro
709 1436 815 1467 uarro
838 1430 1123 1478 disputationum
1173 1429 1221 1471 Is,

141 1477 199 1514 cui
221 1476 492 1514 fideicommissa
513 1477 661 1514 libertas
683 1443 846 1519 debetur,
869 1486 942 1511 non
964 1474 1067 1511 aliter
1086 1477 1128 1510 ut
1147 1484 1223 1510 ser-

140 1533 205 1558 vus
228 1521 428 1602 qgiaestioni
450 1522 664 1568 applicetur,
687 1521 756 1558 nisi
779 1521 931 1558 aliorum
954 1519 1222 1566 quaestionibus

140 1577 247 1603 onere
263 1577 319 1603 ur.

186 1610 240 1655 20
264 1611 423 1648 Psvws
449 1611 540 1648 libro
565 1611 668 1647 tertio
693 1610 916 1646 decretorum
963 1609 1118 1645 Maritus
1145 1609 1222 1654 qui-

142 1657 224 1693 dam
258 1657 363 1693 lieres
399 1655 522 1693 uxoris
553 1666 640 1692 suae
669 1656 815 1709 petebat
844 1666 868 1691 a
899 1655 992 1691 Suro
1022 1655 1222 1700 pecuniam,

165 1713 249 1738 uam
285 1702 383 1748 apud
415 1712 498 1738 eum
530 1701 739 1747 deposuisse
769 1700 975 1736 defunctam
1005 1710 1044 1736 se
1075 1700 1223 1735 absente

167 1747 302 1790 'cebat,
341 1751 378 1783 et
411 1747 449 1782 in
483 1757 562 1782 eam
596 1757 671 1783 rem
710 1757 820 1781 unum
855 1748 983 1782 testem
1016 1745 1134 1781 liberti
1169 1745 1224 1780 sui

144 1792 254 1830 filium
282 1792 502 1838 produxerat
523 1791 620 1838 apud
641 1795 930 1837 procuratorem:
963 1789 1225 1826 desideraverat

141 1841 178 1875 et
201 1837 443 1885 quaestionem
465 1836 615 1873 haberi⁶
645 1836 691 1873 de
718 1836 850 1872 ancilla
859 1837 884 1870 ⁷.
933 1835 1047 1872 Surus
1070 1835 1224 1881 negabat

140 1893 181 1919 se
203 1882 386 1964 accepiigse
409 1885 447 1919 et
469 1881 707 1918 testimonium
730 1892 803 1917 non
826 1884 994 1927 oportere
1024 1881 1130 1916 unius
1158 1880 1224 1916 ho-

140 1927 245 1964 minis
269 1938 292 1963 a
355 1927 409 1963 'tti
431 1937 498 1963 nec
521 1927 635 1963 solere
658 1937 681 1962 a
704 1925 974 1972 quaestionibus
996 1925 1124 1971 incipi,
1157 1925 1223 1961 etsi

142 1973 259 2010 aliena
281 1976 376 2009 esset
399 1972 541 2009 ancilla.
587 1975 802 2018 procurator
825 1971 1068 2017 quaestionem
1091 1970 1136 2007 de
1158 1981 1222 2005 an-

142 2018 224 2054 cilla
246 2018 433 2055 habuerat.
477 2028 559 2053 cum
583 2028 628 2053 ex
650 2016 890 2063 appellatione
914 2016 1137 2061 cognovisset
1158 2016 1222 2050 im-

141 2067 303 2109 perator,
332 2062 576 2109 pronuntiavit
598 2062 806 2108 quaestione
827 2061 950 2097 illicite
972 2061 1097 2096 habita
1119 2061 1223 2096 unius

141 2108 343 2189 testimonio
374 2119 447 2144 non
477 2118 555 2144 esse
585 2107 800 2144 credendum
829 2106 982 2153 ideoque
1011 2109 1109 2143 recte
1139 2117 1223 2152 pro-

142 2163 231 2190 voca
248 2165 317 2190 uni.

188 2195 239 2236 21
274 2198 381 2234 IDEM
413 2198 504 2234 libro
538 2197 720 2244 sinqulari
752 2197 796 2232 de
825 2196 959 2250 poenis
991 2206 1224 2243 paganorum

143 2243 370 2288 Quaestionis
399 2242 587 2279 habendae
617 2252 727 2278 causa
753 2251 927 2278 nemmem
951 2251 1030 2278 esse
1054 2241 1225 2277 damnan-

143 2289 227 2324 dum
251 2288 352 2324 divus
375 2287 580 2324 Hadrianus
603 2287 798 2333 rescripsit.

189 2331 243 2371 22
267 2333 375 2369 Imm
399 2333 490 2370 libro
514 2334 637 2380 primo
665 2332 921 2368 sententiarum

143 2378 370 2415 cusatoribus
396 2378 435 2414 in
465 2377 664 2414 custodiam
694 2387 776 2413 rece
800 2377 829 2412 ti
857 2379 958 2419 sunt,
991 2375 1153 2422 quaestio
1182 2375 1226 2411 de

143 2423 199 2460 his
221 2423 388 2460 habenda
409 2434 481 2460 non
505 2427 578 2466 est,
609 2422 679 2460 nisi
707 2422 738 2459 si
761 2433 783 2458 a
799 2422 939 2468 ‘quibus
963 2420 1226 2468 suspicionibus

143 2472 374 2514 urgueantur.

974 2330 1043 2376 Qui
1065 2329 1141 2367 sine
1164 2340 1224 2366 ac-

587 2604 742 2644 XVHII
750 2603 777 2644 ⁸.

558 2670 622 2703 DE
644 2669 819 2703 Possis.

193 2735 213 2775 1
248 2736 441 2773 Usmiws
461 2735 552 2772 libro
575 2737 700 2772 octavo
723 2734 1007 2782 disputationum
1053 2734 1225 2780 Quotiens

144 2782 189 2818 de
213 2780 341 2817 delicto
366 2780 558 2827 quaeritur,
581 2780 719 2826 placuit
741 2790 814 2816 non
836 2790 915 2816 eam
933 2790 1086 2826 poenam
1105 2780 1226 2816 subire

144 2837 250 2873 quem
272 2825 419 2869 debere,
451 2835 559 2871 quam
588 2824 749 2862 condicio
780 2825 857 2861 eius
886 2824 1041 2861 admittit
1068 2835 1111 2861 eo
1135 2828 1224 2861 tem-

143 2882 248 2919 pore,
285 2882 355 2917 quo
387 2870 564 2908 sententia
594 2870 638 2906 de
667 2880 709 2906 eo
740 2869 873 2914 fertur,
905 2870 969 2906 sed
991 2880 1087 2915 eam,
1119 2881 1226 2916 quam

144 2916 362 2955 sustineret⁹
403 2916 436 2952 si
464 2925 507 2952 eo
535 2919 696 2961 tempore
725 2919 822 2952 esset
851 2915 1062 2952 sententiam
1084 2926 1224 2961 passus,

148 2966 162 2998 1
213 2972 295 2998 cum
318 2943 533 3014 deliquisset.
578 2960 734 2996 Proinde
763 2961 795 2996 si
823 2971 946 2997 servus
970 2961 1105 2996 crimen
1129 2971 1224 2997 com·

144 3007 296 3049 miserit,
328 3005 456 3042 deinde
483 3005 683 3042 libertatem
712 3009 926 3042 consecutus
958 3005 1114 3050 dicetur,
1145 3016 1226 3042 eam

144 3062 296 3098 poenam
327 3051 503 3087 sustinere
534 3049 657 3093 debet,
693 3061 800 3096 quam
830 3051 1041 3095 sustineret,
1077 3051 1108 3086 si
1137 3055 1224 3087 tunc

145 3101 166 3133 2
212 3097 423 3134 sententiam
452 3105 582 3141 passus
609 3095 753 3139 fuisset,
785 3106 866 3132 cum
889 3096 1107 3142 deliquisset.
1154 3096 1225 3132 Per

146 3141 364 3179 contrarium
401 3151 542 3187 quoque
580 3139 612 3177 si
649 3140 688 3176 in
730 3141 940 3177 deteriorem
980 3141 1224 3177 condicionem

145 3187 254 3224 fuerit
275 3186 460 3231 redactus,
492 3196 572 3222 eam
592 3185 898 3239 poenam⁴subire
927 3196 1009 3222 eum
1033 3196 1054 3222 o
1081 3186 1223 3229 ortebit,

145 3242 253 3278 quam
281 3232 488 3274 sustineret,
525 3230 557 3267 si
590 3241 628 3266 in
657 3230 866 3267 condicione
895 3231 1015 3276 priore
1071 3236 1222 3267 urasset.

146 3280 167 3313 3
214 3276 434 3313 Generaliter
461 3276 598 3322 placet,
634 3275 673 3311 in
708 3275 843 3320 legibus
878 3276 1103 3322 publicorum
1132 3276 1223 3311 iudi-

146 3321 281 3359 ciorum
310 3322 366 3358 vel
391 3321 610 3369 privatorum
639 3320 823 3356 criminum
852 3321 912 3365 qui
940 3324 1042 3357 extra
1066 3320 1224 3358 ordinem

146 3436 188 3478 (ι)
210 3434 429 3469 inveniendae
445 3435 504 3469 ins.
630 3434 675 3476 (2)
698 3432 800 3466 iudex
816 3432 969 3467 tutelaris
984 3434 1130 3477 itemque
1148 3443 1225 3467 cen-

146 3479 299 3522 tumviri,
318 3479 347 3512 si
365 3479 464 3513 aliter
480 3479 521 3513 de
539 3479 638 3512 rebus
655 3477 866 3511 hereditariis
884 3478 937 3511 vel
953 3478 994 3512 de
1013 3479 1077 3513 fide
1094 3479 1226 3521 generis

146 3524 269 3558 instrui
280 3534 349 3558 non
358 3526 508 3568 possunt,
522 3525 682 3568 poterunt
694 3523 820 3557 Paulus
888 3526 930 3565 (3)
954 3524 993 3557 in
1004 3523 1103 3557 rebus
1115 3523 1226 3556 dubiis

146 3571 207 3604 ine.
221 3570 348 3604 Paulus
437 3571 480 3611 (4)
503 3569 541 3603 in
552 3571 653 3613 caput
664 3568 735 3602 eius
746 3569 808 3602 ine.
900 3570 942 3610 (5)
966 3567 1151 3612 postulanti
1161 3581 1224 3602 scr.

146 3615 192 3658 (s)
213 3613 382 3648 haber-oF
464 3615 509 3658 (τ)
531 3615 611 3648 Suri
622 3616 682 3649 ins.

191 3660 238 3702 (s)
262 3659 551 3699 Sab.1...e.8...1·1;
574 3660 818 3696 Ed.·1.1o...32;
844 3658 927 3702 Pap.
942 3665 1117 3694 33...4³.—
1138 3659 1223 3691 Bas.

148 3706 204 3747 60,
221 3711 266 3739 ⁶1.
285 3721 331 3728 -—-
355 3704 405 3748 Cf
422 3704 500 3738 C'od.
517 3706 551 3747 9,
570 3712 604 3739 4⁷
696 3704 743 3746 (9)
767 3712 867 3745 quam
885 3703 1074 3747 sustineret]
1095 3712 1225 3736 causam

148 3748 309 3782 sustinere
322 3748 371 3782 Ρ,
449 3748 511 3793 (1ο)
534 3749 659 3791 quiaF
730 3750 788 3791 (11)
811 3749 848 3781 in
861 3750 921 3782 ins.
936 3749 1008 3782 edd.
1085 3749 1146 3791 (12)
1169 3757 1224 3780 ex-

1214 131 1293 179 813

1919 138 2190 183 XXXXVIII
2224 141 2286 182 18.
2316 140 2363 180 19

1288 260 1519 308 cognoscunt·
1538 257 1709 308 praefecti
1738 259 1793 294 vel
1822 261 2001 305 praesides
2026 265 2066 296 ut
2089 261 2158 304 eis,
2191 261 2251 307 qui
2281 272 2363 306 poe-

1287 311 1370 336 nam
1413 311 1636 353 ecunianam
1660 307 1800 346 egentes
1830 305 1993 349 eludunt,
2026 306 2275 343 coercitionem
2304 317 2363 342 ex-

1287 350 1386 382 traor
1411 357 1559 381 mariam
1581 346 1762 383 inducant.

1334 388 1360 445 2
1389 391 1618 444 [osu-libro
1648 393 1949 447 quadraqensimo
1980 399 2104 431 octavo
2133 396 2184 431 ad
2213 396 2365 431 edictum

1288 436 1356 471 Rei
1374 436 1537 482 capitahs
1555 435 1760 472 damnatum
1779 449 1830 474 sic
1848 440 2010 484 accipere
2031 440 2207 485 debemus,
2232 451 2277 476 ex
2296 451 2366 485 qua

1288 492 1399 517 causa
1428 481 1595 517 damnato
1626 482 1682 517 vel
1711 493 1804 518 mors
1835 484 1888 519 vel
1918 484 2023 519 etiam
2048 485 2199 521 civitatis
2223 486 2365 522 amissio

1291 530 1304 561 1
1355 526 1410 562 vel
1448 526 1599 562 servitus
1637 527 1819 572 contingit.
1875 528 2040 572 Constat,
2082 535 2270 583 postquam
2306 531 2365 566 de-

1286 571 1442 617 portatio
1472 571 1510 606 in
1539 571 1658 607 locum
1689 582 1804 616 aquae
1835 576 1870 608 et
1892 573 1982 617 ignis
2006 574 2261 611 interdictionis
2285 587 2365 611 suc-

1288 617 1413 659 cessit,
1455 627 1527 652 non
1564 617 1664 661 prius
1699 618 1859 653 amittere
1891 629 1994 662 quem
2025 620 2219 663 civitatem,
2260 631 2366 666 quam

1287 662 1453 707 princeps
1494 661 1720 707 deportatum
1758 662 1794 696 in
1830 663 1982 698 insulam
2012 665 2193 700 statuerit:
2232 666 2366 718 praesi-

1288 707 1368 742 dem
1390 707 1484 742 enim
1515 707 1704 751 deportare
1733 718 1806 742 non
1838 718 1943 752 posse
1972 709 2070 744 nulla
2099 710 2272 746 dubitatio
2302 715 2365 746 est.

1290 752 1353 788 sed
1381 751 1587 797 praefectus
1617 752 1698 788 urbi
1727 752 1783 787 ius
1813 752 1922 787 habet
1950 753 2158 799 deportandi
2182 756 2369 801 statimque

1288 800 1372 842 post
1400 797 1612 832 sententiam
1641 796 1815 843 praefecti
1838 797 1998 833 amisisse
2022 799 2197 835 civitatem
2221 800 2368 835 videtur.

1289 845 1309 877 2
1356 842 1451 877 Eum
1474 842 1690 887 accipiemus
1715 842 1937 885 damnatum,
1970 843 2030 887 qui
2044 845 2071 864 ¹⁰
2099 855 2170 879 non
2198 856 2368 889 provoca-

1288 887 1356 923 vit:
1382 891 1538 923 ceterum
1562 887 1592 923 si
1614 891 1805 933 provocet,
1829 887 1986 923 nondum
2010 888 2196 924 damnatus
2219 890 2368 925 videtur.

1289 931 1354 969 sed
1385 936 1421 967 et
1453 932 1484 967 si
1512 932 1558 968 ab
1588 943 1649 976 eo,
1680 932 1742 977 qui
1771 932 1827 968 ius
1858 932 2049 967 damnandi
2078 944 2149 968 non
2173 934 2298 970 habuit
2321 936 2370 970 rei

1290 977 1472 1023 capitalis,
1510 977 1590 1023 quis
1627 977 1816 1013 damnatus
1848 977 1912 1021 sit,
1957 977 2116 1013 ¹¹eadem
2147 989 2256 1015 causa
2287 980 2369 1014 erit.

1292 1022 1480 1058 damnatus
1506 1022 1598 1058 enim
1620 1022 1682 1058 ille
1704 1026 1769 1065 est,
1794 1022 1855 1057 ubi
1881 1022 2059 1058 damnatio
2085 1024 2210 1058 tenuit.

1336 1065 1360 1105 3
1380 1067 1487 1103 IDEM
1507 1068 1598 1104 libro
1620 1072 1750 1113 quarto
1769 1068 1904 1103 decimo
1920 1067 1970 1102 ad
1983 1067 2156 1104 Sabinum
2197 1069 2371 1113 Praegna—

1290 1113 1336 1149 tis
1366 1112 1523 1148 mulieris
1554 1112 1816 1151 consumendae
1849 1111 2039 1148 damnatae
2067 1123 2183 1158 poena
2214 1113 2373 1149 differtur

1291 1157 1409 1203 quoad
1443 1157 1574 1203 pariat.
1630 1168 1695 1202 ego
1734 1157 1875 1203 quidem
1912 1161 1949 1192 et
1984 1167 2030 1193 ne
2065 1157 2225 1203 quaestio
2256 1158 2301 1194 de
2331 1169 2374 1194 ea

1289 1203 1475 1246 habeatur,
1501 1203 1576 1239 scio
1602 1202 1794 1246 observari,
1820 1202 1990 1247 quamdiu
2011 1212 2187 1247 praegnas
2210 1207 2276 1239 est.

1336 1247 1362 1285 4
1397 1247 1634 1284 ΜΑιισιΔινσε
1670 1248 1760 1284 libro
1799 1248 1903 1283 tertio
1940 1247 2075 1283 decimo
2114 1249 2374 1284 institutionum

1290 1293 1453 1339 Relegati
1476 1292 1550 1329 sive
1571 1293 1611 1328 in
1632 1293 1787 1329 insulam
1810 1292 1990 1338 deportati
2009 1292 2138 1328 debent
2157 1292 2245 1329 locis
2265 1293 2373 1329 inter-

1290 1338 1395 1374 dictis
1425 1338 1619 1374 abstinere.
1672 1341 1708 1374 et
1737 1338 1807 1374 hoc
1837 1337 1916 1373 iure
1946 1337 2098 1380 utimur,
2131 1342 2172 1373 ut
2199 1337 2374 1383 relegatus

1289 1383 1487 1420 interdictis
1515 1383 1605 1419 locis
1618 1384 1647 1406 ¹²
1674 1394 1747 1419 non
1775 1382 1945 1419 excedat:
1979 1382 2138 1428 alioquin
2167 1383 2206 1418 in
2235 1386 2375 1429 tempus

1290 1428 1431 1474 quidem
1460 1428 1618 1474 relegato
1648 1431 1863 1475 perpetuum
1891 1427 2053 1471 exilium,
2093 1428 2131 1463 in
2165 1432 2376 1474 perpetuum

1290 1473 1447 1519 relegato
1487 1473 1626 1509 insulae
1661 1472 1907 1519 relegationis,
1954 1472 1993 1508 in
2029 1473 2183 1509 insulam
2218 1473 2374 1519 relegato

1291 1518 1569 1564 deportationis,
1609 1519 1647 1554 in
1686 1518 1839 1555 insulam
1878 1517 2067 1563 deportato
2103 1528 2220 1563 poena
2250 1518 2376 1570 capitis

1291 1563 1496 1609 adrogatur.
1545 1567 1581 1599 et
1610 1564 1701 1600 haec
1732 1564 1800 1607 ita,
1831 1563 1905 1599 sive
1927 1563 2006 1608 quis
2029 1574 2102 1599 non
2126 1566 2318 1599 excesserit
2339 1564 2377 1598 in

1293 1609 1437 1645 exilium
1465 1609 1561 1645 intra
1590 1612 1732 1654 tempus
1761 1609 1856 1644 intra
1879 1607 1975 1660 quod
1997 1607 2135 1650 debuit,
2165 1608 2239 1645 sive
2271 1608 2375 1646 etiam

1291 1654 1381 1690 alias
1401 1654 1505 1690 exilio
1523 1665 1596 1690 non
1617 1654 1932 1699 obtemperaverit:
1956 1664 2039 1688 nam
2058 1653 2282 1689 contumacia
2301 1653 2376 1689 eius

1293 1699 1453 1735 cumulat
1471 1709 1634 1745 poenam.
1671 1703 1709 1735 et
1727 1709 1829 1735 nemo
1847 1702 1968 1745 potest
1989 1701 2224 1734 commeatum
2241 1708 2375 1734 remea-

1292 1748 1411 1780 tumve
1434 1744 1521 1780 dare
1543 1744 1649 1788 exuli,
1674 1744 1744 1780 nisi
1766 1744 1970 1789 imperator,
1998 1753 2044 1779 ex
2067 1743 2187 1789 aliqua
2209 1753 2329 1780 causa.

1338 1788 1363 1827 5
1377 1790 1405 1811 ¹³
1435 1789 1630 1825 ULPIANUs
1650 1790 1740 1826 libro
1763 1789 1914 1836 septimo
1938 1788 1983 1824 de
2005 1788 2131 1834 officio
2143 1788 2378 1835 proconsulis

1291 1835 1487 1870 Absentem
1517 1834 1555 1870 in
1586 1834 1792 1870 criminibus
1824 1833 1987 1869 damnari
2015 1844 2087 1869 non
2117 1833 2245 1869 debere
2275 1833 2376 1869 divus

1293 1879 1471 1932 T.¹'¹}i²·¹.²¹²⁸
1494 1879 1586 1915 Iulio
1609 1879 1784 1933 Frontoni
1806 1878 2002 1925 rescripsit.
2029 1877 2113 1930 'sed
2139 1889 2206 1914 nec
2230 1878 2375 1931 desus-

1291 1924 2063 2015 sistite&22203³t2325¹¹stffi¹225¹m
2070 1923 2168 2004 {¹3:¹¹3
2176 1923 2378 2013 ωἷῖιᾚῗὶὲὲ

1292 2015 1445 2060 relinqui
1461 2014 1603 2050 facinus
1622 2014 1783 2050 nocentis
1801 2024 1908 2059 quam
1922 2014 2147 2050 innocentem
2163 2013 2323 2048 damnari
2337 2014 2375 2047 ¹⁴.

1292 2060 1463 2096 adversus
1488 2063 1717 2096 contumaces
1740 2070 1843 2101 vero,
1875 2059 1936 2104 qui
1958 2069 2073 2104 neque
2097 2057 2375 2094 denuntiationi-

1292 2105 1359 2141 bus
1388 2115 1504 2150 neque
1534 2104 1660 2141 edictis
1683 2103 1888 2150 praesidum
1911 2104 2030 2140 obtem
2056 2106 2232 2146 erassent,
2265 2102 2373 2138 etiam

1293 2150 1458 2186 absentes
1488 2149 1717 2195 pronuntiari
1746 2153 1888 2194 oportet
1916 2159 2027 2185 secun
2052 2159 2113 2183 um
2140 2158 2274 2184 morem
2304 2147 2372 2193 pri-

1293 2198 1457 2231 vatorum
1475 2195 1701 2231 iudiciorum.
1742 2198 1862 2248 potest
1882 2194 1961 2239 quis
1982 2193 2172 2229 defendere
2194 2193 2283 2228 haec
2306 2203 2378 2228 non

1294 2251 1372 2276 esse
1396 2240 1588 2276 contraria.
1636 2239 1722 2285 quid
1743 2239 1852 2284 igitur
1876 2240 1955 2274 est?
1991 2238 2116 2274 melius
2140 2241 2319 2274 statuetur
2340 2237 2377 2272 in

1294 2286 1460 2321 absentes
1490 2285 1716 2330 pecuniarias
1748 2284 1890 2330 quidem
1922 2293 2056 2329 poenas
2085 2283 2141 2318 vel
2171 2293 2250 2325 eas,
2287 2292 2378 2327 quae

1294 2330 1590 2366 existimationem
1621 2329 1849 2374 contingunt,
1881 2329 1913 2364 si
1943 2328 2086 2374 saepius
2117 2327 2287 2364 admoniti
2359 2338 2378 2362 r

1295 2375 1556 2412 contumaciam
1586 2374 1721 2418 desint,
1753 2373 1865 2411 statui
1886 2384 2001 2427 posse
2024 2378 2060 2408 et
2082 2383 2195 2425 usque
2218 2372 2265 2407 ad
2286 2382 2325 2407 re
2341 2382 2376 2407 e-

1316 2420 1471 2457 ationem
1502 2420 1667 2465 procedi:
1705 2429 1829 2456 verum
1865 2430 1897 2455 si
1927 2418 2013 2464 quid
2042 2428 2184 2463 gravius
2216 2418 2376 2461 irrogan-

1318 2476 1378 2502 um
1399 2464 1543 2508 fuisset,
1567 2468 1657 2511 puta
1679 2464 1718 2500 in
1739 2464 1921 2500 metallum
1935 2465 1964 2486 ¹⁵
1985 2463 2041 2499 vel
2064 2462 2191 2508 capitis
2213 2471 2376 2507 poenam,

1297 2515 1310 2546 1
1361 2521 1434 2546 non
1457 2521 1536 2547 esse
1559 2510 1767 2547 absentibus
1791 2508 2027 2554 irrogandam.
2068 2507 2111 2543 In
2134 2510 2377 2543 accusatorem

1294 2558 1413 2592 autem
1450 2555 1634 2591 absentem
1669 2564 1935 2599 nonnumquam
1965 2552 2108 2607 gravius
2140 2551 2375 2595 statuendum,

1295 2610 1402 2647 quam
1421 2600 1635 2645 Turpilliani
1658 2603 1804 2636 senatus
1829 2598 1983 2635 consulti
2005 2607 2122 2643 poena
2143 2597 2322 2642 irrogatur
2335 2597 2374 2648 1⁶,

1296 2649 1315 2681 2
1362 2645 1553 2681 dicendum
1575 2648 1641 2681 est.
1689 2644 1815 2680 Refert
1826 2645 1852 2666 ¹⁷
1884 2648 1920 2679 et
1950 2644 1987 2678 in
2010 2642 2204 2678 maioribus
2228 2641 2376 2684 delictis,

1297 2690 1463 2727 consulto
1485 2689 1621 2735 aliquid
1644 2689 1863 2732 admittatur,
1887 2699 1935 2724 an
1954 2698 2053 2724 casu.
2087 2691 2124 2722 et
2141 2696 2227 2723 sane
2247 2686 2285 2721 in
2302 2696 2375 2721 om-

1294 2736 1399 2772 nibus
1430 2735 1639 2771 criminibus
1668 2734 1849 2770 distinctio
1873 2734 1964 2770 haec
1986 2742 2138 2778 poenam
2161 2735 2226 2767 aut
2246 2731 2373 2766 iustam

1294 2781 1424 2818 elicere
1438 2782 1465 2802 ¹⁸
1489 2780 1594 2816 debet
1616 2784 1680 2816 aut
1702 2783 1774 2815 tem
1800 2782 2020 2815 eramentum
2042 2777 2239 2812 admittere.

1340 2823 1365 2863 6
1389 2825 1498 2862 lesu
1516 2825 1608 2862 libro
1631 2836 1727 2861 nono
1776 2835 1796 2860 e
1818 2824 1945 2870 officio
1993 2822 2196 2858 roconsulis
2241 2820 2279 2856 Si
2298 2819 2376 2865 quis

1292 2871 1402 2913 forte,
1434 2880 1480 2906 ne
1504 2870 1681 2915 supplicio
1706 2869 1913 2911 adficiatur,
1983 2870 2042 2903 cat
2065 2876 2103 2902 se
2126 2866 2258 2902 habere
2271 2864 2377 2917 ,quod

1318 2915 1447 2961 rincipi
1482 2915 1615 2951 referat
1651 2914 1778 2951 salutis
1809 2914 1821 2949 i
1847 2914 1921 2950 sius
1953 2922 2081 2954 causa,
2119 2921 2166 2946 an
2194 2913 2374 2946 remitten-

1318 2972 1378 2997 um
1391 2962 1419 2982 ¹⁹
1442 2960 1490 2996 sit
1512 2959 1559 2995 ad
1583 2970 1680 3003 eum,
1713 2926 1900 2995 videndum
1929 2961 1994 2994 est.
2040 2960 2076 2992 et
2104 2958 2190 3007 sunt
2214 2954 2374 3000 plerique

1317 3005 1497 3042 raesidum
1517 3008 1591 3040 tam
1608 3004 1739 3046 timidi,
1756 3007 1797 3039 ut
1815 3004 1923 3039 etiam
1940 3005 2023 3048 post
2040 3003 2249 3037 sententiam
2269 2998 2311 3033 de
2331 3008 2374 3033 eo

1291 3018 1424 3087 {ictam
1442 3060 1595 3096 poenam
1613 3049 1814 3086 sustineant
1832 3058 1899 3084 nec
1919 3048 2107 3093 quicquam
2116 3046 2148 3066 ²⁰
2168 3043 2372 3079 audiant²¹z

1293 3096 1352 3132 alii
1375 3095 1519 3131 omnino
1541 3105 1615 3130 non
1636 3093 1824 3139 patiuntur
1847 3093 2037 3138 quicquam
2064 3089 2136 3125 tale
2159 3088 2371 3140 allegantes:

1292 3140 1454 3176 nonnulli
1477 3149 1591 3185 neque
1615 3149 1756 3184 semper
1778 3148 1894 3183 neque
1902 3138 1934 3159 22
1963 3144 2154 3180 numquam
2176 3135 2372 3174 remittunt,

1292 3186 1357 3222 sed
1374 3184 1567 3230 inquirunt,
1589 3183 1674 3228 quid
1691 3183 1748 3226 sit,
1769 3183 1865 3229 quod
1883 3182 2035 3226 allegare
2077 3177 2204 3223 rincipi
2222 3177 2332 3228 velint
2341 3177 2373 3198 ²³

1293 3230 1447 3276 quidque
1484 3228 1580 3274 quod
1589 3229 1620 3250 2⁴
1656 3239 1722 3274 pro
1761 3228 1876 3264 salute
1911 3226 2023 3272 ipsius
2083 3223 2214 3258 abeant
2244 3221 2371 3274 dicere,

1292 3278 1375 3321 post
1406 3284 1496 3319 quae
1528 3276 1592 3309 aut
1622 3273 1800 3309 sustinent
1829 3282 1979 3317 poenam
2003 3272 2065 3304 aut
2087 3278 2160 3302 non
2182 3269 2370 3302 sustinent.

1294 3319 1389 3366 quod
1409 3318 1549 3355 videtur
1567 3318 1701 3354 habere
1718 3317 1867 3354 mediam
1885 3316 2069 3351 rationem.
2105 3315 2272 3354 ceterum,
2291 3314 2333 3346 ut
2341 3311 2373 3332 ²⁸

1293 3431 1398 3474 cedat,
1410 3431 1522 3465 insula
1534 3433 1593 3465 im.
1669 3431 1728 3473 (13)
1755 3434 1802 3469 §2
1814 3445 1860 3459 a-
1874 3427 1953 3461 Con.
1972 3428 2052 3467 1,11,
2064 3432 2092 3459 a.
2105 3432 2122 3458 4
2196 3424 2257 3466 (14)
2280 3422 2370 3456 dam-

1293 3487 1373 3510 nare
1386 3477 1421 3510 F'
1482 3477 1543 3519 (15)
1566 3475 1748 3510 metalloF
1811 3473 1872 3515 (16)
1894 3472 2042 3514 irrogata
2052 3482 2114 3503 scr.
2179 3469 2239 3511 (17)
2261 3467 2372 3502 Verba

1292 3521 1446 3564 rescripti
1466 3522 1548 3565 [divi
1557 3521 1731 3555 Hadriani
1750 3520 1796 3552 ad
1809 3518 1986 3560 Eynatium
2002 3515 2178 3548 Taurinum
2193 3525 2370 3565 proconsu-

1295 3568 1353 3600 lem
1366 3566 1556 3609 Baetis-ad:
1581 3567 1727 3599 Poenam
1738 3562 1826 3597 Mari
1836 3560 1987 3596 Euaristi
2006 3561 2104 3601 recte,
2123 3558 2281 3599 Tamne,
2300 3568 2370 3608 mo-

1293 3611 1426 3644 dez-atus
1437 3621 1470 3645 es
1481 3611 1524 3645 ad
1534 3610 1667 3644 modum
1680 3608 1813 3651 culpae:
1838 3606 1938 3639 refert
1950 3604 2038 3637 enim
2053 3603 2132 3636 Coll.
2225 3603 2286 3644 (18)
2309 3601 2370 3635 eli-

1291 3667 1370 3699 gere
1383 3654 1445 3698 Fb,
1459 3665 1639 3699 provocare
1655 3654 1732 3687 Coll.
1780 3652 1841 3693 (19)
1865 3648 2081 3683 remittendus
2093 3647 2166 3681 edd.
2211 3647 2277 3689 (2ο)
2300 3656 2370 3679 non

1293 3703 1353 3735 ins.
1434 3702 1494 3743 (21)
1519 3700 1662 3733 audeant
1674 3696 1726 3730 F⁶
1808 3696 1872 3738 (22)
1896 3705 1964 3727 non
1978 3695 2036 3727 ins.
2052 3694 2087 3726 F
2162 3692 2225 3734 (23)
2248 3690 2330 3724 velit
2342 3691 2376 3724 F

1291 3747 1356 3789 (24)
1379 3746 1469 3788 quod
1481 3745 1542 3779 del.
1557 3745 1630 3778 edd.
1721 3742 1786 3785 (25)
1809 3743 1847 3774 ut
1859 3741 1920 3773 del.
1934 3740 1977 3772 R.
1990 3737 2177 3782 Stephanus
