2528 3918
97 106 137 138 81
167 105 266 144 Qms
293 105 341 135 IN
366 104 436 135 I‘US
465 103 667 134 VOOATUS
695 102 791 133 OET.

141 211 194 250 22
222 214 345 249 GAIUs
365 213 454 248 libro
471 212 595 258 primo
621 211 671 246 ad
693 211 805 257 leqem
829 210 1015 247 duodecim
1041 211 1180 247 tabula-

95 270 174 294 rum
220 258 344 303 Neque
377 258 580 302 impuberes
614 256 770 301 puellas,
808 266 899 300 quae
935 257 1050 292 alieno
1086 256 1178 291 iuri¹

98 307 112 338 1
163 303 345 338 subiectae
365 303 492 344 essent,
512 302 549 336 in
568 301 623 336 ius
635 311 764 336 vocare
776 301 987 345 permissum
1001 305 1064 337 est.
1113 301 1182 345 Qui

94 349 131 383 in
154 348 208 383 ius
232 351 379 383 vocatus
405 350 468 390 est,
494 346 632 381 duobus
658 346 801 381 casibus
826 346 1081 382 dimittendus2
1106 350 1178 381 est:

94 393 125 428 si
149 393 227 444 quis
252 393 326 427 eius
349 402 539 436 personam
564 390 748 432 defendet,
785 394 820 425 et
852 391 901 433 si,
939 391 1023 426 dum
1056 393 1093 427 in
1124 392 1180 426 ius

94 440 244 478 vemtur,
270 437 314 472 de
336 447 375 471 re
398 440 620 472 transactum
643 435 762 471 fuerit.

139 479 191 519 23
216 481 452 517 MARGJANUS
469 482 560 517 libro
582 482 685 515 tertio
707 481 969 516 institutionum
1014 482 1178 517 Commu-

95 527 150 562 nis
181 526 330 562 libertus
361 526 445 561 licet
476 526 631 571 plurium
654 525 718 567 sit,
753 525 860 560 debet
883 536 905 560 a
928 530 1094 578 praetore
1116 536 1178 571 pe-

92 576 177 614 tere,
202 575 243 607 ut
267 571 299 606 ei
321 571 427 606 liceat
450 572 504 606 vel
528 570 705 616 quendam
729 581 772 605 ex
795 574 956 616 patroms
978 572 1015 606 in
1038 571 1094 606 ius
1117 581 1179 606 vo-

93 627 185 658 care,
211 627 256 651 ne
279 617 316 651 in
339 626 491 661 poenam
513 615 650 650 incidat
673 625 717 650 ex
741 615 857 651 edicto
882 617 1070 661 praetoris.

138 659 191 698 24
223 661 417 697 ULPJANUS
450 661 540 696 libro
577 661 702 706 quinto
736 660 786 695 ad
819 661 973 696 edictum
1020 662 1062 696 In
1087 671 1178 703 eum,

93 707 153 751 qui
176 706 346 741 adversus
371 716 413 741 ea
435 705 570 747 fecerit,
596 705 680 750 quin
705 705 852 749 uaginta
875 716 1064 742 aureorum
1087 706 1178 741 iudi-

93 751 186 786 cium
220 752 344 786 datur:
381 751 477 796 quod
507 761 573 786 nec
607 751 690 785 here
717 750 728 784 i
759 761 826 786 nec
857 751 894 785 in
925 751 1090 786 heredem
1114 761 1179 786 nec

92 796 188 831 ultra
212 806 346 831 annum
370 796 486 830 datur.
820 807 823 810 ·

138 838 190 878 25
216 841 472 876 MODESTJNUS
503 840 593 876 libro
623 841 747 886 primo
783 840 827 875 de
854 840 989 886 poenis
1034 839 1073 874 Si
1103 839 1179 874 sine

91 887 193 921 venia
217 886 324 921 edicti
346 885 536 930 impetrata
558 885 706 920 libertus
730 888 922 929 patronum
941 885 978 919 in
997 884 1053 919 ius
1072 893 1178 919 voca-

91 931 199 974 verit,
233 941 277 966 ex
309 930 466 976 querella
497 930 641 975 patroni
671 930 725 964 vel
749 930 992 974 supradictam
1014 939 1178 974 poenam,

91 976 127 1011 id
159 979 214 1011 est
244 976 500 1028 quinquaginta
532 985 659 1010 aureos
685 975 747 1009 dat
769 975 824 1010 vel
848 985 870 1009 a
892 974 1074 1019 praefecto
1099 974 1180 1009 urbi

92 1021 194 1066 quasi
217 1020 439 1056 inofficlosus
465 1021 660 1064 castigatur
669 1021 693 1062 ³,
719 1020 748 1055 si
768 1021 890 1065 inopia
911 1020 1107 1055 dinoscitur
1126 1019 1178 1054 la-

91 1066 230 1102 borare.
598 1112 668 1151 V⁴.

93 1180 134 1212 SI
158 1178 262 1215 QUIS
288 1179 339 1211 IN
362 1178 435 1211 IUS
460 1178 662 1210 VOCATUS
682 1178 779 1210 NON
800 1178 928 1211 IERIT
950 1178 1052 1212 SIVE
1075 1178 1179 1214 QUIS

91 1224 191 1257 EUM
214 1223 491 1264 VOCAVERIT,
525 1223 656 1260 QUEM
679 1223 745 1255 EX
775 1223 942 1256 EDICTO
975 1224 1070 1256 NON
1101 1223 1179 1255 DE-

141 1323 159 1361 1
195 1323 390 1359 ULPIANUS
418 1323 508 1359 libro
534 1324 659 1370 primo
684 1323 733 1358 ad
755 1323 910 1359 edictum
957 1323 995 1358 Si
1030 1323 1109 1368 quis
1143 1323 1181 1357 in

92 1370 146 1405 ius
177 1372 326 1404 vocatus
358 1368 602 1403 fideiussorem
635 1368 771 1403 dederit
800 1368 838 1403 in
868 1368 1000 1404 iudicio
1033 1368 1180 1403 sistendi

95 1423 205 1450 causa
229 1424 301 1449 non
325 1413 550 1458 suppositum
580 1413 818 1448 iurisdictioni
849 1413 960 1456 illius,
997 1413 1043 1448 ad
1077 1423 1181 1458 quem

92 1462 262 1500 vocatur,
295 1469 360 1503 pro
394 1468 467 1493 non
491 1458 574 1493 dato
598 1458 786 1493 fideiussor
809 1458 980 1500 habetur,
1014 1458 1082 1493 nisi
1114 1468 1179 1493 suo

91 1504 270 1549 privilegio
296 1503 497 1548 specialiter
519 1503 784 1538 renuntiaverit.

138 1547 162 1586 2
187 1548 347 1583 mes
375 1548 466 1583 libro
492 1549 616 1594 primo
641 1548 692 1583 ad
713 1548 866 1584 edictum
913 1548 973 1582 Ex
1008 1558 1178 1592 quacum-

93 1605 161 1639 que
186 1603 296 1628 causa
319 1593 366 1628 ad
396 1597 598 1637 praetorem
628 1593 683 1628 vel
715 1593 822 1635 alios,
856 1593 916 1638 qui
946 1593 1181 1628 iurisdictioni

91 1642 280 1684 praesunt,
305 1638 342 1672 in
365 1637 420 1672 ius
444 1641 592 1673 vocatus
616 1638 735 1673 venire
759 1638 883 1680 debet,
908 1641 949 1672 ut
971 1638 1040 1673 hoc
1064 1638 1181 1682 ipsum

96 1687 109 1719 l
159 1684 312 1725 sciatur,
345 1693 392 1717 an
424 1683 620 1718 iurisdictio
655 1683 729 1718 eius
762 1683 819 1718 sit.
869 1682 907 1718 Si
942 1683 1021 1727 quis
1054 1683 1091 1717 in
1125 1683 1180 1718 ius

90 1732 237 1764 vocatus
256 1739 328 1763 non
347 1728 437 1770 ierit,
463 1739 507 1763 ex
528 1738 638 1763 causa
658 1738 680 1762 a
700 1728 913 1772 competenti
931 1727 1050 1763 iudice
1069 1728 1181 1762 multa

115 1784 154 1808 ro
178 1773 422 1808 iurisdictione
445 1773 571 1808 iudicis
596 1773 843 1808 damnabitur:
868 1772 1063 1807 rusticitati
1088 1773 1180 1808 enim

116 1819 241 1853 ominis
265 1817 485 1862 parcendum
509 1819 592 1852 erit:
617 1818 702 1852 item
726 1818 756 1853 si
779 1817 866 1852 nihil
888 1818 1029 1852 intersit
1049 1818 1180 1853 actoris

92 1873 133 1898 eo
158 1867 317 1907 tempore
340 1863 377 1896 in
400 1863 455 1897 ius
480 1862 721 1897 adversarium
738 1863 886 1904 venisse,
911 1862 1059 1897 remittit
1077 1873 1180 1907 prae-

90 1912 147 1943 tor
171 1918 334 1953 poenam,
359 1911 448 1952 puta
472 1908 554 1952 quia
577 1907 726 1942 feriatus
751 1908 825 1942 dies
850 1907 929 1942 fuit.

137 1950 160 1990 3
194 1953 388 1988 ULPJANUS
416 1953 507 1987 libro
541 1952 844 1999 quadraqensimo
868 1953 1019 1999 septimo
1043 1952 1093 1987 ad
1115 1951 1181 1988 Sa-

91 1998 211 2033 binum
259 1997 348 2032 Cum
380 1997 457 2041 quis
489 1997 526 2031 in
558 1997 688 2032 iudicio
722 1998 800 2032 sisti
831 1997 1033 2042 promiserit
1065 2008 1181 2042 neque

90 2042 261 2078 adiecerit
284 2052 456 2087 poenam,
491 2042 521 2076 si
545 2045 659 2077 status
692 2053 764 2077 non
797 2046 907 2077 esset:
941 2042 1068 2077 incerti
1100 2053 1180 2077 cum

91 2097 132 2122 eo
158 2087 332 2132 agendum
357 2097 432 2122 esse
457 2087 494 2121 in
517 2087 554 2122 id
579 2087 674 2131 quod
697 2087 844 2122 interest
866 2087 1089 2122 verissimum
1115 2091 1179 2129 est,

91 2136 126 2168 et
149 2133 201 2167 ita
226 2131 348 2167 Celsus
374 2142 515 2176 quoque
539 2132 673 2167 scribit.

592 2212 682 2252 V1⁵.

91 2279 141 2310 IN
174 2278 247 2310 IUS
273 2277 436 2310 VOCATI
461 2278 781 2355 UTTtlffiNanssgT
807 2278 932 2311 SATIS
957 2279 1050 2311 VEL
1076 2278 1180 2311 CAU-

142 2376 158 2413 1
187 2376 347 2412 Psvws
367 2377 457 2412 libro
474 2378 598 2423 primo
631 2377 681 2412 ad
709 2378 865 2414 edictum
911 2377 1042 2413 Edicto
1075 2387 1179 2412 cave-

91 2424 160 2464 tur,
185 2425 226 2456 ut
248 2422 435 2457 fideiussor
456 2422 587 2458 iudicio
612 2422 761 2458 sistendi
786 2433 896 2458 causa
917 2422 1022 2458 datus
1039 2433 1104 2467 pro
1128 2422 1179 2457 rei

92 2467 264 2512 qualitate
294 2467 455 2512 locuples
488 2467 590 2502 detur
622 2467 778 2512 exceptis
811 2467 1023 2503 necessariis
1058 2477 1179 2511 perso-

92 2511 166 2546 nis:
191 2511 240 2546 ibi
265 2512 357 2547 enim
381 2512 674 2557 qualemcumque
698 2512 814 2557 accipi
836 2513 956 2548 iubet:
981 2512 1092 2548 veluti
1113 2522 1179 2557 pro

92 2560 240 2601 parente
262 2560 426 2601 patrono,

139 2599 164 2638 2
192 2601 478 2638 CALLJSTRATUS
499 2601 590 2637 libro
640 2603 731 2637 rimo
764 2601 815 2637 ad
844 2601 998 2637 edictum
1029 2601 1180 2636 monito-

93 2647 186 2681 rium
232 2646 318 2681 item
348 2657 413 2691 pro
437 2649 592 2691 patrona
630 2647 778 2682 ‘berisve
802 2647 876 2682 suis
899 2647 954 2682 vel
977 2656 1089 2682 uxore
1113 2657 1179 2681 nu-

93 2701 188 2727 ruve.
236 2694 323 2726 tunc
356 2692 450 2726 enim
482 2692 751 2737 qualiscumque
774 2691 962 2727 fideiussor
986 2691 1102 2736 accipi
1125 2691 1179 2726 iu-

93 2736 215 2771 betur:
242 2740 277 2771 et
299 2736 336 2771 in
361 2746 451 2779 eum,
477 2737 538 2781 qui
561 2747 634 2771 non
657 2736 847 2781 acceperit,
873 2747 954 2771 cum
972 2736 1080 2771 sciret
1102 2746 1179 2771 eam

94 2780 389 2816 necessitudinem
412 2791 666 2826 personarum,
702 2781 958 2827 quinquaginta
991 2791 1180 2816 aureorum

93 2825 262 2861 iudicium
287 2827 467 2871 competit,

139 2868 162 2907 3
188 2870 350 2906 PAvws
370 2871 460 2906 libro
486 2875 616 2916 quarto
641 2871 691 2906 ad
713 2871 867 2906 edictum
914 2870 1081 2915 quoniam
1114 2880 1178 2915 pro

94 2914 270 2960 locuplete
291 2916 489 2960 accipitur⁰
512 2915 699 2951 fideiussor
717 2916 754 2950 in
774 2915 984 2951 necessariis
1005 2915 1177 2960 personis.

139 2959 165 2996 4
196 2960 391 2996 ULPIANUS
411 2961 501 2996 libro
527 2962 851 3007 quinquaqensimo
873 2964 998 2996 octavo
1019 2960 1068 2995 ad
1087 2959 1179 2995 edic-

95 3007 167 3039 tum
214 3005 282 3050 Qui
306 3005 396 3041 duos
420 3005 580 3040 homines
603 3005 641 3040 in
664 3005 794 3041 iudicio
829 3005 905 3040 sisti
937 3005 1116 3050 promisit,
1151 3004 1181 3039 si

96 3049 244 3085 alterum
269 3050 428 3093 exhibet,
462 3051 613 3085 alterum
644 3061 735 3093 non,
767 3061 811 3085 ex
843 3051 1077 3095 promissione
1108 3060 1181 3085 non

94 3093 230 3130 videtur
262 3096 347 3130 eos⁷
370 3094 529 3138 stetisse,
562 3106 644 3130 cum
676 3095 767 3131 alter
799 3106 922 3131 eorum
953 3106 1025 3130 non
1049 3095 1095 3130 sit
1119 3105 1179 3130 ex-

95 3137 239 3175 hibitus.

577 3187 691 3226 V11⁸.

95 3249 157 3282 NE
170 3250 273 3287 QUIS
286 3252 386 3284 EUM
400 3252 479 3288 QUI
491 3253 543 3284 IN
554 3253 627 3285 IUS
648 3251 905 3285 VOCABITUR
923 3252 971 3284 VI
990 3251 1181 3285 EXIMAT.

143 3303 162 3341 1
197 3305 391 3342 Uzmzws
411 3307 502 3343 libro
527 3308 652 3353 quinto
677 3307 727 3342 acl
744 3306 897 3342 edictum
934 3307 1014 3343 Hoc
1027 3306 1182 3342 edictum

96 3353 237 3392 praetor
259 3352 464 3396 proposuit,
499 3356 540 3387 ut
562 3355 659 3388 metu
681 3361 819 3397 poenae
843 3355 1085 3397 compesceret
1108 3362 1180 3394 eos,

96 3461 137 3502 (1)
162 3461 235 3493 iure
248 3463 279 3495 F
355 3464 398 3503 (2)
424 3463 620 3496 dimittedus
633 3464 667 3496 F

97 3506 254 3547 turgatur
267 3506 330 3548 ΙΝ,
345 3508 525 3550 castigator
538 3508 587 3542 Ρ

143 3551 185 3591 (4)
210 3551 275 3584 Ed.
290 3559 312 3584 1.
324 3558 340 3584 2
351 3562 360 3591 3
373 3553 455 3586 Sab.
466 3560 494 3586 3.
507 3572 552 3578 -
564 3553 650 3587 Bas.
665 3554 696 3594 7,
707 3560 750 3593 12,
761 3560 783 3586 1.
797 3560 823 3587 2.
836 3560 853 3586 4

98 3595 187 3671 ᾰοὲῠ)
212 3596 277 3628 Ed.
290 3613 335 3620 —
347 3597 432 3631 Bas.
448 3599 531 3638 7,12,
545 3606 571 3632 5.
587 3605 604 3631 6
708 3599 751 3640 (6)
778 3598 888 3640 quivis
902 3599 963 3632 ins.

149 3683 192 3723 (8)
218 3684 283 3717 Εᾱ.
298 3691 383 3725 1...5;
397 3686 480 3721 Sab.
490 3693 517 3720 ⁶.
529 3704 575 3711 —
586 3687 673 3721 Bas.
686 3688 717 3727 7,
730 3695 760 3721 13

740 3465 783 3506 (3)
808 3466 856 3498 sic
871 3464 947 3497 F⁶S
958 3477 1027 3497 cum
1035 3465 1081 3505 B,
1094 3463 1178 3505 liga-

1057 3598 1101 3639 (7)
1127 3607 1182 3629 eos

854 3688 898 3730 (9)
924 3688 973 3721 sie
985 3687 1022 3728 S,
1036 3690 1134 3730 putat
1149 3689 1184 3719 at

1189 85 1239 133 21

2158 90 2202 132 11
2231 92 2343 134 4-8

1252 213 1265 244 1
1317 209 1377 255 qui
1407 209 1444 244 in
1475 209 1531 245 ius
1555 213 1700 244 vocatos
1725 210 1759 245 vi
1783 211 1950 256 eripiunt.
1999 211 2092 246 Deni
2117 221 2162 246 ue
2186 212 2342 257 Pompo-

1249 255 1328 290 nius
1365 254 1491 289 scribit
1526 254 1617 289 servi
1652 265 1793 300 quoque
1828 256 1970 291 nomine
2002 266 2098 291 noxa
2113 267 2132 291 e
2167 257 2339 292 iudicium

1247 299 1489 342 reddendum,
1514 299 1583 334 nisi
1607 299 1741 334 sciente
1766 300 1907 336 domino
1932 300 1970 336 id
1993 301 2102 336 fecit:
2135 304 2223 336 tunc
2248 302 2341 337 enim

1249 347 1268 379 2
1316 345 1392 379 sine
1426 354 1541 379 noxae
1573 343 1753 379 deditione
1782 346 1952 380 iudicium
1984 346 2165 391 suscipiet.
2216 346 2341 382 Ofilius

1247 393 1353 441 putat
1376 389 1495 425 locum
1517 389 1587 424 hoc
1611 389 1728 424 edicto
1753 400 1826 425 non
1851 400 1946 433 esse,
1978 391 2008 426 si
2040 401 2214 436 persona,
2248 401 2342 436 quae

1246 445 1284 468 m
1307 434 1362 469 ius
1387 433 1508 469 vocari
1530 444 1604 468 non
1627 434 1764 478 potuit,
1791 439 1955 479 exempta
1980 440 2052 478 est,
2077 436 2186 471 veluti
2209 446 2342 488 parens

1249 482 1285 514 et
1307 482 1482 524 patronus
1508 483 1719 523 ceteraeque
1742 490 1936 524 personae:
1963 492 2053 526 quae
2066 485 2244 517 sententia
2256 481 2342 516 mihi

1246 523 1387 559 videtur
1422 523 1547 559 verior.
1598 527 1634 558 et
1657 534 1743 559 sane
1774 525 1805 559 si
1837 525 1984 569 deliquit
2015 527 2076 571 qui
2110 530 2235 569 vocat,
2269 537 2343 562 non

1248 568 1396 614 deliquit
1419 569 1480 614 qui
1504 569 1643 604 exemit.

1294 611 1319 650 2
1355 613 1516 649 PAULUS
1549 614 1641 649 libro
1678 617 1810 659 quarto
1846 614 1896 649 ad
1931 615 2084 650 edictum
2130 616 2224 651 Nam
2260 626 2342 650 cum

1247 662 1399 704 uterque
1424 662 1550 694 contra
1575 658 1730 694 edictum
1753 658 1877 701 faciat,
1903 663 1939 694 et
1961 660 2109 695 libertus
2135 661 2195 705 qui
2217 665 2341 706 patro-

1247 715 1334 739 num
1356 707 1481 746 vocat,
1515 707 1550 738 et
1572 704 1603 738 is
1628 704 1689 749 qui
1713 707 1904 748 patronum
1927 704 1960 739 vi
1985 705 2134 739 eximat:
2168 706 2343 741 deteriore

1247 752 1367 783 tamen
1390 749 1470 784 loco
1495 749 1644 784 libertus
1669 752 1734 790 est,
1761 749 1820 794 qui
1843 749 1881 784 in
1905 750 2009 784 simili
2031 750 2157 785 delicto
2179 751 2343 795 petitoris

1247 797 1368 838 partes
1393 794 1555 828 sustinet.
1603 793 1742 828 Eadem
1767 795 1929 839 aequitas
1954 798 2008 829 est
2030 795 2068 829 in
2092 805 2153 837 eo,
2187 796 2247 840 qui
2271 796 2342 831 alio

1248 849 1357 883 quam
1381 849 1451 883 quo
1477 838 1650 873 debuerat
1673 839 1711 873 in
1734 839 1790 874 ius
1814 840 2030 874 vocabatur:
2064 840 2129 875 sed
2154 843 2188 874 et
2210 840 2341 875 fortius

1249 883 1438 918 dicendum
1462 887 1524 936 est·
1540 894 1612 919 non
1636 884 1746 919 videri
1769 884 1803 919 vi
1828 884 1933 919 eximi
1958 895 2049 927 eum,
2075 885 2133 920 cui
2154 885 2199 919 sit
2217 885 2273 920 ius
2293 886 2343 920 ibi

1247 939 1320 964 non
1345 939 1537 964 convenm.

1294 970 1317 1010 3
1351 973 1547 1009 ULPIANUS
1567 973 1658 1009 libro
1684 974 1809 1019 quinto
1835 974 1885 1009 ad
1907 974 2061 1010 edictum
2108 974 2213 1019 Quod
2225 975 2255 1009 si
2268 985 2342 1010 ser-

1246 1029 1328 1054 vum
1353 1019 1431 1063 quis
1457 1018 1586 1053 exemit
1608 1019 1646 1052 in
1668 1018 1725 1053 ius
1748 1022 1934 1062 vocatum,
1966 1019 2099 1054 Pedius
2129 1022 2234 1064 putat
2266 1030 2342 1054 ces-

1248 1074 1329 1099 sare
1343 1064 1357 1085 ⁹
1382 1063 1548 1106 edictum,
1573 1063 1740 1108 quoniam
1764 1075 1837 1099 non
1855 1064 1926 1099 fuit
1943 1075 2108 1109 persona,
2134 1064 2275 1109 quaein
2287 1065 2343 1099 ius

1248 1108 1371 1144 vocari
1393 1108 1520 1153 potuit.
1570 1108 1656 1153 quid
1679 1119 1717 1143 er
1742 1109 1788 1143 οἳ
1812 1108 1859 1143 ad
1884 1110 2123 1145 exhibendum
2148 1109 2214 1144 erit
2234 1119 2342 1154 agen-

1252 1156 1268 1188 1
1322 1154 1417 1188 dum.
1466 1153 1595 1198 Siquis
1608 1153 1654 1188 ad
1666 1164 1711 1198 pe
1738 1163 1868 1188 aueum
1879 1155 2032 1190 iudicem
2052 1158 2220 1190 vocatum
2239 1165 2342 1199 quem

1249 1201 1268 1233 2
1318 1198 1460 1240 eximat,
1485 1208 1603 1250 poena
1626 1199 1701 1233 eius
1725 1198 1832 1234 edicti
1857 1201 2021 1235 cessabit.
2071 1199 2174 1244 Quod
2224 1203 2344 1235 raetor

1248 1244 1431 1288 praecepit
1455 1246 1500 1277 ‘Vl
1524 1243 1685 1278 eximat':
1710 1244 1745 1278 vi
1769 1254 1817 1278 an
1841 1247 1877 1278 et
1897 1245 1978 1280 dolo
1999 1245 2119 1280 malo?
2144 1255 2160 1279 s
2200 1244 2279 1279 'ficit
2298 1245 2343 1286 vi,

1249 1289 1408 1333 quamvis
1434 1288 1536 1323 dolus
1560 1288 1675 1323 malus
1701 1292 1827 1323 cesset.

1294 1332 1319 1370 4
1345 1333 1504 1368 mes
1525 1333 1616 1369 libro
1641 1337 1773 1379 quarto
1798 1334 1847 1368 ad
1870 1332 2024 1368 edictum
2072 1332 2142 1368 Sed
2166 1334 2342 1369 eximendi

1248 1379 1395 1413 verbum
1417 1379 1582 1423 generale
1607 1382 1671 1420 est,
1696 1382 1737 1413 ut
1748 1378 1968 1423 Pomponius
1993 1377 2053 1412 ait.
2093 1379 2230 1424 eripere
2250 1379 2342 1413 enim

1249 1427 1303 1458 est
1327 1423 1371 1458 de
1395 1424 1558 1458 manibus
1584 1423 1724 1458 auferre
1748 1434 1812 1469 per
1835 1426 1998 1468 raptum:
2025 1423 2179 1459 eximere
2200 1434 2342 1469 quoquo

1248 1468 1354 1503 modo
1389 1468 1541 1503 auferre.
1589 1472 1630 1503 ut
1661 1472 1750 1513 puta
1781 1469 1812 1504 si
1845 1468 1923 1514 quis
1948 1478 2019 1503 non
2043 1469 2203 1512 rapuerit
2227 1479 2342 1514 quem,

1250 1513 1313 1548 sed
1336 1523 1472 1548 moram
1495 1513 1622 1548 fecerit
1646 1524 1715 1558 quo
1735 1514 1850 1548 minus
1870 1514 1908 1548 in
1927 1513 1983 1547 ius
1997 1513 2143 1556 veniret,
2168 1517 2210 1548 ut
2230 1515 2343 1548 actio-

1249 1559 1303 1593 nis
1329 1558 1403 1593 dies
1429 1559 1541 1593 exiret
1564 1558 1619 1593 vel
1641 1568 1698 1593 res
1717 1562 1878 1604 tempore
1900 1558 2141 1593 amitteretur:
2167 1559 2345 1593 videbitur

1250 1603 1440 1645 exemisse,
1474 1603 1632 1648 quamvis
1665 1614 1795 1648 corpus
1818 1614 1891 1638 non
1916 1603 2094 1638 exemerit.
2145 1604 2208 1639 sed
2243 1606 2279 1638 et
2314 1604 2344 1638 si

1250 1658 1291 1683 eo
1316 1648 1387 1683 loci
1410 1648 1613 1690 retinuerit,
1646 1659 1719 1683 non
1755 1648 1923 1691 abduxit,
1958 1648 2013 1683 his
2045 1648 2163 1683 verbis
2187 1652 2341 1683 tenetur.

1252 1696 1267 1727 1
1317 1693 1408 1727 Item
1431 1693 1460 1727 si
1485 1693 1563 1738 quis
1589 1702 1688 1735 eum,
1726 1694 1786 1738 qui
1809 1704 1874 1738 per
1898 1693 2111 1728 calumniam
2134 1694 2342 1735 vocabatur,

1250 1740 1269 1772 2
1318 1738 1504 1772 exemerit:
1531 1741 1675 1773 constat
1699 1748 1778 1772 eum
1802 1738 1872 1773 hoc
1894 1738 2010 1773 edicto
2031 1738 2155 1772 teneri.
2191 1738 2344 1773 Praetor

1250 1782 1301 1817 ait
1325 1785 1424 1817 ‘neve
1447 1782 1559 1818 faciat
1590 1782 1670 1817 dolo
1703 1783 1817 1825 malo,
1850 1793 1920 1828 quo
1954 1783 2064 1827 magis
2098 1783 2341 1817 eximeretur‘:

1249 1837 1332 1862 nam
1356 1831 1476 1872 potest
1500 1827 1575 1862 sine
1600 1827 1681 1862 dolo
1706 1828 1800 1862 malo
1824 1827 1860 1862 id
1883 1827 1979 1869 fieri,
2010 1827 2120 1862 veluti
2144 1838 2224 1863 cum
2248 1828 2344 1862 iusta

1250 1882 1361 1907 causa
1385 1875 1440 1907 est
1464 1882 1564 1907 exem
1590 1872 1710 1907 tionis.

1295 1915 1319 1953 5
1353 1916 1549 1952 ULPIANUS
1583 1917 1661 1952 ibro
1687 1918 1813 1962 quinto
1838 1917 1889 1952 ad
1911 1917 2066 1952 edictum
2102 1917 2139 1952 Si
2159 1927 2223 1962 per
2235 1917 2343 1952 alium

1250 1962 1328 2007 quis
1354 1962 1542 2004 exemerit,
1575 1962 1645 1996 hac
1679 1962 1841 1997 clausula
1874 1965 2037 2003 tenetur,
2070 1962 2143 1997 sive
2173 1972 2343 2007 praesens

1252 2010 1267 2041 1
1316 2007 1387 2041 fuit
1410 2007 1483 2042 sive
1507 2008 1647 2042 absens.
1697 2008 1739 2041 In
1764 2017 1843 2042 eum
1868 2010 2008 2049 autem,
2042 2007 2102 2052 qui
2133 2007 2168 2042 vi
2201 2008 2341 2049 exemit,

1251 2052 1288 2086 in
1322 2051 1459 2086 factum
1490 2052 1661 2087 iudicium
1693 2052 1817 2086 datur:
1855 2062 1924 2096 quo
1960 2062 2033 2087 non
2068 2052 2105 2086 id
2141 2052 2344 2087 continetur

1250 2097 1346 2141 quod
1368 2097 1405 2131 in
1428 2097 1579 2132 veritate
1603 2100 1676 2139 est,
1702 2097 1765 2132 sed
1789 2096 1914 2141 quanti
1938 2107 1980 2131 ea
1999 2107 2056 2131 res
2078 2100 2133 2132 est
2152 2098 2197 2132 ab
2221 2101 2344 2132 actore

1250 2142 1459 2184 aestimata,
1485 2142 1529 2177 de
1554 2152 1625 2186 qua
1649 2142 1890 2176 controversia
1915 2145 1979 2176 est.
2028 2142 2097 2177 hoc
2123 2143 2216 2177 enim
2241 2142 2342 2177 addi-

1249 2190 1326 2221 tum
1350 2190 1422 2228 est,
1454 2190 1496 2221 ut
1519 2190 1693 2231 appareat
1717 2186 1822 2221 etiam
1846 2187 1877 2221 si
1901 2187 2138 2222 calumniator
2171 2187 2250 2232 quis
2283 2188 2341 2229 sit,

1250 2234 1269 2265 2
1316 2234 1438 2266 tamen
1460 2232 1556 2266 hanc
1580 2241 1734 2276 poenam
1759 2241 1839 2266 eum
1858 2241 1961 2276 perse
1987 2232 2034 2266 ui.
2071 2231 2212 2267 Docere
2224 2235 2344 2267 autem

1250 2276 1356 2311 debet
1379 2276 1457 2321 quis
1509 2286 1546 2311 er
1568 2276 1663 2311 hanc
1688 2276 1948 2321 exemptionem
1987 2280 2107 2311 actum
2132 2287 2202 2322 quo
2226 2278 2343 2312 minus

1248 2321 1286 2355 in
1309 2321 1365 2356 ius
1397 2331 1463 2366 pro
1491 2325 1669 2356 uceretur.
1719 2324 1876 2356 ceterum
1907 2321 1935 2356 si
1969 2321 2078 2356 nihilo
2111 2322 2228 2357 minus
2259 2333 2342 2366 pro-

1250 2365 1379 2401 ductus
1404 2370 1469 2408 est,
1498 2369 1617 2401 cessat
1666 2376 1775 2401 oena:
1802 2366 1971 2411 quoniam
1988 2366 2097 2401 verba
2119 2377 2200 2401 cum
2213 2367 2343 2401 effectu

1249 2413 1269 2445 3
1317 2412 1444 2446 sunt¹⁰
1467 2411 1545 2446 acci
1571 2411 1628 2446 ien
1655 2421 1687 2446 a.
1735 2411 1814 2446 Hoc
1844 2411 2016 2446 iudicium
2046 2412 2083 2445 in
2106 2411 2243 2446 factum
2269 2415 2341 2446 est:

1250 2458 1285 2490 et
1310 2456 1340 2490 si
1363 2456 1484 2500 plures
1509 2456 1553 2491 de
1567 2456 1724 2501 iquerint
1747 2457 1785 2490 in
1808 2456 1966 2501 singulos
1991 2456 2146 2498 dabitur,
2173 2460 2209 2491 et
2232 2456 2342 2491 nihilo

1249 2503 1270 2535 4
1317 2501 1433 2535 minus
1457 2505 1578 2535 manet
1601 2501 1662 2545 qui
1685 2504 1869 2545 exemptus
1894 2504 1949 2535 est
1972 2501 2167 2545 obligatus:
2193 2501 2341 2536 Heredi-

1248 2545 1316 2580 bus
1341 2549 1460 2580 autem
1482 2546 1534 2580 ita
1558 2546 1721 2588 dabitur,
1747 2546 1778 2580 si
1801 2556 1923 2580 eorum
1946 2545 2104 2580 intersit:
2137 2556 2253 2591 neque
2277 2556 2341 2581 au-

1248 2593 1321 2624 tem
1343 2590 1381 2624 in
1404 2590 1570 2625 heredem
1594 2601 1710 2635 neque
1733 2593 1817 2635 post
1840 2600 1973 2624 annum
1997 2590 2150 2625 dabitur.

1296 2633 1320 2672 6
1345 2635 1454 2670 IDEM
1481 2635 1572 2670 libro
1613 2636 1823 2681 triyensimo
1884 2635 1985 2670 uinto
2021 2634 2071 2670 ad
2104 2635 2259 2672 edictum
2305 2636 2342 2671 Is

1249 2680 1310 2725 qui
1334 2680 1528 2715 debitorem
1551 2679 1585 2714 vi
1610 2680 1749 2721 exemit,
1775 2679 1806 2714 si
1826 2689 1865 2714 so
1881 2680 1980 2722 verit,
2004 2689 2105 2715 reum
2116 2691 2187 2716 non
2201 2681 2341 2723 liberat,

1249 2725 1334 2769 quia
1356 2735 1509 2769 poenam
1533 2735 1635 2760 suam
1659 2724 1814 2760 solvit¹¹.

1714 2816 1859 2855 V111¹².

1250 2881 1331 2918 QUI
1356 2882 1606 2914 SATISDARE
1632 2881 1876 2915 coeANTUR
1908 2882 2002 2915 VEL
2035 2882 2203 2916 mRATo
2235 2885 2340 2917 Pno-

1294 2927 1499 2959 MITTANT
1522 2927 1614 2960 VEL
1642 2927 2079 3006 SUssfNffiMISSIOM
2103 2928 2295 2961 COMMIT-

1299 3037 1318 3074 1
1349 3037 1473 3074 GAJUs
1492 3038 1583 3074 libro
1608 3038 1734 3084 quinto
1758 3038 1808 3074 ad
1830 3039 1984 3075 edictum
2001 3039 2231 3086 provinciale
2274 3039 2339 3075 Sa-

1249 3082 1392 3118 tisdatio
1430 3082 1554 3118 eodem
1584 3083 1690 3118 modo
1724 3083 1904 3129 appellata
1939 3087 1995 3119 est
2049 3095 2095 3120 uo
2127 3083 2337 3119 satisfactio,

1249 3138 1333 3162 nam
1363 3130 1405 3162 ut
1437 3127 1645 3164 satisfacere
1668 3127 1819 3164 dicimur
1842 3129 1885 3172 ei,
1912 3129 2013 3164 cuius
2063 3129 2250 3164 esiderium
2273 3130 2338 3164 im-

1249 3172 1408 3218 plemus,
1432 3173 1484 3207 ita
1507 3173 1683 3209 satisdare
1707 3173 1858 3209 dicimur
1881 3173 2083 3209 adversario
2108 3177 2252 3216 nostro,
2279 3174 2338 3219 qui

1249 3227 1315 3262 pro
1341 3227 1403 3259 eo,
1427 3217 1524 3262 quod
1547 3228 1569 3253 a
1592 3217 1695 3253 nobis
1718 3219 1832 3263 petiit,
1855 3219 1907 3253 ita
1932 3219 2076 3261 cavit¹³,
2100 3222 2142 3254 ut
2165 3229 2246 3253 eum
2269 3219 2338 3253 hoc

1249 3262 1391 3297 nomine
1415 3272 1580 3298 securum
1603 3262 1778 3299 faciamus
1803 3264 1895 3299 datis
1918 3263 2199 3299 fideiussoribus.

1296 3304 1321 3343 2
1354 3306 1549 3343 ULPIANUS
1577 3307 1668 3344 libro
1701 3309 1827 3353 quinto
1860 3308 1910 3344 ad
1931 3308 2085 3344 edictum
2130 3308 2338 3342 Fideiussor

1248 3351 1286 3386 in
1315 3351 1445 3387 iudicio
1482 3352 1629 3388 sistendi
1659 3362 1770 3388 causa
1800 3353 1961 3398 locuples
1993 3353 2133 3388 videtur
2164 3352 2241 3387 dari
2265 3362 2337 3387 non

1250 3473 1379 3496 cessare
1401 3463 1458 3507 Fb,
1482 3467 1582 3508 putat
1605 3476 1766 3499 essessare
1790 3465 1840 3498 Fa
1945 3466 2004 3507 (ιο)
2029 3466 2077 3498 sic
2098 3464 2184 3506 F³S,
2209 3464 2279 3495 sint
2301 3464 2337 3496 F

1251 3509 1305 3550 (11)
1326 3509 1517 3562 post-solvit
1528 3511 1658 3554 reliqua
1662 3523 1748 3555 pars
1755 3511 1912 3555 payellae
1924 3517 2022 3544 vacat
2031 3509 2066 3541 F
2072 3523 2084 3551 ‚-
2105 3505 2212 3541 ουδεν
2221 3505 2335 3541 Zamae

1252 3553 1555 3640 adfgpffilffda·
1568 3606 1619 3639 163
1651 3600 1732 3643 Pap.
1743 3607 1791 3639 143
1815 3599 1895 3632 Sab.
1909 3606 1950 3632 15.
1964 3598 2106 3630 —Bas.
2122 3598 2208 3637 7,14.
2220 3616 2266 3622 —
2281 3597 2336 3641 Cf.

1252 3642 1334 3675 Inst.
1348 3644 1380 3683 4,
1392 3650 1431 3677 11.
1451 3645 1527 3678 Cod.
1542 3645 1573 3685 2,
1588 3652 1623 3678 57
1693 3646 1751 3687 (13)
1778 3655 1853 3677 cum
1868 3653 1928 3686 pro
1943 3653 1981 3675 eo
1993 3665 2000 3674 .
2038 3664 2046 3673 .
2060 3642 2111 3674 ita
2123 3646 2260 3675 cavetur
2271 3654 2333 3678 scr.
