2528 3918
170 130 250 172 VH
284 134 297 171 i

169 261 251 286 nam
274 252 309 285 et
329 249 359 284 si
380 259 423 283 ex
442 258 480 283 re
500 257 588 289 mea,
608 247 734 292 inquit,
755 257 778 282 a
798 257 854 283 me
874 247 1066 292 stipulatus
1087 246 1143 287 sit,
1167 245 1253 279 nihil

169 295 261 346 agit,
292 304 364 329 non
387 293 496 338 magis
521 302 627 337 quam
650 302 772 327 servus
796 291 933 328 alienus
957 292 1053 327 bona
1076 290 1147 325 fide
1171 290 1254 324 mihi

170 339 324 375 serviens
347 338 439 372 idem
463 337 598 382 agendo
623 336 764 372 (ιοιιιιιιο
790 337 979 382 quicquam
1004 335 1170 380 adquirit.
1207 334 1254 369 si-

171 384 243 419 mili
267 383 390 423 modo,
416 383 484 423 ait,
510 392 554 416 ne
579 381 718 426 quidem
742 381 773 417 si
795 393 871 417 rein
895 392 1009 417 meam
1033 391 1056 415 a
1078 389 1134 414 me
1157 378 1254 413 fruc-

170 429 285 463 tuario
300 409 487 468 conducat,
513 438 568 461 me
592 437 663 462 non
688 427 869 472 obligabit.
907 430 942 461 et
964 424 1173 476 regulariter
1196 424 1254 458 de-

170 474 277 507 finiit:
304 472 399 516 quod
423 472 501 516 quis
525 472 571 506 ab
596 472 666 507 alio
692 472 896 524 stipulando
921 471 1005 505 mihi
1029 469 1194 521 adquirit,
1219 469 1254 503 id

170 529 192 553 a
215 527 271 551 me
293 517 337 552 sti
365 516 493 551 ulando
518 515 606 551 nihil
630 517 718 561 agit:
753 517 819 551 nisi
843 516 952 557 forte,
985 514 1119 559 inquit,
1143 513 1255 548 nomi-

170 563 280 597 natim
348 562 464 596 omino
500 571 564 596 suo
595 562 790 614 stipuletur
825 571 847 596 a
882 571 936 596 me
971 560 1027 594 vel
1063 558 1254 594 conducat

171 612 191 642 6
238 607 275 641 Si
308 606 398 641 duos
429 606 646 642 fructuarios
677 615 860 658 proponas
892 609 927 640 et
958 615 1002 640 ex
1037 604 1182 638 alterius
1218 614 1257 638 re

170 662 292 687 servus
315 652 362 686 sit
384 651 429 686 sti
456 651 587 693 ulatus,
612 652 813 696 quaeritur,
838 654 957 685 utrum
980 653 1095 684 totum
1120 658 1166 683 an
1189 658 1255 692 pro

170 701 291 748 parte,
326 706 397 741 qua
455 696 538 731 abet
561 706 665 731 usum
687 697 854 737 fructum,
879 695 911 729 ei
935 697 1138 738 quaeratur.
1174 703 1256 727 nam

172 747 208 777 et
232 742 267 775 in
292 741 434 776 duobus
458 741 573 776 bonae
596 741 679 775 fidei
702 740 969 785 possessoribus
993 739 1063 773 hoc
1087 737 1180 772 idem
1204 742 1258 773 est

170 786 268 838 apud
288 786 492 821 Scaevolam
517 786 685 830 agitatum
709 786 798 820 libro
820 784 976 819 secundo
999 783 1257 834 quaestionum,

169 836 206 866 et
229 831 279 866 ait
302 831 402 876 volgo
429 831 600 866 creditum
624 831 866 874 rationemque
889 830 958 864 hoc
981 828 1121 870 facere,
1154 831 1195 862 ut
1228 827 1258 862 si

171 887 215 912 ex
238 886 277 911 re
300 876 446 911 alterius
469 876 668 920 stipuletur,
689 879 832 927 partem
857 874 888 909 ei
911 873 1099 908 dumtaxat
1122 873 1258 917 quaeri,

170 925 309 967 partem
341 921 505 956 domino·
542 920 697 971 quodsi
730 919 937 954 nominatim
973 918 1019 952 sit
1053 917 1256 969 stipulatus,

170 977 237 1001 nec
261 966 418 1000 dubitari
442 965 588 1006 debere,
614 965 698 1009 quin
722 964 861 999 adiecto
886 963 1028 1015 nomine
1051 962 1203 998 solidum
1228 973 1259 997 ei

170 1015 378 1063 quaeratur.
416 1010 580 1055 idemque
612 1010 662 1044 ait
693 1014 728 1044 et
759 1010 789 1044 si
819 1009 919 1043 iussu
951 1008 1026 1043 eius
1058 1008 1257 1052 stipuletur,

195 1056 339 1091 uoniam
369 1056 505 1090 iussum
536 1066 599 1099 pro
625 1055 765 1089 nomine
789 1054 994 1099 accipimus.
1029 1052 1123 1088 idem
1155 1056 1190 1087 et
1220 1053 1258 1087 in

169 1067 375 1136 fructuariis
400 1101 465 1135 erit
488 1099 684 1141 dicendum,
708 1102 749 1134 ut
768 1109 838 1151 quo
860 1109 946 1133 casu
965 1108 1038 1133 non
1056 1101 1173 1133 totum
1194 1096 1256 1132 ad-

172 1146 334 1191 quiretur
357 1145 574 1186 fructuario,
606 1144 833 1196 proprietatis
858 1143 1001 1178 domino
1027 1143 1095 1178 erit
1117 1142 1257 1188 quaesi-

170 1196 258 1232 tum,
283 1191 450 1235 quoniam
474 1200 517 1225 ex
540 1199 579 1224 re
602 1189 792 1224 fructuarii
815 1189 938 1234 quaeri
959 1188 991 1223 ei
1010 1198 1117 1233 posse
1138 1191 1257 1223 osten-

172 1239 191 1270 7
239 1217 365 1270 dimus.
413 1234 514 1279 Quod
547 1238 664 1268 autem
688 1234 840 1269 diximus
865 1244 909 1269 ex
931 1243 970 1268 re
993 1232 1182 1268 fructuarii
1203 1232 1259 1267 vel

172 1291 215 1316 ex
239 1281 367 1332 operis
380 1290 485 1325 posse
509 1279 705 1323 adquirere,
731 1283 851 1313 utrum
870 1282 957 1314 tunc
977 1278 1095 1313 locum
1115 1278 1258 1320 habeat,

172 1329 334 1376 quotiens
357 1335 434 1360 iure
457 1324 563 1369 legati
587 1334 672 1359 usus
695 1323 835 1359 fructus
869 1324 915 1359 sit
946 1323 1180 1365 constitutus,
1212 1333 1260 1357 an

173 1375 207 1405 et
252 1370 281 1404 si
316 1380 380 1414 per
412 1369 637 1404 traditionem
672 1369 727 1403 vel
762 1369 1027 1413 stipulationem
1060 1368 1117 1403 vel
1151 1367 1260 1402 alium

172 1425 427 1466 quemcumque
459 1413 620 1454 modum,
652 1413 850 1449 videndum.
888 1417 923 1448 et
946 1423 1030 1448 vera
1054 1417 1109 1448 est
1131 1413 1260 1457 Pegasi

172 1460 357 1499 sententia,
383 1469 488 1503 quam
512 1462 548 1493 et
570 1439 728 1493 Iulianus
752 1458 841 1493 libro
867 1463 969 1494 sexto
994 1458 1130 1494 decimo
1156 1468 1258 1493 secu·

171 1509 229 1540 tus
254 1510 317 1546 est,
343 1505 458 1539 omni¹
483 1504 681 1538 fructuario
707 1503 854 1548 adquiri.

218 1546 271 1586 26
303 1549 359 1584 ΡΑ
368 1558 462 1584 ULUS
494 1549 585 1584 libro
620 1549 724 1583 tertio
757 1549 808 1583 ad
837 1548 1011 1584 Sabinum
1059 1547 1097 1582 Si
1131 1557 1260 1593 operas

172 1605 255 1630 suas
279 1594 449 1629 locaverit
473 1603 593 1628 servus
617 1593 837 1629 fructuarius
872 1598 909 1629 et
938 1593 1137 1638 inperfecto
1170 1596 1259 1628 tem-

171 1649 258 1684 pore
280 1638 466 1674 locationis
491 1649 577 1673 usus
602 1637 741 1673 fructus
765 1638 950 1681 interierit,
976 1637 1072 1690 quod
1095 1641 1260 1690 superest

172 1684 218 1719 ad
242 1683 515 1728 proprietarium
547 1684 749 1728 pertinebit.
786 1683 850 1719 sed
875 1687 910 1718 et
933 1683 964 1718 si
987 1683 1033 1718 ab
1056 1682 1157 1718 initio
1183 1693 1258 1718 cer-

171 1733 244 1764 tam
268 1739 440 1764 summam
463 1731 610 1773 propter
633 1739 761 1773 operas
787 1732 904 1764 certas
929 1727 1120 1773 stipulatus
1139 1727 1259 1770 fuerit,

172 1785 215 1809 ca
241 1774 290 1854 i7te
314 1773 518 1808 (ιειιιιιιιιιιο2
542 1783 583 1808 eo
608 1773 700 1808 idem
724 1773 912 1808 dicendum
937 1777 1001 1808 est.

246 1816 497 1854 7Urmiws
517 1818 607 1854 libro
632 1823 757 1854 octavo
782 1818 917 1854 decimo
941 1818 992 1853 ad
1012 1816 1187 1853 Sabinum
1223 1817 1261 1852 Si

197 1863 364 1899 endentes
396 1862 535 1898 fructus
569 1862 640 1898 iam
674 1866 834 1915 maturos
867 1863 1069 1908 reliquisset
1097 1866 1260 1905 testator,

170 1875 389 1944 fructuarius
421 1917 481 1943 eos
521 1907 633 1950 feret,
668 1908 700 1943 si
731 1908 788 1943 die
819 1908 927 1954 legati
959 1908 1107 1943 cedente
1141 1907 1260 1942 adhuc

172 1954 365 1999 pendentes
389 1952 696 2005 deprehendisset:
724 1964 806 1988 nam
830 1958 865 1988 et
889 1957 1026 1988 stantes
1049 1952 1190 1988 fructus
1215 1952 1261 1987 ad

178 2005 189 2033 ι
238 1998 474 2034 fructuarium
495 1998 684 2043 pertinent.
728 1998 767 2033 Si
787 1998 950 2034 dominus
972 1997 1098 2033 solitus
1117 1997 1187 2033 fuit
1204 2001 1260 2032 ta-

173 2043 292 2078 bernis
316 2043 362 2077 ad
385 2053 520 2078 merces
545 2053 629 2078 suas
652 2043 706 2078 uti
728 2043 783 2079 vel
807 2043 854 2078 ad
876 2043 1165 2088 negotiationem,
1189 2043 1259 2077 uti—

174 2099 242 2133 que
275 2088 499 2133 permittetur
532 2087 731 2123 fructuario
767 2088 887 2124 locare
923 2098 983 2123 eas
1020 2091 1057 2123 et
1090 2087 1138 2123 ad
1171 2087 1260 2123 alias

173 2143 318 2175 merces,
344 2136 379 2168 et
402 2133 488 2167 illud
513 2133 626 2168 solum
651 2133 919 2175 observandum,
944 2143 990 2168 ne
1012 2132 1068 2168 vel
1090 2133 1262 2168 abutatur

174 2178 460 2213 usufructuarius
482 2179 536 2212 vel
557 2178 811 2214 contumeliose
829 2178 1042 2213 iniurioseve
1058 2181 1182 2213 utatur
1192 2188 1261 2213 usu

174 2226 194 2258 2
241 2222 373 2258 fructu.
421 2222 459 2257 Si
482 2223 572 2258 servi
595 2234 682 2259 usus
712 2223 853 2258 fructus
885 2224 1022 2268 legatus
1054 2226 1127 2265 est,
1160 2223 1261 2258 cuius

174 2271 324 2303 testator
347 2268 449 2313 quasi
472 2268 666 2303 ministerio
690 2279 803 2304 vacuo
827 2268 1007 2310 utebatur,
1031 2268 1062 2302 si
1085 2278 1166 2303 eum
1190 2267 1260 2302 dis-

175 2313 314 2359 ciplinis
337 2313 390 2347 vel
414 2316 491 2347 arte
512 2313 705 2349 instituerit
736 2312 1042 2355 usufructuarius,
1074 2316 1153 2348 arte
1185 2313 1261 2347 eius

174 2361 194 2393 3
240 2358 295 2393 vel
325 2358 453 2402 peritia
483 2362 614 2393 utetur.
663 2357 700 2393 Si
734 2358 819 2404 quid
844 2358 1013 2394 cloacarii
1036 2358 1176 2393 nomine
1200 2357 1260 2393 de-

174 2403 301 2438 beatur
323 2403 379 2437 vel
402 2403 432 2438 si
464 2403 548 2447 quid
581 2404 626 2438 ob
658 2403 811 2438 formam
843 2413 958 2448 aquae
989 2403 1137 2445 ductus,
1169 2413 1262 2448 quae

174 2458 237 2492 per
260 2457 383 2492 agrum
406 2448 544 2490 transit,
569 2447 757 2493 pendatur,
781 2448 827 2484 ad
851 2459 941 2483 onus
964 2447 1155 2483 fructuarii
1178 2458 1259 2492 per-

174 2493 317 2527 tinebit:
342 2492 405 2527 sed
429 2497 464 2528 et
487 2493 517 2528 si
541 2493 627 2538 quid
650 2493 697 2528 ad
720 2493 947 2529 cenationem
970 2493 1059 2535 viae,
1083 2496 1171 2537 puto
1192 2493 1261 2527 hoc

175 2547 315 2589 quoque
348 2537 580 2573 fructuarium
616 2538 833 2573 subiturum:
880 2548 962 2583 ergo
1007 2541 1042 2573 et
1084 2537 1179 2582 quod
1214 2538 1259 2572 ob

176 2582 363 2617 transitum
385 2583 561 2618 exercitus
587 2583 769 2618 confertur
792 2594 836 2618 ex
858 2582 1053 2618 fructibus:
1086 2582 1150 2618 sed
1174 2587 1208 2617 et
1231 2583 1262 2617 si

175 2626 260 2671 quid
284 2627 473 2671 municipio
508 2633 602 2680 (nam
635 2628 751 2663 solent
775 2638 997 2681 possessores
1022 2631 1155 2663 certam
1178 2637 1260 2672 par-

177 2677 249 2706 tein
258 2670 440 2706 fructuum
459 2673 650 2717 municipio
670 2673 783 2709 viliori
802 2673 917 2718 pretio
939 2672 1121 2708 addicere.
1147 2673 1262 2708 solent

177 2720 213 2751 et
234 2715 322 2751 fisco
345 2716 503 2752 fusiones
534 2722 740 2762 praestare),
764 2718 854 2754 haec
884 2728 994 2754 onera
1025 2718 1071 2752 ad
1099 2717 1261 2752 fructua-

178 2763 199 2795 4
245 2760 336 2795 rium
368 2762 606 2805 pertinebunt.
654 2762 692 2797 Si
723 2773 795 2808 qua
827 2763 978 2798 servitus
1010 2763 1177 2807 imposita
1209 2766 1262 2797 est

177 2804 300 2846 fundo,
325 2816 469 2841 necesse
491 2807 636 2842 habebit
654 2807 873 2843 fructuarius
893 2808 1086 2843 sustinere:
1112 2807 1206 2842 unde
1227 2811 1263 2842 et

178 2850 208 2884 si
231 2859 295 2894 per
317 2850 578 2895 stipulationem
601 2853 751 2903 servitus
777 2852 959 2895 debeatur,
983 2853 1076 2888 idem
1100 2856 1187 2897 puto
1208 2851 1260 2887 di-

179 2898 199 2929 5
247 2894 408 2929 cendum
456 2895 525 2930 Sed
549 2901 583 2931 et
606 2897 635 2931 si
660 2908 780 2932 servus
805 2898 871 2934 sub
879 2908 1012 2950 poena
1042 2902 1183 2942 emptus
1215 2897 1262 2932 sit

178 2938 372 2974 interdictis
398 2941 502 2975 certis
527 2942 749 2985 quibusdam,
775 2952 833 2984 an,
859 2942 889 2978 si
912 2953 1000 2978 usus
1022 2941 1162 2977 fructus
1188 2942 1262 2977 eius

179 2983 287 3019 fuerit
309 2984 458 3028 legatus,
483 2986 671 3021 observare
694 2987 783 3022 haec
806 2987 1026 3022 fructuarius
1051 2987 1204 3022 debeat?
1228 2991 1264 3022 et

179 3032 266 3080 puto
290 3027 418 3064 debere
440 3040 518 3064 eum
550 3031 755 3067 observare:
790 3032 948 3077 alioquin
978 3043 1051 3068 non
1082 3032 1167 3067 boni
1197 3031 1263 3066 viri

179 3073 355 3109 arbitratu
379 3073 491 3108 utitur
514 3079 550 3110 et
571 3075 710 3110 fruitur.

227 3114 280 3155 28
305 3117 533 3154 POMPONIUS
560 3120 649 3155 libro
681 3122 804 3166 quinto
829 3122 879 3157 ad
900 3121 1076 3158 Sabinum
1121 3120 1262 3156 Nomis-

179 3166 314 3198 matum
344 3173 532 3198 aureorum
563 3164 617 3199 vel
647 3170 892 3209 argenteorum
923 3171 1102 3208 veterum,
1133 3166 1262 3210 quibus

181 3208 411 3291 proffemmis
435 3208 488 3242 uti
510 3209 634 3251 solent,
659 3220 745 3244 usus
769 3210 908 3246 fructus
931 3211 1041 3256 legari
1063 3214 1193 3256 potest.

319 3252 512 3288 ULPIANUS
551 3253 642 3289 libro
677 3259 800 3289 octavo
836 3256 972 3291 decimo
1005 3256 1055 3292 ad
1088 3254 1261 3291 Sabinum

183 3297 346 3333 Omnium
362 3297 536 3334 bonorum
553 3308 655 3333 usum
671 3298 828 3334 fructum
844 3310 950 3344 posse
964 3300 1085 3345 legari,
1109 3299 1178 3335 nisi
1201 3309 1261 3334 ex-

182 3342 287 3377 cedat
300 3341 481 3394 dodrantis
501 3342 792 3385 aestimationem,
816 3343 940 3380 Celsus
952 3345 1044 3380 libro
1057 3344 1260 3396 trigensimo

181 3386 340 3423 secundo
435 3391 590 3423 estorum
625 3391 661 3422 et
692 3387 849 3423 Iulianus
884 3389 974 3425 libro
1017 3389 1261 3435 sexagensimo

182 3431 295 3476 primo
319 3431 486 3467 scribit³:
511 3435 547 3466 et
570 3435 625 3467 est
647 3431 773 3466 verius.

228 3473 281 3515 30
305 3476 465 3512 Pavws
491 3475 582 3512 libro
612 3476 716 3511 tertio
746 3476 796 3511 ad
827 3475 999 3513 Sabmum
1046 3478 1083 3514 Si
1113 3478 1165 3520 is,
1201 3477 1263 3523 qui

183 3589 223 3629 (i)
247 3589 295 3622 εἰσ
310 3589 462 3622 Cuiaciue
473 3600 542 3622 cum
555 3588 601 3629 Β,
613 3589 727 3620 omnia
739 3587 799 3622 FS

184 3637 355 3666 mortuove
367 3635 428 3667 ins.
521 3634 564 3675 (³)
588 3633 741 3666 scribunt
750 3645 813 3667 scr.

184 3684 212 3717 ι,
224 3684 256 3711 io
348 3679 393 3720 (⁵)
415 3678 464 3712 sic
473 3677 583 3712 Fcum
594 3678 641 3721 Β,
654 3677 849 3720 temporalis
861 3677 891 3710 S

184 3722 264 3754 inc..-
277 3730 359 3756 certe
372 3725 419 3756 ita
430 3729 590 3757 verterunt
604 3703 727 3757 Graeci

944 3590 987 3631 (2)
1013 3590 1262 3623 usufructuario

913 3634 955 3674 (4)
981 3635 1219 3668 MarcellusD.
1230 3636 1262 3675 8,

975 3679 1020 3719 (6)
1044 3679 1263 3722 proprietatis

845 3723 888 3762 (τ)
913 3724 999 3763 quod
1013 3723 1041 3755 si
1052 3723 1164 3756 Titius
1185 3735 1263 3767 pro-

1263 122 1338 168 100

1330 3177 1360 3218 ,,

1328 246 1427 281 binas
1452 246 1558 281 aedes
1582 245 1732 288 habeat,
1757 246 1907 282 aliarum
1931 258 2035 283 usum
2057 247 2225 284 fructum
2237 248 2416 301 legaverit,

1325 300 1431 370 posse
1453 290 1622 326 heredem
1644 290 1864 327 Marcellus⁴
1888 293 2014 327 scribit
2044 293 2176 328 alteras
2209 293 2315 329 altius
2345 295 2414 331 tol-

1339 334 1430 370 endo
1454 335 1649 371 obscurare
1670 335 1862 372 luminibus
1875 363 1884 379 ,
1918 338 2086 382 quoniam
2115 337 2272 373 habitari
2296 342 2416 383 potest

1326 379 1433 415 etiam
1467 380 1669 415 obscuratis
1693 380 1851 416 aedibus.
1889 382 1984 427 quod
2015 392 2128 427 usque
2159 382 2248 418 adeo
2279 386 2414 429 tempe·

1326 424 1479 460 randum
1502 429 1568 467 est,
1591 429 1634 460 ut
1656 435 1728 460 non
1749 426 1787 460 ιιι
1809 430 1924 462 totum
1949 427 2055 462 aedes
2079 427 2326 470 obscurentur,
2351 429 2415 464 sed

1327 469 1505 505 modicum
1526 469 1664 512 lumen,
1689 470 1784 514 quod
1807 471 2051 507 habitantibus
2075 472 2221 515 sufficit,
2244 473 2413 508 habeant.

1371 511 1422 552 31
1450 513 1558 550 locu
1586 514 1678 550 libro
1709 515 1846 551 decimo
1871 517 1921 551 ad
1942 516 2115 553 Sabinum
2161 517 2220 552 Ex
2248 527 2288 552 re
2317 517 2415 554 fruc-

1326 559 1434 594 tuarii
1457 559 1564 595 etiam
1586 559 1623 594 id
1645 559 1879 611 intellegitur,
1915 561 2011 606 quod
2043 562 2076 597 ei
2106 561 2327 597 fructuarius
2351 563 2415 599 do-

1327 604 1464 639 naverit
1499 603 1758 640 concesseritve
1788 605 1845 640 vel
1881 616 1923 641 ex
1961 606 2268 642 administratione
2298 617 2416 644 rerum

1327 649 1402 684 eius
1427 649 1629 694 compendii
1651 659 1772 685 servus
1794 649 1932 685 fecerit.

1372 691 1426 731 32
1450 693 1681 729 POMPONIUS
1701 694 1790 730 libro
1816 696 2024 741 triqensimo
2049 696 2153 730 tertio
2173 696 2224 731 ad
2242 695 2415 732 Sabinum

1327 738 1365 773 Si
1396 739 1475 791 quis
1506 749 1598 774 unas
1630 738 1754 781 aedes,
1787 750 1876 791 quas
1901 740 1996 775 solas
2019 739 2148 782 habet,
2179 741 2235 776 vel
2264 740 2416 777 fundum

1326 783 1447 825 tradit,
1473 784 1636 828 excipere
1655 787 1775 829 potest
1792 784 1839 827 id,
1864 784 1959 829 quod
1979 794 2165 829 personae,
2189 795 2262 821 non
2280 786 2417 839 praedii

1326 832 1391 871 est,
1415 828 1525 863 veluti
1548 839 1652 863 usum
1676 832 1712 863 et
1734 839 1837 863 usum
1857 828 2026 864 fructum.
2059 829 2122 864 sed
2143 834 2179 864 et
2197 831 2229 866 si
2250 831 2417 883 excipiat,

1329 878 1366 908 ut
1389 883 1537 918 pascere
1561 874 1629 908 sibi
1652 874 1705 908 vel
1729 873 1931 909 inhabitare
1961 874 2086 916 liceat,
2117 875 2212 910 valet
2243 876 2416 927 exceptio,

1327 929 1407 953 cum
1432 929 1476 953 ex
1498 918 1618 953 multis
1642 918 1793 953 saltibus
1816 919 1982 963 pastione
2003 918 2142 954 fructus
2154 920 2415 973 perciperetur.

1327 967 1363 998 et
1385 963 1615 999 habitationis
1640 963 1859 1015 exceptione,
1884 964 1957 999 sive
1976 964 2188 1009 temporali⁵
2212 964 2285 1001 sive
2306 976 2417 1011 usque

1327 1008 1373 1043 ad
1396 1012 1546 1043 mortem
1570 1008 1645 1043 eius
1670 1008 1730 1053 qui
1754 1009 1913 1053 excepit,
1945 1019 2032 1044 usus
2063 1008 2202 1044 videtur
2234 1014 2415 1063 exceptus.

1373 1050 1426 1090 33
1451 1052 1699 1088 PAPJNJANUS
1718 1053 1810 1088 libro
1832 1054 1984 1105 septimo
2008 1053 2144 1089 decimo
2169 1056 2416 1099 quaestionum

1328 1097 1366 1133 Si
1386 1098 1481 1133 Titio
1505 1097 1658 1140 fructus,
1684 1097 1823 1134 Maevio
1847 1099 2048 1144 proprietas
2072 1099 2188 1152 legata
2211 1100 2258 1134 sit
2281 1103 2317 1134 et
2338 1100 2416 1135 vivo

1326 1146 1499 1178 testatore
1523 1143 1640 1178 Titius
1665 1143 1833 1186 decedat,
1866 1144 1954 1178 nihil
1983 1143 2081 1189 apud
2112 1144 2284 1188 scriptum
2315 1145 2417 1180 here-

1327 1188 1408 1223 dem
1438 1188 1528 1223 relin
1553 1191 1677 1223 uetur:
1713 1191 1749 1223 et
1777 1188 1815 1223 ι(1
1845 1188 2014 1224 Neratius
2046 1198 2188 1240 quoque
2221 1189 2415 1242 respondit.

1330 1236 1345 1268 i
1394 1232 1508 1268 Usum
1529 1199 1588 1268 ἓιιι
1590 1236 1687 1268 ctum
1708 1233 1746 1267 ιιι
1769 1233 1983 1286 quibusdam
2007 1233 2148 1269 casibus
2179 1244 2251 1269 non
2306 1234 2419 1270 artis⁶

1329 1277 1494 1314 effectum
1517 1278 1678 1323 optinere
1701 1279 1883 1314 convenit:
1908 1278 2004 1313 unde
2027 1278 2057 1313 si
2079 1277 2183 1314 fundi
2204 1279 2259 1314 vel
2294 1283 2417 1314 ructus

1327 1323 1444 1369 portio
1457 1327 1602 1368 petatur
1614 1326 1650 1358 et
1660 1323 1886 1359 absolutione
1907 1326 2032 1358 secuta
2050 1326 2177 1368 postea
2197 1334 2281 1368 pars
2303 1324 2417 1359 altera

1329 1378 1420 1413 quae
1443 1368 1602 1403 adcrevit
1623 1367 1840 1410 vindicetur,
1871 1369 1910 1403 in
1941 1368 2003 1403 lite
2027 1367 2167 1420 quidem
2190 1369 2417 1414 proprietatis

1327 1413 1505 1449 iudicatae
1536 1413 1588 1448 rei
1620 1413 1864 1458 exceptionem
1896 1413 2056 1456 obstare,
2091 1413 2128 1447 in
2158 1413 2299 1449 fructus
2333 1424 2417 1450 vero

1328 1469 1400 1493 non
1432 1459 1578 1493 obstare
1608 1458 1733 1493 scribit
1756 1458 1937 1500 Iulianus,
1969 1458 2137 1503 quoniam
2167 1459 2284 1503 portio
2316 1458 2418 1494 fundi

1328 1503 1425 1538 velut
1447 1503 1576 1538 alluvio
1600 1502 1775 1548 portioni,
1806 1513 1982 1556 personae
2011 1502 2151 1538 fructus
2182 1503 2415 1539 adcresceret.

1374 1545 1429 1585 34
1453 1547 1647 1583 IULIANUS
1675 1548 1766 1583 libro
1798 1549 2006 1594 triqensimo
2039 1549 2164 1593 quinto
2197 1548 2418 1594 diqestorum

1329 1593 1500 1645 Quotiens
1524 1593 1664 1628 duobus
1689 1603 1776 1627 usus
1799 1592 1938 1628 fructus
1962 1593 2100 1637 legatur
2123 1595 2185 1635 ita,
2209 1597 2249 1628 ut
2272 1593 2418 1628 alternis

1330 1638 1432 1673 annis
1462 1641 1612 1673 utantur
1641 1636 1827 1679 fruantur,
1860 1638 1891 1673 si
1914 1638 2053 1690 quidem
2076 1638 2127 1672 ita
2150 1638 2286 1682 legatus
2309 1637 2419 1673 fuerit

1330 1683 1436 1718 ‘Titio
1451 1686 1487 1718 et
1497 1683 1644 1718 Maevio'
1648 1709 1658 1726 ‚
1677 1685 1798 1734 potest
1809 1664 1878 1718 dici
1889 1683 1999 1727 priori
2012 1683 2118 1725 Titio,
2140 1683 2266 1718 deinde
2277 1683 2417 1718 Maevio

1329 1729 1485 1780 legatum
1509 1727 1641 1763 datum.
1678 1727 1709 1762 si
1731 1737 1814 1763 vero
1839 1727 1909 1763 duo
1936 1727 2091 1763 eiusdem
2115 1727 2267 1763 nominis
2286 1727 2419 1763 fuerint

1330 1776 1366 1808 et
1387 1773 1440 1808 ita
1471 1773 1643 1833 scriptum
1674 1772 1782 1807 fuerit
1806 1772 1920 1807 ‘Titiis
1952 1783 2055 1807 usum
2084 1772 2243 1824 fructum
2273 1773 2418 1808 alternis

1330 1818 1431 1853 annis
1457 1818 1532 1853 do'.
1558 1818 1628 1852 nisi
1651 1818 1906 1860 consenserint,
1930 1822 2010 1853 uter
2028 1828 2148 1852 eorum
2167 1817 2266 1863 prior
2284 1821 2417 1859 utatur,

1328 1863 1479 1898 invicem
1502 1863 1571 1898 sibi
1592 1862 1793 1914 impedient.
1831 1862 1925 1908 quod
1949 1863 1979 1898 si
2003 1863 2119 1897 Titius
2144 1872 2185 1898 eo
2209 1873 2323 1905 anno,
2347 1873 2417 1908 quo

1328 1908 1527 1950 frueretur,
1550 1907 1804 1960 proprietatem
1829 1908 2046 1960 accepisset,
2077 1908 2241 1942 interim⁷
2264 1907 2418 1959 legatum

1329 1964 1402 1988 non
1433 1952 1598 1995 habebit,
1635 1952 1697 1987 sed
1728 1952 1774 1987 ad
1804 1953 1983 1994 Maevium
2016 1953 2160 1987 alternis
2196 1952 2299 1988 annis
2332 1962 2418 1987 usus

1328 1999 1468 2033 fructus
1500 1997 1711 2043 pertinebit:
1748 1998 1807 2032 et⁸
1838 1998 1868 2033 si
1900 1998 2015 2032 Titius
2046 1997 2300 2049 proprietatem
2333 1997 2417 2032 alie-

1330 2046 1469 2085 nasset,
1501 2043 1648 2078 habebit
1673 2053 1753 2077 euin
1776 2053 1881 2078 usum
1902 2042 2078 2084 fructum,
2111 2042 2195 2087 quia
2229 2046 2265 2077 et
2295 2042 2327 2077 si
2350 2043 2417 2078 sub

1331 2069 1539 2123 condicione
1561 2098 1648 2123 usus
1672 2087 1810 2122 fructus
1834 2087 1919 2122 mihi
1936 2088 2075 2132 legatus
2094 2086 2204 2122 fuerit
2221 2091 2257 2122 et
2277 2087 2417 2122 interim

1330 2133 1584 2178 proprietatem
1619 2132 1665 2167 ab
1701 2133 1831 2168 herede
1866 2142 2057 2178 accepero,
2089 2130 2267 2177 pendente
2299 2136 2417 2167 autem

1331 2178 1539 2213 condicione
1567 2177 1716 2212 eandem
1742 2178 1954 2220 alienavero,
1974 2177 2021 2212 ad
2038 2178 2194 2229 legatum
2214 2177 2415 2212 admittar⁹.

1335 2227 1347 2256 l
1398 2223 1436 2257 Si
1460 2223 1587 2258 colono
1612 2226 1675 2257 tuo
1698 2232 1803 2257 usum
1822 2221 2090 2257 fructumfundi
2109 2222 2290 2266 legaveris‚
2314 2232 2418 2257 usum

1330 2267 1486 2302 fructum
1508 2267 1702 2302 vindicabit
1725 2270 1761 2302 et
1784 2278 1865 2302 cum
1888 2267 2018 2302 herede
2050 2271 2112 2301 tuo
2146 2270 2228 2311 aget
2258 2277 2302 2301 ex
2333 2277 2417 2301 con-

1331 2313 1437 2347 ducto
1463 2315 1499 2347 et
1522 2315 1771 2363 consequetur,
1795 2316 1837 2346 ut
1859 2321 1972 2356 neque
1995 2310 2176 2346 mercedes
2198 2314 2357 2355 praestet
2380 2315 2416 2346 et

1331 2361 1349 2392 2
1396 2357 1586 2402 impensas,
1600 2367 1689 2402 quas
1701 2356 1740 2391 in
1752 2356 2081 2398 culturamfecerat,
2094 2356 2244 2401 recipiat
2257 2357 2296 2391 ¹⁰.
2330 2355 2416 2391 Uni-

1331 2412 1511 2438 versorum
1534 2402 1710 2437 bonorum
1729 2411 1777 2436 an
1795 2402 2013 2446 singularum
2032 2411 2151 2436 rerum
2170 2411 2258 2437 usus
2277 2382 2417 2436 fructus

1330 2448 1482 2492 legetur,
1515 2447 1689 2481 hactenus
1712 2446 1885 2482 interesse
1907 2450 2013 2492 puto,
2062 2445 2154 2488 uod,
2178 2445 2210 2481 si
2233 2445 2339 2481 aedes
2362 2446 2417 2480 in·

1331 2502 1458 2527 censae
1480 2490 1633 2534 fuerint,
1659 2501 1745 2527 usus
1768 2491 1909 2526 fructus
1933 2491 2030 2536 speci
2069 2491 2135 2526 ter
2157 2490 2298 2525 aedium
2321 2491 2334 2525 l

1330 2542 1387 2572 tus
1410 2537 1486 2582 peti
1508 2547 1580 2572 non
1603 2540 1742 2581 potest,
1775 2537 1951 2571 bonorum
1982 2539 2101 2571 autem
2130 2545 2201 2570 usu
2222 2500 2400 2570 fructua

1329 2585 1412 2627 gato
1446 2591 1552 2616 areae
1583 2591 1670 2616 usus
1700 2580 1840 2616 fructus
1897 2581 1945 2616 eti
1975 2580 2124 2625 poterit:
2157 2580 2324 2625 quoniam
2357 2545 2418 2625 qui

1333 2629 1504 2662 bonorum
1538 2636 1686 2662 suorum
1719 2636 1824 2661 usum
1874 2630 2016 2661 ructum
2046 2626 2159 2669 legat,
2195 2636 2266 2660 non
2302 2625 2417 2677 solum

1331 2682 1463 2713 corum,
1489 2681 1580 2717 quae
1602 2671 1640 2706 in
1664 2671 1782 2716 specie
1806 2674 1900 2713 sunt,
1925 2670 1989 2706 sed
2008 2674 2044 2705 et
2063 2669 2284 2707 substantiae
2304 2669 2417 2705 omnis

1331 2727 1436 2752 usum
1467 2717 1625 2751 fructum
1659 2716 1777 2760 legare
1807 2715 1963 2751 videtur:
1998 2715 2036 2750 ιιι
2067 2714 2269 2750 substantia
2299 2718 2417 2749 autem

1333 2764 1504 2797 bonorum
1528 2761 1633 2796 etiam
1657 2771 1742 2795 area
1765 2764 1830 2796 est.

1378 2804 1430 2844 35
1456 2806 1563 2841 IDEM
1578 2806 1669 2842 libro
1682 2806 1807 2852 primo
1828 2805 1878 2840 ad
1896 2803 2053 2839 Ursemm
2066 2804 2237 2840 Ferocem
2272 2803 2310 2839 Si
2329 2815 2416 2839 usus

1330 2853 1468 2887 fructus
1491 2851 1629 2896 legatus
1654 2854 1718 2893 est,
1742 2849 1806 2886 sed
1827 2850 1931 2884 heres
1951 2849 2103 2893 scriptus
2123 2849 2169 2884 ob
2189 2849 2258 2885 hoc
2276 2849 2415 2884 tardius

1330 2896 1414 2939 adit,
1438 2899 1480 2931 ut
1500 2895 1638 2931 tardius
1663 2895 1710 2930 ad
1735 2895 1749 2930 l
1813 2898 1889 2929 tum
1908 2894 2161 2938 perveniretur,
2185 2894 2254 2930 hoc
2276 2903 2417 2946 quoque

1396 2941 1650 2993 praestabitur,
1673 2943 1715 2975 ut
1726 2904 1932 2975 Sffinop
1869 2939 2015 2984 placuit.
2052 2938 2147 2974 Usus
2165 2938 2305 2974 fructus
2325 2938 2417 2974 servi

1330 2987 1415 3021 mihi
1437 2986 1575 3037 legatus
1599 2988 1655 3020 est
1684 2985 1804 3029 isque,
1838 2994 1918 3018 cum
1950 2993 2014 3027 ego
2046 2983 2099 3018 uti
2129 2983 2201 3018 frui
2232 2983 2413 3026 desissem‚

1329 3031 1420 3066 liber
1443 3040 1521 3066 esse
1542 3030 1661 3065 iussus
1685 3033 1758 3064 est:
1791 3028 1917 3063 deinde
1942 3039 2004 3072 ego
2030 3029 2075 3063 ab
2099 3028 2227 3063 herede
2251 3028 2415 3063 aestima-

1330 3076 1462 3111 tionem
1483 3074 1591 3119 legati
1612 3073 1696 3109 tuli:
1720 3074 1829 3109 nihilo
1853 3074 1964 3118 magis
1984 3083 2065 3108 eum
2083 3073 2233 3109 liberum
2251 3073 2330 3108 fore
2349 3072 2414 3107 Sa-

1331 3121 1434 3156 binus
1457 3118 1641 3171 respondit
1671 3121 1836 3163 (namque
1858 3117 1968 3153 videri
1997 3128 2054 3153 me
2083 3118 2136 3152 uti
2167 3117 2239 3152 frui
2261 3117 2414 3159 homine,

1354 3174 1394 3200 ro
1441 3174 1488 3200 uo
1512 3163 1668 3216 aliquam
1698 3173 1774 3198 rem
1804 3163 1989 3205 habeam),
2021 3162 2265 3198 condicionem
2296 3165 2415 3197 autem

1331 3211 1407 3246 eius
1444 3209 1606 3244 bertatis
1637 3207 1785 3244 eandem
1818 3217 1979 3248 manere,
2010 3207 2061 3242 ita
2091 3211 2132 3242 ut
2161 3207 2284 3242 mortis
2315 3216 2415 3242 meae

1330 3258 1394 3290 aut
1405 3254 1533 3299 capitis
1553 3252 1801 3289 deminutionis
1820 3252 2019 3287 interventu
2040 3251 2129 3286 liber
2146 3251 2288 3287 futurus
2309 3254 2412 3286 esset.

1375 3297 1429 3337 36
1453 3298 1681 3334 Armoaiws
1696 3297 1787 3333 libro
1800 3298 1924 3348 quinto
1963 3297 2188 3331 uaestionum
2223 3295 2293 3339 Qui
2312 3306 2414 3332 usum

1330 3343 1486 3379 fructum
1510 3352 1614 3378 areae
1637 3342 1834 3388 legaverat,
1864 3341 1920 3376 ins
1959 3350 2016 3375 am
2047 3340 2099 3376 ibi
2121 3339 2339 3376 aedificavit.
2372 3350 2415 3375 ea

1329 3389 1408 3424 vivo
1433 3398 1474 3423 eo
1499 3387 1631 3423 decidit
1652 3387 1706 3422 vel
1729 3386 1856 3422 deusta
1879 3390 1951 3421 est:
1983 3385 2270 3438 usumfructum
2293 3385 2414 3420 deberi

1330 3432 1551 3468 existimavit.
1589 3437 1714 3467 contra
1737 3434 1854 3467 autem
1877 3441 1949 3466 non
1970 3430 2063 3465 idem
2084 3430 2172 3466 iuris
2196 3439 2285 3473 esse,
2309 3429 2340 3465 si
2358 3429 2412 3464 in-

1330 3477 1430 3513 sulae
1453 3487 1522 3512 usu
1545 3476 1666 3512 fructu
1687 3477 1804 3522 legato
1827 3485 1922 3517 area,
1946 3475 2073 3510 deinde
2095 3474 2213 3511 insula
2235 3474 2333 3510 facta
2355 3474 2412 3509 sit.

1330 3589 1507 3631 prietatem
1529 3589 1725 3631 accepisset,
1751 3598 1792 3621 eo
1808 3597 1897 3620 anno
1917 3598 1984 3629 quo
2005 3587 2172 3620 frueretur
2190 3586 2328 3619 interim
2349 3597 2413 3618 scr.

1332 3636 1376 3676 (8)
1389 3635 1436 3675 et]
1449 3636 1485 3666 at
1495 3646 1557 3667 scr.
1703 3633 1748 3674 (ο)
1761 3632 1924 3666 existente
1936 3642 1976 3665 ea
1988 3633 2083 3666 addit
2094 3633 2253 3675 inter-pm
2267 3629 2413 3664 Graecus

1333 3680 1392 3719 (10)
1416 3679 1666 3711 constitutum·
1651 3690 1711 3711 ins.
1729 3685 1760 3711 σε
1774 3689 1847 3710 moa·
1862 3684 2052 3720 expunctum
2063 3676 2099 3709 F

2404 0 2408 9 ³
2431 0 2459 24 52ss

2246 139 2306 171 DE
2334 141 2416 174 USU
2460 0 2528 195 Ἐξ

2520 1742 2528 1750 2
2518 1667 2528 1721 με(
2517 1590 2528 1657 ’.ιι-(αι.-
2521 1576 2528 1578 ,
2515 1416 2528 1554 oe-emuzm·
2520 1366 2528 1381 Δ.
2517 1327 2528 1355 ‚⁴24
