2528 3918
178 105 363 150 XXXVI
399 108 415 145 1

178 228 315 264 credita
347 230 440 267 erat,
472 224 638 260 restituta
669 233 712 258 ex
747 233 788 259 eo
819 228 965 259 senatus
990 221 1152 259 consulto
1176 222 1263 257 milii

177 273 286 309 fuerit
308 270 506 312 hereditas,
540 269 572 304 si
599 267 737 304 solvam
768 268 951 311 creditori,
982 278 1055 304 non
1083 270 1261 313 repetam:

177 318 307 364 adquin
323 316 426 352 heres
443 315 473 350 si
489 317 572 360 post
586 313 846 350 restitutionem
862 314 987 357 solvat,
1010 316 1166 357 repetetz
1191 322 1264 347 non

178 364 223 399 ob
243 361 350 404 aliud,
375 371 481 406 quain
502 358 598 411 quod
620 359 666 394 ab
691 368 733 395 eo
756 359 794 394 in
816 370 873 394 me
897 358 1070 393 naturalis
1095 357 1264 402 obligatio

179 407 353 443 translata
370 405 597 457 intellegitur.
637 408 673 440 et
692 404 723 440 si
741 404 814 440 eius
833 404 919 438 mihi
942 403 1108 439 restituta
1132 402 1179 438 sit
1201 403 1263 438 he-

178 452 324 494 reditas,
348 451 410 503 qui
424 449 560 503 pupillo
577 449 654 485 sine
673 449 802 485 tutoris
826 449 1041 484 auctoritate
1065 447 1263 490 crediderit,

178 498 208 535 si
235 497 379 533 solverit
407 495 495 530 mihi
521 494 698 540 pupillus,
729 505 802 530 non
824 497 979 539 repetet:
1013 497 1052 528 at
1082 493 1113 528 si
1143 492 1265 528 heredi

177 542 331 584 solverit,
351 543 502 586 repetet,
520 550 594 576 non
607 540 836 585 repetiturus,
861 539 891 574 si
907 542 991 574 ante
1005 538 1264 574 restitutionem

183 592 195 622 1
246 586 422 623 solvisset.
470 584 509 622 Si
538 585 735 621 necessarii
764 583 914 619 heredes
948 584 1018 620 sub
1054 582 1264 619 condicione

178 631 338 714 aas
361 628 1000 719 sezahszdssnzsae
1032 629 1265 709 fissas:

178 703 464 758 desiderantibus
478 720 546 764 his,
571 720 699 765 quibus
715 719 904 756 restituere
925 719 1042 764 rogati
1064 721 1159 762 sunt,
1183 719 1266 763 quia

178 767 285 804 etiam
323 766 503 803 necessari
542 764 693 801 heredes
732 764 1028 800 fideicommissae
1057 763 1265 799 hereditatis

178 811 421 849 restituendae
450 811 566 856 gratia
598 810 798 846 condicioni
829 819 958 855 parere
981 812 1087 845 erunt
1110 808 1263 854 compel-

180 861 199 893 2
245 856 351 893 lendi.
400 855 439 893 Si
461 856 540 902 quis
564 860 710 900 rogatus
734 855 923 891 restituere
945 854 1179 890 hereditatem
1203 853 1262 889 de-

180 902 304 945 cessit,
340 905 532 947 antequam
567 911 645 936 eam
673 900 859 944 restituat,
894 900 997 936 heres
1030 899 1105 935 eius
1136 899 1268 945 poterit

179 947 414 984 hereditatem
427 946 617 982 restituere
640 949 676 981 et
700 955 744 981 ex
760 945 985 981 Trebelliano
1010 948 1156 981 senatus
1182 954 1266 980 con-

179 993 275 1029 sulto
305 995 496 1028 transeunt
522 991 693 1028 actiones.
740 990 805 1027 sed
827 991 859 1027 si
881 990 952 1026 duo
977 990 1010 1026 ei
1032 990 1181 1026 heredes
1206 999 1266 1025 ex-

179 1039 345 1081 titissent,
369 1037 447 1072 uti³
466 1037 617 1083 quisque
638 1036 864 1079 restituisset,
887 1046 954 1081 pro
978 1045 1022 1071 ea
1043 1039 1146 1081 parte
1167 1039 1267 1070 tran-

180 1083 312 1120 situras
344 1081 524 1118 actiones:
554 1092 639 1117 nam
670 1085 706 1117 et
730 1081 761 1117 si
782 1081 860 1127 ipse
882 1084 1021 1133 partem
1043 1081 1268 1121 restituisset,

179 1139 246 1174 pro
275 1131 380 1174 parte
410 1127 551 1163 interim
580 1126 796 1163 transituras
821 1136 937 1162 verius
962 1129 1027 1162 est.
1078 1125 1142 1161 sed
1173 1129 1208 1161 et
1239 1125 1270 1160 si

203 1174 300 1210 lures
314 1172 463 1209 heredes
481 1173 678 1208 extiterunt
692 1172 734 1216 ei,
760 1171 820 1216 qui
833 1175 979 1223 rogatus
1003 1174 1058 1207 est
1079 1170 1268 1206 restituere

178 1185 421 1262 {ereditatem
442 1217 473 1253 si
513 1216 633 1252 uidam
646 1217 787 1252 interim
801 1216 1032 1259 restituerint,
1052 1215 1109 1251 vel
1124 1226 1206 1251 cum
1225 1215 1267 1258 ei,

181 1263 263 1299 cui⁴
286 1263 426 1299 restitui
450 1262 493 1297 de
520 1262 582 1305 uit,
607 1262 727 1307 plures
750 1261 899 1297 heredes
924 1261 1121 1297 extiterint:
1146 1264 1188 1296 ut
1211 1260 1269 1296 cui

179 1308 345 1345 restituta
361 1308 438 1351 erit,
462 1308 493 1343 is
509 1318 576 1353 pro
593 1317 638 1343 ea
678 1311 756 1342 arte
780 1316 824 1342 ex
846 1307 916 1342 hoc
940 1310 1085 1342 senatus
1103 1305 1267 1342 consulto

181 1358 201 1389 3
248 1353 397 1390 habebit
429 1353 610 1390 actiones..
679 1352 692 1387 i
725 1356 900 1397 patronus
935 1362 980 1387 ex
1009 1355 1114 1397 parte
1149 1350 1270 1386 debita

180 1400 283 1435 heres
299 1398 485 1434 institutus
498 1400 645 1442 rogatus
668 1396 776 1433 fuerit
801 1407 877 1432 eam
900 1396 1021 1432 liberis
1046 1396 1268 1432 exheredatis

181 1443 341 1480 defuncti
370 1443 491 1479 liberti
511 1442 716 1485 restituere,
740 1443 772 1479 si
796 1452 863 1478 sua
886 1452 903 1478 s
930 1445 1015 1478 onte
1037 1441 1177 1484 adierit,
1202 1441 1268 1477 erit

181 1488 363 1524 Falcidiae
391 1488 512 1532 locus,
545 1488 576 1524 si
607 1491 774 1530 coactus,
805 1487 843 1523 in
866 1497 906 1524 so
923 1487 1019 1523 'dum
1042 1487 1269 1523 transibunt⁵

181 1535 340 1570 actiones
365 1544 410 1569 ex
431 1534 502 1570 hoc
527 1536 672 1569 senatus
697 1533 874 1569 consulto.

227 1576 280 1618 67
306 1576 388 1622 (65)
403 1578 509 1614 Imm
519 1579 610 1615 libro
627 1579 754 1624 quinto
766 1578 1124 1624 fideicommissorum
1160 1577 1269 1613 Servo

180 1625 290 1660 invito
309 1624 451 1660 domino
475 1624 531 1659 vel
552 1623 739 1669 ignorante
761 1634 834 1659 non
856 1627 954 1660 recte
976 1623 1185 1659 restituetur
1206 1623 1268 1658 he·

180 1669 332 1706 reditas:
357 1669 421 1705 sed
438 1669 494 1705 si⁶
509 1673 636 1715 postea
654 1672 774 1704 ratum
796 1668 973 1713 habuerit,
999 1668 1270 1705 confirmabitur

180 1715 375 1759 restitutio,
407 1724 531 1751 verum
564 1714 634 1766 ipsi
665 1714 807 1750 domino
840 1714 1074 1760 adquirentur
1098 1714 1268 1749 actiones.

181 1770 248 1796 nec
285 1760 371 1806 quia
408 1759 617 1796 hereditatis
657 1759 903 1805 adquisitionis
943 1759 1065 1795 similis
1096 1762 1152 1795 est
1181 1759 1270 1794 haec

181 1805 371 1848 restitutio,
398 1805 535 1841 iussum
553 1804 774 1858 praecedere
798 1807 950 1850 oportet,
973 1804 1048 1847 sed,
1073 1808 1115 1840 ut
1137 1803 1270 1840 dictum

182 1855 247 1894 est,
261 1851 368 1886 etiam
378 1850 585 1886 ratihabitio
598 1850 766 1896 subsequi
777 1850 909 1896 poterit
922 1849 1083 1895 exemplo
1095 1850 1270 1885 bonorum

181 1895 428 1945 possessionis,
452 1905 569 1941 neque
585 1895 743 1938 interest,
768 1895 866 1940 quod
881 1894 928 1930 ad
940 1894 1164 1940 propositum
1187 1895 1269 1930 atti-

180 1940 701 2023 &gtifflfffflffite‘ssg
725 1940 1272 2031 ‘ffleffiffiet'ssiffisssslfflefissrevi

375 2013 384 2029 2

181 2035 367 2129 33351133‘
375 2041 463 2112 ’hesse
491 2042 576 2111 ³223.
589 2030 1197 2128 ¹20n¹32¹3252m21332322⁸3322213¹
1205 2041 1272 2112 0³¹3

180 2126 302 2168 itaque
314 2132 344 2157 si
362 2122 423 2167 qui
437 2125 641 2167 suspectam
658 2121 776 2156 dicent
797 2121 1041 2163 hereditatem,
1065 2120 1272 2166 postulante

182 2167 324 2204 domino
341 2177 419 2202 com
446 2165 575 2203 ellendi
592 2170 697 2202 erunt
712 2166 811 2202 adire
835 2166 896 2202 et⁸
918 2167 1106 2202 restituere
1129 2166 1269 2202 heredi-

187 2216 199 2248 1
250 2215 372 2248 tatem.
446 2212 459 2246 i
481 2215 634 2247 testator
656 2215 819 2256 rogasset
841 2211 1018 2255 heredem,
1042 2215 1083 2247 ut
1106 2211 1273 2247 restituat

182 2257 415 2294 hereditatem
438 2256 596 2298 mulieri,
620 2257 652 2292 si
674 2267 747 2292 non
769 2256 968 2302 nupsisset,
993 2256 1181 2292 dicendum
1205 2256 1273 2293 erit

183 2301 466 2348 compellendum
487 2301 666 2344 heredem,
691 2301 722 2337 si
745 2312 806 2337 sus
833 2305 949 2338 ectam
973 2301 1071 2337 dicat
1092 2301 1270 2338 heredita-

183 2352 265 2390 tem,
285 2347 385 2383 adire
400 2352 436 2383 et
450 2347 638 2383 restituere
655 2357 733 2383 eam
749 2358 784 2382 m
824 2347 897 2389 ὀι-ἰ,
922 2347 1060 2382 etiamsi
1079 2347 1270 2392 nupsisset.

182 2392 275 2429 idem
290 2393 329 2428 in
352 2393 480 2428 ceteris
504 2402 647 2438 quoque
672 2391 941 2429 condicionibus
964 2391 1124 2428 Iulianus
1148 2396 1272 2428 noster

183 2439 324 2484 probat,
350 2448 441 2483 quae
459 2438 620 2473 similiter
642 2437 712 2474 nisi
733 2437 804 2474 fine
827 2437 922 2473 vitae
945 2437 1079 2490 expleri
1103 2448 1172 2473 non
1186 2448 1270 2483 pos-

183 2488 263 2519 sent
271 2484 297 2519 ⁹.
338 2483 536 2520 secundum
553 2493 659 2528 quam
675 2483 886 2519 sententiam
911 2486 1077 2519 cautione
1097 2483 1272 2528 praestita

182 2529 250 2571 his,
273 2539 423 2581 quorum
439 2528 597 2571 interest,
622 2528 668 2564 ab
684 2529 752 2571 his,
777 2528 908 2574 quibus
922 2528 1063 2564 restitui
1078 2528 1146 2564 sub
1159 2527 1271 2564 isdem

184 2573 452 2610 condicionibus
479 2574 582 2609 heres
606 2578 753 2619 rogatus
777 2577 882 2616 esset,
906 2573 1072 2609 restituet
1093 2573 1269 2609 heredita-

184 2623 203 2654 2
252 2624 334 2654 tem.
375 2619 463 2655 Cum
481 2623 628 2664 praetor
651 2629 693 2654 co
744 2618 794 2654 ‘ta
817 2628 928 2655 causa
949 2628 1013 2664 per
1036 2628 1193 2655 errorem
1216 2619 1271 2654 vel

183 2665 289 2700 etiam
320 2663 509 2700 ambitiose
536 2664 675 2700 iuberet
726 2663 934 2700 ereditatem
958 2667 999 2698 ut
1023 2674 1066 2699 ex
1090 2663 1269 2700 fideicom-

183 2709 291 2746 misso
314 2709 466 2752 restitui,
491 2709 597 2745 etiam
620 2709 765 2755 publice
786 2709 935 2745 interest
957 2709 1096 2745 restitui
1123 2719 1189 2754 pro
1216 2712 1272 2745 ter

184 2758 204 2790 3
250 2764 371 2790 rerum
386 2754 626 2790 iudicatarum
641 2755 903 2790 auctoritatem.
940 2753 978 2789 Si
991 2753 1125 2806 pupillo
1142 2754 1180 2789 in
1197 2755 1271 2789 anti

183 2799 372 2835 restituere
388 2799 621 2835 hereditatem
636 2799 715 2845 quis
730 2803 877 2844 rogatus
893 2799 950 2842 sit,
974 2810 1006 2835 si
1025 2802 1152 2845 sponte
1174 2800 1271 2835 adie-

185 2845 251 2887 rit,
284 2844 389 2879 etiam
419 2855 520 2880 servo
552 2845 627 2880 eius
660 2849 696 2880 et
725 2845 794 2890 ipsi
817 2844 954 2890 pupillo
978 2849 1099 2880 tutore
1122 2850 1271 2881 auctore

184 2890 390 2926 restituetur
418 2889 614 2926 hereditas:
650 2890 680 2925 si
711 2890 853 2942 quidem
884 2899 944 2932 eo,
975 2889 1071 2935 quod
1100 2889 1168 2925 fari
1199 2900 1271 2925 non

184 2938 321 2980 potest,
346 2944 419 2969 non
442 2934 552 2979 magis
576 2945 619 2971 ea
642 2945 700 2971 res
723 2934 953 2980 impedietur,
981 2944 1087 2980 quam
1110 2935 1148 2970 iii
1171 2940 1270 2970 muto

210 2980 319 3016 ubere
342 2979 482 3015 volente
495 2982 522 3000 ¹⁰
545 2980 613 3015 sibi
636 2980 776 3016 restitui
798 2979 1043 3016 hereditatem.
1092 2980 1124 3016 si
1150 2984 1271 3016 autem

210 3035 288 3061 eres
296 3028 439 3060 recuset
453 3024 550 3060 adire
567 3025 809 3067 hereditatem,
826 3025 1121 3070 quemadmodum
1135 3035 1192 3062 res
1209 3035 1269 3061 ex-

184 3069 300 3116 pediri
336 3069 436 3113 ossit,
452 3069 595 3105 difficile
609 3074 674 3113 est,
691 3070 775 3115 quia
788 3080 903 3116 neque
913 3074 1033 3106 tutore
1046 3070 1271 3107 desiderante

184 3115 283 3161 peric
322 3125 344 3151 o
390 3114 490 3160 upilli
513 3114 603 3150 adiri
626 3115 858 3151 hereditatem
873 3115 1099 3151 Trebelliano
1123 3119 1270 3151 senatus

188 3160 350 3196 consulto
388 3169 474 3196 ocus
498 3160 545 3195 sit
568 3159 710 3195 futurus
733 3170 850 3205 neque
872 3160 1029 3206 pupillus
1051 3161 1064 3195 i
1090 3170 1129 3197 se
1151 3160 1188 3196 id
1208 3160 1269 3197 de-

185 3205 343 3241 siderare
358 3205 484 3251 possit,
507 3215 587 3240 cum
602 3204 672 3239 fari
686 3215 759 3239 non
773 3206 899 3250 possit.
933 3205 1028 3251 quod
1044 3215 1066 3241 a
1082 3205 1269 3251 ’quatenus

185 3251 281 3286 circa
300 3255 419 3286 mutos
440 3249 599 3295 expediri
612 3254 740 3294 potest,
764 3261 847 3286 nam
859 3252 886 3272 ¹²
908 3250 939 3287 si
957 3249 1100 3287 auditus
1119 3260 1162 3287 ca
1187 3261 1270 3287 aces

184 3299 270 3331 sunt
285 3296 339 3331 vel
354 3294 563 3340 interrogati
585 3299 675 3330 nutu
698 3296 837 3340 possint
859 3295 1100 3341 significare¹²
1123 3307 1144 3331 v
1192 3306 1211 3332 e
1230 3306 1270 3332 se

185 3341 341 3386 periculo
365 3351 431 3376 suo
455 3339 687 3376 hereditatem
717 3339 816 3376 adire
827 3341 865 3384 ¹³,
896 3340 1074 3386 quomodo
1102 3341 1270 3378 absentes

185 3396 250 3430 per
281 3386 456 3421 nuntium.
505 3384 569 3421 sed
599 3388 636 3421 et
663 3383 794 3420 infanti
823 3396 895 3421 non
919 3385 1044 3422 dubito
1068 3386 1272 3422 omnimodo

185 3430 463 3466 subveniendum
491 3430 599 3476 idque
627 3439 674 3466 ex
702 3430 930 3466 similitudine
959 3431 1047 3467 iuris
1079 3431 1190 3468 civilis
1212 3431 1273 3467 vel

186 3475 368 3512 honorarii
380 3474 668 3512 constituendum
685 3479 757 3512 est:
770 3475 844 3511 sive
859 3475 952 3511 enim
967 3476 1072 3513 heres
1082 3476 1272 3512 institutus

186 3591 228 3631 (1)
250 3588 358 3631 quiF
461 3591 504 3631 (2)
529 3588 640 3622 nolint
649 3601 712 3624 scr.
819 3590 863 3631 (8)
887 3588 1000 3622 utinF

187 3686 229 3715 ‹9›
253 3678 408 3721 ponet?
471 3682 530 3721 (ιο)
555 3677 732 3713 volenti?
787 3680 843 3721 (n)
866 3678 1019 3712 mdel.
1080 3680 1142 3722 (12)
1170 3679 1275 3723 signi·

188 3723 292 3757 facere
304 3723 338 3756 F
425 3727 482 3764 (18)
507 3723 594 3757 adiri
606 3724 688 3758 Hal.
781 3726 840 3766 (u)
863 3725 956 3758 tutor
966 3723 1002 3758 1’

1254 96 1341 143 532
1576 116 1583 123 κ
1598 131 1617 137 x

185 3636 228 3673 (5)
254 3634 513 3668 transibuninF
566 3635 612 3676 (a)
635 3633 783 3668 aiom-F
837 3635 881 3675 (7)
905 3634 1071 3677 operaeF
1101 3589 1281 3679 (2)q1;ss

1086 3726 1145 3768 (15)
1173 3725 1234 3768 qni
1247 3724 1285 3759 F

1505 0 1510 26 l

1516 26 1576 106 Ὗ
1832 112 1894 143 AD
1925 112 2118 144 SENATUS
2147 112 2410 144 CONSUL'ruu

1333 223 1443 264 esset,
1475 231 1549 257 non
1571 221 1678 257 dubie
1701 232 1765 267 pro
1789 221 1920 257 herede
1942 225 2062 258 tutore
2072 223 2099 244 ¹⁴
2123 226 2269 259 auctore
2290 233 2413 268 gerere

1331 275 1439 312 posse
1460 265 1617 309 videtur,
1653 267 1727 303 sive
1749 266 1794 302 de
1816 267 1991 303 bonorum
2014 267 2239 311 possessione
2262 268 2411 313 agitare-

1331 315 1410 354 tur,
1438 311 1513 356 peti
1543 311 1577 347 ei
1606 321 1670 357 per
1700 316 1853 348 tutorem
1884 315 2017 357 posset.
2063 312 2214 357 ideoque
2245 318 2282 348 et
2311 313 2413 349 heres

1333 356 1498 401 compelli
1517 366 1582 402 per
1605 360 1758 393 tutorem
1780 360 1900 403 potest
1922 357 2020 392 adire
2043 360 2079 392 et
2101 357 2290 394 restituere
2312 358 2412 394 here-

1333 401 1489 436 ditatem.
1527 412 1597 447 quo
1621 402 1779 447 exemplo
1805 407 1841 437 et
1863 406 1993 445 mutus,
2017 402 2078 447 qui
2101 402 2190 438 nihil
2212 402 2414 449 intellegere

1333 450 1355 482 4
1427 451 1531 490 otest,
1555 457 1621 492 per
1643 452 1844 483 curatorem
1868 447 2068 483 adiuvatur.
2115 446 2154 483 Si
2175 447 2334 493 singulae
2356 459 2413 485 res

1333 491 1379 527 ab
1434 491 1539 527 erede
1567 491 1721 528 traditae
1751 497 1836 528 sunt
1863 492 1964 528 iussu
1995 502 2072 528 meo
2105 492 2139 528 ei
2166 493 2226 528 cui
2247 503 2308 529 eas
2330 504 2413 529 ven-

1333 536 1490 581 diderim,
1514 547 1588 572 non
1606 536 1846 574 dubitabimus
1869 537 1955 573 mihi
1977 537 2134 583 intellegi
2155 537 2287 574 factam
2310 539 2413 575 resti-

1333 582 1517 618 tutionem.
1559 581 1655 618 idem
1678 582 1747 618 erit
1769 585 1806 617 et
1828 582 1859 619 si
1880 582 1982 619 iussu
1995 592 2074 619 meo
2095 582 2294 628 tradantur,
2319 584 2413 620 cui¹³

1334 637 1398 672 ego
1429 637 1473 662 ex
1503 625 1781 664 fideicommisso
1818 628 1931 662 aliave
1966 636 2038 671 qua
2074 635 2185 661 causa
2217 638 2279 664 eas
2311 638 2414 675 prae-

1332 677 1430 753 stare
1444 673 1471 694 ¹⁶
1495 671 1679 709 debuerim
1700 673 1757 709 vel
1777 672 1815 708 in
1846 671 2018 709 creditum
2040 672 2093 709 ire
2119 673 2175 709 vel
2199 672 2332 711 donare
2354 685 2415 711 vo-

1346 727 1470 753 uerim.

1380 760 1434 800 68
1459 759 1541 806 (66)
1566 761 1725 799 Pronus
1751 762 1842 798 libro
1873 762 2031 799 secundo
2059 762 2416 809 fideicommissorum

1335 807 1404 852 Qui
1431 807 1484 843 ita
1512 807 1696 844 institutus
1727 811 1823 844 esset
1846 807 1889 842 ‘si
1912 807 2060 843 coheres
2083 808 2159 844 eius
2183 808 2340 851 adisset',
2364 809 2416 845 uti

1333 856 1454 898 potest
1484 853 1560 898 lege
1585 852 1765 895 Falcidia,
1790 853 1857 888 etsi
1881 853 2027 888 coheres
2051 852 2127 889 eius
2152 857 2298 889 coactus
2322 854 2416 890 adis-

1335 902 1407 942 set,
1436 897 1543 934 modo
1571 898 1603 934 si
1629 897 1707 943 ipse
1734 908 1807 933 non
1838 900 1984 933 coactus
2016 897 2146 933 adierit
2172 898 2416 936 hereditatem.

1337 946 1353 978 1
1403 943 1524 978 Etiam
1538 943 1697 979 absentis
1711 942 1948 989 procuratori,
1973 942 2004 978 si
2016 942 2043 965 ¹⁷
2059 942 2287 988 desideraret,
2337 954 2417 981 osse

1335 988 1475 1025 restitui
1490 988 1723 1024 hereditatem
1742 998 1787 1024 ex
1810 988 1879 1023 hoc
1903 991 2049 1023 senatus
2073 988 2236 1024 consulto
2260 989 2278 1024 I
2328 999 2417 1025 anus

1336 1034 1406 1069 scri
1433 1034 1494 1076 sit,
1525 1034 1558 1069 si
1587 1037 1706 1069 tamen
1738 1036 1861 1068 caveat
1889 1032 1934 1068 de
1963 1036 2042 1068 rato
2071 1032 2255 1078 habendo,
2287 1034 2319 1070 si
2347 1045 2417 1070 non

1336 1079 1389 1115 evi
1415 1088 1477 1114 ens
1513 1078 1669 1114 absentis
1699 1078 1863 1114 voluntas
1887 1082 1992 1113 esset.
2050 1077 2113 1113 sed
2137 1078 2323 1115 dicendum
2353 1083 2418 1123 est,

1338 1127 1377 1159 ut
1400 1124 1515 1167 heres,
1538 1124 1600 1169 qui
1621 1127 1827 1169 suspectam
1850 1123 1966 1165 dicat,
1990 1132 2064 1159 non
2085 1122 2132 1159 sit
2156 1124 2418 1169 compellendus

1337 1169 1446 1211 adire,
1471 1169 1503 1204 si
1525 1169 1700 1204 incertum
1722 1168 1779 1212 sit,
1803 1178 1851 1204 an
1873 1167 2103 1211 mandaverit,
2127 1169 2284 1214 quamvis
2309 1169 2342 1205 ei
2361 1180 2419 1205 ca-

1336 1218 1472 1257 veatur,
1496 1224 1562 1260 pro
1588 1218 1643 1249 ter
1659 1213 1885 1259 fragilitatem
1902 1212 2089 1250 cautionis.
2134 1213 2228 1259 quod
2250 1215 2281 1250 si
2295 1220 2420 1260 sponte

1337 1259 1464 1295 adierit
1479 1225 1722 1301 hereditatem,
1747 1269 1820 1311 non
1835 1268 1963 1311 magna
1986 1258 2104 1304 captio
2128 1263 2199 1295 est:
2223 1259 2287 1296 sed
2309 1261 2419 1296 actio-

1337 1314 1412 1349 nes,
1448 1305 1480 1341 si
1508 1315 1581 1340 non
1611 1304 1810 1346 mandavit,
1839 1304 2045 1340 transibunt
2076 1314 2117 1340 eo
2141 1308 2212 1339 tem
2239 1314 2319 1348 ore,
2351 1316 2420 1351 quo

1338 1353 1358 1384 2
1404 1354 1523 1385 ratum
1545 1349 1722 1385 habuerit.
1770 1349 1808 1385 Si
1832 1349 1998 1384 damnum
2020 1349 2059 1384 in
2082 1359 2181 1385 servo
2230 1350 2419 1387 ereditario

1338 1395 1459 1431 datum
1475 1395 1533 1437 sit,
1556 1394 1642 1431 licet
1654 1405 1720 1440 per
1742 1405 1882 1430 servum
1904 1394 2156 1430 hereditarium
2178 1394 2302 1431 heredi
2326 1406 2419 1432 com-

1338 1444 1457 1486 petere
1473 1441 1567 1475 actio
1592 1440 1719 1486 coepit,
1744 1451 1817 1475 non
1831 1443 1952 1475 tamen
1966 1439 2095 1475 transit
2108 1440 2135 1461 ¹⁸
2157 1440 2245 1492 legis
2259 1441 2421 1486 Aquiliae

1338 1486 1431 1521 actio
1444 1486 1491 1521 ad
1502 1485 1884 1521 fideicommissariam:
1904 1485 1974 1521 hae
1986 1485 2014 1506 ¹⁹
2030 1484 2123 1521 enim
2134 1489 2294 1521 actiones
2304 1490 2420 1522 trans-

1339 1535 1358 1565 3
1407 1535 1502 1575 eunt,
1531 1540 1622 1576 quae
1644 1541 1688 1566 ex
1710 1530 1813 1566 bonis
1835 1529 1995 1567 defuncti
2014 1530 2184 1582 pendent.
2226 1531 2264 1566 Si
2283 1531 2421 1577 legatus

1339 1576 1475 1612 Romae
1507 1576 1710 1621 compulsus
1742 1575 1869 1611 adierit
1901 1575 2134 1611 hereditatem
2157 1579 2194 1612 et
2215 1577 2420 1618 restituerit,

1339 1620 2422 1711 goggffigggggnaggiggtgsrpagilfggiicgmmmefugmffiughgyffi

1340 1711 1473 1754 debuit,
1499 1715 1535 1747 et
1547 1711 1896 1747 fideicommissarius
1912 1711 2064 1747 debeat?
2088 1710 2286 1755 videndum,
2307 1712 2339 1748 si
2358 1723 2423 1748 sua

1338 1756 1953 1838 fffidtssssffissssstgt‘fflt
1964 1755 2215 1838 'ffgssg‘ssssfftinssi'
2235 1758 2422 1839 ἓὲεαῗὶῗὲἓ

1340 1851 1376 1883 et
1392 1847 1455 1883 ubi
1471 1847 1576 1883 heres
1600 1851 1636 1883 et
1658 1847 1721 1883 ubi
1738 1847 1816 1893 ipse
1830 1846 2047 1883 domicilium
2062 1847 2205 1883 habeat.
2242 1849 2274 1869 2⁰
2283 1853 2423 1894 oportet

1338 1893 1460 1938 itaque
1490 1892 1542 1928 ibi
1569 1892 1934 1929 fideicommissariam
1965 1893 2163 1935 conveniri,
2198 1892 2260 1929 ubi
2282 1893 2337 1929 vel
2360 1893 2421 1929 do-

1339 1937 1509 2018 ffigilium
1538 1937 1648 1974 habet
1676 1938 1732 1973 vel
1766 1938 1879 1973 maior
1901 1948 1985 1983 pars
2008 1938 2196 1973 restitutae
2217 1938 2422 1975 hereditatis

1365 1993 1387 2018 a
1413 1987 1504 2019 etur.

1387 2026 1441 2067 69
1465 2025 1548 2072 (67)
1583 2028 1731 2063 Vanus
1751 2028 1842 2064 libro
1866 2029 1970 2063 tertio
1991 2028 2346 2073 fideicommissorum
2385 2028 2422 2064 Si

1339 2074 1545 2120 postulante
1561 2083 1618 2109 me
1633 2077 1836 2119 suspectam
1851 2073 2085 2109 hereditatem
2100 2083 2146 2109 ex
2159 2073 2302 2110 decreto
2319 2084 2422 2120 prae-

1339 2119 1428 2155 toris
1444 2118 1574 2155 adieris
1589 2129 1656 2155 nec
1670 2128 1735 2163 ego
1745 2119 1775 2140 2¹
1789 2122 1916 2164 postea
1931 2128 2011 2154 eam
2019 2119 2050 2140 ²²
2066 2118 2152 2154 mihi
2167 2119 2307 2155 restitui
2321 2119 2423 2155 velim

1341 2162 2084 2254 tittssffnssffssfflffitffiffi,
2097 2163 2423 2255 ᾱξῗὲᾰθιῖξέῗὲᾱ

1340 2255 1423 2290 inde
1454 2254 1613 2290 actiones
1644 2255 1681 2289 in
1712 2264 1768 2290 me
1797 2254 1942 2296 dentur,
1973 2264 2017 2290 ac
2045 2254 2077 2291 si
2105 2254 2338 2290 hereditatem
2366 2266 2423 2291 re·

1345 2304 1355 2334 1
1388 2299 1601 2345 cepissem,
1633 2299 1730 2345 quod
1761 2304 1816 2335 est
1844 2299 1985 2336 iustius.
2032 2299 2153 2335 Etiam
2185 2310 2228 2336 eo
2252 2304 2423 2346 tempore,

1308 2362 1310 2365 ·
1343 2356 1412 2390 quo
1429 2345 1643 2381 creditorum
1667 2344 1947 2380 fraudandorum
1971 2345 2156 2380 consilium
2179 2345 2311 2388 inieris,
2335 2346 2425 2381 citra

1340 2389 2423 2480 {fflifflfflsssstffl}Zssuffiufflthssfflsstiffieffiffiffiss

1340 2481 1490 2517 liberum
1520 2480 1586 2515 tibi
1616 2479 1734 2516 fuerat
1762 2479 1898 2516 nolenti
1929 2479 2026 2515 adire
2054 2479 2285 2516 hereditatem
2309 2481 2421 2517 credi-

1341 2530 1437 2562 tores
1470 2530 1551 2561 tuos
1581 2525 1647 2561 tali
1671 2524 1855 2562 commodo
1878 2524 2065 2567 fraudare,
2089 2530 2126 2561 et
2149 2535 2213 2570 ego
2237 2525 2325 2560 nihil
2346 2531 2421 2561 tur-

1341 2571 1434 2617 piter
1449 2571 1579 2606 faciam
1593 2570 1796 2616 recipiendo
1811 2580 1890 2618 eam
1903 2570 2145 2613 hereditatem,
2167 2581 2272 2616 quam
2286 2575 2423 2606 remota

1341 2616 1582 2662 postulatione
1605 2626 1684 2652 mea
1708 2615 1901 2652 creditores
1911 2616 1942 2637 ²³
1965 2615 2176 2660 compellere
2199 2620 2235 2652 te
2250 2619 2290 2651 ut
2308 2616 2422 2652 adires

1343 2666 1362 2697 2
1409 2671 1482 2698 non
1499 2661 1690 2707 potuerint.
1731 2660 1802 2696 Sed
1815 2664 1852 2696 et
1868 2660 1963 2697 filius
1986 2671 2074 2697 suus
2082 2661 2112 2684 ²⁴
2135 2661 2238 2697 heres
2254 2660 2351 2707 patri
2364 2671 2422 2697 ro-

1341 2710 1447 2752 gatus
1470 2706 1517 2743 sit
1526 2707 1558 2728 2⁵
1581 2717 1603 2741 a
1626 2710 1729 2752 patre
1751 2705 1984 2742 hereditatem
2007 2705 2094 2741 mihi
2115 2706 2313 2748 restituere,
2343 2716 2422 2742 cum

1342 2762 1490 2788 suorum
1513 2751 1728 2788 creditorum
1760 2750 2042 2787 fraudandorum
2072 2750 2258 2787 consilium
2287 2750 2422 2795 inisset,

1342 2802 1523 2843 tamquam
1553 2807 1615 2833 sus
1642 2801 1758 2833 ectam
1788 2807 1833 2832 ex
1864 2795 2007 2832 decreto
2031 2796 2207 2841 praetoris
2230 2796 2424 2832 restituerit

1343 2843 1436 2896 mihi,
1462 2842 1520 2878 vix
1534 2841 1615 2877 frau
1641 2842 1755 2878 atorio
1774 2841 1964 2877 interdicto
1988 2841 2089 2877 locus
2113 2841 2190 2885 erit,
2215 2841 2299 2887 quia
2321 2841 2423 2878 bonis

1342 2892 1455 2934 patris
1471 2887 1546 2923 eius
1571 2887 1719 2923 venditis
1743 2886 1832 2922 nihil
1853 2887 2036 2932 proprium
2061 2885 2254 2922 creditores
2277 2886 2353 2923 eius
2377 2897 2421 2922 ex

1342 2943 1386 2970 ea
1416 2932 1615 2969 hereditate
1637 2931 1732 2968 ferre
1781 2931 1953 2968 otuerint:
1977 2931 2046 2968 nisi
2068 2930 2161 2967 forte
2183 2931 2320 2977 proprii
2345 2941 2420 2968 cre-

1343 2978 1475 3015 ditores
1503 2977 1569 3013 filii
1598 2977 1713 3013 audiri
1761 2977 1906 3021 ebeant‚
1931 2976 1962 3012 si
1983 2976 2183 3022 postulent,
2208 2980 2247 3011 ut
2271 2976 2423 3012 dimissis

1343 3026 1363 3059 3
1407 3022 1524 3077 patris
1542 3022 1617 3059 eius
1633 3022 1728 3058 bona
1741 3021 1891 3058 vendere
1907 3021 1975 3057 sibi
1990 3021 2264 3067 permittatur²⁸.
2306 3021 2344 3057 Si
2359 3021 2423 3058 do-

1342 3068 1495 3105 nationis
1515 3077 1626 3104 causa
1639 3072 1844 3113 suspectam
1854 3065 2087 3103 hereditatem
2109 3064 2178 3102 sibi
2199 3066 2302 3102 heres
2326 3066 2422 3103 dixe-

1342 3114 1389 3149 rit
1418 3117 1456 3150 et
1485 3112 1682 3150 restituerit
1712 3112 1762 3155 ei,
1794 3112 1856 3158 qui
1878 3111 2029 3148 solidum
2052 3120 2181 3157 capere
2204 3122 2276 3147 non
2325 3112 2422 3154 ossit,

1342 3158 1524 3196 auferetur
1541 3157 1575 3194 ei
1588 3157 1626 3193 id
1645 3157 1741 3211 quod
1764 3167 1893 3203 capere
1915 3167 1988 3193 non
2009 3159 2139 3208 potest.
2186 3156 2278 3192 idem
2329 3157 2422 3193 'cen-

1342 3205 1426 3240 dum
1435 3207 1505 3284 dest
1526 3207 1564 3239 et
1586 3202 1618 3239 si
1641 3207 1732 3239 citra
1755 3201 1941 3239 consilium
1963 3201 2118 3238 donandi
2141 3201 2347 3238 fiduciarius
2360 3201 2423 3238 he-

1341 3249 1434 3286 resi
1478 3247 1614 3284 fecerit.

1388 3291 1441 3332 ‘10
1466 3289 1549 3337 (68)
1574 3292 1681 3329 loru
1707 3292 1798 3329 libro
1828 3295 1959 3339 quarto
1983 3290 2339 3337 fideicommissorum
2386 3291 2423 3327 Si

1342 3340 1463 3381 heres,
1495 3338 1542 3374 ab
1571 3347 1616 3374 eo
1645 3338 1705 3383 qui
1737 3347 1818 3373 cum
1849 3340 2048 3373 moreretur
2069 3336 2237 3372 solvendo
2261 3346 2333 3372 non
2356 3336 2424 3372 fuit

1341 3395 1382 3421 ro
1427 3387 1486 3420 tus
1515 3382 1748 3419 hereditatem
1770 3381 1973 3423 restituere,
2003 3386 2206 3427 suspectam
2236 3381 2304 3418 sibi
2326 3381 2421 3425 dicit,

1342 3394 1490 3465 duffium
1519 3438 1592 3464 non
1614 3432 1686 3471 est,
1719 3426 1810 3480 quin
1829 3426 1936 3463 hodie
1959 3431 2106 3480 coactus
2130 3435 2174 3462 ex
2197 3426 2422 3480 Trebelliano

1341 3478 1486 3511 senatus
1525 3472 1688 3510 consulto
1725 3476 1915 3509 restituere
1943 3475 2069 3518 possit.
2121 3470 2186 3508 sed
2222 3475 2260 3507 et
2295 3481 2327 3507 si
2355 3481 2423 3507 sua

1342 3590 1403 3632 (1ο)
1426 3588 1652 3633 praestaret?
1692 3589 1753 3631 (u)
1767 3587 1797 3621 ni
1809 3600 1868 3621 om.
1878 3587 1914 3621 F
1951 3589 2010 3630 (is)
2025 3586 2188 3620 transisF
2229 3588 2288 3625 ‹19›
2305 3585 2386 3619 liaeo
2396 3586 2427 3619 F

1342 3635 1407 3677 (2⁰)
1415 3635 1531 3712 ἔξω-α
1543 3634 1662 3668 omissa
1671 3640 1748 3667 me
1844 3633 1902 3674 (21)
1926 3642 1988 3666 neo
1998 3631 2072 3684 ego]
2084 3634 2117 3664 et
2128 3641 2213 3693 nego
2228 3631 2260 3663 F'
2267 3630 2288 3671 ¹,
2309 3632 2342 3663 et
2353 3640 2420 3663 non

1342 3688 1404 3722 σεο
1548 3680 1612 3720 (22)
1635 3687 1713 3712 enm
1725 3677 1761 3712 F
1831 3678 1894 3720 (23)
1918 3676 2099 3711 creditor-ec
2111 3676 2144 3709 F
2220 3676 2281 3717 (²⁴)
2306 3685 2380 3707 suos
2398 3675 2425 3708 F

1343 3724 1406 3767 (25)
1429 3725 1566 3766 rogatu
1575 3722 1632 3766 rit]
1644 3723 1673 3755 ni
1685 3724 1821 3766 meatus
1831 3734 1894 3756 ner.
1985 3723 2049 3763 (2⁶)
2071 3721 2277 3763 permittitur
2287 3720 2321 3753 F
