2528 3918
100 135 161 166 DE
184 136 283 167 OFF.
314 136 470 166 PRAEF.
502 135 606 166 URBI
636 135 732 165 CET.

90 248 181 281 torio
215 256 287 280 non
318 245 440 291 possit.
488 254 570 279 nam
603 254 682 279 cum
707 247 790 278 ante
815 244 1014 288 quaesitum
1038 244 1175 286 fuisset,

91 301 137 325 an
169 291 290 326 liceret
321 301 342 325 a
374 289 564 335 praefectis
600 288 780 333 praetorio
815 288 996 333 appellare
1032 294 1066 325 et
1099 290 1176 324 iure

91 337 212 370 liceret
236 339 271 371 et
295 338 456 370 extarent
479 334 639 378 exempla
663 344 784 368 eorum
810 335 869 378 qui
888 335 1174 378 provocaverint:

115 385 215 416 ostea
248 381 390 426 publice
421 379 597 415 sententia
626 378 816 424 principali
848 379 941 413 lecta
974 379 1177 425 appellandi

106 426 244 461 acultas
274 425 464 460 interdicta
495 428 559 460 est.
609 424 757 459 credidit
789 424 878 458 enim
911 425 1077 470 princeps
1103 435 1174 466 eos,

91 471 150 516 qui
183 471 228 506 ob
261 470 474 515 singularem
505 469 718 505 industriam
750 468 934 512 explorata
961 481 1082 505 eorum
1105 469 1176 504 fide

91 521 124 550 et
146 515 317 560 gravitate
341 516 388 550 ad
410 515 515 550 huius
547 514 658 550 officii
690 513 968 559 magnitudinem
1002 516 1173 550 adhiben-

90 565 156 603 tur,
181 571 255 596 non
278 560 381 595 aliter
403 560 622 595 iudicaturos
648 569 725 594 esse
748 570 811 604 pro
835 560 1011 604 sapientia
1032 571 1074 595 ac
1097 560 1176 594 luce

88 609 107 640 2
157 606 337 650 dignitatis
360 616 456 648 suae,
478 615 586 651 quam
606 605 683 649 ipse
694 604 1034 641 foretiudicaturus.
1083 605 1174 640 Sub-

90 650 160 686 nixi
184 654 268 686 sunt
291 651 397 686 etiam
421 651 490 686 alio
515 650 694 696 privilegio
719 650 891 695 praefecti
916 651 1106 695 praetorio,
1131 661 1176 686 ne

89 706 109 731 a
133 696 317 731 sententiis
343 707 464 732 eorum
488 697 642 730 minores
667 699 785 730 aetate
809 695 853 730 ab
879 696 956 730 aliis
988 696 1174 740 magistra-

88 741 182 776 tibus
195 741 263 776 nisi
285 742 329 776 ab
349 741 435 787 ipsis
456 740 646 786 praefectis
666 741 844 786 praetorio
865 742 1004 776 restitui
1023 741 1172 786 possint.

562 833 674 872 X11¹.

267 900 327 932 DE
354 898 532 932 OFFIOIO
557 898 815 931 PRAEFECTI
839 899 982 931 UR1312.

133 966 151 1003 1
187 965 383 1002 mmmm
412 965 502 1002 libro
533 966 719 1011 sinqulari
751 964 796 1000 de
831 965 958 1011 officio
986 966 1177 1012 praefecti

86 1012 168 1047 urbi
213 1011 340 1047 Omnia
371 1012 514 1046 omnino
549 1012 698 1046 crimina
727 1010 957 1055 praefectura
980 1010 1080 1046 urbis
1105 1011 1174 1046 sibi

86 1056 275 1092 vindicavit
286 1057 311 1099 ³,
336 1067 402 1092 nec
426 1060 566 1091 tantum
591 1068 644 1100 ea,
670 1066 762 1102 quae
784 1056 879 1091 intra
903 1057 1026 1092 urbem
1047 1056 1173 1092 admit-

84 1106 226 1145 tuntur,
261 1112 383 1138 verum
418 1112 460 1137 ea
516 1112 654 1147 uoque,
692 1106 784 1153 quae
809 1106 910 1136 extra
933 1102 1056 1137 urbem
1079 1102 1175 1136 intra

83 1147 223 1182 Italiam
234 1147 258 1190 ⁴,
296 1148 450 1192 epistula
485 1113 554 1182 dlivi
590 1147 709 1182 Severi
745 1147 791 1181 ad
826 1146 978 1182 Fabium
1016 1147 1174 1182 Cilonem

87 1196 100 1228 1
151 1192 373 1238 praefectum
398 1193 477 1227 urbi
502 1193 610 1227 missa
634 1192 849 1227 declaratur.
899 1193 1026 1228 Servos
1048 1192 1108 1238 qui
1128 1192 1174 1227 ad

82 1241 222 1274 statuas
244 1238 478 1284 confugerint,
504 1239 558 1273 vel
580 1249 645 1273 sua
665 1237 819 1283 pecunia
839 1242 976 1283 emptos
996 1241 1036 1273 ut
1048 1248 1172 1273 manu-

83 1286 104 1319 2
152 1284 360 1327 mittantur,
398 1283 441 1319 de
474 1283 625 1319 dominis
651 1286 839 1328 querentes
865 1283 996 1318 audiet.
1045 1282 1114 1318 Sed
1139 1287 1174 1318 et

83 1332 254 1375 patronos
291 1333 433 1375 egentes
470 1329 513 1364 de
548 1329 622 1364 suis
653 1328 789 1363 libertis
822 1333 1010 1373 querentes
1042 1328 1173 1371 audiet,

83 1374 236 1409 maxime
269 1374 299 1410 si
331 1385 455 1419 aegros
480 1385 518 1410 se
543 1384 620 1410 esse
645 1374 766 1409 dicant
790 1374 1062 1419 desiderentque
1086 1384 1108 1408 a
1131 1373 1172 1408 li-

84 1422 103 1455 3
151 1419 261 1455 bertis
286 1420 456 1455 exhiberi.
505 1419 701 1465 Relegandi
725 1419 1010 1464 deportandique
1032 1419 1095 1454 in⁵
1118 1419 1173 1453 in-

82 1464 208 1507 sulam,
234 1475 341 1510 quam
363 1465 555 1510 imperator
579 1465 827 1510 adsignaverit,
852 1465 1032 1500 licentiam
1051 1465 1171 1499 habet.

82 1513 103 1544 4
149 1510 254 1546 Initio
265 1510 421 1546 eiusdem
431 1510 606 1555 epistulae
616 1510 667 1545 ita
680 1510 852 1564 scriptum
864 1514 918 1545 est
928 1523 936 1545 z
946 1508 952 1518 ‘
961 1521 1040 1544 cum
1050 1510 1174 1544 urbem

83 1559 241 1591 nostram
264 1555 347 1591 fidei
367 1560 450 1590 tuae
476 1556 751 1591 commiserimus
781 1568 790 1590 :
817 1555 987 1600 quidquid
997 1555 1103 1599 igitur
1120 1555 1172 1589 in-

82 1604 140 1635 tra
152 1601 277 1636 urbem
290 1601 503 1643 admittitur,
527 1601 572 1635 ad
588 1600 808 1646 praefectum
828 1601 908 1635 urbi
929 1600 1068 1635 videtur
1091 1610 1172 1645 per-

82 1646 205 1681 tinere.
255 1646 317 1681 sed
353 1649 391 1681 et
419 1646 451 1681 si
480 1645 565 1691 quid
588 1647 682 1681 intra
706 1646 961 1681 centensimum
985 1645 1173 1680 miliarium

81 1691 274 1726 admissum
298 1691 361 1733 sit,
387 1691 434 1726 ad
456 1691 679 1736 praefectum
702 1691 782 1726 urbi
807 1691 976 1736 pertinet:
1014 1690 1044 1725 si
1079 1691 1174 1725 ultra

81 1737 198 1781 ipsum
210 1736 374 1781 lapidem,
400 1746 578 1782 egressum
604 1740 658 1772 est
681 1736 853 1781 praefecti
876 1736 957 1771 urbi
981 1736 1171 1771 notionem.

83 1785 102 1816 5
138 1781 189 1816 -Si
213 1782 291 1826 quis
317 1792 455 1817 servum
479 1792 583 1816 suum
604 1782 818 1816 adulterium
840 1780 1056 1816 commisisse
1078 1780 1174 1815 dicat

82 1827 119 1861 in
142 1837 288 1862 uxorem
312 1837 430 1870 suam,
467 1827 564 1872 apud
587 1826 806 1872 praefectum
830 1826 912 1861 urbi
936 1826 1002 1861 erit
1026 1826 1172 1860 audien-

83 1875 103 1907 6
151 1872 228 1907 dus.
278 1871 348 1907 Sed
382 1876 417 1907 et
442 1882 485 1907 ex
508 1872 707 1907 interdictis
731 1871 828 1917 quod
850 1872 883 1906 vi
908 1875 971 1906 aut
995 1871 1086 1906 clam
1111 1874 1175 1906 aut

84 1919 101 1951 7
150 1917 339 1952 interdicto
365 1917 459 1952 unde
482 1918 515 1952 vi
535 1917 685 1952 audire'3
707 1921 837 1963 potest.
875 1916 999 1952 Solent
1012 1916 1057 1951 ad
1070 1926 1173 1961 prae-

81 1961 258 1997 fecturam
291 1963 390 1998 urbis
422 1963 553 1997 remitti
584 1962 690 1998 etiam
721 1966 857 1997 tutores
882 1962 955 1996 sive
979 1966 1172 2003 curatores,

82 2007 144 2052 qui
167 2008 258 2042 male
282 2009 318 2043 in
341 2008 454 2043 tutela
477 2009 550 2043 sive
575 2018 662 2043 cura
684 2007 816 2043 versati
833 2007 993 2052 graviore
1014 2006 1172 2041 animad-

82 2053 244 2088 versione
269 2053 426 2098 indigent
470 2063 576 2097 quam
601 2056 642 2088 ut
665 2052 823 2088 sufficiat
847 2053 897 2087 eis
922 2055 1172 2097 suspectorum

81 2097 246 2134 infamia:
284 2109 372 2142 quos
404 2099 549 2143 probari
580 2098 712 2143 poterit
742 2099 796 2133 vel
820 2097 971 2132 nummis
997 2097 1088 2132 datis
1113 2101 1170 2132 tu-

81 2143 189 2178 telam
214 2154 420 2188 occupasse,
445 2143 498 2178 vel
518 2143 674 2188 praemio
696 2147 845 2188 accepto
867 2153 1012 2188 operam
1032 2142 1172 2177 dedisse

82 2192 123 2223 ut
156 2199 227 2223 non
259 2189 407 2223 idoneus
439 2192 537 2223 tutor
572 2189 679 2224 alicui
715 2189 881 2230 daretur,
918 2188 972 2223 vel
1009 2188 1170 2222 consulto

450 2234 674 2269 atrimonium
711 2234 947 2278 quantitatem
990 2233 1170 2275 minuisse,

81 2234 179 2268 circa
215 2234 389 2268 edendum

414 2245 541 2314 Kaude
564 2279 690 2324 pupilli
713 2279 810 2314 bona
834 2279 1019 2313 alienasse.
1069 2277 1172 2322 Quod

83 2281 102 2313 8
149 2278 203 2313 vel
240 2278 391 2314 evidenti

81 2327 201 2358 autem
233 2323 366 2359 dictum
400 2327 472 2366 est,
507 2327 549 2359 ut
583 2334 703 2359 servos
740 2324 783 2359 de
807 2323 957 2358 dominis
982 2327 1170 2368 querentes

106 2368 285 2404 raefectus
321 2369 477 2411 audiat⁷‚
511 2370 562 2404 sic
598 2368 813 2414 accipiemus
848 2379 921 2404 non
956 2372 1170 2403 accusantes

81 2379 241 2449 gominos
275 2414 356 2456 (hoc
391 2414 482 2449 enim
513 2424 738 2466 nequaquam
770 2424 871 2449 servo
896 2413 1170 2458 permittendum

82 2463 137 2494 est
159 2459 227 2494 nisi
246 2469 289 2494 ex
311 2459 428 2494 causis
448 2463 626 2504 receptis),
651 2459 714 2494 sed
734 2459 763 2494 si
781 2458 981 2494 verecunde
1001 2462 1169 2503 expostu-

82 2503 173 2546 lent,
206 2504 237 2539 si
269 2505 468 2547 saevitiam,
500 2505 530 2539 si
555 2505 740 2547 duritiam,
776 2504 805 2539 si
828 2504 976 2546 famem,
1013 2513 1086 2549 qua
1109 2513 1170 2539 eos

82 2553 246 2594 premant
257 2550 279 2591 ⁸,
305 2550 335 2584 si
359 2550 635 2591 obscenitatem,
672 2550 708 2584 in
739 2559 810 2594 qua
842 2559 903 2584 eos
934 2548 1171 2594 compulerint

82 2595 135 2629 vel
160 2595 384 2639 compellant,
412 2595 507 2639 apud
553 2595 750 2630 raefectum
769 2594 850 2629 urbi
872 2598 1063 2638 exponant.
1100 2593 1170 2629 hoc

82 2650 223 2685 quoque
248 2639 406 2675 officium
431 2650 517 2684 prae
534 2643 611 2675 ecto
636 2639 717 2675 urbi
741 2649 763 2674 a
787 2639 866 2674 divo
892 2639 1021 2674 Severo
1048 2638 1170 2676 datum

83 2687 103 2719 9
150 2689 214 2727 est,
240 2689 281 2719 ut
304 2685 481 2730 mancipia
504 2689 648 2720 tueatur
670 2695 716 2720 ne
739 2684 1012 2729 prostituantur.
1060 2684 1169 2719 Prae-

82 2734 179 2765 terea
204 2740 330 2765 curare
355 2730 498 2765 debebit
521 2730 724 2775 praefectus
749 2730 848 2772 urbi,
880 2733 921 2764 ut
945 2729 1171 2764 nummularii

83 2776 193 2820 probe
228 2785 266 2810 se
297 2779 405 2820 agant
436 2776 533 2810 circa
564 2786 668 2811 omne
691 2774 871 2819 negotium
895 2784 998 2808 suum
1023 2778 1058 2808 et
1081 2778 1170 2808 tem—

87 2824 126 2855 10
173 2824 299 2866 perent
321 2820 388 2863 his,
413 2831 504 2865 quae
528 2824 612 2856 sunt
634 2820 825 2865 prohibita.
875 2819 964 2854 Cum
997 2823 1170 2863 patronus

84 2866 261 2900 contemni
296 2875 334 2900 se
358 2876 380 2900 a
402 2866 528 2901 liberto
554 2866 683 2901 dixerit
705 2865 760 2900 vel
785 2864 1079 2900 contumeliosum
1104 2864 1171 2898 sibi

83 2910 247 2945 libertum
279 2915 449 2955 queratur
472 2911 526 2946 vel
563 2911 759 2946 convicium
795 2920 834 2945 se
868 2910 914 2944 ab
948 2919 989 2944 eo
1024 2919 1170 2954 passum

84 2955 309 3001 liberosque⁹
343 2966 428 2991 suos
460 2957 515 2991 vel
549 2966 697 2991 uxorem
732 2955 787 2990 vel
823 2954 906 3000 quid
941 2954 1025 2989 huic
1061 2954 1172 2989 simile

83 3000 210 3036 obicit:
245 3000 449 3046 praefectus
473 3002 555 3036 urbi
578 3001 666 3036 adiri
692 3001 782 3036 solet
807 3005 841 3035 et
865 3010 929 3045 pro
954 2999 1059 3035 modo
1085 3009 1170 3051 que-

83 3045 190 3081 rellae
225 3046 400 3091 corrigere
436 3057 526 3082 eum.
575 3050 639 3081 aut
674 3046 881 3082 comminari
917 3049 981 3080 aut
1014 3044 1171 3079 fustibus

85 3090 260 3136 castigare
284 3095 348 3126 aut
369 3091 518 3128 ulterius
542 3091 736 3136 procedere
759 3092 795 3126 in
819 3101 936 3136 poena
961 3090 1036 3126 eius
1061 3090 1169 3125 solet:

84 3145 165 3170 nam
191 3141 226 3171 et
249 3136 420 3181 puniendi
444 3137 651 3182 plerumque
675 3140 758 3171 sunt
781 3136 908 3171 liberti.
959 3139 1056 3170 certe
1080 3135 1110 3170 si
1133 3145 1172 3169 se

84 3181 237 3217 delatum
259 3192 281 3216 a
301 3181 428 3217 liberto
449 3182 501 3216 vel
526 3182 749 3226 conspirasse
774 3192 854 3216 eum
879 3184 1004 3216 contra
1028 3191 1067 3215 se
1091 3191 1172 3215 cum

82 3226 230 3263 inimicis
269 3228 413 3269 doceat,
451 3228 556 3262 etiam
587 3227 721 3262 metalli
752 3237 871 3271 poena
893 3226 931 3262 in
956 3236 1037 3261 eum
1061 3225 1172 3260 statui

81 3275 118 3307 11
172 3272 289 3308 debet.
339 3272 434 3307 Cura
465 3271 582 3307 carnis
607 3272 720 3307 omnis
744 3276 785 3306 ut
808 3272 902 3306 iusto
927 3271 1041 3316 pretio
1066 3281 1170 3315 prae-

81 3319 210 3353 beatur
224 3320 252 3339 ¹⁰
276 3317 322 3351 ad
345 3327 468 3352 curam
491 3316 741 3369 praefecturae
765 3316 934 3361 pertinet,
971 3319 1009 3351 et
1031 3315 1110 3351 ideo
1137 3318 1172 3350 et

84 3363 198 3397 forum
224 3362 381 3397 suarium
406 3363 472 3397 sub
496 3362 608 3407 ipsius
631 3372 717 3397 cura
737 3366 807 3397 est:
833 3361 895 3396 sed
916 3365 952 3396 et
973 3364 1171 3396 ceterorum

1190 118 1241 168 13

2120 123 2333 164 111—14

1244 254 1414 288 pecorum
1449 243 1523 280 sive
1554 246 1796 279 armentorum
1820 255 1912 289 quae
1936 244 1983 279 ad
2006 244 2209 280 huiusmodi
2258 255 2336 280 rae-

1248 291 1287 323 12
1335 289 1505 325 bitionem
1517 291 1683 334 spectant
1694 289 1764 323 adi
1791 290 1864 325 sius
1878 300 2001 325 curam
2013 290 2202 335 pertinent.
2262 291 2337 326 uies

1244 343 1386 379 quoque
1420 333 1649 379 popularium
1682 337 1717 368 et
1773 334 1937 379 isciplina
1969 335 2258 380 spectaculorum
2291 336 2336 371 ad

1243 378 1417 423 praefecti
1440 379 1520 414 urbi
1545 388 1667 414 curam
1690 380 1869 423 pertinere
1888 381 2045 416 videtur:
2072 385 2108 416 et
2125 391 2212 416 sane
2233 381 2338 416 debet

1244 423 1351 458 etiam
1375 424 1568 469 dispositos
1592 423 1720 458 milites
1745 424 1973 460 stationarios
2005 426 2139 461 habere
2163 426 2210 460 ad
2233 430 2336 461 tuen·

1245 469 1325 503 dam
1349 469 1575 514 popularium
1600 469 1755 513 quietem
1779 473 1815 503 et
1838 470 1885 504 ad
1909 471 2134 506 referendum
2159 472 2226 506 sibi
2252 472 2336 516 quid

1248 517 1286 548 13
1335 514 1398 549 ubi
1421 519 1559 558 agatur.
1608 514 1659 548 Et
1682 514 1771 548 urbe
1794 514 2005 550 interdicere
2029 517 2232 561 praefectus
2257 517 2337 551 urbi

1245 563 1280 594 et
1304 569 1374 604 qua
1398 559 1505 594 alia¹¹
1532 559 1718 594 solitarum
1742 560 1923 603 regionum
1946 565 2084 612 potest,
2119 566 2153 596 et
2177 563 2336 607 negotia-

1243 605 1340 639 tione
1365 608 1400 640 et
1422 604 1646 650 professione
1670 608 1706 639 et
1729 604 2022 641 advocationibus
2049 611 2083 641 et
2106 607 2205 650 foro,
2232 612 2266 642 et
2291 607 2336 642 ad

1243 654 1384 694 tempus
1398 649 1482 685 etin
1494 653 1725 695 perpetuum:
1750 650 1964 686 interdicere
1984 652 2116 696 poterit
2137 656 2172 686 et
2194 657 2335 697 specta-

1244 695 1351 730 culis:
1386 698 1421 730 et
1445 695 1474 730 si
1499 706 1604 740 quem
1626 695 1759 740 releget
1783 695 1828 730 ab
1853 696 1976 738 Italia,
2013 707 2232 732 summovere
2257 709 2336 733 eum

1247 743 1286 774 14
1336 740 1443 775 etiam
1467 751 1489 775 a
1512 740 1695 785 provincia
1718 750 1795 775 sua.
1843 740 1955 776 Divus
1981 741 2130 777 Severus
2154 743 2337 788 rescripsit

1244 796 1304 820 eos
1330 786 1455 828 etiam,
1488 786 1549 831 qui
1579 786 1741 820 illicitum
1755 786 1782 806 ¹2
1807 786 1992 831 collegium
2017 789 2132 823 coisse
2157 788 2335 830 dicuntur,

1243 830 1340 875 apud
1387 830 1583 866 raefectum
1608 831 1690 865 urbi
1714 832 1950 868 accusandos.

1290 874 1314 912 2
1371 885 1499 911 AULUS
1520 876 1611 912 libro
1635 876 1820 922 sz‘nqularz·
1839 877 1883 912 de
1903 877 2030 922 officio
2046 878 2238 924 praefecti
2255 879 2338 914 urbi

1241 921 1343 956 Adiri
1380 922 1485 956 etiam
1518 922 1563 956 ab
1599 921 1809 966 argentariis
1832 922 1887 957 vel
1912 923 2082 958 adversus
2107 933 2168 958 eos
2193 934 2236 958 ex
2262 924 2335 969 epi-

1243 967 1337 1002 stula
1361 967 1432 1002 divi
1453 966 1627 1001 Hadriani
1652 970 1687 1002 et
1709 967 1747 1002 in
1770 968 1985 1012 pecuniariis
2011 968 2127 1003 causis
2152 973 2280 1013 potest.

1289 1010 1313 1049 3
1348 1011 1545 1048 Urmzws
1566 1012 1656 1047 libro
1681 1012 1840 1047 secundo
1865 1013 1915 1048 ad
1937 1014 2091 1049 edictum
2126 1013 2335 1049 Praefectus

1242 1058 1324 1092 urbi
1349 1068 1430 1093 cum
1454 1057 1626 1092 terminos
1650 1057 1749 1092 urbis
1775 1058 1909 1100 exierit,
1935 1062 2150 1103 potestatem
2175 1070 2247 1094 non
2270 1060 2333 1094 ha-

1243 1103 1324 1138 bet:
1352 1107 1454 1138 extra
1477 1102 1602 1138 urbem
1627 1107 1746 1147 potest
1769 1103 1892 1139 iubere
1916 1104 2085 1139 iudicare.

1709 1197 1804 1234 XIII
1819 1196 1854 1234 ¹³³.

1493 1263 1553 1294 DE
1580 1261 1759 1293 omnmo
1786 1262 2080 1298 QUAESTORIS.

1292 1326 1309 1364 1
1330 1328 1356 1348 ¹⁴
1388 1327 1583 1364 ULPJANUS
1604 1328 1693 1364 libro
1718 1329 1903 1381 singulari
1919 1328 1963 1364 de
1984 1329 2110 1381 officio
2131 1331 2335 1375 quaestoris

1243 1373 1348 1418 Origo
1371 1374 1619 1418 quaestoribus
1641 1374 1803 1409 creandis
1825 1374 2072 1419 antiquissima
2093 1380 2146 1410 est
2167 1378 2202 1410 et
2221 1385 2336 1420 paene

1243 1422 1325 1453 ante
1350 1429 1471 1454 omnes
1496 1420 1737 1464 magistratus.
1775 1419 2010 1455 Gracchanus
2037 1420 2188 1465 denique
2211 1420 2334 1456 lunius

1242 1465 1332 1499 libro
1364 1465 1515 1510 septimo
1541 1465 1584 1500 de
1608 1465 1847 1510 potestatibus
1873 1466 1978 1500 etiam
2002 1465 2119 1510 ipsum
2143 1466 2335 1501 Romulum

1243 1513 1278 1544 et
1290 1509 1443 1545 Numam
1455 1510 1668 1555 Pompilium
1688 1510 1790 1545 binos
1812 1514 2019 1555 quaestores
2040 1511 2221 1553 habuisse,
2246 1521 2335 1556 quos

1242 1555 1309 1599 ipsi
1333 1565 1405 1589 non
1430 1566 1496 1590 sua
1519 1566 1617 1598 voce,
1644 1555 1706 1590 sed
1729 1556 1853 1600 populi
1877 1555 2045 1601 suffragio
2072 1561 2254 1598 crearent,
2278 1567 2334 1592 re-

1241 1600 1322 1634 fert.
1372 1600 1435 1635 sed
1470 1601 1576 1635 sicuti
1610 1601 1757 1635 dubium
1791 1604 1862 1644 est,
1899 1611 1945 1635 an
1970 1601 2121 1636 Romulo
2158 1606 2193 1637 et
2217 1601 2336 1637 Numa

1242 1645 1473 1689 regnantibus
1509 1649 1678 1690 quaestor
1708 1646 1835 1689 fuerit,
1871 1646 1923 1681 ita
1948 1646 2052 1681 Tullo
2077 1646 2229 1682 Hostilio
2254 1657 2335 1692 rege

1243 1694 1450 1735 quaestores
1475 1691 1586 1726 fuisse
1611 1695 1748 1726 certum
1773 1695 1843 1726 est:
1881 1696 1916 1726 et
1947 1702 2034 1727 sane
2059 1692 2215 1727 crebrior
2239 1692 2335 1737 apud

1242 1740 1376 1771 veteres
1411 1736 1530 1780 opinio
1564 1740 1618 1772 est
1642 1737 1786 1771 Tullum
1809 1737 2001 1772 Hostilium
2024 1737 2176 1781 primum
2200 1737 2237 1772 in
2261 1748 2335 1772 rem

1245 1784 1258 1815 1
1335 1781 1490 1816 ublicam
1514 1781 1697 1816 induxisse
1722 1785 1940 1827 quaestores.
1989 1782 2213 1827 Etagenere
2226 1793 2333 1827 quae·

1241 1836 1303 1861 ren
1330 1826 1341 1860 i
1373 1830 1580 1870 quaestores
1610 1827 1712 1861 initio
1737 1827 1850 1862 dictos
1877 1831 1911 1862 et
1935 1827 2059 1862 Iunius
2085 1831 2120 1862 et
2144 1827 2334 1863 Trebatius

1242 1874 1260 1906 2
1310 1874 1345 1906 et
1368 1871 1572 1906 Fenestella
1605 1871 1777 1907 scribunt.
1833 1872 1892 1907 Ex
1916 1873 2165 1917 quaestoribus
2191 1872 2334 1918 quidam

1241 1916 1406 1951 solebant
1428 1917 1629 1962 provincias
1655 1917 1773 1952 sortiri
1798 1928 1841 1952 ex
1865 1921 2010 1953 senatus
2036 1918 2213 1960 consulto,
2239 1918 2335 1962 quod

1240 1961 1376 1996 factum
1412 1966 1467 1997 est
1489 1963 1638 1998 Decimo
1663 1962 1783 1998 Druso
1821 1966 1855 1997 et
1886 1963 2082 1998 Porcina¹⁵
2115 1963 2333 1998 consulibus.

1241 2017 1327 2042 sane
1358 2018 1430 2042 non
1467 2018 1589 2043 omnes
1622 2012 1830 2052 quaestores
1854 2008 2054 2053 provincias
2080 2008 2334 2050 sortiebantur,

1240 2062 1362 2087 verum
1397 2053 1536 2098 excepti
1573 2057 1674 2087 erant
1698 2053 1880 2088 candidati
1903 2053 2096 2098 principis:
2133 2053 2169 2088 hi
2205 2054 2334 2089 etenim

1241 2097 1325 2132 solis
1359 2098 1458 2132 libris
1490 2098 1748 2143 principalibus
1782 2099 1820 2133 in
1851 2103 1979 2133 senatu
2011 2098 2167 2143 legendis
2191 2103 2332 2134 vacant.

1241 2146 1260 2177 3
1308 2143 1494 2188 Hodieque
1530 2144 1686 2188 optinuit
1715 2143 1958 2179 indifferenter
1989 2147 2195 2189 quaestores
2221 2144 2334 2179 creari

1240 2192 1314 2222 tam
1338 2188 1507 2232 patricios
1534 2200 1640 2234 quam
1664 2188 1841 2233 plebeios:
1873 2189 2055 2233 ingressus
2088 2193 2143 2224 est
2175 2190 2267 2224 enim
2300 2194 2335 2224 et

1240 2233 1342 2278 quasi
1361 2234 1594 2279 primordium
1614 2234 1848 2278 gerendorum
1869 2234 2046 2269 honorum
2067 2235 2335 2280 sententiaeque

1240 2283 1260 2313 4
1307 2280 1345 2314 in
1369 2283 1496 2314 senatu
1521 2279 1701 2314 dicendae.
1738 2280 1797 2314 Ex
1819 2279 1886 2321 his,
1911 2279 2004 2314 sicut
2029 2279 2177 2314 dicimus
2192 2281 2230 2321 ¹⁰,
2256 2279 2333 2324 qui-

1241 2324 1322 2359 dam
1355 2329 1441 2359 sunt
1472 2325 1533 2369 qui
1559 2324 1739 2359 candidati
1763 2325 1933 2369 principis
1960 2324 2172 2359 dicebantur
2203 2325 2334 2369 quique

1241 2371 1413 2414 epistulas
1439 2370 1515 2404 eius
1540 2370 1576 2404 in
1602 2374 1731 2405 senatu
1755 2371 1885 2415 legunt.

1703 2463 1816 2500 XIIII
1829 2462 1866 2501 ¹⁷.

1496 2529 1555 2560 DE
1583 2527 1759 2560 orrtfflo
1785 2527 2072 2560 PRAETORUM.

1288 2592 1305 2630 1
1342 2593 1538 2629 mmm
1567 2593 1661 2628 libro
1697 2594 1886 2629 vicensimo
1921 2596 2027 2628 sexto
2070 2593 2120 2628 ad
2155 2591 2330 2629 Sabinum

1239 2639 1346 2683 Apud
1381 2639 1492 2673 filium
1526 2638 1679 2674 familias
1714 2642 1915 2684 praetorem
1961 2641 2081 2683 potest
2117 2646 2219 2683 pater
2255 2639 2330 2674 eius

1240 2684 1498 2719 manumittere.

1286 2727 1310 2765 2
1336 2729 1496 2764 PAULUs
1527 2729 1618 2764 libro
1655 2732 1786 2774 quarto
1818 2728 1868 2763 ad
1899 2727 2073 2764 Sabinum
2120 2728 2190 2763 Sed
2226 2729 2332 2764 etiam

1240 2774 1357 2818 ipsum
1392 2775 1489 2818 apud
1524 2784 1563 2809 se
1595 2773 1814 2818 emancipari
1844 2773 1898 2808 vel
1932 2773 1968 2808 in
2000 2774 2230 2819 adoptionem
2255 2774 2332 2809 dari

1266 2820 1370 2854 lacet.

1240 2830 1262 2864 p
1286 2862 1309 2901 3
1344 2863 1539 2899 Urpnuws
1559 2863 1650 2899 libro
1676 2864 1883 2910 triqensimo
1903 2867 2027 2899 octavo
2048 2863 2098 2898 ad
2118 2863 2291 2900 Sabinum
2306 2865 2333 2885 ¹⁸

1240 2909 1477 2944 Barbarius¹⁹
1512 2908 1698 2953 Philippus
1743 2919 1823 2943 cum
1860 2919 1981 2944 servus
2016 2908 2185 2954 fugitivus
2224 2913 2329 2950 esset,

1241 2955 1377 2988 Romae
1389 2954 1421 2974 ²⁰
1445 2958 1649 2998 praeturam
1674 2954 1775 2998 petiit
1800 2957 1834 2988 et
1858 2957 2003 2998 praetor
2027 2954 2102 2989 desi
2127 2958 2233 2989 natus
2266 2959 2331 2989 est.

1240 2999 1302 3034 sed
1338 2999 1463 3033 nihil2¹
1491 2999 1523 3033 ei
1555 2998 1759 3034 servitutem
1794 2999 1984 3034 obstetisse
2018 2999 2070 3034 ait
2131 3000 2331 3045 omponius,

1241 3044 1341 3089 quasi
1365 3047 1510 3089 praetor
1534 3055 1604 3079 non
1629 3044 1755 3079 fueriti
1791 3045 1915 3089 atquin
1939 3055 2061 3079 verum
2085 3048 2140 3080 est
2163 3048 2333 3090 praetura

1241 3100 1320 3124 eum
1343 3089 1518 3124 functum.
1567 3092 1603 3124 et
1625 3092 1745 3124 tamen
1768 3089 1967 3124 videamus:
2006 3090 2037 3125 si
2060 3100 2182 3125 servus
2207 3101 2331 3135 quam-

1241 3135 1300 3169 diu
1313 3134 1428 3176 latuit,
1454 3134 1623 3179 dignitate
1633 3135 1664 3155 ²²
1682 3135 1864 3179 praetoria
1881 3135 2028 3170 functus
2049 3136 2104 3177 sit,
2131 3135 2215 3180 quid
2235 3135 2331 3170 dice-

1241 3181 1346 3215 mus?
1382 3189 1474 3224 quae
1508 3179 1633 3222 edixit,
1671 3190 1762 3225 quae
1787 3181 1958 3223 decrevit,
1991 3181 2123 3215 nullius
2154 3180 2231 3215 fore
2254 3191 2329 3215 mo-

1241 3225 1375 3260 menti?
1411 3235 1458 3259 an
1480 3224 1558 3260 fore
1581 3230 1729 3270 propter
1753 3225 1941 3260 utilitatem
1967 3236 2108 3268 eorum,
2143 3225 2203 3270 qui
2235 3225 2331 3269 apud

1241 3281 1320 3304 eum
1356 3274 1504 3313 egerunt
1534 3271 1589 3306 vel
1619 3271 1695 3315 lege
1728 3271 1783 3306 vel
1816 3282 1884 3316 quo
1918 3271 1987 3305 alio
2012 3270 2114 3306 iure?
2153 3274 2187 3304 et
2210 3280 2329 3304 verum

1240 3319 1326 3360 puto
1352 3315 1439 3349 nihil
1465 3325 1586 3350 eorum
1609 3315 1813 3361 reprobari:
1839 3317 1908 3351 hoc
1934 3316 2024 3350 enim
2046 3315 2235 3350 humanius
2257 3318 2328 3349 est:

1241 3371 1322 3395 cum
1356 3359 1460 3394 etiam
1484 3361 1602 3405 potuit
1625 3361 1779 3406 populus
1803 3361 1987 3396 Romanus
2012 3371 2114 3396 servo
2141 3361 2329 3394 decernere

131 3478 170 3513 (ι)
194 3473 278 3516 Pup.
293 3481 317 3506 ι.
334 3480 366 3512 23
378 3473 444 3505 Ed.
459 3479 540 3505 3.-
553 3472 638 3504 Bas.
653 3472 684 3510 6,
697 3477 722 3510 4,
735 3477 814 3504 2...4.
830 3487 875 3494 —-
890 3470 940 3512 Cf.
961 3470 1037 3502 Cod.
1056 3470 1083 3509 1,
1100 3475 1135 3502 28

85 3519 127 3555 (2)
152 3517 244 3549 urbis
256 3517 304 3550 Ρ)
316 3518 381 3551 ind.
394 3518 451 3550 FS
542 3518 585 3558 (3)
611 3527 630 3548 a
642 3516 852 3558 praefectura
865 3515 959 3546 urbis
979 3515 1045 3546 sibi
1059 3514 1169 3545 vindi-

87 3562 156 3593 cari
168 3574 232 3596 scr.
369 3563 412 3604 (4)
436 3562 528 3594 intra
544 3561 692 3601 Italiam]
705 3562 777 3604 suit
788 3562 941 3604 sortasse
960 3559 1052 3591 intra
1077 3558 1098 3590 ἶ
1120 3557 1169 3589 la-

88 3607 199 3649 pidem
269 3607 310 3647 (5)
336 3606 372 3638 in
387 3607 494 3639 om.F
556 3610 600 3648 (6)
624 3609 684 3637 aut
700 3605 788 3637 unde
801 3604 1006 3637 viadiriscr.
1055 3607 1096 3641 (7)
1111 3613 1166 3634 au·

89 3650 159 3683 diet
170 3651 229 3684 FS
297 3653 340 3689 (8)
364 3650 505 3693 eieF18,
526 3648 801 3693 conprcmantF²
862 3651 905 3689 (9)
931 3648 1095 3680 liberosve
1107 3659 1168 3680 scr.

90 3699 149 3736 (10)
175 3695 395 3728 raebeaturF
498 3696 553 3734 (11)
578 3695 692 3736 qualia
705 3695 739 3727 F

136 3743 194 3780 (13)
209 3740 466 3783 Pap.?--Bas.
479 3741 510 3780 6,
525 3747 552 3772 s.
565 3757 610 3764 -—
625 3740 674 3780 Cs
691 3740 769 3773 Cod.
787 3740 814 3778 1,
829 3746 875 3772 30.
892 3740 943 3776 12.
958 3746 975 3770 e
1022 3739 1080 3778 (14)
1094 3738 1172 3769 citat

840 3694 899 3733 (12)
923 3693 1130 3735 quillicitum
1143 3692 1178 3724 F

1240 3467 1321 3500 haec
1335 3466 1451 3510 Lydus
1464 3467 1503 3500 de
1516 3480 1598 3511 may.
1618 3468 1645 3508 1,
1657 3475 1702 3502 24.
1718 3475 1755 3503 26
1804 3470 1862 3509 (15)
1889 3469 1929 3502 D.
1940 3471 2046 3502 Bruto
2061 3473 2093 3502 et
2102 3470 2245 3502 Porcina
2261 3480 2328 3502 eos.

1237 3524 1312 3551 scr„
1325 3513 1449 3546 scilicet
1464 3513 1547 3546 male
1560 3514 1679 3547 iunctis
1691 3515 1875 3548 consulibus
1888 3516 1991 3548 altero
2005 3530 2036 3548 α.
2052 3529 2081 3548 u.
2097 3527 2123 3548 c.
2138 3522 2201 3557 616,
2226 3516 2329 3547 altero

1239 3569 1271 3590 a.
1287 3563 1338 3589 6¹¹1
1408 3562 1467 3594 (ιο)
1492 3556 1730 3591 diximusHal.

1285 3602 1344 3643 (17)
1370 3600 1510 3635 Sab.—
1523 3603 1608 3636 Bas.
1621 3604 1653 3642 6,
1669 3611 1753 3637 ¹1.—
1770 3604 1819 3647 C'f.
1838 3605 1917 3637 Cod.
1934 3606 2019 3643 1,39.
2038 3604 2089 3643 12,
2104 3611 2120 3636 2
2200 3605 2258 3644 (18)
2286 3603 2328 3635 ad

1239 3645 1386 3678 edictum
1397 3645 1432 3678 F
1434 3646 1444 3666 ¹
1554 3650 1613 3687 (19)
1638 3648 1819 3680 Barbatius
1836 3649 2082 3691 Glandorpius:
2103 3649 2145 3691 qs.
2160 3648 2331 3692 Boryhesi

1240 3703 1315 3734 opp.
1330 3691 1361 3731 2,
1376 3698 1430 3725 428
1501 3695 1511 3727 (
1515 3695 1564 3733 20)
1589 3703 1703 3735 prome
1714 3693 1749 3726 F
1801 3701 1833 3727 21
1858 3693 1958 3733 nihil]
1973 3693 2063 3725 enim
2075 3705 2136 3725 scr.
2197 3697 2257 3732 (22)
2273 3693 2327 3725 in-

1239 3736 1407 3778 dignitate
1420 3736 1487 3770 FS.
2259 3757 2261 3759 >
