2528 3918
141 153 199 184 m·
225 152 414 184 FAMOSIS
442 151 645 184 LIBELLIS

140 266 245 300 trono
276 262 445 299 adversus
475 263 642 300 libertum
673 260 836 297 dabimus
864 271 930 296 1100
960 260 1120 306 patietur
1142 271 1222 297 eum

140 312 284 354 praetor
312 311 535 354 querentem,
572 307 674 353 quasi
701 306 867 343 iniuriam
895 316 1023 352 passus
1055 307 1116 350 sit,
1154 306 1223 342 nisi

141 353 311 390 atrocitas
335 364 416 389 eum
437 353 601 390 moverit:
626 363 693 388 nec
717 352 809 387 enim
831 351 926 387 ferre
948 355 1094 397 praetor
1117 351 1224 387 debet

140 399 217 434 heri
239 409 397 442 servum,
421 398 527 435 hodie
549 398 699 434 liberum
724 401 1015 442 conquerentem,
1040 397 1136 442 quod
1158 397 1221 432 do-

141 444 256 480 minns
285 444 319 480 ei
348 444 545 480 convicium
582 442 710 479 dixerit
740 443 794 478 vel
826 442 921 487 quod
949 443 1072 478 leviter
1101 442 1222 487 pulsa-

141 489 230 524 verit
252 489 307 524 vel
331 488 576 524 emendaverit.
624 488 687 524 sed
711 488 742 523 si
769 487 908 532 flagris,
941 487 972 523 si
1002 487 1221 528 verberibus,

141 534 172 570 si
191 533 388 570 vulneravit
405 545 477 570 non
495 533 737 575 mediocriter,
762 532 1014 578 aequissimum
1031 532 1100 567 erit
1117 542 1221 577 prae-

141 583 161 614 3
207 582 320 615 torem
343 578 376 614 ei
399 578 598 614 subvenire.
635 578 706 614 Sed
730 582 764 613 et
787 578 818 614 si
842 578 920 623 quis
940 588 984 613 ex
1006 577 1138 619 liberis,
1163 577 1223 630 qui

140 635 211 660 non
246 628 329 660 sunt
362 623 400 659 in
430 627 626 669 potestate,
663 634 743 659 cum
774 626 923 668 parente
952 622 1036 658 velit
1059 623 1221 667 experiri,

141 680 213 704 non
235 673 368 704 temere
382 669 591 704 iniuriarum
614 669 708 704 actio
729 668 847 704 danda
869 671 935 710 est,
961 667 1029 702 nisi
1050 668 1221 703 atrocitas

141 715 304 750 suaserit.
352 717 448 750 certe
478 715 549 757 his,
582 714 643 759 qui
674 719 758 749 sunt
785 713 823 748 in
845 716 1042 758 potestate,
1074 723 1222 758 prorsus

140 762 161 794 4
207 769 274 795 1100
305 759 489 804 competit,
521 759 660 795 etiamsi
683 762 787 794 atrox
810 758 929 794 fuerit.
977 757 1080 802 Quod
1104 762 1222 793 autem

140 808 286 850 praetor
315 804 367 839 ait
398 804 494 850 ‘quid
517 804 669 840 iniuriae
691 804 826 840 factum
850 803 905 845 sit,
940 807 1076 838 certum
1100 803 1220 845 dicat'‚

165 849 435 886 uemadmodum
459 850 704 895 accipiendum
727 850 796 884 sit?
843 851 977 884 certum
1002 859 1082 884 eum
1105 848 1222 883 dicere

139 861 262 931 {abeo
297 895 365 937 ait,
409 895 470 939 qui
506 895 602 930 dicat
634 905 763 930 nomen
795 894 960 936 iniuriae,
1004 904 1119 946 neque
1155 894 1221 929 sub

139 940 387 983 alternatione,
411 944 501 986 puta
523 940 612 975 illud
634 943 696 975 aut
719 939 826 983 illud,
851 939 915 975 sed
936 938 1035 974 illam
1057 938 1222 974 iniuriam

140 988 159 1019 5
207 995 246 1021 se
268 996 426 1031 passum.
474 985 512 1021 Si
534 985 619 1020 mihi
641 985 763 1030 plures
786 984 932 1019 iniurias
956 983 1101 1027 feceris,
1133 987 1222 1029 puta

138 1031 245 1066 turba
268 1034 304 1066 et
326 1034 431 1067 coetu
453 1030 551 1066 facto
575 1031 719 1066 domum
741 1029 891 1065 alicuius
914 1029 1070 1065 introeas
1094 1032 1131 1065 et
1153 1030 1222 1064 hoc

138 1075 260 1112 10010ι
292 1075 484 1119 efficiatur,
519 1077 580 1111 et2
610 1075 713 1111 simul
744 1079 780 1111 et
810 1074 1007 1111 convicium
1036 1075 1156 1119 patiar
1187 1078 1222 1109 et

139 1121 319 1157 verberer:
358 1131 406 1156 an
443 1121 577 1167 possim
614 1121 806 1166 separatim
836 1124 954 1156 tecum
993 1115 1148 1165 experiri
1179 1119 1222 1154 de

139 1166 285 1211 singulis
314 1166 471 1210 iniuriis,
504 1165 698 1211 quaeritur.
745 1169 782 1201 et
803 1165 997 1201 Marcellus
1026 1165 1222 1201 secundum

138 1211 277 1246 Neratii
310 1212 522 1247 sententiam
553 1211 623 1247 hoc
665 1211 795 1257 probat
831 1210 1027 1256 cogendum
1061 1210 1221 1252 iniurias,

140 1261 160 1291 6
207 1267 296 1301 quas
320 1257 425 1292 simul
447 1267 575 1303 passus
599 1260 671 1298 est,
704 1256 928 1301 coniungere.
976 1256 1088 1292 Posse
1116 1255 1222 1291 hodie

139 1301 183 1336 de
207 1301 304 1337 omni
325 1302 474 1345 iniuria,
505 1302 569 1338 sed
592 1305 628 1337 et
651 1301 695 1338 de
718 1302 833 1337 atroci
856 1301 1005 1337 civiliter
1029 1301 1088 1346 agi
1110 1301 1220 1346 impe-

140 1350 157 1380 7
206 1350 306 1382 rator
337 1351 459 1383 noster
490 1347 683 1392 rescripsit.
731 1348 900 1382 Atrocem
929 1346 1096 1382 iniuriam
1119 1346 1222 1391 quasi

139 1394 159 1427 8
206 1392 552 1428 contumeliosiorem
571 1395 607 1429 et
624 1393 795 1428 maiorem
815 1391 1021 1437 accipimus.
1052 1392 1222 1427 Atrocem

138 1440 257 1472 autem
280 1437 445 1473 iniuriam
467 1441 531 1473 aut
552 1447 707 1482 persona
729 1441 793 1472 aut
813 1441 972 1490 tempore
996 1440 1060 1472 aut
1079 1447 1119 1472 re
1141 1436 1222 1482 ipsa

138 1482 216 1517 fieri
238 1482 361 1518 Labeo
386 1483 446 1518 ait.
488 1493 644 1528 persona
667 1482 824 1518 atrocior
846 1482 976 1517 imuria
1000 1482 1052 1525 fit,
1076 1485 1117 1517 ut
1141 1493 1222 1517 cum

139 1527 376 1579 magistratui,
409 1538 488 1563 cum
518 1528 660 1573 parenti
681 1532 834 1574 patrono
858 1527 932 1562 fiat.
980 1531 1158 1572 tempore,
1191 1527 1222 1562 si

138 1572 231 1608 ludis
259 1577 296 1608 et
323 1573 361 1608 in
384 1578 594 1618 conspectu:
625 1584 708 1608 nam
730 1573 906 1618 praetoris
916 1574 941 1594 2·
965 1573 1002 1607 in
1026 1576 1221 1617 conspectu

139 1628 186 1652 an
214 1618 252 1653 in
282 1618 471 1654 solitudine
501 1618 632 1653 iniuria
654 1618 752 1654 facta
776 1618 841 1660 sit,
873 1618 1024 1653 multum
1046 1618 1222 1654 interesse

138 1663 205 1705 ait,
237 1663 321 1708 quia
351 1663 509 1699 atrocior
538 1668 609 1707 est,
640 1674 732 1709 quae
762 1663 800 1699 in
830 1667 1026 1709 conspectu
1059 1663 1134 1698 fiat.
1182 1674 1222 1698 re

139 1711 297 1744 atrocem
320 1709 486 1744 iniuriam
508 1709 635 1745 haberi
657 1709 780 1744 Labeo
804 1709 865 1751 ait,
891 1713 931 1743 ut
953 1712 1042 1754 puta
1067 1708 1122 1744 si³
1144 1709 1220 1744 vul-

138 1764 205 1788 nus
228 1753 366 1789 illatum
389 1755 445 1790 vel
469 1755 531 1790 os⁴
554 1754 663 1790 alicui
686 1764 906 1799 percussum.

185 1797 209 1836 8
235 1797 391 1834 PAULvs
420 1799 510 1835 libro
544 1800 867 1845 quinquaqensemo
899 1800 1024 1845 quinto
1049 1798 1099 1834 ad
1128 1798 1221 1834 edio-

139 1847 212 1879 tum
261 1844 423 1880 Vulneris
454 1844 657 1889 magnitudo
690 1844 915 1880 atrocitatem
946 1843 1035 1879 facit
1065 1847 1101 1880 et
1132 1854 1220 1880 non-

138 1899 331 1934 numquam
354 1890 456 1926 locus
479 1890 646 1933 vulneris,
670 1889 779 1925 veluti
803 1889 907 1925 oculo
930 1899 1114 1935 percusso.

185 1932 236 1972 9⁵
275 1934 470 1971 ULPJANUS
507 1935 599 1970 libro
631 1935 955 1981 quinquaqensz'mo
987 1935 1138 1981 septimo
1173 1934 1223 1970 ad

138 1979 292 2016 edictum
339 1979 408 2015 Sed
439 1983 495 2016 est
524 1980 762 2024 quaestionis,
788 1979 882 2024 quod
906 1980 1055 2015 dicimus
1078 1980 1143 2015 re⁶
1166 1980 1220 2015 in-

137 2025 265 2061 iuriam
295 2028 453 2061 atrocem
480 2024 577 2069 fieri,
614 2029 734 2060 utrum
744 2026 768 2067 ⁷,
802 2025 831 2061 si
864 2025 1005 2070 corpori
1034 2024 1220 2069 inferatur,

140 2073 244 2106 atrox
268 2070 331 2113 sit,
364 2080 410 2105 an
435 2074 472 2106 et
494 2071 524 2106 si
548 2080 621 2106 non
644 2070 804 2115 corpori,
830 2074 871 2105 ut
892 2074 982 2116 puta
1004 2070 1222 2106 vestimentis

138 2115 275 2158 scissis,
310 2115 438 2151 comite
469 2115 624 2151 abducto
660 2116 716 2151 vel
753 2115 911 2152 convicio
942 2116 1050 2151 dicto.
1105 2120 1142 2152 et
1171 2116 1222 2150 ait

138 2160 356 2206 Pomponius
380 2161 488 2196 etiam
511 2161 587 2196 sine
609 2160 812 2206 pulsatione
863 2171 942 2197 osse
966 2161 1035 2196 dici
1065 2163 1221 2196 atrocem

142 2209 156 2240 1
204 2205 387 2250 iniuriam,
412 2216 567 2251 persona
590 2206 815 2241 atrocitatem
853 2206 1001 2242 aciente.
1039 2206 1109 2242 Sed
1133 2210 1168 2242 et
1191 2207 1222 2242 si

137 2251 175 2286 in
196 2251 339 2286 theatro
362 2252 418 2286 vel
439 2251 478 2287 in
500 2251 579 2287 foro
604 2251 720 2286 caedit
742 2255 779 2287 et
802 2251 982 2294 vulnerat,
1007 2262 1112 2305 quam
1138 2261 1222 2286 uam

139 2299 158 2331 2
206 2307 279 2331 non
319 2297 507 2339 atrociter,
548 2300 705 2331 atrocem
745 2296 912 2331 iniuriam
950 2296 1050 2332 facit.
1147 2297 1223 2332 arvi

139 2345 258 2377 autem
286 2341 414 2385 refert,
444 2345 564 2377 utrum
593 2342 690 2387 patri
718 2341 869 2377 familias
894 2352 941 2377 an
971 2342 1045 2378 filio
1068 2341 1222 2377 familias

137 2386 267 2422 iniuria
295 2386 394 2422 facta
423 2387 487 2423 sit:
521 2397 603 2422 nam
641 2390 677 2422 et
708 2387 798 2423 haec
829 2390 934 2423 atrox
962 2387 1220 2423 aestimabitur.

140 2435 160 2466 3
207 2431 245 2467 Si
268 2435 426 2468 atrocem
448 2432 612 2467 iniuriam
631 2443 753 2468 servus
776 2432 912 2476 fecerit,
938 2432 969 2468 si
1015 2433 1134 2468 uidem
1157 2432 1220 2468 do-

139 2477 254 2512 minus
277 2487 447 2530 praesens
467 2477 523 2521 sit,
547 2480 668 2523 potest
686 2477 744 2522 agi
766 2477 810 2513 de
828 2487 886 2513 eo:
935 2489 981 2513 uo
1031 2478 1062 2514 si
1081 2477 1221 2521 afuerit,

138 2522 295 2568 praesidi
334 2522 533 2559 offerendus
573 2526 644 2565 est,
685 2523 746 2568 qui
783 2533 864 2558 eum
929 2523 1023 2567 agris
1065 2526 1219 2568 rumpat.

139 2571 161 2602 4
207 2567 245 2603 Si
275 2567 353 2613 quis
383 2572 458 2603 tam
490 2567 658 2604 feminam
687 2579 794 2613 quam
823 2568 1038 2611 masculum,
1070 2568 1143 2604 sive
1165 2569 1220 2603 in-

139 2622 273 2665 genuos
297 2613 369 2649 sive
392 2613 588 2656 libertinos,
611 2614 658 2648 im
685 2613 809 2649 udicos
832 2613 954 2649 facere
977 2613 1219 2667 adtemptavit,

138 2657 347 2693 iniuriarum
376 2659 566 2695 tenebitur.
614 2669 631 2693 s
710 2661 745 2694 et
775 2658 805 2694 si
835 2659 927 2694 servi
957 2658 1129 2704 pudicitia
1156 2659 1219 2694 ad-

138 2706 208 2737 tem
235 2706 312 2738 tata
336 2703 393 2746 sit,
417 2703 626 2741 iniuriarum
649 2703 768 2739 locum
791 2703 911 2739 habet.

189 2746 206 2784 1
263 2747 422 2784 Pivws
443 2748 533 2784 libro
582 2749 881 2801 uinquaqensimo
905 2749 1032 2794 quinto
1055 2749 1106 2784 ad
1127 2749 1220 2786 edic-

140 2795 214 2827 tum
255 2792 482 2838 Adtemptari
504 2804 553 2839 pu
580 2793 676 2828 ‘citia
699 2794 838 2837 d1citur,
864 2805 946 2830 cum
967 2794 1005 2829 id
1029 2794 1156 2839 agitur,
1181 2797 1222 2830 ut

139 2847 184 2873 ex
206 2838 335 2882 pudico
359 2838 547 2883 inpudicus
570 2838 645 2874 fiat.

189 2881 263 2919 11⁸
301 2882 495 2919 ULPIANUS
519 2884 610 2920 libro
642 2885 965 2937 quinquaqensimo
997 2885 1148 2931 septimo
1173 2885 1223 2920 ad

139 2927 293 2963 edictum
339 2928 422 2964 Non
445 2928 559 2964 solum
580 2929 611 2964 is
634 2929 845 2964 iniuriarum
867 2932 1027 2973 tenetur,
1052 2929 1113 2975 qui
1135 2930 1222 2965 fecit

139 2972 319 3025 iniuriam,
353 2973 421 3009 1100
453 2978 507 3009 001
536 2974 595 3018 qui
623 2975 820 3019 percussit,
852 2985 974 3010 verum
996 2975 1056 3010 ille
1080 2985 1221 3020 quoque

140 3021 353 3061 continetur,
389 3018 450 3063 qui
484 3018 564 3055 dolo
598 3018 685 3054 fecit
717 3019 771 3054 vel
828 3019 866 3055 ui
899 3020 1050 3062 curavit,
1086 3024 1128 3055 ut
1163 3021 1221 3055 cui

144 3066 156 3096 ¹
207 3063 302 3098 mala
337 3074 456 3109 pugno
496 3068 754 3109 percuteretur.
853 3065 1022 3100 ‘uriarum
1053 3065 1146 3101 actio
1177 3076 1221 3100 ex

139 3107 234 3144 bono
258 3112 294 3143 et
318 3119 432 3154 aequo
457 3113 511 3144 est
534 3112 570 3144 et
593 3109 869 3146 dissimulatione
887 3111 1062 3146 aboletur.
1087 3110 1118 3145 si
1141 3111 1219 3155 quis

143 3153 236 3205 enim
258 3153 423 3189 iniuriam
447 3154 685 3199 dereliquerit,
709 3155 776 3190 hoc
800 3158 854 3191 est
877 3156 998 3191 statim
1020 3165 1149 3200 passus
1174 3155 1221 3190 ad

140 3207 294 3234 ammum
318 3209 421 3235 suum
444 3210 517 3235 non
535 3200 762 3243 revocaverit,
786 3203 912 3245 postea
935 3211 980 3235 ex
1002 3201 1222 3246 paenitentia

139 3243 322 3279 remissam
351 3244 516 3280 iniuriam
545 3255 618 3279 non
646 3244 778 3290 poterit
807 3245 977 3282 recolere.
1025 3245 1222 3281 secundum

140 3288 230 3323 haec
267 3299 350 3334 ergo
398 3289 559 3335 aequitas
604 3289 754 3325 actionis
799 3301 936 3326 omnem
975 3294 1108 3326 metum
1143 3290 1220 3326 eius

140 3332 283 3368 abolere
305 3333 459 3376 videtur,
492 3334 706 3379 ubicumque
729 3338 854 3370 contra
883 3345 1035 3382 aequum
1059 3335 1136 3380 quis
1160 3345 1220 3371 ve-

140 3378 204 3429 nit.
250 3379 398 3423 proinde
430 3384 466 3415 et
494 3381 524 3415 si
553 3383 702 3433 pactum
733 3379 777 3415 de
808 3379 937 3416 iniuria
959 3380 1162 3416 intercessit
1186 3383 1222 3415 et

104 3430 106 3432 ’
141 3432 172 3458 si
194 3425 416 3459 transactum
440 3428 476 3459 et
499 3425 530 3461 si
551 3423 798 3460 iusiurandum
821 3429 986 3461 exactum
1009 3426 1092 3469 erit,
1126 3425 1219 3461 actio

142 3469 162 3502 2
208 3468 417 3504 iniuriarum
445 3480 519 3505 non
548 3469 695 3505 tenebit.
750 3470 865 3515 Agere
895 3471 973 3515 quis
1013 3471 1222 3506 iniuriarum

141 3515 177 3547 et
196 3523 261 3558 per
284 3523 323 3548 se
340 3517 377 3549 et
397 3524 463 3559 per
480 3515 588 3550 alium
610 3517 740 3560 potest,
765 3519 805 3550 ut
821 3519 910 3560 puta
926 3516 1222 3561 procuratorem⁹

139 3629 179 3669 (1)
203 3628 300 3670 pacto
312 3627 392 3660 Hal.
486 3630 528 3670 (2)
554 3628 597 3671 et]
611 3630 650 3661 ut
662 3628 691 3661 S
780 3628 836 3670 (Υ)
860 3637 937 3659 110111
946 3627 1064 3670 populi
1076 3628 1218 3661 Romani

140 3685 202 3705 scr.
271 3673 316 3714 (3)
341 3673 456 3707 sitim.
470 3673 544 3706 edd.
613 3675 659 3716 (4)
681 3671 888 3706 illatumulos
901 3673 962 3715 ΡΙ,
973 3671 1106 3706 illatum
1119 3683 1154 3706 os
1166 3672 1218 3705 F2

140 3717 183 3759 (5)
209 3718 256 3750 ad
276 3722 292 3756 9
307 3724 324 3751 2
345 3718 386 3761 cs.
400 3718 479 3751 1πεί.
493 3719 525 3759 4,
537 3726 565 3760 4,
578 3726 595 3752 9
687 3719 733 3760 (6)
757 3717 806 3751 rei
821 3718 856 3751 F
939 3718 982 3759 (τ)
1005 3720 1137 3750 tantum
1157 3719 1218 3751 ins.

142 3764 186 3802 10)
213 3763 259 3796 ad
270 3775 324 3806 pr.
341 3767 356 3802 ς
372 3770 385 3797 1
404 3764 446 3806 cf.
459 3763 541 3798 Inst.
554 3765 586 3803 4,
599 3771 626 3804 4,
638 3771 677 3797 ιι.
691 3770 724 3796 12
818 3764 860 3803 (9)
885 3772 945 3805 per
961 3765 1147 3796 curatorem
1168 3762 1219 3795 κἼ2

1209 135 1287 183 781

2035 142 2286 185 XXXXVII
2322 147 2369 185 10

1290 263 1444 296 tutorem
1468 262 1693 304 ceterosque,
1726 262 1785 306 qui
1809 274 1873 307 pro
1904 263 1982 299 aliis
2006 264 2123 300 solent
2145 265 2368 302 intervenire.

1291 310 1310 340 3
1358 306 1397 341 Si
1419 305 1590 341 mandatu
1612 315 1690 341 meo
1714 306 1812 342 facta
1836 308 1882 343 sit
1906 309 2012 344 alicui
2035 310 2180 353 iniuria,
2210 312 2371 357 plerique

1289 351 1405 405 aiunt·
1420 354 1495 404 tam
1525 359 1582 385 me
1613 350 1675 394 qui
1694 352 1865 402 ⁸mandavi
1891 365 1995 398 quam
2019 365 2099 390 eum
2123 356 2184 401 qui
2215 357 2372 402 suscepit

1291 400 1311 431 4
1356 397 1568 432 imur-iarum
1590 398 1713 430 teneri.
1761 397 1935 435 Proculus
1966 403 2063 435 recte
2087 401 2155 444 ait,
2188 401 2218 436 si
2241 402 2278 436 in
2302 402 2371 437 hoc

1290 446 1326 476 te
1365 441 1612 483 conduxerim,
1654 444 1694 475 ut
1732 440 1896 477 iniuriam
1933 444 2065 487 facias,
2107 456 2187 481 cum
2219 450 2370 491 utroque

1290 490 1452 522 nostrum
1474 485 1684 521 iniuriarum
1708 486 1764 530 agi
1787 497 1909 531 posse,
1934 490 2015 534 quia
2039 500 2118 525 mea
2141 501 2250 536 opera
2272 491 2371 527 facta

1291 535 1309 566 5
1358 531 1405 567 sit
1433 531 1582 566 iniuria:
1628 530 1796 575 Idemque
1827 533 1878 566 ait
1907 537 1943 568 et
1966 534 1997 569 si
2026 535 2099 570 filio
2123 546 2199 571 meo
2224 537 2369 571 manda-

1291 581 1310 612 6
1358 587 1453 619 vero,
1478 580 1519 611 ut
1538 575 1604 611 tibi
1626 575 1790 610 iniuriam
1814 576 1934 612 faciat.
1970 580 2158 615 Atilicinus
2179 585 2295 616 autem
2321 582 2371 616 ait

1290 626 1326 657 et
1349 622 1379 657 si
1402 621 1641 667 persuaserim
1665 621 1770 656 alicui
1795 622 1883 657 alias
1907 623 2051 666 nolenti,
2076 629 2116 659 ut
2138 626 2222 660 mihi
2247 626 2293 661 ad
2315 627 2368 661 in-

1290 667 1418 702 iuriam
1441 666 1642 702 faciendam
1660 666 1854 710 oboediret,
1879 678 1984 711 posse
2003 669 2209 705 iniuriarum
2233 682 2370 707 mecum

1291 716 1308 746 7
1358 713 1426 757 agi.
1485 712 1707 756 Quamquam
1737 711 1906 748 adversus
1937 718 2127 757 patronum
2157 716 2284 752 liberto
2315 717 2370 752 in-

1291 757 1464 792 iuriarum
1488 757 1582 792 actio
1606 767 1679 792 non
1702 755 1816 798 detur,
1840 768 1961 793 verum
1985 759 2110 795 marito
2135 760 2283 796 libertae
2307 772 2370 796 no·

1290 803 1383 838 mine
1418 813 1500 837 cum
1541 805 1695 846 patrono
1737 801 1831 837 actio
1872 804 2055 847 competit:
2098 806 2245 841 maritus
2278 806 2370 842 enim

1291 858 1403 883 uxore
1434 858 1502 883 sua
1531 847 1697 882 iniuriam
1735 857 1844 891 passa
1881 857 1946 883 suo
1986 849 2125 884 nomine
2162 850 2370 886 iniuriarum

1290 903 1395 938 agere
1413 893 1563 928 videtur.
1596 891 1692 937 quod
1711 896 1748 927 et
1758 892 1952 928 Marcellus
1973 893 2136 929 admittit.
2170 906 2231 940 ego
2252 900 2370 931 autem

1290 938 1387 984 apud
1418 949 1497 974 eum
1527 937 1647 972 notavi
1680 948 1753 972 11011
1782 937 1825 972 (10
1850 938 1945 972 0111111
1967 938 2096 974 iniuria
2126 940 2195 975 hoc
2218 951 2295 976 esse
2319 942 2368 976 di-

1291 984 1442 1019 cendum
1474 993 1530 1018 me
1561 986 1706 1027 putare:
1744 982 1830 1018 levis
1869 983 1963 1018 enim
1998 984 2165 1020 coercitio
2198 986 2304 1021 etiam
2335 987 2370 1021 in

1291 1033 1437 1074 nuptam
1469 1028 1524 1063 vel
1556 1028 1694 1063 convici
1717 1038 1788 1063 non
1817 1028 1976 1073 inpudici
2001 1028 2107 1064 dictio
2133 1040 2197 1065 cur
2219 1035 2370 1075 patrono

1291 1074 1506 1119 denegetur?
1554 1073 1584 1108 si
1608 1077 1727 1108 autem
1752 1073 1948 1108 conliberto
1972 1077 2086 1118 nupta
2109 1079 2212 1119 esset,
2239 1076 2369 1111 dicere-

1289 1130 1368 1155 mus
1401 1119 1544 1154 omnino
1576 1118 1787 1153 iniuriarum
1821 1119 1948 1154 marito
1982 1119 2153 1155 adversus
2184 1124 2371 1165 patronum

1291 1175 1434 1200 cessare
1463 1164 1657 1206 actionem,
1691 1167 1726 1198 et
1755 1163 1806 1198 ita
1828 1164 1931 1198 multi
1963 1164 2130 1199 sentiunt.
2179 1176 2223 1200 ex
2246 1166 2372 1210 quibus

1291 1213 1442 1255 apparet
1463 1210 1611 1246 libertos
1635 1212 1777 1244 nostros
1801 1219 1874 1244 non
1894 1212 2033 1244 tantum
2057 1220 2116 1245 eas
2140 1210 2288 1246 iniurias
2311 1211 2373 1246 ad-

1289 1265 1413 1291 versus
1445 1265 1511 1290 nos
1542 1254 1751 1290 iniuriarum
1789 1254 1929 1290 actione
1961 1254 2126 1300 exequi¹⁰
2156 1267 2228 1291 non
2257 1267 2372 1301 posse,

1291 1310 1536 1346 quaecumque
1556 1299 1647 1334 fiunt
1669 1299 1768 1345 ipsis,
1794 1299 1857 1335 sed
1879 1310 1925 1335 ne
1948 1310 2009 1335 eas
2034 1300 2185 1345 quidem,
2210 1311 2301 1345 quae
2324 1302 2374 1336 eis

1292 1349 1311 1381 8
1357 1345 1459 1388 fiunt,
1503 1355 1569 1380 uos
1582 1355 1705 1380 eorum
1722 1345 1869 1380 interest
1884 1345 2049 1380 iniuriam
2068 1356 2140 1381 non
2152 1347 2238 1391 pati.
2263 1347 2375 1381 Plane

1290 1392 1320 1427 si
1351 1391 1444 1427 forte
1499 1391 1566 1426 lius
1598 1390 1717 1425 liberti
1749 1390 1803 1426 vel
1827 1401 1919 1425 uxor
1941 1390 2051 1425 velint
2080 1391 2287 1426 iniuriarum
2313 1402 2375 1426 ex-

1289 1436 1413 1482 periri:
1448 1436 1531 1481 quia
1559 1435 1655 1481 patri
1686 1435 1858 1470 maritove
1881 1446 1953 1472 non
1978 1436 2099 1478 datur,
2132 1436 2220 1471 dene
2245 1437 2372 1471 andum

1291 1486 1310 1516 9
1358 1492 1431 1517 non
1455 1481 1542 1523 erit,
1568 1481 1652 1526 quia
1675 1491 1741 1516 suo
1766 1481 1908 1516 nomine
1933 1481 2173 1526 experiuntur.
2256 1483 2283 1524 i,
2316 1482 2374 1526 qui

1291 1538 1413 1563 servus
1438 1527 1569 1562 dicitur
1587 1536 1696 1571 seque
1720 1525 1854 1561 adserit
1876 1526 1911 1561 in
1931 1526 2142 1569 libertatem,
2166 1526 2374 1562 iniuriarum

1291 1572 1467 1608 actionem
1497 1571 1668 1607 adversus
1699 1571 1874 1606 dicentem
1904 1581 1942 1606 se
1973 1571 2152 1607 dominum
2177 1576 2376 1618 competere

1290 1618 1389 1653 nulla
1413 1617 1589 1653 dubitatio
1613 1620 1678 1652 est.
1720 1620 1756 1651 et
1779 1617 1848 1652 11οο
1872 1627 1994 1652 verum
2017 1620 2083 1660 est,
2107 1618 2180 1653 sive
2205 1628 2248 1653 ex
2267 1618 2370 1654 liber-

1290 1667 1364 1698 tate
1387 1663 1425 1698 in
1450 1662 1655 1698 servitutem
1677 1665 1823 1707 petatur
1846 1661 1920 1698 sive
1944 1673 1989 1697 ex
2013 1662 2180 1698 servitute
2208 1663 2246 1698 in
2267 1663 2373 1698 liber-

1290 1712 1401 1744 tatem
1425 1708 1636 1753 proclamet:
1661 1718 1743 1742 nam
1767 1707 1836 1742 hoc
1859 1708 1937 1742 iure
1959 1707 2163 1743 indistincte
2186 1707 2328 1744 utimur.

1340 1751 1390 1790 12
1425 1753 1549 1790 GAms
1585 1753 1675 1789 libro
1713 1753 1904 1788 vicensimo
1942 1753 2099 1788 secundo
2138 1754 2188 1788 ad
2222 1754 2375 1790 edictum

1286 1798 1513 1845 provinciale
1559 1797 1597 1833 Si
1631 1798 1710 1843 quis
1734 1797 1779 1832 de
1801 1797 1966 1833 libertate
1989 1798 2144 1843 aliquem
2165 1798 2203 1834 in
2227 1799 2374 1835 servitu-

1288 1848 1359 1880 tem
1382 1847 1495 1897 petat,
1520 1853 1622 1888 quem
1642 1843 1734 1879 sciat
1752 1842 1903 1878 liberum
1924 1853 2012 1886 esse,
2036 1854 2151 1889 neque
2169 1844 2206 1879 id
2227 1848 2376 1890 propter

1290 1889 1512 1931 evictionem,
1538 1892 1579 1923 ut
1602 1899 1681 1924 eam
1704 1888 1772 1924 sibi
1797 1892 1992 1930 conservet,
2018 1888 2142 1924 faciat:
2167 1889 2375 1924 iniuriarum

1289 1935 1431 1970 actione
1454 1937 1607 1970 tenetur.

1339 1978 1388 2017 13
1422 1979 1616 2015 Urmivos
1654 1978 1744 2014 libro
1785 1979 2110 2025 quinquaqensimo
2146 1980 2296 2026 septimo
2327 1980 2377 2015 ad

1290 2025 1444 2061 edictum
1498 2024 1714 2059 Iniuriarum
1751 2023 1845 2059 actio
1884 2034 2000 2069 neque
2034 2024 2156 2060 heredi
2191 2035 2305 2070 neque
2337 2025 2376 2060 in

1289 2070 1455 2105 heredem
1480 2069 1596 2104 datur.
1643 2069 1737 2104 idem
1761 2072 1816 2105 est
1839 2072 1875 2104 et
1899 2070 1929 2104 si
1951 2070 1989 2104 in
2021 2080 2159 2105 servum
2182 2080 2298 2105 meum
2321 2070 2374 2104 in-

1288 2115 1382 2151 iuria
1403 2115 1503 2150 facta
1526 2114 1589 2151 sit:
1622 2125 1707 2149 nam
1735 2124 1802 2150 nec
1831 2114 1889 2150 1110
1913 2114 2036 2150 heredi
2059 2125 2137 2151 meo
2168 2115 2375 2150 iniuriarum

1290 2161 1384 2196 actio
1409 2160 1526 2196 datur.
1561 2160 1671 2195 semel
1695 2163 1815 2195 autem
1837 2159 1898 2196 lite
1923 2163 2123 2195 contestata
2146 2160 2240 2195 lianc
2263 2161 2374 2196 actio-

1293 2210 1308 2241 1
1357 2216 1439 2241 nem
1463 2205 1570 2241 etiam
1593 2205 1639 2240 ad
1663 2215 1888 2241 successores
1913 2205 2100 2250 pertinere.
2143 2205 2190 2247 Is,
2216 2205 2276 2250 qui
2297 2206 2375 2241 iure

1315 2251 1434 2287 ublico
1459 2251 1587 2294 utitur,
1623 2261 1696 2285 non
1719 2250 1860 2286 videtur
1882 2250 2031 2286 iniuriae
2054 2250 2241 2286 faciendae
2265 2261 2375 2286 causa

1318 2307 1361 2332 00
1383 2296 1523 2331 facere:
1555 2295 1642 2331 iuris
1667 2295 1760 2331 enim
1784 2296 1946 2331 executio
1973 2307 2046 2331 non
2069 2296 2178 2332 habet
2199 2296 2373 2331 iniuriam.

1291 2346 1310 2377 2
1359 2341 1398 2378 Si
1421 2342 1510 2387 quis,
1536 2341 1631 2386 quod
1655 2341 1797 2377 decreto
1821 2341 1996 2386 praetoris
2015 2352 2087 2377 non
2108 2341 2373 2386 obtemperavit,

1291 2387 1419 2422 ductus
1443 2387 1500 2430 sit,
1524 2397 1598 2422 non
1621 2389 1675 2421 est
1697 2386 1735 2421 in
1759 2384 1803 2422 ea
1827 2396 1948 2428 causa,
1984 2390 2026 2421 ut
2048 2390 2131 2431 agat
2153 2386 2373 2430 iniuriarum,

1291 2436 1310 2467 3
1357 2435 1505 2478 propter
1534 2431 1711 2477 praetoris
1742 2435 1986 2477 praeceptum.
2043 2431 2081 2467 Si
2110 2432 2189 2477 quis
2225 2442 2290 2477 per
2319 2432 2372 2466 in-

1289 2478 1418 2513 iuriam
1438 2477 1484 2512 ad
1504 2477 1663 2511 tribunal
1684 2476 1836 2512 alicuius
1855 2487 1911 2511 me
1929 2476 2206 2522 interpellaverit
2225 2477 2372 2512 vexandi

1289 2527 1310 2558 4
1357 2523 1426 2558 mei
1446 2532 1568 2564 causa,
1591 2526 1717 2567 potero
1736 2521 1948 2556 iniuriarum
1967 2522 2130 2567 experiri.
2167 2522 2204 2556 Si
2227 2522 2304 2567 quis
2330 2522 2373 2556 de

1289 2568 1483 2604 honoribus
1508 2566 1739 2603 decernendis
1752 2568 1778 2589 ¹¹
1808 2566 1960 2602 alicuius
1983 2577 2112 2612 passus
2141 2577 2213 2602 non
2243 2567 2289 2602 sit
2313 2567 2373 2602 de-

1290 2613 1388 2649 cerni
1418 2617 1460 2648 ut
1488 2616 1577 2658 puta
1607 2611 1796 2657 imaginem
1826 2612 1935 2648 alicui
1963 2612 2019 2648 vel
2050 2612 2134 2658 quid
2165 2612 2263 2647 aliud
2284 2613 2371 2647 tale:

1289 2669 1335 2694 011
1364 2658 1573 2693 iniuriarum
1605 2658 1796 2693 teneatur?
1842 2661 1878 2693 et
1914 2658 1965 2692 ait
1992 2657 2115 2693 Labeo
2147 2668 2219 2693 non
2249 2657 2372 2699 teneri,

1289 2704 1444 2749 quamvis
1473 2703 1543 2738 hoc
1576 2702 1813 2739 contumeliae
1837 2713 1948 2738 causa
1970 2702 2094 2738 faciet:
2132 2702 2260 2738 etenim
2282 2703 2371 2737 mul-

1288 2753 1364 2784 tum
1387 2749 1553 2791 interest,
1578 2748 1710 2800 inquit,
1741 2748 1975 2783 contumeliae
2001 2758 2110 2784 causa
2133 2747 2218 2793 quid
2239 2747 2302 2782 fiat
2326 2758 2373 2782 an

1287 2805 1371 2830 vero
1402 2793 1480 2830 fieri
1511 2793 1597 2839 quid
1622 2804 1659 2828 111
1683 2794 1855 2829 bonorem
1880 2793 2029 2828 alicuius
2062 2793 2140 2837 quis
2163 2803 2235 2828 non
2258 2792 2372 2838 patia-

1290 2844 1309 2874 5
1356 2842 1417 2874 tur
1429 2840 1468 2874 ¹².
1503 2839 1602 2874 Idem
1621 2838 1743 2874 Labeo
1768 2838 1903 2881 scribit,
1927 2838 1974 2880 si,
2001 2848 2081 2873 cum
2104 2838 2211 2873 alium
2235 2838 2370 2873 contin-

1288 2888 1387 2930 geret
1409 2884 1556 2929 legatio‚
1589 2883 1651 2919 alii
1682 2884 1752 2919 hoc
1783 2894 1873 2919 onus
1903 2883 2063 2918 duumvir
2085 2883 2267 2925 indixerit,
2299 2893 2371 2917 non

1287 2940 1395 2975 posse
1430 2929 1488 2974 agi
1517 2929 1727 2964 iniuriarum
1757 2929 1803 2964 ob
1832 2928 1992 2964 laborem
2022 2928 2235 2963 iniunctum:
2274 2927 2370 2961 aliud

1288 2975 1382 3010 enim
1413 2985 1491 3010 esse
1521 2975 1682 3009 laborem
1705 2973 1899 3018 iniungere,
1933 2973 2029 3008 aliud
2051 2973 2215 3007 iniuriam
2239 2971 2368 3007 facere.

1287 3020 1382 3055 idem
1406 3030 1488 3065 ergo
1514 3020 1580 3055 erit
1602 3019 1826 3063 probandum
1838 3019 1867 3040 ¹³
1898 3022 1933 3054 et
1955 3019 1992 3053 in
2017 3018 2141 3053 ceteris
2165 3017 2370 3052 muneribus

1289 3069 1396 3110 atque
1435 3065 1650 3105 honoribus,
1696 3074 1787 3116 quae
1826 3073 1891 3109 per
1928 3063 2092 3098 iniuriam
2127 3062 2367 3106 iniunguntur.

1289 3120 1372 3154 ergo
1402 3110 1433 3145 si
1462 3110 1541 3154 quis
1572 3119 1637 3154 per
1665 3109 1830 3144 iniuriam
1860 3109 2068 3144 sententiam
2099 3106 2245 3158 digerit,
2276 3106 2370 3158 idem

1289 3159 1309 3190 6
1356 3155 1425 3190 erit
1454 3154 1688 3200 probandum.
1745 3154 1843 3198 Quae
1876 3154 1954 3188 iure
1988 3155 2174 3197 potestatis
2206 3161 2232 3203 a·
2259 3161 2368 3195 magi-

1289 3204 1404 3235 stratu
1426 3199 1529 3242 fiunt,
1553 3199 1600 3234 ad
1621 3199 1832 3234 iniuriarum
1855 3198 2032 3233 actionem
2051 3197 2367 3248 nonpertinentffl.

1290 3249 1306 3279 7
1357 3244 1394 3280 Si
1427 3244 1505 3289 quis
1534 3254 1590 3279 me
1620 3244 1809 3289 prohibeat
1832 3244 1868 3278 in
1892 3243 1980 3277 mari
2007 3242 2139 3286 piscari
2162 3241 2217 3275 vel
2239 3249 2369 3275 everri-

1289 3290 1410 3326 culum
1432 3289 1543 3334 (quod
1560 3290 1697 3325 Graece
1722 3287 1856 3335 σαγήνῃ
1871 3289 1896 3309 ¹⁴
1922 3285 2223 3338 ‹licitum-ducere,
2248 3295 2295 3319 an
2313 3285 2367 3337 in:

1288 3334 1461 3370 iuriarum
1489 3333 1621 3370 iudicio
1650 3335 1784 3380 possim
1818 3344 1898 3369 eum
1937 3331 2147 3367 convenire?
2193 3334 2277 3365 sunt
2309 3341 2369 3374 qui

1288 3383 1415 3425 putent
1436 3379 1646 3415 iniuriarum
1670 3389 1725 3415 me
1748 3388 1854 3432 posse
1878 3386 1998 3421 agere:
2024 3379 2059 3410 et
2081 3374 2367 3454 iia.P⁰mg<!1¹iu⁸

1289 3428 1325 3460 et
1346 3424 1507 3470 plerique
1530 3434 1609 3460 esse
1631 3425 1715 3460 huic
1739 3424 1885 3460 similem
1911 3431 2006 3463 eum,
2044 3431 2103 3465 qui
2126 3430 2164 3471 in
2186 3430 2234 3464 pu
2261 3420 2369 3471 licum

1288 3470 1409 3505 lavare
1442 3470 1496 3505 vel
1525 3469 1564 3505 in
1594 3480 1701 3505 cavea
1732 3468 1875 3514 publica
1907 3465 2029 3501 sedere
2059 3465 2114 3516 vel
2136 3475 2173 3499 m
2203 3475 2272 3509 quo
2297 3464 2368 3517 0110

1288 3515 1369 3550 1000
1399 3525 1504 3559 agere
1535 3515 1659 3550 sedere
1694 3511 1895 3550 conversari
1926 3521 1997 3546 non
2032 3513 2207 3554 patiatur,
2242 3512 2307 3544 aut
2337 3519 2368 3544 01

1288 3629 1347 3668 (ιο)
1372 3627 1649 3668 actionexequiF
1732 3628 1785 3666 (11)
1811 3623 2022 3656 decernendis
2035 3623 2094 3655 del.
2184 3622 2241 3664 (12)
2266 3623 2366 3654 verba

1289 3677 1305 3711 ς·
1322 3680 1337 3705 5
1352 3685 1379 3705 υ.
1395 3679 1410 3706 7
1430 3682 1508 3714 ergo
1525 3671 1553 3704 si
1572 3671 1645 3713 quis
1726 3674 1741 3708 §
1758 3676 1774 3702 6
1785 3669 1849 3709 fin.
1863 3668 2032 3711 pertinent
2044 3666 2166 3701 colloca
2178 3674 2254 3709 post
2260 3668 2364 3707 finem

1289 3721 1304 3755 ,ε
1322 3725 1336 3750 4
1350 3717 1500 3760 patiatur
1590 3717 1647 3757 (13)
1672 3713 1878 3757 probendum
1891 3714 1926 3745 F
2008 3713 2066 3755 (14)
2091 3723 2250 3756 σαγηνην
2266 3712 2302 3744 F
