2528 3918
185 124 239 166 V1
275 125 350 166 1.2
1262 119 1336 169 94.

185 250 198 280 ι
249 255 401 290 aequum
425 247 489 280 est.
537 243 731 287 Ancillam,
755 253 847 290 quae
869 254 942 280 non
966 244 1002 279 in
1026 244 1143 279 dotem
1167 243 1263 284 data,

181 290 244 326 sed
266 290 302 325 in
325 289 503 335 peculium
526 289 620 325 filiae
640 299 813 326 concessa
830 292 895 332 est,
919 289 1059 335 peculio
1081 289 1174 324 filiae
1193 299 1265 324 non

182 336 296 381 legato
318 334 530 379 mancipium
542 333 795 370 hereditarium
808 345 886 370 esse
898 334 1071 370 convenit.
1098 334 1127 368 si
1147 338 1265 368 tamen

206 385 283 416 ater
306 380 398 415 dotis
423 389 466 414 ac
489 378 619 424 peculii
651 379 950 425 contemplatione
980 378 1088 414 filiam
1119 378 1263 414 exhere-

206 425 280 461 avit
309 428 345 460 et
375 434 419 459 ea
448 424 587 460 ratione
619 424 758 460 reddita
780 425 867 461 nihil
892 425 924 460 ei
946 427 1158 459 testamento
1183 423 1263 458 reli-

182 470 258 516 quit
280 474 343 505 aut
374 479 415 505 eo
447 469 563 505 minus
596 468 746 515 legavit,
777 469 886 505 filiam
918 468 1076 504 defensio
1109 468 1265 504 tuebitur

180 514 383 551 voluntatis.

226 557 279 598 66
304 558 360 595 ΡΑ
368 568 463 595 πῶς
483 558 575 595 libro
596 559 754 596 secundo
779 559 1026 606 quaestionum
1073 558 1154 594 Non
1186 557 1264 593 ideo

181 605 295 641 minus
316 608 416 640 recte
446 603 530 650 quid
559 608 721 640 nostrum
753 615 832 640 esse
863 603 1138 646 vindicabimus,
1170 603 1266 648 quod

181 650 278 686 abire
300 660 324 685 a
346 649 449 686 nobis
474 649 667 686 dominium
690 654 871 696 speratur,
903 649 934 684 si
965 648 1126 684 condicio
1159 648 1266 693 legati

179 695 234 731 vel
256 694 432 731 libertatis
456 695 622 731 extiterit.

226 738 279 778 67
305 739 509 776 Son-vom
532 740 624 776 libro
641 741 765 787 primo
788 749 1043 786 responsorum
1090 738 1123 773 A
1146 741 1265 773 tutore

179 797 228 838 pu
252 785 303 821 illi
334 784 478 821 domum
499 789 678 821 mercatus
703 785 749 820 ad
773 785 848 820 eius
871 783 1101 819 refectionem
1123 782 1266 819 fabrum

179 843 215 866 in
241 830 336 866 uxit:
360 830 391 866 is
410 830 599 876 pecuniam
618 830 768 866 invenit:
795 829 977 875 quaeritur
996 828 1042 864 ad
1062 838 1165 874 quem
1183 838 1265 874 per-

179 876 302 911 tineat.
334 875 513 922 respondi,
538 875 569 911 si
592 886 664 911 non
687 874 869 910 thensauri
891 874 1047 916 fuerunt,
1072 873 1135 909 sed
1155 884 1265 919 pecu-

179 921 240 957 nia
272 920 367 957 forte
395 921 536 967 perdita
566 921 622 956 vel
654 931 717 966 per
748 930 904 955 errorem
935 919 981 954 ab
1014 928 1055 955 eo
1091 919 1137 955 ad
1161 929 1266 964 quem

179 966 382 1012 pertinebat
412 977 486 1002 non
516 966 655 1008 ablata,
691 965 800 1001 nihilo
834 965 950 999 minus
975 964 1049 1000 eius
1074 974 1152 1000 eam
1177 975 1264 1007 esse,

180 1012 283 1048 cuius
306 1011 435 1047 fuerat.

225 1054 279 1095 68
299 1056 494 1093 prmzws
509 1056 600 1092 libro
621 1055 943 1108 quinquaqensimo
957 1054 1082 1101 primo
1102 1054 1153 1090 ad
1171 1054 1265 1091 edic-

180 1105 254 1137 tum
301 1101 370 1146 Qui
400 1101 587 1137 restituere
619 1111 738 1136 iussus
762 1100 871 1135 iudici
896 1111 967 1135 non
990 1103 1094 1145 paret
1117 1103 1265 1135 conten-

179 1147 268 1183 dens
299 1157 372 1183 non
403 1156 509 1192 posse
538 1146 742 1188 restituere,
778 1145 809 1180 si
843 1145 985 1190 quidem
1015 1145 1149 1180 habeat
1178 1155 1264 1187 rem,

180 1203 288 1228 manu
321 1192 463 1227 militari
495 1190 613 1226 officio
646 1191 774 1226 iudicis
807 1190 852 1225 ab
877 1201 919 1226 eo
943 1190 1122 1236 possessio
1147 1193 1264 1226 trans-

181 1237 295 1273 fertur
308 1242 344 1273 et
363 1237 545 1272 fructuum
565 1236 750 1271 dumtaxat
770 1236 953 1281 omnisque
973 1246 1104 1271 causae
1124 1235 1266 1271 nomine

180 1282 425 1318 condemnatio
457 1281 508 1316 fit.
553 1281 583 1316 si
613 1291 695 1316 vero
731 1292 803 1316 non
837 1284 958 1326 potest
991 1280 1195 1324 restituere,
1235 1281 1266 1316 si

179 1327 321 1373 quidem
345 1327 425 1363 dolo
449 1326 535 1362 fecit
558 1336 627 1371 quo
652 1326 767 1361 minus
791 1326 917 1372 possit,
940 1326 981 1368 is,
1007 1330 1180 1379 quantum
1201 1325 1265 1361 ad-

179 1372 357 1409 versarius
391 1372 428 1407 in
463 1372 560 1406 litem
595 1371 670 1406 sine
703 1371 776 1406 ulla
807 1371 992 1406 taxatione
1023 1382 1060 1406 111
1089 1371 1267 1406 infinitum

179 1418 363 1460 iuraverit,
394 1415 617 1452 damnandus
649 1420 711 1451 est.
756 1416 786 1451 si
815 1427 898 1452 vero
931 1426 998 1452 nec
1021 1419 1140 1462 potest
1162 1417 1265 1452 resti-

182 1467 279 1498 tuere
301 1473 367 1498 nec
399 1462 480 1497 dolo
512 1461 598 1496 fecit
629 1472 699 1513 quo
735 1462 851 1497 minus
884 1462 1016 1507 possit,
1048 1472 1121 1497 non
1153 1461 1266 1514 pluris

203 1518 285 1543 uam
309 1507 431 1553 quanti
453 1517 510 1542 res
534 1510 609 1548 est,
641 1506 678 1541 ld
715 1510 770 1542 est
793 1507 917 1555 quanti
941 1506 1134 1542 adversarii
1156 1510 1265 1542 inter-

179 1520 267 1595 ?uit,
292 1551 580 1588 condemnandus
604 1555 667 1587 est.
705 1551 794 1587 haec
817 1552 994 1587 sententia
1014 1551 1188 1597 generalis
1213 1555 1268 1587 est

179 1603 215 1634 et
237 1597 284 1633 ad
307 1597 425 1633 omnia
448 1597 520 1632 sive
542 1596 744 1639 interdicta,
769 1597 843 1632 sive
862 1597 1022 1633 actiones
1041 1597 1078 1632 in
1098 1607 1174 1632 rem
1195 1597 1268 1633 sive

178 1643 215 1678 in
238 1653 427 1688 personam
450 1645 551 1684 sunt,
584 1651 628 1676 ex
664 1642 792 1687 quibus
823 1642 1000 1678 arbitratu
1030 1642 1157 1678 iudicis
1182 1642 1267 1688 quid

178 1688 388 1731 restituitur,
412 1687 531 1723 locum
554 1687 674 1723 habet.

224 1730 278 1771 69
310 1732 367 1768 ΡΑ
375 1742 470 1768 vaus
497 1732 588 1768 libro
624 1733 728 1768 tertio
760 1732 896 1768 decimo
930 1732 980 1768 ad
1010 1731 1183 1768 Sabinum
1231 1733 1267 1768 Is

178 1779 239 1825 qui
270 1778 353 1814 dolo
377 1777 464 1813 fecit
487 1788 557 1823 quo
582 1777 698 1813 minus
721 1777 920 1823 possideret
942 1778 1012 1813 hoc
1037 1787 1178 1823 quoque
1202 1788 1265 1814 no-

178 1824 272 1859 mine
294 1823 450 1869 punitur,
475 1822 571 1868 quod
593 1826 697 1858 actor
721 1833 846 1858 cavere
869 1823 902 1858 ei
925 1833 999 1858 non
1023 1822 1130 1858 debet
1153 1823 1264 1859 actio-

179 1879 240 1905 nes
273 1879 363 1914 quas
383 1868 457 1904 eius
476 1868 528 1903 rei
546 1868 688 1903 nomine
711 1868 853 1911 habeat,
877 1878 916 1904 se
936 1868 968 1904 ei
987 1872 1264 1913 praestaturum.

253 1913 278 1952 0
303 1913 532 1951 POMPONIUS
560 1912 651 1949 libro
683 1914 874 1949 vicensimo
898 1924 994 1949 nono
1019 1913 1068 1949 ad
1091 1912 1265 1949 Sabinum

178 1960 255 1996 Nec
288 1959 391 2005 quasi
413 1958 659 1994 Publicianam
683 1958 823 2004 quidem
847 1958 1023 1994 actionem
1047 1958 1079 1994 ei
1112 1958 1266 1994 dandam

179 2005 324 2058 placuit,
349 2014 394 2039 ne
416 2003 454 2039 in
477 2007 656 2049 potestate
680 2003 851 2049 cuiusque
875 2003 922 2039 sit
944 2014 1009 2050 per
1032 2004 1195 2049 rapinam
1219 2005 1264 2039 ab

179 2050 287 2086 invito
312 2049 453 2085 domino
477 2059 551 2084 rem
574 2049 668 2084 iusto
693 2049 807 2094 pretio
832 2059 1049 2094 comparare.

226 2093 275 2132 71
303 2094 360 2130 ΡΑ
368 2104 463 2130 orvs
482 2094 572 2130 libro
597 2094 701 2130 tertio
725 2094 861 2130 decimo
885 2095 935 2130 ad
953 2093 1127 2130 Sabinum
1162 2095 1266 2140 Quod

180 2142 210 2177 si
258 2150 419 2177 ossessor
442 2139 581 2185 quidem
605 2138 686 2174 dolo
710 2139 807 2182 fecit,
832 2143 933 2175 actor
954 2150 1036 2175 vero
1057 2140 1175 2176 iurare
1193 2151 1266 2176 non

238 2191 264 2229 t,
289 2185 353 2221 sed
375 2185 499 2230 quanti
522 2194 579 2220 res
603 2185 650 2220 sit
673 2184 916 2220 adversarium
940 2185 1168 2221 condemnari
1191 2195 1264 2221 ma-

181 2232 228 2267 lui
280 2241 357 2266 mos
382 2230 414 2266 ei
436 2229 610 2275 gerendus
634 2233 698 2265 est.

254 2274 280 2313 2
311 2275 505 2312 Urpzfflos
533 2275 624 2311 libro
655 2278 762 2311 sexto
794 2275 931 2311 decimo
955 2275 1006 2310 ad
1027 2275 1181 2311 edictum
1228 2275 1266 2311 Si

180 2333 202 2357 a
225 2321 319 2357 Titio
342 2320 492 2356 fundum
516 2320 641 2355 emeris
665 2319 865 2365 Sempronii
889 2324 924 2355 et
946 2320 1012 2355 tibi
1034 2320 1187 2356 traditus
1220 2321 1266 2356 sit

179 2367 292 2413 pretio
317 2366 446 2407 soluto,
471 2365 598 2401 deinde
618 2365 734 2401 Titius
755 2365 837 2401 Sem
862 2365 963 2401 ronio
983 2365 1086 2401 heres
1111 2366 1266 2401 extiterit

180 2416 216 2448 et
239 2411 389 2449 eundem
412 2411 473 2446 alii
495 2409 690 2447 vendiderit
713 2414 750 2446 et
779 2414 836 2446 tra
861 2410 983 2452 iderit,
1015 2411 1164 2456 aequius
1200 2415 1264 2454 est,

180 2462 220 2493 ιιι
248 2461 288 2493 ιιι
318 2456 437 2502 potior
466 2456 525 2491 sis.
562 2466 645 2491 nam
677 2459 713 2491 et
745 2455 775 2491 si
805 2456 883 2501 ipse
906 2455 1067 2491 venditor
1089 2467 1168 2492 eam
1191 2466 1266 2491 rem

182 2514 204 2538 a
227 2506 263 2538 te
286 2505 441 2547 peteret,
467 2501 675 2547 exceptione
698 2511 779 2537 eum
803 2511 1052 2537 summoveres.
1090 2501 1154 2537 sed
1177 2505 1213 2537 et
1235 2502 1266 2537 si

180 2548 191 2583 i
218 2558 256 2583 se
279 2546 477 2592 possideret
500 2550 536 2583 et
557 2551 598 2582 tu
628 2549 787 2592 peteres,
819 2546 989 2582 adversus
1022 2547 1264 2592 exceptionem

205 2592 326 2628 ominii
348 2592 578 2637 replicatione
601 2591 761 2627 utereris.

228 2634 279 2675 73
304 2636 410 2672 Imm
424 2637 517 2672 libro
536 2638 686 2683 septimo
707 2637 843 2673 decimo
863 2637 914 2672 ad
923 2636 1076 2673 edictum
1123 2637 1165 2672 In
1184 2647 1263 2682 spe-

182 2683 263 2718 ciali
286 2682 419 2717 actione
447 2693 520 2717 non
544 2682 680 2727 cogitur
711 2685 897 2727 possessor
928 2681 1063 2724 dicere,
1096 2693 1160 2727 pro
1193 2693 1265 2728 qua

181 2731 284 2773 parte
316 2727 390 2762 eius
424 2727 487 2762 sit:
522 2727 591 2762 hoc
622 2727 715 2762 enim
745 2727 907 2772 petitoris
930 2737 1059 2762 munus
1084 2730 1156 2769 est,
1192 2739 1264 2763 non

182 2777 206 2853 fli
231 2771 452 2825 ‘possessoris
462 2785 470 2807 :
484 2772 580 2818 quod
589 2775 625 2808 et
632 2772 669 2807 in
678 2772 888 2807 Publiciana
897 2772 1116 2808 observatur.
1131 2772 1263 2818 Super-

209 2828 316 2854 ciario

228 2861 281 2900 74
306 2843 463 2898 ῥᾼυιυε
490 2861 579 2897 libro
603 2862 792 2898 vicensimo
810 2863 933 2909 primo
958 2862 1007 2898 ad
1028 2863 1181 2899 edictum
1227 2863 1265 2898 id

183 2912 238 2944 est
260 2908 320 2953 qui
343 2907 380 2941 in
404 2906 518 2942 alieno
542 2907 617 2942 solo
641 2908 864 2952 superficiem
886 2908 938 2943 ita
961 2908 1089 2951 habet,
1123 2912 1162 2944 ut
1185 2919 1261 2944 cer-

182 2957 255 2989 tam
278 2952 482 2999 pensionem
504 2956 672 2996 praestet,

229 2996 281 3035 75
302 2997 496 3033 Urmzvvs
512 2997 602 3032 libro
622 3000 726 3032 sexto
746 2997 883 3034 decimo
903 2998 953 3033 ad
972 2998 1125 3034 edictum
1160 3008 1263 3044 prae-

182 3047 240 3080 tor
262 3053 372 3078 causa
395 3041 535 3086 cognita
557 3041 594 3076 in
617 3052 690 3077 rem
714 3043 889 3078 actionem
908 3043 1109 3096 pollicetur.

230 3086 283 3126 76
318 3087 442 3124 Gema
472 3086 564 3138 libro
593 3088 741 3138 septimo
773 3088 823 3123 ad
855 3088 1008 3124 edzctum
1034 3088 1264 3135 provinciale

183 3133 282 3179 Quae
305 3132 350 3168 de
373 3135 451 3167 tota
473 3141 511 3167 re
533 3131 744 3167 vmdlcanda
768 3133 863 3168 dicta
886 3137 987 3176 sunt,
1012 3134 1136 3169 eadem
1160 3137 1196 3169 et
1218 3133 1263 3170 de

182 3182 286 3225 parte
315 3176 549 3221 intellegenda
571 3180 673 3219 sunt,
697 3177 885 3223 officioque
908 3178 1036 3215 iudicis
1061 3179 1263 3214 continetur

182 3235 248 3270 pro
260 3222 365 3259 modo
384 3221 497 3267 partis
514 3231 557 3256 ea
576 3231 715 3266 quoque
734 3223 872 3258 restitui
891 3223 1023 3266 iubere,
1049 3234 1141 3269 quae
1160 3223 1263 3259 simul

187 3273 200 3304 l
253 3279 335 3304 cum
366 3267 445 3313 ipsa
474 3266 745 3318 partefestitui
769 3267 908 3303 debent.
957 3269 1120 3304 Incertae
1150 3269 1262 3313 partis

182 3313 373 3350 vindicatio
409 3311 533 3352 datur,
568 3321 599 3345 Sl
634 3311 727 3346 iusta
762 3322 871 3347 causa
906 3313 1126 3349 interveniat.
1169 3313 1264 3348 iusta

183 3363 302 3395 autem
325 3367 436 3394 causa
459 3366 537 3392 esse
559 3359 686 3401 potest,
712 3356 741 3391 si
765 3356 857 3393 forte
876 3357 943 3403 legi
962 3358 1144 3394 Falcidiae
1163 3358 1263 3394 locus

184 3405 230 3440 sit
251 3404 288 3439 in
311 3405 544 3443 testamento,
579 3411 644 3446 pro
671 3404 725 3436 ter
747 3401 916 3437 incertam
940 3403 1196 3439 detractionem
1220 3413 1263 3438 ex

183 3449 327 3502 legatis,
351 3457 443 3494 quae
464 3446 546 3482 vix¹
570 3455 640 3498 apu
688 3446 838 3481 iudicem
862 3448 1102 3483 examinatur:
1133 3448 1263 3483 iustam

185 3505 276 3530 emm
299 3493 409 3529 habet
429 3492 663 3538 ignorantiam
688 3490 889 3542 legatarius,
914 3493 971 3527 cui
995 3493 1102 3528 homo
1125 3493 1262 3538 legatus

184 3543 258 3582 est,
290 3541 437 3585 quotam
470 3540 608 3582 partem
637 3534 818 3571 vindicare
848 3536 993 3572 debeat:
1025 3538 1148 3583 itaque
1179 3538 1262 3573 talis

185 3652 225 3692 (ι)
250 3650 318 3691 vix]
331 3650 426 3682 iuxta
434 3661 495 3683 scr.
588 3649 632 3691 (2)
655 3647 706 3681 ita
717 3648 777 3682 ins.
791 3648 825 3680 F
831 3647 840 3668 ¹

184 3694 340 3727 colonum
352 3693 405 3727 Γ*
479 3694 509 3736 (4
546 3694 576 3727 si
588 3693 650 3727 dol.

230 3740 275 3781 (⁶)
298 3739 364 3773 Ed.
378 3746 478 3780 imm
520 3741 573 3773 ab.
586 3746 630 3774 ιι.
642 3746 693 3779 1¹13
705 3738 789 3782 Pap.
803 3745 847 3772 ic.
859 3755 905 3762 —
918 3738 1002 3772 Bm.
1018 3740 1073 3777 15,
1087 3747 1104 3772 2
1174 3740 1218 3780 (6)
1231 3739 1266 3772 id

947 3650 990 3690 (3)
1014 3651 1065 3683 sic
1077 3650 1126 3682 F¹
1141 3662 1209 3683 cum
1220 3650 1265 3693 B,

2061 136 2126 166 DE
2153 136 2422 170 PUBLIGIARA

1332 242 1480 279 dabitur
1510 243 1617 280 actio.
1653 243 1776 280 eadem
1809 249 1845 282 et
1874 245 1919 282 de
1950 244 2076 282 ceteris
2107 244 2214 281 rebus
2243 245 2422 292 intellege-

1332 298 1419 322 mus.

1380 330 1435 368 77
1468 331 1663 368 [limum
1701 333 1793 371 libro
1827 336 1978 382 septimo
2014 335 2151 371 decimo
2186 335 2236 370 ad
2270 335 2424 372 edictum

1333 377 1518 422 Quaedam
1549 378 1674 414 mulier
1704 378 1879 416 fundum²
1909 392 1982 417 non
2017 380 2145 416 marito
2181 380 2326 416 donavit
2359 391 2425 426 per

1333 422 1523 467 epistulam
1548 426 1584 458 et
1606 423 1755 460 eundem
1777 425 1928 461 fundum
1952 426 1997 461 ab
2023 436 2063 461 eo
2098 425 2286 461 conduxit:
2318 437 2425 472 posse

1333 467 1479 520 dei-'endi-
1499 468 1537 502 in
1559 478 1634 503 rem
1664 469 1697 522 ei
1728 475 1948 516 competere,
1984 471 2087 516 quasi
2119 481 2184 516 per
2214 471 2329 538 ipsam
2360 471 2423 506 ad-

1334 517 1498 558 qu1S1er1t
1520 523 1780 558 possessionem
1811 516 1919 552 veluti
1950 527 2014 562 per
2048 516 2212 551 colonam
2239 543 2247 551 .
2292 527 2424 562 propo-

1334 558 1506 600 nebatur,
1541 558 1637 603 quod
1660 559 1766 595 etiam
1788 560 1826 596 in
1850 571 1891 597 eo
1917 571 2002 607 agro
2026 561 2087 606 qui
2111 560 2314 596 donabatur
2335 561 2423 597 fuis-

1334 605 1410 644 set,
1443 614 1523 655 cum
1557 603 1707 649 epistula
1740 606 1976 642 emitteretur:
2009 616 2100 651 quae
2132 616 2189 642 res
2222 605 2425 642 sufficiebat

1335 648 1381 683 ad
1404 647 1574 727 traditam
1598 651 1869 694 possessionem,
1894 652 1978 687 licet
2002 650 2194 687 conductio
2219 662 2291 686 non
2314 651 2422 687 inter-

1334 702 1473 729 venisse
1491 720 1499 728 .

1382 735 1436 775 78
1460 737 1593 774 LABEO
1623 739 1714 776 libro
1770 745 1876 776 uarto
1903 741 2086 788 pithanon
2117 752 2141 776 a
2165 740 2282 777 Paulo
2313 753 2332 777 e
2360 742 2424 777 ito-

1333 788 1512 819 matorum
1559 783 1597 819 Si
1627 784 1702 821 eius
1750 786 1853 828 undi,
1887 796 1990 832 quem
2024 786 2178 821 alienum
2211 786 2310 831 possi
2335 797 2424 829 eres,

1333 828 1491 864 fructum
1522 839 1594 864 non
1618 830 1781 875 coegisti,
1815 832 1901 867 nihil
1926 831 2002 867 eius
2027 831 2130 866 fundi
2152 831 2335 867 fructuum
2359 843 2423 868 no-

1333 873 1427 909 mine
1439 878 1475 909 te
1487 873 1574 909 dare
1585 879 1736 920 oportet.
1772 875 1827 911 PA
1837 886 1879 912 σι
1887 887 1937 912 vs.
1963 877 2074 911 Immo
2096 876 2298 922 quaeritur:
2317 877 2424 913 huius

1333 918 1474 954 fructus
1497 919 1630 955 idcirco
1655 919 1774 956 faetus
1799 925 1873 964 est,
1907 922 2002 967 quod
2034 922 2064 956 is
2090 932 2170 957 eum
2194 932 2259 957 suo
2284 922 2425 958 nomine

1333 964 1560 1017 perceperit?
1594 966 1858 1011 perceptionem
1889 966 2030 1002 fructus
2068 966 2233 1012 accipere
2256 966 2423 1003 debemus

1334 1020 1406 1045 non
1430 1010 1485 1045 81⁴
1509 1009 1660 1055 perfecti
1684 1011 1834 1054 collecti,
1860 1012 1924 1048 sed
1948 1012 2054 1047 etiam
2075 1012 2192 1057 coepti
2209 1012 2260 1047 ita
2276 1012 2374 1057 perci
2401 1013 2423 1055 i,

1334 1058 1375 1090 ut
1406 1058 1503 1090 terra
1528 1055 1710 1091 continere
1733 1067 1772 1092 se
1794 1056 1934 1093 fructus
1959 1057 2149 1093 desierint:
2173 1057 2283 1092 veluti
2306 1058 2335 1092 si
2359 1068 2380 1093 ο
2395 1058 2423 1092 i-

1333 1110 1399 1135 vae
1423 1110 1513 1136 uvae
1536 1100 1662 1143 lectae,
1687 1101 1844 1137 nondum
1868 1106 1988 1138 autem
2003 1102 2124 1137 vinum
2147 1102 2264 1138 oleum
2288 1103 2334 1138 ab
2359 1103 2423 1138 ali-

1335 1155 1404 1191 quo
1429 1144 1565 1180 factum
1589 1146 1653 1181 sit:
1679 1147 1799 1182 statim
1824 1148 1916 1183 enim
1946 1148 2024 1193 ipse
2054 1147 2237 1193 accepisse
2267 1147 2424 1183 fructum

1335 1190 1592 1226 existimandus
1617 1195 1682 1227 est.

1382 1233 1435 1273 79
1459 1235 1569 1271 IDEM
1595 1236 1685 1272 libro
1716 1240 1822 1273 sexto
1849 1237 2033 1284 pz‘tlzanon
2054 1249 2078 1272 α
2103 1237 2221 1274 Paulo
2253 1239 2424 1284 epitoma-

1335 1283 1454 1317 torum
1501 1280 1539 1316 Si
1569 1281 1746 1317 hominem
1777 1293 1800 1317 a
1831 1293 1887 1319 me
1946 1282 2062 1318 etieris
2095 1286 2131 1318 et
2161 1283 2192 1318 is
2222 1286 2305 1328 post
2327 1284 2425 1319 litem

1336 1329 1573 1362 contestatam
1606 1331 1769 1363 mortuus
1804 1328 1869 1371 sit,
1921 1332 2045 1364 ructus
2081 1328 2200 1373 quoad
2234 1328 2264 1364 is
2299 1329 2426 1364 vixerit

1335 1371 1515 1407 aestimari
1539 1376 1690 1417 oportet.
1728 1372 1785 1408 ΡΑ
1793 1383 1893 1409 nos.
1918 1373 1974 1409 Ita
1997 1373 2033 1408 id
2065 1383 2186 1408 verum
2218 1383 2295 1409 esse
2350 1378 2424 1416 uto,

1335 1417 1366 1452 si
1398 1428 1470 1452 non
1501 1417 1601 1462 prius
1631 1417 1662 1452 is
1694 1418 1801 1453 homo
1825 1418 1862 1454 in
1887 1429 1964 1455 eam
1987 1418 2225 1454 valetudinem
2248 1419 2319 1454 inci
2346 1419 2424 1462 erit,

1335 1466 1482 1507 propter
1505 1473 1613 1515 quam
1636 1473 1766 1508 operae
1790 1463 1866 1499 eius
1890 1464 2032 1499 inutiles
2056 1463 2176 1499 factae
2206 1468 2309 1499 sunt:
2342 1474 2424 1499 nam

1335 1517 1381 1542 ne
1404 1507 1436 1542 si
1458 1508 1603 1543 vixlsset
1626 1508 1767 1553 quidem
1790 1509 1827 1543 in
1851 1518 1894 1544 ea
1923 1508 2144 1551 valetudine,
2177 1508 2317 1544 fructus
2349 1509 2423 1545 eius

1335 1555 1406 1587 tem
1434 1553 1504 1588 oris
1528 1553 1670 1588 nomine
1693 1553 1874 1588 aestimari
1898 1554 2112 1590 conveniret.

1382 1594 1406 1635 8
1468 1598 1620 1633 szws
1647 1598 1880 1634 ANTHJANUS
1917 1599 2008 1635 libro
2033 1600 2157 1645 primo
2189 1599 2239 1635 ad
2269 1599 2423 1635 edictum

1334 1642 1376 1677 In
1399 1653 1475 1678 rem
1506 1643 1684 1678 actionem
1714 1644 1790 1689 pati
1822 1655 1895 1679 non
1926 1643 2189 1689 compellimur,
2224 1644 2309 1690 quia
2340 1644 2424 1680 licet

1335 1687 1441 1724 alicui
1465 1688 1581 1723 dicere
1605 1698 1644 1723 se
1666 1700 1740 1724 non
1763 1689 1964 1734 possidere,
1994 1690 2047 1724 ita
2069 1693 2127 1731 ut,
2159 1690 2190 1724 si
2220 1689 2335 1735 possit
2358 1689 2420 1724 ad-

1333 1733 1511 1780 versarius
1555 1733 1766 1770 convincere
1808 1745 1882 1769 rem
1917 1735 1963 1770 ab
1999 1734 2202 1770 adversario
2234 1734 2421 1787 possideri,

1334 1777 1530 1813 transferat
1542 1778 1590 1814 ad
1609 1789 1649 1814 se
1665 1780 1926 1824 possessionem
1947 1791 2012 1825 per
2030 1779 2193 1823 iudicem,
2219 1780 2302 1815 hcet
2321 1790 2422 1815 suam

1335 1833 1413 1859 esse
1436 1834 1509 1860 non
1532 1823 1793 1870 adprobaverit.

1835 1917 1910 1957 11⁶.

1482 1983 1543 2015 DE
1569 1983 1845 2016 PUBLICIANA
1870 1985 1922 2017 IN
1946 1985 2043 2017 REM
2068 1983 2275 2018 ACTIONE.

1384 2047 1402 2086 1
1437 2047 1633 2085 ULPIANUS
1659 2049 1752 2086 libro
1782 2054 1888 2086 sexto
1921 2050 2057 2086 decimo
2090 2050 2140 2085 ad
2161 2050 2315 2087 edictum
2361 2051 2423 2086 Ait

1334 2097 1496 2139 praetor:
1523 2094 1572 2130 ‘Si
1603 2095 1681 2140 quis
1712 2094 1750 2130 id
1803 2096 1877 2131 uod
1906 2095 2085 2131 traditur⁸
2108 2106 2152 2131 ex
2183 2096 2279 2131 iusta
2312 2106 2423 2131 causa

1335 2143 1419 2174 ‘non
1443 2150 1465 2174 a
1489 2139 1631 2175 domino
1657 2143 1693 2175 et
1711 2151 1782 2175 non
1808 2152 1869 2176 um
1887 2145 2102 2186 usucaptum
2122 2145 2229 2186 petet,
2253 2141 2422 2177 iudicium

1337 2187 1352 2219 1
1403 2184 1533 2220 ‘dab0'.
1580 2185 1710 2221 Merito
1734 2190 1879 2230 praetor
1902 2186 1953 2221 ait
1976 2186 2145 2222 ‘nondum
2177 2187 2419 2231 usucaptum’:

1334 2240 1417 2265 nam
1441 2229 1470 2265 si
1496 2241 1607 2266 usuca
1633 2234 1710 2265 tum
1733 2234 1805 2273 est,
1838 2231 1948 2266 habet
1979 2231 2116 2266 civilem
2147 2231 2325 2267 actionem
2355 2242 2421 2267 nec

1335 2277 1354 2309 2
1403 2274 1581 2310 desiderat
1628 2275 1841 2311 onorariam.
1886 2275 1957 2311 Sed
1982 2286 2047 2311 cur
2069 2275 2294 2311 traditionis⁷
2318 2276 2419 2312 dum-

1333 2323 1436 2354 taxat
1459 2324 1494 2355 et
1517 2320 1746 2366 usucapionis
1769 2319 1856 2356 fecit
1874 2321 2098 2363 mentionem,
2124 2331 2205 2356 cum
2223 2321 2311 2356 satis
2330 2322 2420 2356 mul-

1333 2368 1393 2400 tae
1417 2369 1502 2400 sunt
1523 2365 1611 2401 iuris
1634 2369 1773 2411 partes,
1798 2366 1927 2411 quibus
1958 2365 2152 2401 dominium
2176 2366 2254 2412 quis
2279 2367 2419 2402 nancis-

1335 2411 1501 2445 ceretur?
1526 2414 1565 2446 ut
1586 2415 1677 2456 puta
1700 2410 1855 2455 legatum

1380 2452 1405 2492 2
1430 2455 1486 2490 ΡΑ
1494 2465 1590 2491 ULUS
1609 2456 1701 2492 libro
1724 2467 1820 2491 nono
1844 2455 1981 2492 decimo
2004 2455 2055 2491 ad
2072 2455 2226 2492 edictum
2260 2457 2314 2493 vel
2326 2468 2419 2492 mor-

1333 2501 1379 2536 tis
1404 2511 1515 2536 causa
1538 2501 1747 2536 donationes
1771 2500 1909 2537 factae:
1935 2511 2018 2537 nam
2041 2502 2174 2537 amissa
2196 2502 2420 2547 possessione

1335 2546 1505 2626 compettil}
1537 2546 1766 2589 Publiciana,
1799 2546 1884 2592 quia
1915 2546 1962 2582 ad
1993 2546 2190 2592 exemplum
2224 2547 2419 2593 legatorum

1334 2602 1377 2627 ca
1403 2602 1464 2626 iun
1505 2602 1533 2626 r.

1437 2635 1633 2672 mmm
1653 2636 1744 2672 libro
1767 2641 1873 2673 sexto
1898 2636 2034 2674 decimo
2058 2636 2108 2672 ad
2129 2636 2282 2673 edictum
2329 2637 2420 2673 Sunt

1337 2685 1351 2716 1
1402 2685 1438 2717 et
1468 2682 1561 2716 aliae
1584 2681 1784 2734 pleraeque.
1832 2682 1894 2717 Ait
1923 2685 2086 2727 praetor:
2113 2685 2169 2717 ‘ex
2190 2682 2286 2717 iusta
2309 2693 2419 2718 causa

1334 2727 1451 2772 petet’.
1500 2726 1561 2772 qui
1590 2727 1698 2771 igitur
1727 2727 1858 2763 iustam
1889 2737 2036 2762 causam
2066 2726 2265 2762 traditionis
2298 2728 2417 2770 habet,

1333 2772 1444 2808 utitur
1467 2771 1693 2807 Publiciana:
1726 2776 1762 2807 et
1791 2783 1862 2808 non
1886 2772 2000 2808 solum
2024 2772 2175 2817 emptori
2198 2772 2314 2809 bonae
2336 2772 2418 2808 fidei

1334 2816 1503 2869 competit
1513 2816 1734 2860 Publiciana,
1758 2817 1821 2853 sed
1845 2821 1881 2852 et
1904 2817 1993 2859 aliis,
2018 2821 2060 2852 ut
2081 2820 2170 2862 puta
2191 2817 2223 2852 ei
2244 2817 2301 2853 cui
2325 2817 2417 2853 dotis

1334 2872 1474 2898 nomine
1497 2862 1631 2897 tradita
1653 2873 1711 2898 res
1744 2866 1799 2898 est
1829 2862 1981 2897 necdum
2012 2866 2206 2907 usucapta:
2241 2866 2296 2898 est
2326 2863 2417 2899 enim

1332 2907 1526 2943 iustissima
1556 2917 1686 2950 causa,
1711 2907 1784 2942 sive
1806 2907 1995 2942 aestimata
2025 2918 2082 2943 res
2113 2908 2150 2942 in
2182 2907 2301 2943 dotem
2332 2908 2418 2943 data

1333 2952 1379 2988 sit
1402 2953 1474 2988 sive
1497 2963 1579 2987 non.
1615 2952 1700 2987 item
1722 2952 1752 2988 si
1774 2963 1832 2988 res
1857 2963 1900 2987 ex
1924 2963 2034 2988 causa
2056 2952 2202 2987 iudicati
2221 2952 2268 2988 sit
2285 2953 2416 2988 tradita

1378 2996 1587 3077 4ὥΡΑυισ8
1606 2997 1697 3033 libro
1720 3008 1815 3033 nono
1839 2997 1975 3033 decimo
2000 2997 2051 3033 ad
2071 2998 2224 3033 edictum
2270 2998 2324 3033 vel
2343 2998 2413 3034 sol-

1331 3053 1397 3078 ven
1459 3052 1570 3077 causa

1377 3086 1402 3124 5
1434 3086 1628 3123 vamum
1654 3087 1745 3123 libro
1777 3091 1881 3123 sexto
1914 3087 2050 3123 decimo
2082 3087 2132 3123 ad
2161 3087 2314 3124 edictum
2361 3086 2415 3123 vel

1331 3142 1509 3213 pxlscausa
1532 3142 1647 3168 noxae
1671 3131 1877 3175 deditionis,
1911 3132 1984 3168 sive
2014 3142 2098 3168 vera
2131 3142 2242 3168 causa
2273 3133 2320 3168 sit
2342 3133 2415 3168 sive

1347 3188 1368 3213 a
1401 3188 1432 3213 a.

1376 3221 1401 3260 6
1426 3222 1483 3258 ΡΛ
1491 3232 1586 3258 Ubus
1605 3222 1695 3259 libro
1718 3233 1813 3258 nono
1836 3222 1972 3258 decimo
1997 3221 2047 3257 ad
2067 3221 2221 3257 edictum
2267 3222 2356 3257 Item
2383 3221 2415 3257 si

1330 3278 1470 3303 servum
1491 3278 1534 3303 ex
1552 3277 1663 3303 causa
1684 3267 1812 3310 noxali,
1833 3267 1916 3312 quia
1934 3277 2006 3302 non
2028 3266 2294 3309 defendebatur,
2314 3266 2414 3303 iussu

1330 3312 1505 3358 praetoris
1537 3312 1671 3348 duxero
1703 3315 1739 3348 et
1760 3313 1909 3348 amisero
1933 3311 2211 3357 possessionem,
2245 3312 2414 3357 competit

1330 3357 1414 3392 mihi
1437 3357 1657 3393 Publiciana.

1377 3400 1401 3439 7
1433 3402 1628 3438 Uzmivvs
1653 3402 1745 3439 libro
1776 3405 1881 3438 seaeto
1911 3401 2046 3437 decimo
2070 3401 2121 3437 ad
2141 3401 2295 3438 edictum
2341 3400 2413 3436 Sed

1330 3450 1367 3482 et
1390 3447 1421 3482 si
1442 3457 1500 3483 res
1523 3447 1729 3482 adiudicata
1758 3446 1824 3490 sit,
1857 3446 2068 3482 Publiciana
2099 3445 2193 3482 actio
2227 3445 2409 3498 competit.

1334 3495 1348 3526 1
1398 3491 1436 3527 Si
1459 3492 1502 3527 lis
1525 3490 1633 3527 fuerit
1655 3492 1859 3534 aestimata,
1892 3491 2014 3527 similis
2047 3495 2101 3527 est
2132 3491 2342 3526 venditiom:
2376 3494 2412 3526 et

1331 3537 1382 3572 ait
1404 3537 1562 3572 Iulianus
1586 3537 1677 3573 libro
1701 3536 1890 3572 vicensimo
1924 3536 2081 3572 secundo
2114 3535 2348 3580 digestorum,
2381 3535 2411 3570 si

1335 3648 1424 3691 quod
1444 3649 1602 3690 traditur]
1622 3649 1656 3682 in
1675 3650 1778 3683 edicto
1827 3647 1852 3680 it
1868 3646 1901 3680 id
1914 3646 2002 3688 quod
2014 3646 2104 3679 bona
2122 3648 2186 3681 fide
2205 3648 2286 3681 emit
2305 3648 2408 3681 tradi·

1335 3697 1406 3727 tum
1416 3705 1425 3726 ι
1439 3695 1534 3727 etiam
1544 3695 1645 3728 verba
1656 3704 1723 3726 non
1736 3704 1756 3726 a
1790 3692 1903 3725 omino
1912 3699 2028 3735 postea
2040 3694 2170 3727 adiecta
2181 3694 2329 3727 videntur
2341 3705 2410 3727 mo

1335 3741 1380 3780 (¹1)
1402 3749 1443 3771 ex
1454 3749 1555 3771 causa
1566 3737 1746 3780 emptionis
1757 3738 1818 3772 ins.
