2528 3918
206 101 453 144 XXXXI2

209 227 251 260 22
298 223 451 268 emptori
474 221 626 258 traditae
650 222 793 258 fuerint.
832 221 1034 267 Municipes
1058 232 1123 267 per
1144 231 1184 258 se
1205 222 1294 257 nihil

209 268 392 315 possidere
410 271 572 312 possunt,
597 267 682 311 quia
699 267 874 303 universi¹
897 267 1099 303 consentire
1116 276 1189 302 non
1208 277 1293 312 pos-

195 317 304 365 ⁸sunt.
351 313 470 348 forum
500 316 622 347 autem
650 317 687 347 et
716 311 899 347 basilicam
920 312 1047 356 hisque
1071 311 1199 347 similia
1223 322 1295 347 non

210 358 411 404 possident,
448 356 513 392 sed
546 356 748 402 promiscue
782 356 839 393 his
876 360 1038 392 utuntur.
1082 355 1146 392 sed
1178 356 1296 391 Nerva

210 404 304 439 filius
334 403 403 444 ait,
434 412 499 447 per
527 412 668 437 servum
697 411 788 447 quae
810 402 1041 447 peculiariter
1063 400 1295 445 adquisierint

209 452 245 484 et
268 447 451 493 possidere
475 450 511 481 et
533 456 732 491 usucapere
755 456 881 492 posse:
913 445 977 481 sed
1003 445 1146 499 quidam
1170 450 1296 481 contra

211 496 350 539 putant,
374 492 544 537 quoniam
565 491 665 536 ipsos
688 502 809 527 servos
833 501 906 526 non
928 490 1146 535 possideant.

255 535 281 574 2
312 536 506 573 ΗιΡιΑΝυε
525 535 616 572 libro
639 537 929 583 septuaqcnsimo
953 535 1003 570 ad
1024 534 1178 572 edictum
1225 534 1296 588 Sed

210 583 279 618 hoc
301 582 379 617 iure
402 581 547 623 utimur,
571 584 613 616 ut
634 585 673 617 et
694 581 878 626 possidere
902 583 940 615 et
961 589 1160 625 usucapere
1178 590 1294 615 mum-

210 627 308 672 cipes
326 626 468 672 possint
486 625 614 670 idque²
636 626 687 661 eis
706 629 741 661 et
761 636 826 671 per
843 636 983 661 servum
1005 628 1042 661 et
1063 635 1130 671 per
1146 624 1294 660 liberam

210 682 399 718 personam
423 670 645 716 adquiratur.

256 715 281 755 3
306 716 466 752 Panos
493 715 586 752 libro
618 715 941 761 quinquagensimo
976 717 1106 761 quarto
1130 715 1180 751 ad
1202 714 1296 751 edic-

211 767 285 797 tum
325 760 509 797 Possideri
531 764 650 796 autem
672 763 835 806 possunt,
861 770 953 805 quae
976 763 1061 795 sunt
1084 760 1294 805 corporalia.

218 812 225 841 ι
277 806 328 842 Et
350 805 543 852 apiscimur
565 805 825 851 possessionem
850 814 1001 850 corpore
1024 808 1061 840 et
1079 805 1209 847 animo,
1234 815 1296 840 ne-

235 862 279 888 ue
307 861 374 897 per
403 861 442 887 se
465 850 583 886 anim0
607 854 671 886 aut
698 860 764 895 per
786 860 825 885 se
850 860 1010 894 corpore.
1057 850 1154 896 quod
1176 854 1296 886 autem

211 864 364 932 iliximus
397 900 434 931 et
462 905 613 941 corpore
643 899 680 931 et
710 895 827 931 animo
859 894 1047 948 adquirere
1077 906 1143 931 nos
1168 895 1296 931 debere

210 941 481 987 possessionem,
506 951 578 976 non
600 940 724 985 utique
746 940 798 975 ita
814 940 1061 984 accipiendum
1084 943 1149 983 est,
1173 944 1214 976 ut
1237 940 1297 985 qui

210 986 361 1022 fundum
389 985 572 1032 possidere
602 985 705 1027 velit,
737 995 859 1020 omnes
882 985 1004 1029 glebas
1036 985 1295 1021 circumambu-

210 1033 277 1068 let:
302 1029 367 1068 sed
389 1030 523 1067 sufficit
547 1030 741 1075 quamlibet
764 1034 900 1075 partem
915 1031 988 1065 eius
1012 1030 1115 1065 fundi
1136 1030 1295 1072 introire,

210 1076 295 1113 dum
319 1079 438 1112 mente
462 1080 498 1111 et
521 1075 736 1128 cogitatione
759 1075 828 1110 hac
851 1076 908 1116 sit,
932 1075 985 1110 uti
1008 1080 1123 1111 totum
1145 1074 1296 1111 fundum

211 1126 231 1157 2
278 1131 392 1167 usque
411 1120 457 1156 ad
475 1125 663 1155 terminum
683 1119 767 1155 velit
786 1119 979 1164 possidere.
1016 1120 1194 1156 Incertam
1212 1130 1296 1165 par-

210 1172 282 1203 tem
304 1166 358 1202 rei
381 1166 564 1210 possidere
587 1175 689 1200 nemo
714 1168 850 1210 potest,
883 1165 992 1200 veluti
1027 1165 1057 1200 si
1088 1165 1157 1201 hac
1179 1169 1297 1201 mente

210 1213 278 1255 sis,
313 1215 355 1246 ut
389 1210 561 1256 quidquid
596 1210 712 1245 Titius
747 1209 924 1254 possidet,
958 1214 999 1245 tu
1034 1221 1104 1255 quo
1130 1220 1176 1246 ue
1210 1210 1296 1246 velis

211 1261 230 1292 3
277 1255 470 1302 possidere.
517 1255 687 1290 Neratius
718 1259 753 1290 et
781 1255 957 1290 Proculus
986 1256 1046 1291 et³
1076 1266 1116 1291 so
1133 1266 1154 1291 o
1178 1256 1295 1291 animo

210 1311 510 1383 ammi-⁸.
524 1300 713 1380 ²233&
735 1300 1295 1389 Piizissssssniffihssisssffiufftfi}

210 1392 322 1427 fundo
351 1401 430 1425 meo
462 1356 619 1435 posssum
650 1390 779 1433 sciam,
813 1390 982 1426 continuo
1010 1401 1067 1426 me
1100 1390 1295 1435 possidere,

211 1436 314 1472 simul
337 1440 445 1481 atque
468 1434 674 1480 possidendi
697 1434 866 1470 affectum
889 1435 1068 1478 habuero,
1094 1435 1177 1480 quia
1200 1435 1295 1481 quod

210 1481 301 1517 desit
312 1480 468 1516 naturali
491 1479 722 1524 possessioni,
746 1479 783 1515 id
807 1480 946 1515 animus
968 1480 1102 1525 implet.
1139 1485 1297 1516 ceterum

211 1525 306 1571 quod
335 1526 469 1561 Brutus
503 1528 539 1560 et
567 1524 737 1560 Manilius
769 1529 900 1570 putant
928 1535 1026 1567 eum,
1063 1525 1124 1570 qui
1146 1525 1296 1561 fundum

209 1572 316 1616 longa
342 1570 570 1623 possessione
602 1580 643 1605 ce
668 1569 714 1612 it,
745 1570 852 1605 etiam
882 1570 1118 1606 thensaurum
1149 1571 1296 1615 cepisse,

210 1626 371 1661 quamvis
405 1615 543 1651 nesciat
570 1615 609 1650 in
655 1614 751 1650 undo
783 1625 862 1651 esse
909 1625 983 1651 non
1014 1620 1069 1651 est
1091 1626 1231 1652 verum:
1265 1616 1296 1651 is

210 1661 303 1697 enim
334 1660 393 1706 qui
424 1660 539 1695 nescit
567 1670 639 1695 non
697 1659 830 1696 ossidet
852 1642 1104 1704 thensaurum,
1137 1660 1297 1706 quamvis

213 1706 363 1742 fundum
386 1704 580 1750 possideat.
629 1715 667 1741 se
715 1709 752 1740 et
774 1705 806 1740 si
828 1705 929 1747 sciat,
954 1716 1026 1741 non
1050 1706 1169 1751 capiet
1190 1706 1298 1751 longa

238 1750 455 1794 ossessione,
489 1750 573 1795 quia
596 1750 666 1786 scit
688 1750 841 1785 alienum
864 1761 954 1786 esse.
1002 1750 1145 1795 quidam
1168 1754 1299 1796 putant

211 1763 334 1832 gabini
365 1795 578 1830 sententiam
609 1795 781 1831 veriorem
811 1805 892 1831 esse
920 1805 986 1831 nec
1011 1796 1100 1832 alias
1134 1806 1214 1832 eum
1238 1796 1299 1841 qui

211 1841 280 1877 scit
302 1839 505 1886 possidere,
538 1839 607 1875 nisi
636 1840 668 1875 si
697 1840 777 1876 loco
809 1846 928 1876 motus
952 1841 1016 1883 sit,
1049 1841 1133 1886 quia
1156 1852 1230 1877 non
1252 1841 1300 1877 sit

211 1891 232 1921 4
280 1886 347 1922 sub
372 1885 535 1921 custodia
559 1889 698 1921 nostra:
723 1886 851 1930 quibus
876 1886 1071 1922 consentio.
1105 1886 1164 1921 Ex
1186 1886 1297 1932 pluri-

211 1931 301 1967 mis⁴
343 1930 461 1966 causis
494 1930 680 1975 possidere
715 1930 864 1966 eandem
898 1942 973 1966 rem
1008 1942 1216 1976 possumus,
1258 1934 1300 1966 ut

211 1975 357 2021 quidam
393 1979 523 2020 putant
563 1979 599 2011 et
638 1986 736 2018 eum,
784 1976 846 2021 qui
888 1976 1093 2021 usuceperit
1131 1978 1192 2012 et⁵
1231 1987 1297 2022 pro

212 2025 382 2066 emptore,
406 2023 444 2056 et
465 2031 532 2066 pro
557 2030 622 2056 suo
645 2020 845 2066 possidere:
871 2021 923 2057 sic
947 2021 1039 2056 enim
1062 2025 1099 2057 et
1115 2022 1147 2057 si
1169 2021 1213 2064 ei,
1237 2021 1299 2067 qui

199 2077 278 2111 ‚pro
311 2069 470 2110 emptore
491 2065 717 2110 possidebat,
750 2067 854 2102 heres
879 2066 961 2108 sim,
993 2066 1143 2102 eandem
1165 2077 1239 2102 rem
1263 2070 1299 2102 et

237 2122 278 2147 ro
303 2114 462 2155 emptore
486 2114 522 2146 et
543 2121 610 2156 pro
634 2111 766 2147 herede
789 2111 974 2156 possideo:
1000 2122 1065 2147 nec
1089 2112 1183 2147 enim
1207 2113 1300 2148 sicut

212 2122 406 2191 {ominium
435 2165 509 2191 non
540 2159 662 2200 potest
691 2156 761 2192 nisi
784 2166 828 2191 ex
851 2167 924 2191 una
948 2167 1059 2192 causa
1082 2157 1298 2202 contingere,

212 2201 264 2236 ita
293 2204 330 2236 et
360 2200 544 2245 possidere
574 2211 619 2236 ex
649 2210 722 2236 una
745 2201 930 2236 dumtaxat
963 2212 1073 2237 causa
1095 2212 1297 2255 possumus.

213 2250 232 2281 5
279 2245 339 2281 Ex
363 2245 541 2281 contrario
565 2245 685 2291 plures
709 2246 858 2282 eandem
880 2257 955 2282 rem
977 2247 1016 2282 in
1039 2247 1192 2282 solidum
1214 2257 1298 2292 pos-

213 2290 332 2326 sidere
354 2300 427 2326 non
449 2293 618 2335 possunt:
651 2294 778 2327 contra
800 2295 965 2327 naturam
988 2291 1120 2337 quippe
1144 2296 1215 2334 est,
1247 2296 1298 2335 ut,

214 2346 294 2371 cum
313 2345 378 2380 ego
396 2334 532 2380 aliquid
550 2339 706 2380 teneam,
731 2340 771 2371 tu
789 2347 929 2381 quoque
947 2336 984 2371 id
1001 2341 1123 2372 tenere
1135 2337 1297 2373 videaris.

213 2380 367 2417 Sabinus
398 2384 519 2415 tamen
550 2381 674 2416 scribit
704 2391 800 2417 eum*
818 2382 878 2427 qui
907 2382 1070 2426 precario
1102 2381 1240 2418 dederit
1264 2386 1301 2418 et

213 2426 225 2461 i
251 2436 331 2462 sum
351 2424 538 2478 possidere
556 2430 593 2461 et
617 2436 697 2461 eum
715 2426 776 2474 qui
798 2427 963 2472 precario
983 2437 1069 2462 acce
1097 2427 1172 2462 erit.
1205 2427 1300 2463 idem

245 2471 404 2507 rebatius
442 2471 623 2516 probabat
658 2471 866 2507 existimans
899 2482 1011 2524 posse
1048 2482 1071 2507 a
1087 2472 1157 2507 'um
1195 2472 1298 2516 iuste,

213 2516 322 2551 alium
338 2515 482 2557 ,iniuste
512 2515 713 2561 possidere,
746 2516 836 2552 duos
860 2517 989 2553 iniuste
1014 2517 1069 2553 vel
1093 2517 1182 2553 duos
1206 2517 1299 2554 iuste

213 2571 285 2596 non
317 2570 434 2606 posse.
482 2571 587 2605 quem
618 2561 742 2597 Labeo
776 2562 1024 2607 reprehendit,
1063 2562 1231 2608 quoniam
1261 2562 1299 2597 in

213 2615 351 2641 summa
379 2605 616 2650 possessionis
640 2617 713 2642 non
735 2607 885 2641 multum
907 2607 1071 2650 interest,
1104 2608 1197 2643 iuste
1220 2607 1298 2653 quis

213 2661 260 2685 an
293 2651 425 2686 iniuste
458 2650 657 2696 possideat:
694 2651 788 2696 quod
823 2655 878 2687 est
910 2652 1037 2688 verius.
1086 2663 1157 2688 non
1270 2652 1279 2661 ⁶

214 2695 306 2731 enim
329 2694 451 2731 eadem
476 2696 655 2747 possessio
680 2696 776 2741 apud
807 2696 897 2732 duos
921 2706 1000 2732 esse
1022 2700 1160 2742 potest,
1193 2708 1299 2743 quam

213 2744 253 2775 ut
276 2744 316 2775 tu
339 2744 436 2776 stare
458 2740 609 2777 videaris
630 2741 670 2776 in
693 2752 734 2777 eo
758 2742 856 2784 loco,
888 2741 927 2776 in
950 2752 1020 2794 quo
1050 2752 1115 2787 ego
1139 2746 1211 2786 sto,
1243 2742 1299 2778 vel

214 2789 235 2820 6
281 2785 317 2819 in
329 2795 400 2829 quo
417 2795 482 2830 ego
503 2786 621 2830 sedeo,
646 2790 686 2821 tu
704 2786 827 2823 sedere
844 2786 1007 2823 videaris.
1042 2787 1086 2822 In
1103 2787 1299 2823 amittenda

214 2839 354 2875 quoque
374 2831 600 2874 possessione
616 2831 757 2868 affectio
775 2832 850 2867 eius
871 2832 932 2876 qui
948 2832 1108 2877 possidet
1127 2832 1299 2868 intuenda

213 2877 282 2910 est:
314 2873 435 2919 itaque
459 2875 490 2910 si
512 2875 550 2910 in
572 2875 683 2911 fundo
709 2877 756 2912 sis
783 2882 818 2911 et
840 2881 960 2912 tamen
988 2877 1080 2913 nolis
1110 2887 1191 2913 eum
1214 2888 1297 2923 pos-

214 2918 346 2961 sidere,
377 2920 540 2964 protinus
564 2921 705 2956 amittes
733 2922 1006 2967 possessionem.
1054 2922 1160 2966 igitur
1183 2923 1299 2958 amitti

215 2968 251 2999 et
281 2963 399 2999 animo
431 2964 509 3000 solo
539 2970 676 3010 potest,
733 2966 868 3002 uamvis
900 2966 1040 3012 adquiri
1071 2978 1143 3003 non
1193 2971 1295 3004 otest.

216 3012 232 3042 7
282 3007 354 3045 Sed
388 3012 424 3044 et
458 3008 489 3045 si
522 3010 639 3045 animo
673 3022 751 3047 soo
783 3011 986 3056 possideas,
1025 3012 1108 3048 licet
1139 3022 1160 3047 a
1187 3024 1229 3049 us
1260 3013 1298 3048 in

216 3057 234 3088 8
280 3052 394 3090 fundo
417 3053 475 3096 sit,
499 3054 617 3090 adhuc
640 3059 759 3092 tamen
781 3055 954 3102 possides.
997 3057 1035 3092 Si
1057 3058 1135 3102 quis
1159 3058 1299 3093 nuntiet

215 3098 356 3134 domum
385 3108 409 3134 a
438 3098 637 3135 latronibus
670 3106 882 3146 occupatam
913 3106 949 3137 et
978 3102 1139 3138 dominus
1170 3102 1298 3139 timore

215 3144 427 3179 conterritus
453 3143 608 3180 noluerit
630 3146 819 3188 accedere,
850 3147 1028 3183 amississe
1052 3157 1132 3183 eum
1155 3158 1296 3192 posses·

214 3187 349 3223 sionem
372 3189 502 3234 placet.
538 3189 633 3234 quod
656 3190 687 3225 si
711 3202 832 3226 servus
856 3191 912 3227 vel
936 3192 1095 3233 colonus,
1120 3202 1185 3237 per
1207 3203 1297 3237 quos

215 3243 366 3279 corpore
381 3233 622 3278 possidebam,
643 3234 860 3271 decesserint
878 3236 1158 3280 discesserintve‚
1179 3237 1297 3274 animo

214 3282 235 3313 9
281 3278 441 3314 retinebo
487 3279 758 3324 possessionem.
821 3281 869 3316 Et
907 3281 938 3317 si
975 3281 1035 3316 alii
1078 3281 1296 3325 tradiderim,

215 3323 339 3359 amitto
370 3323 643 3368 possessionem.
696 3335 777 3359 nam
817 3329 959 3362 constat
996 3326 1180 3371 possidere
1219 3338 1295 3371 nos,

215 3368 327 3403 donec
352 3371 416 3403 aut
438 3373 562 3404 nostra
585 3368 766 3405 voluntate
797 3370 1063 3408 discesserimus
1091 3375 1155 3407 aut
1178 3372 1211 3407 vi
1235 3371 1295 3407 de·

220 3416 258 3447 ιο
303 3413 387 3448 iecti
420 3412 602 3450 fuerimus.
664 3414 703 3450 Si
738 3424 877 3457 servus,
920 3426 1023 3460 quem
1058 3416 1294 3461 possidebam,

213 3467 279 3537 Em
303 3457 415 3494 libero
439 3468 478 3494 se
499 3463 610 3504 gerat,
635 3464 676 3495 ut
698 3458 783 3495 fecit
807 3459 1001 3505 Spartacus
1012 3463 1035 3503 ⁶,
1065 3463 1103 3496 et
1125 3461 1295 3497 iudicium

228 3501 361 3539 'berale
389 3503 466 3549 pati
499 3508 648 3549 paratus
684 3503 749 3547 sit,
788 3514 859 3541 non
889 3505 1066 3541 videbitur
1087 3517 1111 3542 a
1152 3506 1293 3542 domino

214 3622 253 3657 (ι)
276 3616 402 3650 uniffl
472 3619 514 3659 (2)
540 3618 683 3661 indeque
694 3630 757 3652 scr.
827 3619 871 3659 (8)
895 3620 930 3651 et
941 3618 1018 3651 add.
1038 3617 1084 3651 ΡΖ
1149 3623 1191 3657 (4)
1216 3617 1292 3661 plu·

215 3661 306 3694 ribus
323 3674 386 3695 scr.
479 3664 522 3704 (5)
547 3665 581 3696 et
600 3674 675 3696 eum
696 3663 755 3705 qui
774 3662 962 3706 nuncuparit
980 3664 1023 3704 ot]
1049 3673 1119 3696 eum
1137 3663 1196 3705 qui
1215 3673 1293 3696 usu-

215 3710 344 3749 caperet
355 3719 413 3740 scr.
510 3709 554 3747 m)
578 3710 616 3741 ut
628 3708 706 3741 fecit
718 3709 895 3753 Spartacus
908 3708 968 3740 del.
1058 3708 1101 3748 (1)
1127 3718 1179 3741 res
1191 3709 1252 3742 im.
1266 3707 1296 3742 S

1285 97 1371 147 652
1509 37 1571 116 Ὗ
1637 133 1641 138 Δ

1500 0 1508 41 ἰ

1940 117 2002 149 nn
2030 117 2323 157 ADQUIBERDA
2353 119 2439 149 vsi.

1362 223 1555 275 possideri,
1590 225 1648 260 cui
1682 236 1722 261 se
1756 226 1999 263 adversarium
2030 232 2234 272 praeparat.
2281 228 2344 264 sed
2372 229 2439 264 hoc

1362 273 1412 303 ita
1442 278 1563 303 verum
1585 273 1656 313 est,
1689 271 1717 306 si
1744 271 1803 306 diu
1826 271 1863 306 in
1886 271 2051 307 libertate
2072 276 2247 308 moratur:
2284 273 2439 318 alioquin

1362 313 1394 348 si
1424 323 1468 348 ex
1497 314 1722 358 possessione
1761 316 1939 351 servitutis
1971 317 2007 351 in
2044 316 2242 353 libertatem
2273 319 2437 353 reclama-

1362 358 1452 393 verit
1480 362 1516 393 et
1547 358 1694 395 liberale
1721 359 1891 396 iudicium
1914 361 2170 405 imploraverit,
2194 362 2302 397 nihilo
2327 363 2440 398 minus

1363 403 1635 447 inpossessione
1654 414 1734 440 mea
1752 410 1806 440 est
1829 410 1865 440 et
1889 406 2005 441 animo
2024 416 2103 441 eum
2128 407 2305 451 possideo,
2331 408 2441 442 donec

1367 451 1401 482 11
1453 448 1543 483 liber
1565 447 1673 483 fuerit
1693 450 1955 495 pronuntiatus.
2005 450 2123 486 Saltus
2147 452 2312 487 hibernos
2337 453 2440 487 aesti-

1365 502 1495 538 vosque
1518 492 1634 528 animo
1657 494 1890 538 possidemus,
1915 496 2071 540 quamvis
2097 497 2203 531 certis
2227 497 2442 541 temporibus

1371 540 1406 572 [2
1454 547 1515 573 eos
1544 537 1794 590 relinquamus.
1843 539 2006 575 Ceterum
2036 541 2152 575 animo
2185 545 2327 585 nostro,
2364 552 2441 576 cor-

1389 592 1452 618 ore
1474 583 1580 617 etiam
1604 583 1718 618 aheno
1743 584 1980 629 possidemus,
2005 586 2097 621 sicut
2120 585 2272 621 diximus
2321 597 2358 621 er
2382 597 2438 621 co-

1377 638 1485 662 onum
1508 632 1544 662 et
1567 638 1716 670 servum,
1740 639 1807 666 nec
1830 639 1974 665 movere
1996 641 2062 666 nos
2081 630 2197 674 debet,
2222 642 2290 675 quo
2339 642 2438 675 quas-

1365 671 1469 707 dam⁷
1494 672 1600 707 etiam
1622 673 1825 718 ignorantes
1847 674 2080 719 possidemus,
2104 675 2142 710 id
2165 680 2220 711 est
2243 687 2330 720 quas
2354 676 2443 710 servi

1364 716 1590 762 peculiariter
1612 722 1845 763 paraverunt:
1878 730 1961 754 nam
1989 720 2148 755 videmur
2170 731 2232 756 eas
2256 721 2443 756 eorundem

1372 765 1407 797 13
1457 766 1493 797 et
1515 763 1632 798 animo
1657 767 1693 798 et
1717 774 1867 808 corpore
1891 764 2081 808 possidere.
2130 765 2248 800 Nerva
2270 766 2364 800 filius
2388 776 2444 800 res

1365 807 1513 843 mobiles
1556 812 1704 852 excepto
1751 808 1910 851 homine,
1952 812 2126 854 quatenus
2170 811 2237 845 sub
2284 810 2445 846 custodia

1366 858 1490 887 nostra
1517 852 1606 895 sint,
1642 853 1815 889 hactenus
1839 854 2032 898 possideri,
2067 854 2103 889 id
2126 859 2181 890 est
2204 862 2389 900 quatenus,
2415 855 2444 890 si

1365 897 1529 939 velimus,
1561 898 1761 933 naturalem
1791 899 2052 943 possessionem
2075 900 2233 934 nancisci
2256 901 2443 945 possimus.

1365 952 1448 976 narn
1470 953 1580 987 pecus
1610 942 1715 978 simul
1738 946 1845 995 atque
1868 944 2085 979 aberraverit
2108 950 2172 979 aut
2194 955 2255 980 vas
2278 946 2329 980 ita
2350 946 2445 980 exci-

1365 987 1472 1030 derit,
1506 992 1547 1022 ut
1576 998 1648 1022 non
1680 988 1891 1030 invematur,
1928 988 2090 1039 protinus
2114 989 2274 1025 desinere
2298 1001 2320 1025 a
2343 990 2445 1025 nobis

1365 1032 1550 1077 possideri,
1574 1032 1659 1068 licet
1682 1043 1704 1067 a
1727 1033 1824 1068 nullo
1848 1033 2090 1077 possideatur:
2115 1034 2329 1070 dissimiliter
2341 1039 2447 1080 atque

1365 1077 1397 1112 si
1427 1078 1494 1112 sub
1527 1077 1690 1113 custodia
1721 1088 1800 1113 mea
1823 1078 1870 1113 sit
1898 1089 1964 1113 nec
1988 1078 2205 1121 inveniatur,
2238 1081 2321 1124 quia
2345 1091 2443 1125 prae·

1366 1122 1481 1157 sentia
1504 1122 1580 1158 eius
1615 1122 1662 1157 sit
1684 1126 1721 1158 et
1742 1126 1883 1157 tantum
1914 1127 2031 1158 cessat
2058 1123 2198 1159 interim
2223 1125 2370 1170 diligens
2392 1125 2445 1159 iu-

1370 1171 1407 1201 14
1456 1167 1609 1212 quisitio.
1657 1168 1747 1203 Item
1770 1167 1864 1203 feras
1889 1167 2033 1210 bestias,
2059 1179 2147 1213 quas
2171 1170 2310 1205 vivariis
2334 1169 2446 1205 inclu-

1368 1212 1539 1255 serimus,
1564 1217 1600 1248 et
1622 1213 1760 1257 pisces,
1791 1223 1880 1258 quos
1904 1214 1941 1247 in
1964 1214 2121 1258 piscinas
2147 1214 2394 1253 coiecerimus.
2427 1225 2448 1249 a

1365 1257 1469 1292 nobis
1492 1258 1678 1302 possideri.
1726 1257 1790 1294 sed
1814 1268 1875 1294 eos
1906 1259 2039 1303 pisces,
2071 1259 2132 1303 qui
2154 1259 2191 1294 in
2215 1264 2339 1305 stagno
2364 1261 2445 1301 sint,

1365 1306 1428 1337 aut
1451 1302 1565 1344 feras,
1597 1313 1688 1347 quae
1718 1302 1757 1337 in
1791 1302 1887 1338 silvis
1929 1303 2172 1348 circumseptis
2204 1311 2394 1349 vagantur,
2427 1315 2448 1339 a

1365 1347 1469 1383 nobis
1493 1358 1565 1383 non
1588 1347 1783 1392 possideri,
1819 1348 1985 1393 quoniam
2017 1349 2163 1384 relictae
2186 1350 2258 1384 sint
2283 1350 2317 1384 in
2343 1350 2445 1385 liber-

1365 1395 1439 1427 tate
1469 1393 1642 1427 naturali:
1675 1393 1833 1438 alioquin
1864 1393 1970 1428 etiam
2000 1393 2030 1428 si
2062 1395 2140 1438 quis
2165 1394 2288 1429 silvam
2313 1395 2446 1435 emerit,

1365 1437 1473 1473 videri
1505 1448 1585 1473 eum
1617 1448 1737 1473 omnes
1761 1438 1856 1473 feras
1879 1438 2079 1483 possidere,
2112 1439 2207 1483 quod
2231 1439 2360 1475 falsum
2384 1444 2447 1474 est.

1370 1486 1407 1516 15
1455 1484 1548 1518 Aves
1573 1486 1691 1518 autem
1714 1483 1948 1528 possidemus,
1973 1493 2060 1528 quas
2083 1484 2240 1519 inclusas
2264 1485 2447 1522 habemus.

1364 1530 1428 1562 aut
1466 1527 1497 1562 si
1537 1538 1630 1572 quae
1669 1532 1876 1563 mansuetae
1917 1528 2036 1563 factae
2079 1530 2263 1565 custodiae
2306 1535 2449 1564 nostrae

1368 1575 1409 1607 16
1456 1573 1638 1608 subiectae
1661 1577 1755 1608 sunt.
1835 1573 1954 1608 uidam
1984 1577 2081 1609 recte
2111 1578 2240 1619 putant
2267 1575 2448 1610 columbas

1365 1628 1524 1662 quoque,
1549 1628 1641 1663 quae
1665 1618 1709 1653 ab
1724 1618 1812 1653 >aed'
1842 1618 1905 1653 ciis
1930 1619 2060 1653 nostris
2084 1619 2220 1661 volant,
2244 1619 2328 1655 item
2352 1630 2448 1665 apeS,

1366 1673 1458 1707 quae
1489 1673 1534 1698 ex
1557 1662 1666 1698 alveis
1690 1663 1821 1698 nostris
1846 1663 1988 1698 evolant
2021 1667 2057 1698 et
2080 1664 2276 1699 secundum
2299 1676 2447 1700 consue-

1370 1710 1408 1742 17
1457 1707 1616 1743 tudinem
1644 1707 1813 1751 redeunt,
1846 1718 1868 1743 a
1899 1709 2002 1744 nobis
2035 1708 2219 1753 possideri.
2267 1710 2390 1745 Labeo
2415 1715 2449 1744 et

1365 1751 1485 1788 Nerva
1507 1752 1602 1788 filius
1619 1752 1880 1798 responderunt
1903 1753 2063 1789 desinere
2085 1764 2142 1789 me
2164 1754 2346 1799 possidere
2370 1766 2447 1790 eum

1372 1800 1410 1832 18
1457 1798 1597 1840 locum,
1630 1808 1734 1842 quem
1756 1797 1888 1834 flumen
1918 1802 1983 1833 aut
2003 1808 2102 1834 mare
2127 1800 2364 1844 occupaverit.
2412 1800 2450 1835 Si

1366 1853 1441 1879 rem
1464 1842 1560 1888 apud
1583 1846 1620 1878 te
1643 1843 1840 1888 depositam
1863 1843 1949 1879 furti
1978 1843 2132 1879 faciendi
2155 1854 2266 1880 causa
2289 1851 2448 1880 contrec-

1365 1888 1513 1930 taveris,
1545 1888 1667 1924 desino
1690 1888 1885 1933 possidere.
1932 1888 1996 1924 sed
2019 1889 2048 1924 si
2076 1899 2155 1924 eam
2177 1890 2257 1925 loco
2281 1901 2351 1925 non
2376 1901 2448 1925 mo-

1366 1933 1458 1968 veris
1490 1936 1527 1968 et
1557 1932 1733 1969 infitiandi
1756 1933 1912 1968 animum
1934 1934 2086 1976 habeas,
2135 1934 2270 1979 lerique
2293 1939 2448 1970 veterum

1368 1982 1403 2014 et
1426 1978 1580 2013 Sabinus
1612 1981 1649 2014 et
1672 1978 1817 2014 Cassius
1848 1982 1945 2014 recte
1979 1945 2237 2023 responderunt
2269 1991 2448 2024 possesso-

1367 2033 1441 2059 rem
1464 2034 1521 2058 me
1538 2033 1692 2066 manere,
1718 2023 1802 2068 quia
1825 2023 1959 2059 furtum
1983 2024 2058 2059 sine
2084 2025 2362 2060 contrectatione
2375 2025 2449 2060 fieri

1370 2071 1410 2103 19
1458 2079 1529 2104 non
1552 2072 1672 2114 potest
1699 2078 1766 2105 nec
1790 2069 1907 2104 animo
1938 2068 2072 2104 furtum
2095 2069 2312 2105 admittatur.
2360 2070 2449 2105 illud

1368 2124 1507 2158 quoque
1541 2124 1562 2148 a
1598 2113 1776 2150 veteribus
1815 2118 2046 2158 praeceptum
2085 2118 2140 2150 est
2175 2114 2349 2150 neminem
2384 2115 2449 2150 sibi

1369 2161 1412 2194 20
1458 2158 1576 2203 ipsum
1609 2168 1756 2194 causam
1787 2159 2022 2204 possessionis
2055 2162 2192 2194 mutare
2214 2170 2331 2205 posse.
2380 2159 2449 2195 Sed

1368 2203 1398 2239 si
1420 2203 1471 2246 is,
1504 2204 1564 2249 qui
1594 2203 1692 2249 apud
1721 2213 1778 2239 me
1809 2203 1974 2248 deposuit
2003 2204 2059 2239 vel
2091 2204 2340 2247 commodavit,
2373 2215 2451 2240 eam

1367 2259 1443 2284 rem
1465 2248 1661 2284 vendiderit
1684 2248 1770 2284 mihi
1792 2249 1848 2284 vel
1871 2248 2070 2292 donaverit,
2103 2260 2174 2285 non
2197 2250 2343 2286 videbor
2366 2261 2448 2285 cau-

1367 2303 1444 2329 sam
1475 2294 1711 2338 possessionis
1748 2294 1834 2329 mihi
1862 2298 2017 2338 mutare,
2058 2294 2119 2339 qui
2150 2304 2195 2330 ne
2224 2294 2448 2340 possidebam

1369 2341 1408 2373 21
1459 2338 1611 2383 quidem.
1656 2338 1796 2374 Genera
1818 2339 2085 2383 possessionum
2108 2343 2163 2375 tot
2185 2344 2280 2382 sunt,
2305 2344 2391 2386 quot
2415 2345 2451 2375 et

1369 2393 1499 2419 causae
1522 2383 1731 2428 adquirendi
1759 2383 1834 2419 eius
1864 2384 1959 2429 quod
1982 2388 2143 2419 nostrum
2166 2395 2238 2420 non
2262 2385 2325 2428 sit,
2355 2386 2450 2421 velut

1393 2439 1433 2463 ro
1453 2432 1629 2473 emptore:
1654 2439 1721 2474 pro
1745 2428 1896 2464 donato:
1921 2440 1986 2474 pro
2010 2429 2144 2474 legato:
2169 2440 2234 2474 pro
2259 2430 2359 2465 dote:
2410 2441 2448 2466 ro

1367 2439 1515 2509 Berede:
1547 2484 1613 2519 pro
1651 2484 1767 2509 noxae
1802 2473 1938 2509 dedito:
1972 2484 2038 2519 pro
2071 2485 2155 2517 suo,
2191 2474 2286 2510 siout
2315 2475 2352 2510 in
2382 2442 2448 2516 Eis,

1368 2528 1460 2563 quae
1492 2522 1590 2554 terra
1628 2519 1788 2564 marique
1823 2518 1878 2553 vel
1916 2529 1961 2554 ex
1999 2519 2162 2554 hostibus
2202 2521 2360 2565 capimus
2395 2521 2447 2556 vel

1368 2573 1459 2608 quae
1476 2564 1557 2608 ipsi,
1582 2568 1622 2598 ut
1644 2564 1682 2599 in
1704 2574 1821 2599 rerum
1844 2568 1973 2599 natura
1995 2568 2126 2606 essent,
2149 2564 2308 2600 fecimus.
2356 2569 2391 2600 et
2413 2565 2448 2600 in

1367 2618 1504 2644 summa
1533 2608 1643 2654 magis
1676 2618 1785 2643 unum
1821 2618 1931 2652 genus
1961 2613 2015 2644 est
2050 2609 2273 2654 possidendi,
2313 2610 2448 2655 species

1368 2655 1409 2688 22
1457 2653 1626 2689 infinitae.
1676 2653 1743 2689 Vel
1778 2654 1883 2688 etiam
1916 2657 2035 2699 potest
2074 2654 2179 2689 dividi
2214 2656 2448 2699 possessionis

1365 2708 1476 2743 genus
1507 2698 1545 2734 in
1569 2699 1659 2735 duas
1682 2700 1835 2744 species,
1867 2704 1908 2734 ut
1930 2699 2155 2744 possideatur
2177 2704 2240 2734 aut
2263 2700 2357 2735 bona
2380 2700 2448 2735 fide

1368 2746 1410 2778 23
1436 2747 1499 2779 aut
1522 2754 1594 2780 non
1617 2744 1713 2780 bona
1734 2743 1814 2779 fide.
1865 2743 1967 2788 Quod
1990 2750 2108 2780 autem
2132 2744 2283 2789 Quintus
2306 2745 2447 2781 Mucius

1366 2788 1460 2824 inter
1491 2799 1623 2833 genera
1653 2789 1918 2834 possessionum
1950 2789 2086 2834 posuit,
2122 2789 2153 2824 si
2183 2789 2324 2834 quando
2349 2790 2445 2825 iussu

1448 2833 1457 2842 ⁸
1478 2837 1594 2869 tratus
1628 2834 1681 2869 rei
1711 2834 1907 2869 servandae
1945 2836 2079 2869 causa⁸
2116 2834 2354 2879 possidemus,
2394 2835 2446 2869 in-

1367 2879 1586 2924 eptissimum
1617 2883 1686 2914 est:
1723 2889 1805 2914 nam
1841 2879 1899 2923 qui
1932 2879 2141 2915 creditorem
2172 2879 2225 2915 rei
2255 2880 2447 2914 servandae

1368 2933 1478 2959 causa
1501 2924 1556 2958 vel
1579 2924 1663 2969 quia
1686 2923 1805 2958 damni
1828 2923 1952 2959 infecti
1975 2935 2045 2959 non
2070 2928 2255 2966 caveatur,
2279 2924 2388 2959 mittit
2410 2925 2445 2959 in

1366 2968 1626 3014 possessionem
1657 2969 1712 3004 vel
1742 2969 1874 3004 ventris
1898 2970 2056 3011 nomine,
2081 2979 2153 3005 non
2175 2969 2446 3014 possessionem,

1366 3013 1431 3049 sed
1454 3013 1652 3049 custodiam
1682 3023 1799 3049 rerum
1829 3017 1865 3049 et
1889 3013 2167 3049 observationem
2193 3014 2375 3050 concedit:
2410 3019 2447 3049 et

1365 3058 1461 3100 ideo,
1495 3069 1576 3093 cum
1600 3057 1720 3093 damni
1749 3058 1871 3094 infecti
1896 3069 1967 3094 non
1991 3062 2136 3094 cavente
2165 3058 2278 3094 vicino
2302 3058 2340 3094 in
2362 3070 2445 3104 pos-

1366 3103 1559 3139 sessionem
1590 3103 1689 3139 missi
1720 3114 1861 3146 sumus,
1900 3104 1928 3139 si
1962 3104 2000 3139 id
2037 3104 2142 3148 longo
2181 3107 2341 3149 tempore
2370 3103 2444 3145 fiat,

1366 3148 1472 3183 etiam
1500 3147 1682 3193 possidere
1714 3149 1817 3184 nobis
1848 3153 1884 3184 et
1920 3159 1984 3193 per
2014 3148 2154 3192 longam
2187 3149 2445 3193 possessionem

1367 3203 1494 3237 capere
1517 3196 1663 3238 praetor
1687 3204 1798 3229 causa
1822 3193 1963 3238 cognita
1990 3193 2172 3238 permittit.

1413 3236 1438 3274 4
1469 3237 1663 3273 ULPIANUS
1681 3239 1771 3274 libro
1789 3239 2042 3285 sexaqcusimo
2055 3239 2205 3284 septimo
2226 3238 2276 3274 ad
2292 3239 2443 3274 edictum

1366 3281 1545 3327 Quidquid
1574 3282 1668 3318 filius
1706 3283 1879 3328 peculiari
1910 3283 2049 3318 nomine
2081 3283 2369 3328 adprehenderit,
2408 3282 2444 3318 id

1366 3327 1486 3362 statim
1521 3331 1624 3371 pater
1655 3328 1730 3363 eius
1761 3327 1937 3373 possidet,
1973 3328 2131 3372 quamvis
2161 3328 2170 3361 i
2220 3333 2297 3363 oret
2320 3328 2356 3363 in
2379 3338 2444 3363 sua

1364 3375 1542 3417 potestate
1582 3371 1702 3408 filium.
1767 3383 1823 3408 am
1849 3372 1917 3407 lius
1957 3372 2061 3407 etiam
2100 3373 2131 3408 si
2206 3372 2259 3407 'us
2296 3373 2342 3408 ab
2374 3373 2443 3408 alio

1364 3421 1544 3461 tamquam
1576 3427 1698 3453 servus
1722 3418 1821 3463 possi
1847 3420 1962 3458 eatur,
1994 3417 2086 3452 idem
2111 3418 2177 3452 erit
2208 3418 2441 3462 prohemium.

1410 3459 1435 3499 5
1459 3460 1515 3496 ΡΑ
1525 3471 1619 3496 vsvs
1654 3463 1746 3499 libro
1774 3463 2027 3508 seaeaqcvisinao
2067 3463 2170 3497 tertio
2210 3462 2259 3497 ad
2290 3463 2441 3497 edictum

1364 3505 1401 3541 si
1425 3515 1468 3541 ex
1492 3506 1722 3551 stipulatione
1753 3507 1817 3543 tibi
1841 3506 2000 3542 Stichum
2030 3506 2177 3542 debeam
2208 3511 2244 3541 et
2275 3517 2345 3542 non
2370 3511 2440 3541 tra-

1362 3619 1417 3696 PI
1438 3616 1496 3696 Υἱὲ
1515 3618 1595 3659 quia
1615 3617 1730 3652 damni
1752 3618 1867 3652 infecti
1898 3607 1977 3650 nou
1994 3620 2149 3651 caveatur
2177 3618 2266 3651 mitti
2295 3619 2352 3652 ins.
2383 3619 2442 3655 F⁶,

1385 3674 1423 3696 e.

2516 3614 2528 3711 *3

2519 3716 2528 3775 3
