2528 3918
101 102 438 137 ALLUV'IONIBUS

98 215 140 250 de
162 214 401 249 alluvionibus
430 216 464 249 et
489 215 670 259 paludibus
703 217 737 250 et
766 217 807 251 de
836 217 969 260 pascuis
1002 216 1046 251 ad
1079 217 1183 252 alium

166 261 291 294 statum
313 258 484 293 translatis
531 260 566 294 0.
591 263 624 303 7,
643 262 686 296 41

98 306 142 339 ad
163 305 271 348 legem
294 304 418 338 Iuliam
441 305 481 339 de
505 308 638 339 ambitu
687 306 722 340 0.
746 307 779 349 9,
803 308 846 341 26

99 351 140 384 (16
162 350 236 394 lege
258 349 349 383 Iulia
372 352 525 384 ambitus
569 351 613 384 D.
638 352 693 393 48,
722 353 762 386 14

99 396 141 429 (16
162 395 370 438 adquirenda
390 394 444 429 vel
467 395 659 429 amittenda
682 396 884 440 possessione
931 397 974 430 D.
999 400 1054 440 41,
1078 399 1099 431 2

99 451 212 475 rerum
235 444 434 474 amotarum
482 440 516 474 C.
546 443 577 482 5,
601 442 642 475 21

100 485 141 519 de
163 486 295 519 actione
318 488 517 519 motarum
540 496 653 519 rerum
699 486 743 519 D.
769 488 823 529 25,
849 489 869 521 2

100 541 148 564 an
170 541 230 574 per
256 531 361 564 alium
389 540 506 564 causae
536 531 798 574 appellationum
830 532 925 565 reddi
955 534 1095 575 possunt
1140 532 1183 564 D.

101 631 149 655 an
171 600 362 700 ἓοίἳιειῗ
389 630 451 653 suo
482 620 569 654 facto
600 623 675 665 post
704 622 995 655 manumissionem
1032 623 1186 655 teneatur

101 711 142 744 de
165 691 265 743 curati
286 709 422 753 publico
445 714 609 754 angariis
631 714 665 745 et
686 713 895 755 parangariis
943 711 976 744 0.
1005 713 1056 754 12,
1082 713 1125 746 50

102 756 142 789 (16
173 755 298 788 annali
325 756 519 798 exceptione
541 756 654 790 Italici
685 759 876 790 contractus
905 756 1053 789 tollenda
1084 758 1118 789 et
1146 756 1186 789 de

167 800 306 833 diversis
327 800 532 844 temporibus
555 804 588 835 et
610 802 860 845 exceptionibus
888 804 922 834 et
952 801 1185 845 praescriptio-

168 845 268 878 nibus
291 846 324 878 et
345 845 649 889 interruptionibus
672 857 785 880 earum
834 846 868 880 C.
894 849 925 887 7,
949 848 993 881 40

102 890 143 923 de
166 891 319 923 annonis
340 890 498 924 civilibus
545 891 579 925 0.
608 894 658 934 11,
684 893 725 926 25

102 936 142 969 de
165 936 318 968 annonis
350 938 385 970 et
413 937 528 980 capitu
557 936 860 970 administrantium
894 935 947 969 vel
982 937 1185 971 adsessorum

169 980 354 1014 aliorumve
367 980 520 1024 publicas
531 982 774 1015 sollicitudines
785 981 972 1023 gerentium
995 982 1048 1015 vel
1072 993 1185 1016 eorum

169 1026 229 1068 qui
251 1024 382 1068 aliquas
403 1028 573 1060 consecuti
594 1030 674 1059 sunt
695 1027 876 1069 dignitates
924 1026 958 1060 C.
988 1029 1017 1070 1,
1041 1029 1084 1062 52

102 1071 144 1104 de
167 1072 320 1104 annonis
342 1073 376 1105 et
398 1071 534 1104 tributis
581 1072 615 1106 0.
644 1074 695 1110 10,
723 1073 762 1106 16

102 1116 144 1149 (16
166 1118 298 1149 annuis
317 1114 438 1159 legatis
460 1119 493 1150 et
513 1116 771 1150 fideicommissis
815 1117 859 1149 D.
884 1117 939 1159 33,
965 1118 981 1151 1

103 1161 144 1194 de
164 1162 308 1204 apochis
317 1161 463 1204 publicis
474 1163 508 1195 et
526 1162 805 1205 descriptionibus
819 1162 999 1195 curialium
1025 1160 1060 1195 0.
1078 1163 1130 1206 10,
1144 1163 1185 1197 22

104 1206 145 1239 (16
168 1207 338 1250 apostatis
384 1206 418 1241 0.
446 1209 476 1248 1,
499 1209 518 1239 7

104 1251 145 1285 (16
167 1252 434 1295 apparitoribus
455 1252 585 1285 comitis
607 1252 755 1286 Orientis
802 1251 837 1286 0.
864 1253 915 1293 12,
940 1254 984 1287 56

104 1296 145 1330 de
168 1296 306 1330 diversis
328 1296 447 1330 officiis
477 1299 511 1330 et
541 1299 804 1341 apparitoribus
827 1297 977 1330 iudicum
1007 1298 1040 1331 et
1067 1296 1187 1341 proba-

171 1341 268 1375 toriis
290 1352 404 1375 eorum
452 1341 486 1376 0.
513 1344 566 1385 12,
590 1344 633 1377 59

104 1386 146 1421 (16
184 1388 450 1465 apparitocribus
481 1388 716 1430 magistrorum
754 1386 901 1420 militum
936 1390 970 1421 et
1001 1387 1189 1430 privilegiis

171 1442 287 1466 eorum
361 1458 369 1465 .
395 1433 448 1475 12,
471 1434 514 1467 54

105 1476 147 1511 de
169 1478 437 1521 apparitoribus
457 1477 617 1520 praefecti
640 1488 791 1511 annonae
840 1476 875 1512 0.
903 1479 955 1519 12,
979 1479 1022 1513 58

106 1522 147 1556 (16
170 1523 436 1566 apparitoribus
456 1523 616 1565 praefecti
639 1523 733 1556 urbis
781 1523 814 1557 0.
842 1524 894 1564 12,
918 1524 962 1558 53

105 1567 147 1601 de
169 1568 434 1646 apparitog'bus
464 1568 707 1610 praefectorum
736 1569 905 1611 praetorio
936 1571 970 1602 et
1002 1568 1190 1612 privilegiis

173 1623 288 1646 eorum
362 1637 369 1645 .
396 1614 447 1655 12,
472 1614 515 1648 52

105 1654 148 1691 (16
170 1658 435 1701 apparitoribus
456 1657 662 1701 proconsulis
685 1659 719 1691 et
739 1657 844 1700 legati
890 1657 925 1692 0.
952 1659 1004 1699 12,
1029 1661 1071 1692 55

106 1702 148 1736 (16
170 1702 465 1746 appellationibus
488 1706 522 1737 et
544 1703 845 1736 consultationibus
893 1702 927 1736 0.
954 1705 987 1746 7,
1011 1705 1053 1738 62

106 1747 147 1782 (16
170 1747 466 1791 appellationibus
488 1751 521 1781 et
543 1748 764 1781 relationibus
808 1749 852 1781 D.
876 1750 931 1790 49,
958 1751 975 1783 1

106 1793 147 1827 (16
214 1792 466 1836 pollutionibus
488 1793 687 1836 recipiendis
710 1793 762 1827 vel
785 1804 854 1827 non
898 1794 943 1826 D.
968 1795 1023 1837 49,
1047 1797 1067 1829 5

106 1849 129 1872 a
224 1848 300 1871 eum
325 1847 346 1870 a
368 1848 434 1880 qno
457 1838 645 1881 appellatur
675 1838 775 1872 aliam
807 1849 939 1872 causam
971 1850 1069 1882 agere
1099 1850 1188 1874 com—

149 1882 343 1927 pellendum
386 1883 431 1916 D.
455 1886 511 1926 49,
539 1886 577 1917 12

106 1929 148 1962 (16
169 1928 386 1962 servitutibus
407 1930 442 1962 et
463 1929 504 1962 de
526 1940 620 1972 aqua
667 1928 702 1963 0.
727 1930 759 1971 3,
783 1930 827 1963 34

106 1974 148 2007 (16
169 1984 264 2017 aqua
286 1973 470 2007 cottidiana
492 1977 525 2007 et
547 1974 672 2007 aestiva
714 1974 759 2007 D.
783 1976 839 2017 43,
863 1975 906 2009 20

106 2019 148 2053 de
170 2029 265 2062 aqua
287 2020 321 2052 et
342 2029 448 2061 aquae
468 2018 603 2062 pluviae
625 2019 786 2053 arcendae
830 2020 874 2053 D.
900 2020 954 2062 39,
977 2020 998 2053 3

106 2064 148 2098 de
169 2063 393 2108 aquaeductu
440 2064 474 2098 0.
502 2067 554 2108 11,
577 2066 621 2099 43

106 2108 549 2198 ...mm
568 2109 666 2190 ἕπε,
695 2110 739 2189 ς’-
753 2111 863 2190 ..⁴⁹⁹2

480 2181 488 2189 .
535 2181 543 2196 ‚
664 2180 671 2188 .
719 2180 729 2198 ‚

106 2199 151 2234 ad
171 2198 280 2243 legem
300 2199 482 2243 Aquiliam
525 2200 570 2233 D.
594 2201 627 2242 9,
650 2201 670 2234 2

107 2246 297 2279 arbitrium
319 2244 443 2279 tutelae
491 2245 525 2279 0.
549 2247 580 2288 5,
606 2248 646 2280 51

106 2290 148 2324 (16
169 2291 358 2324 arboribus
378 2289 553 2324 caedendis
596 2291 640 2323 D.
665 2292 719 2333 43,
743 2292 784 2324 27

106 2336 276 2370 arborum
298 2335 416 2368 furtim
438 2345 606 2369 caesarum
650 2336 694 2369 D.
718 2338 775 2378 47,
798 2337 817 2369 7

107 2381 148 2415 de
170 2380 416 2423 susceptoribus
435 2381 632 2424 praepositis
655 2383 689 2414 et
710 2383 864 2415 arcariis
913 2380 948 2415 0.
978 2383 1031 2424 10,
1056 2382 1099 2415 72

106 2426 148 2460 (16
170 2425 348 2459 comitibus
371 2427 405 2459 et
426 2427 619 2460 archiatris
640 2427 726 2460 sacri
747 2426 866 2470 palatii
913 2426 948 2461 0.
974 2428 1027 2468 12,
1053 2429 1093 2461 13

106 2472 148 2506 (16
170 2473 318 2550 ortega
334 2471 443 2514 pretio
466 2472 556 2513 quod
579 2472 743 2506 thesauris
765 2472 909 2506 infertur
957 2471 994 2509 0.
1023 2473 1077 2514 10,
1102 2473 1143 2506 78

107 2528 174 2552 ass.
196 2527 229 2550 v.
318 2541 328 2550 .

107 2563 149 2596 de
171 2561 311 2595 athletis
357 2560 392 2595 0.
420 2563 470 2603 10,
495 2564 539 2596 54

107 2608 149 2642 (16
170 2606 329 2641 Atiliano
360 2608 471 2640 tutore
502 2606 554 2640 vel
583 2618 622 2641 eo
653 2609 712 2650 qui
744 2618 784 2642 ex
811 2607 886 2651 lege
914 2606 1005 2640 Iulia
1035 2608 1069 2641 et
1099 2607 1190 2641 Titia

175 2652 318 2686 dabatur
362 2652 394 2685 J.
422 2653 450 2694 1,
475 2654 517 2686 20

107 2698 149 2733 (16
172 2698 386 2732 auctoritate
416 2699 450 2730 et
476 2707 637 2730 consensu
667 2698 817 2731 tutorum
845 2700 879 2731 et
907 2699 1100 2732 curatorum
1145 2697 1189 2731 D.

175 2745 233 2785 26,
255 2743 277 2777 8

107 2790 149 2824 (16
170 2788 385 2822 auctoritate
404 2787 602 2830 praestanda
648 2787 683 2822 0.
707 2790 740 2830 5,
763 2790 806 2822 59

107 2835 149 2869 de
171 2834 383 2868 auctoritate
403 2834 553 2865 tutorum
598 2832 631 2866 J.
658 2835 687 2874 1,
710 2834 750 2866 21

107 2880 149 2914 de
171 2878 282 2913 officio
304 2877 464 2921 praefecti
486 2877 694 2919 Augustalis
737 2878 782 2911 D.
809 2881 838 2921 1,
868 2881 905 2913 17
955 2878 990 2912 0.
1016 2880 1046 2921 1,
1070 2879 1112 2913 37

107 2925 149 2959 (16
170 2924 246 2958 inre
268 2933 460 2957 aureorum
482 2922 661 2956 anulorum
707 2923 750 2955 D.
774 2925 830 2965 40,
857 2926 897 2958 10
946 2924 981 2958 0.
1006 2926 1038 2967 6,
1061 2925 1082 2959 8

107 2970 149 3004 (16
171 2971 256 3003 auri
275 2967 406 3012 publici
426 2967 696 3011 prosecutoribus
743 2967 779 3001 0.
808 2972 858 3010 10,
883 2971 926 3003 74

107 3015 149 3050 (16
172 3024 263 3049 mro
285 3015 426 3057 argento
447 3013 573 3046 mundo
596 3014 800 3047 ornamentis
823 3014 1005 3056 unguentis
1026 3015 1116 3048 veste
1139 3014 1190 3047 vel

175 3058 382 3094 vestimentis
404 3059 438 3092 et
459 3058 578 3091 statuis
600 3057 719 3100 legatis
763 3059 807 3091 D.
833 3062 887 3102 34,
912 3061 931 3094 2

107 3105 148 3141 de
170 3115 262 3140 auro
283 3103 459 3139 coronario
506 3103 541 3138 0.
568 3105 621 3146 10,
645 3105 688 3139 76

622 3205 672 3249 Β.

107 3287 149 3323 (16
171 3287 273 3323 bonis
295 3285 495 3320 auctoritate
523 3284 646 3317 iudicis
672 3283 877 3327 possidendis
906 3295 964 3319 seu
987 3286 1190 3320 venumdan—

175 3332 228 3366 dis
250 3333 284 3366 et
305 3332 347 3366 de
368 3329 634 3375 separationibus
681 3327 716 3363 0.
742 3332 773 3371 7,
797 3330 841 3363 72

107 3379 149 3413 (16
171 3379 272 3412 bonis
293 3377 527 3411 damnatorum
571 3374 615 3408 D.
640 3375 695 3416 48,
720 3375 763 3408 20

108 3423 149 3457 de
178 3425 279 3458 bonis
306 3433 422 3457 eorum
450 3421 511 3464 qui
540 3422 619 3454 ante
646 3419 844 3453 sententiam
875 3419 927 3454 vel
958 3423 1097 3454 mortem
1127 3422 1191 3455 sibi

176 3469 410 3503 consciverunt
430 3466 484 3500 vel
506 3466 731 3501 accusatorem
754 3468 977 3508 corruperunt
1021 3467 1065 3499 D.
1078 3468 1133 3509 48,
1148 3469 1183 3501 21

108 3514 149 3548 de
172 3515 273 3548 bonis
293 3515 435 3549 mortem
455 3511 521 3545 sibi
543 3511 782 3546 conscientium
829 3510 864 3545 0.
888 3513 921 3554 9,
946 3512 988 3546 50

108 3559 149 3594 (16
172 3561 272 3594 bonis
292 3560 491 3594 libertorum
534 3557 579 3591 D.
604 3559 659 3600 38,
682 3559 703 3592 2

108 3605 149 3638 de
173 3607 273 3639 bonis
294 3606 490 3639 libertorum
513 3604 547 3637 et
568 3603 609 3637 de
631 3604 707 3637 inre
727 3603 925 3646 patronatus
971 3601 1006 3636 0.
1031 3603 1065 3644 6,
1087 3603 1109 3637 4

109 3650 150 3684 de
172 3651 273 3685 bonis
294 3650 453 3684 maternis
475 3649 510 3683 et
528 3649 673 3683 materni
693 3647 827 3692 generis
873 3646 907 3682 0.
931 3649 964 3689 6,
988 3648 1032 3682 60

109 3695 150 3729 de
173 3698 273 3731 bonis
293 3696 556 3740 proscriptorum
577 3704 636 3730 seu
659 3694 889 3729 damnatorum
938 3691 973 3727 0.
999 3694 1031 3735 9,
1055 3693 1099 3727 49

2267 0 2293 11 xe

1192 96 1256 141 IV
2093 109 2337 146 comunes

1252 219 1292 252 de
1316 219 1416 252 bonis
1443 227 1529 261 qnae
1550 217 1667 253 liberis
1688 219 1726 253 in
1747 220 1909 264 potestate
1932 221 2122 256 constitutis
2155 232 2195 256 ex
2222 223 2339 257 matri·

1319 262 1511 344 10661ὲίοὸἶώ
1528 263 1611 297 alias
1628 264 1854 307 adquiruntur
1869 267 1903 300 et
1920 276 2035 301 eorum
2051 267 2339 302 administratione

1350 334 1359 343 .
1406 333 1417 350 ,
1981 343 1986 347 .

1254 353 1294 386 de
1318 354 1419 387 bonis
1441 353 1638 387 vacantibus
1661 355 1694 387 et
1715 353 1757 387 de
1778 354 2049 400 incorporatione
2095 357 2132 392 0.
2158 359 2210 400 10,
2235 359 2276 392 10

1257 397 1298 432 (16
1322 399 1495 432 bonorum
1516 399 1718 442 possessione
1741 402 1859 433 contra
1882 401 2012 435 tabulas
2055 402 2099 435 D.
2125 404 2179 444 37,
2202 405 2225 438 4

1254 442 1295 476 de
1318 444 1490 477 bonorum
1512 444 1716 487 possessione
1739 447 1856 478 contra
1878 445 2010 479 tabulas
2031 445 2145 480 liberti
2173 458 2258 491 quae
2279 458 2337 491 pa-

1321 488 1428 522 tronis
1451 487 1504 521 vel
1527 488 1643 522 liberis
1665 499 1779 522 eorum
1803 489 1902 524 datur
1950 490 1986 525 0.
2009 493 2042 533 6,
2067 493 2109 526 13

1254 532 1294 566 (16
1326 534 1499 566 bonorum
1529 533 1732 576 possessione
1767 537 1884 568 contra
1918 535 2049 569 tabulas
2079 546 2178 579 quam
2206 539 2338 580 praetor

1320 577 1436 612 liberis
1457 577 1639 621 pollicetur
1686 577 1721 612 0.
1747 581 1779 621 6,
1802 582 1842 614 12

1254 622 1295 655 (16
1318 623 1492 656 bonorum
1513 623 1716 666 possessione
1738 634 1778 658 ex
1801 626 1997 659 testamento
2020 624 2140 658 militis
2161 625 2205 659 D.
2226 628 2281 668 37,
2298 628 2338 660 13

1255 667 1295 701 (16
1330 668 1502 701 bonorum
1535 668 1737 711 possessione
1771 669 1896 703 furioso
1940 670 2064 703 infanti
2103 672 2197 704 muto
2239 670 2339 704 surdo

1322 722 1420 746 caeco
1442 715 1649 755 competente
1693 713 1738 746 D.
1764 715 1819 756 37,
1843 716 1863 749 3

1254 756 1295 791 (16
1318 758 1492 791 bonorum
1514 758 1717 800 possessione
1739 760 1922 793 secundum
1945 758 2076 793 tabulas
2123 759 2158 794 0.
2182 761 2215 802 6,
2240 762 2278 795 11

1254 802 1295 835 (16
1318 803 1492 836 bonorum
1514 803 1773 845 possessionibus
1817 805 1849 838 J.
1873 807 1905 846 3,
1929 806 1949 839 9
1996 805 2040 838 D.
2066 802 2121 847 37,
2147 806 2162 838 1

1255 846 1296 881 (16
1319 848 1494 881 bonorum
1515 848 1776 891 pomesuonibm
1797 849 1978 883 secundum
2002 849 2133 884 tabulas
2153 849 2197 883 D.
2223 851 2277 893 37,
2297 852 2336 886 11

1771 949 1818 995 G.

1255 1026 1295 1060 de
1320 1026 1550 1060 cadaveribus
1570 1027 1768 1070 punitorum
1813 1028 1858 1061 D.
1881 1031 1936 1072 48,
1960 1031 2004 1065 24

1255 1072 1295 1105 (16
1320 1072 1464 1105 caducis
1486 1071 1644 1105 tollendis
1691 1072 1726 1106 0.
1751 1075 1784 1115 6,
1807 1076 1847 1108 51

1255 1117 1296 1150 (16
1320 1116 1450 1150 calculi
1472 1127 1585 1150 errore
1632 1116 1667 1151 0.
1691 1119 1724 1159 2,
1747 1120 1768 1152 5

1256 1162 1296 1195 de
1320 1162 1635 1195 calumniatoribus
1678 1162 1723 1195 D.
1747 1164 1779 1204 3,
1802 1164 1824 1197 6
1872 1162 1907 1197 0.
1931 1165 1964 1206 9,
1987 1165 2031 1198 46

1256 1207 1297 1241 de
1326 1207 1550 1286 zdsessoribus
1583 1209 1617 1240 61
1645 1207 1832 1241 domesticis
1866 1210 1900 1242 et
1934 1209 2157 1243 cancellariis·
2189 1209 2339 1243 iudicum

1353 1277 1361 1285 .
1389 1255 1419 1294 1,
1442 1254 1483 1286 41

1256 1298 1297 1331 (16
1321 1308 1455 1330 canone
1477 1297 1697 1330 frumentario
1719 1296 1813 1331 urbis
1834 1297 1957 1332 Romae
2005 1298 2042 1332 0.
2069 1301 2121 1341 11,
2144 1300 2188 1334 23

1257 1342 1298 1376 (16
1321 1353 1456 1376 canone
1478 1341 1746 1384 largitionalium
1768 1342 1945 1376 titulorum
1993 1343 2028 1378 0.
2056 1345 2107 1386 10,
2131 1345 2174 1379 23

1257 1387 1297 1421 (16
1321 1387 1501 1466 σὲρίοπάίε
1520 1391 1554 1421 61
1565 1387 1787 1421 distrahendis
1805 1388 2002 1431 pignoribus
2022 1388 2224 1423 tributorum
2241 1399 2338 1423 causa

1354 1458 1363 1467 .
1391 1434 1443 1475 10,
1466 1434 1508 1467 21

1258 1477 1298 1511 (16
1323 1479 1537 1521 capitatione
1559 1477 1683 1511 civium
1707 1478 1860 1511 censibus
1882 1478 2055 1512 eximenda
2101 1478 2137 1514 0.
2162 1481 2216 1522 11,
2238 1481 2282 1514 49

1258 1524 1298 1556 (16
1322 1524 1436 1566 capite
1458 1523 1599 1555 minutis
1642 1523 1687 1557 D.
1711 1525 1743 1564 4,
1768 1526 1788 1558 5

1258 1568 1298 1601 (16
1323 1569 1450 1611 capitis
1471 1568 1658 1601 minutione
1704 1568 1736 1602 J.
1762 1570 1794 1610 1,
1819 1569 1861 1603 16

1257 1613 1298 1647 de
1322 1614 1470 1657 captivis
1498 1615 1532 1646 et
1555 1613 1595 1646 de
1617 1612 1824 1656 postliminio
1855 1615 1888 1647 et
1915 1613 2094 1657 redemptis
2125 1613 2167 1648 ab
2190 1613 2341 1648 hostibus

1325 1659 1370 1691 D.
1394 1660 1449 1700 49,
1477 1660 1515 1692 15

1258 1703 1298 1737 de
1324 1702 1548 1737 Carboniano
1573 1702 1681 1736 edicto
1727 1702 1770 1736 D.
1795 1705 1850 1745 37,
1878 1704 1920 1737 10
1968 1703 2002 1738 0.
2027 1705 2060 1747 6,
2086 1706 2121 1739 17

1258 1749 1298 1782 (16
1320 1749 1461 1791 privatis
1484 1749 1686 1781 carceribus
1707 1748 1900 1781 inhibendis
1947 1748 1981 1782 0.
2006 1749 2039 1791 9,
2061 1752 2082 1784 5

1258 1794 1298 1827 (16
1322 1795 1492 1827 castrensi
1513 1793 1663 1826 omnium
1684 1793 1911 1836 palatinorum
1932 1793 2067 1837 peculio
2113 1794 2148 1828 0.
2175 1796 2228 1837 12,
2251 1797 2295 1829 30

1258 1839 1298 1873 (16
1322 1840 1494 1872 castrensi
1514 1838 1648 1881 peculio
1692 1838 1736 1871 D.
1761 1840 1816 1881 49,
1843 1841 1881 1873 17

1258 1884 1298 1918 (16
1322 1885 1494 1917 castrensi
1501 1883 1635 1927 pecqu
1646 1882 1791 1916 militum
1810 1886 1844 1917 et
1855 1884 2157 1927 praefectianorum
2181 1884 2216 1919 0.
2232 1885 2284 1927 12,
2297 1886 2340 1919 36

1258 1930 1299 1962 (16
1322 1930 1573 1962 castrensianis
1595 1931 1630 1961 et
1651 1929 1891 1962 ministerianis
1938 1927 1975 1963 0.
2000 1931 2053 1972 12,
2077 1932 2120 1964 25

1258 1974 1298 2008 (16
1320 1974 1438 2016 regula
1462 1973 1660 2008 Catoniana
1704 1973 1748 2008 D.
1773 1975 1829 2017 34,
1852 1976 1871 2008 7

1257 2022 1380 2052 nautae
1404 2029 1581 2062 caupones
1602 2018 1779 2052 stabularii
1800 2021 1840 2052 nt
1862 2021 1994 2062 recepta
2016 2019 2196 2052 restituant
2216 2019 2261 2053 D.
2274 2021 2307 2062 4,
2319 2020 2340 2053 9

1258 2064 1343 2098 furti
1364 2064 1521 2097 adversus
1542 2067 1663 2097 nautas
1686 2075 1862 2107 caupones
1884 2063 2084 2098 stabularios
2127 2064 2173 2098 D.
2195 2066 2251 2107 47,
2273 2066 2294 2098 5

1258 2110 1299 2143 (16
1322 2111 1448 2151 causis,
1472 2119 1511 2143 ex
1535 2109 1656 2151 quibus
1679 2109 1819 2143 infmia
1841 2109 1946 2143 alicui
1968 2110 2145 2153 inrogatur
2191 2109 2226 2144 0.
2250 2110 2283 2152 2,
2298 2111 2335 2144 11

1259 2155 1299 2188 (16
1322 2155 1482 2188 censibus
1525 2154 1570 2188 D.
1595 2157 1650 2197 50,
1677 2157 1716 2189 15

1259 2201 1299 2234 (16
1322 2200 1481 2233 censibus
1513 2201 1547 2233 et
1574 2198 1794 2233 censitoribus
1828 2201 1862 2233 et
1893 2198 2188 2242 peraequatoribus
2220 2200 2255 2233 et
2286 2199 2339 2232 in-

1326 2244 1531 2288 spectoribus
1578 2244 1613 2279 0.
1641 2247 1692 2287 11,
1717 2246 1760 2279 58

1259 2289 1299 2323 (16
1323 2291 1477 2323 cessione
1497 2289 1662 2323 bonorum
1706 2289 1751 2322 D.
1776 2290 1833 2332 42,
1856 2290 1877 2324 3

1259 2335 1299 2368 de
1321 2334 1490 2368 alimentis
1511 2334 1566 2368 vel
1588 2336 1734 2368 cibariis
1754 2334 1874 2377 legatis
1917 2334 1963 2368 D.
1987 2335 2043 2378 34,
2068 2335 2086 2370 1

1258 2380 1299 2414 (16
1323 2380 1478 2414 classicis
1523 2379 1558 2414 0.
1585 2382 1638 2421 11,
1664 2381 1704 2414 13

1259 2425 1299 2458 (16
1322 2425 1386 2459 SC.
1411 2425 1608 2459 Claudiano
1630 2423 1779 2459 tollendo
1826 2424 1861 2459 0.
1883 2426 1917 2468 7,
1941 2425 1986 2460 24

1259 2470 1299 2504 (16
1322 2471 1454 2504 cloacis
1496 2470 1542 2503 D.
1564 2472 1620 2513 43,
1643 2470 1687 2505 23

1258 2516 1299 2550 (16
1321 2515 1494 2549 codicillis
1537 2515 1570 2550 J.
1595 2516 1627 2558 2,
1650 2516 1694 2550 25
1742 2513 1778 2549 0.
1803 2516 1836 2556 6,
1859 2515 1904 2549 36

1258 2561 1298 2595 de
1321 2561 1395 2594 iure
1419 2560 1666 2594 codicillorum
1709 2560 1754 2593 D.
1779 2561 1834 2602 29,
1858 2561 1878 2592 7

1258 2607 1299 2639 (16
1321 2606 1455 2639 Iudaeis
1478 2607 1512 2639 et
1533 2605 1711 2639 caelicolis
1757 2604 1792 2639 0.
1819 2607 1849 2645 1,
1873 2605 1894 2638 9

1258 2651 1299 2685 (16
1321 2652 1526 2692 successione
1548 2654 1781 2694 cognatorum
1823 2650 1857 2684 J.
1881 2651 1914 2692 3,
1937 2651 1957 2683 5

1258 2696 1299 2730 (16
1322 2696 1562 2774 οοὴονεὲιὶἰὸω
1587 2695 1798 2739 principibus
1830 2693 2063 2731 cornicularii!
2093 2695 2127 2729 61
2154 2692 2340 2739 primipila-

1325 2742 1386 2775 riis
1460 2766 1468 2774 .
1495 2742 1547 2784 12,
1571 2743 1613 2775 57

1258 2787 1299 2820 (16
1323 2786 1511 2820 collatione
1554 2785 1598 2819 D.
1623 2787 1678 2828 37,
1702 2787 1723 2820 6

1259 2833 1299 2865 de
1322 2831 1511 2866 collatione
1532 2831 1618 2865 aeris
1665 2830 1700 2865 0.
1727 2832 1779 2872 10,
1803 2831 1846 2865 29

1259 2878 1298 2911 (16
1322 2877 1409 2911 dotis
1432 2876 1622 2910 collatione
1666 2875 1711 2909 D.
1735 2877 1790 2918 37,
1813 2877 1833 2909 7

1258 2923 1298 2956 de
1321 2922 1510 2956 collatione
1538 2921 1737 2955 donatorum
1770 2919 1823 2954 vel
1853 2917 2075 2954 relevatorum
2109 2920 2170 2952 aut
2201 2917 2341 2952 hausis-

1325 2970 1437 3008 torum
1458 2977 1517 3000 seu
1539 2966 1771 3000 adaeratorum
1818 2964 1854 3000 0.
1880 2967 1933 3007 10,
1956 2966 2000 2999 28

1259 3014 1299 3047 de
1322 3012 1511 3047 collatione
1539 3011 1721 3045 fundorum
1753 3009 1916 3044 fiscalium
1946 3008 2000 3043 vel
2029 3009 2080 3044 rei
2106 3008 2255 3053 privatae
2287 3008 2340 3043 vel

1326 3057 1511 3092 dominicae
1532 3056 1587 3090 vel
1609 3056 1784 3090 civitatum
1806 3054 1860 3090 vel
1881 3054 2082 3098 templorum
2128 3053 2165 3089 0.
2189 3056 2243 3097 11,
2265 3055 2310 3089 74

1258 3104 1299 3138 de
1322 3103 1516 3181 collatione*
1531 3101 1713 3135 fundorum
1739 3100 2027 3145 patrimonialium
2057 3101 2092 3134 et
2119 3099 2340 3143 «6611116611-

1325 3158 1440 3182 ccrum
1514 3173 1522 3180 .
1549 3150 1602 3190 11,
1625 3149 1669 3183 65

1259 3194 1300 3228 (16
1323 3193 1571 3228 collationibus
1617 3192 1652 3227 0.
1679 3194 1712 3235 6,
1735 3192 1779 3226 20

1259 3239 1300 3273 (16
1323 3238 1520 3282 collegiatis
1542 3240 1576 3272 et
1598 3236 1821 3281 chartopratis
1842 3237 1877 3270 et
1897 3233 2132 3269 nummulariis
2166 3231 2203 3269 0.
2231 3234 2283 3277 11,
2299 3234 2341 3270 18

1259 3285 1300 3318 (16
1324 3284 1483 3327 collegiis
1505 3285 1539 3317 et
1561 3282 1757 3326 corporibus
1800 3281 1844 3315 D.
1870 3282 1926 3323 47,
1949 3282 1992 3316 22

1259 3330 1300 3364 (16
1324 3329 1517 3363 collusione
1538 3327 1722 3371 detegenda
1766 3327 1811 3362 D.
1834 3328 1891 3370 40,
1916 3327 1958 3361 16
2005 3325 2040 3360 0.
2065 3327 2097 3367 7,
2119 3324 2164 3359 20

1259 3375 1301 3409 (16
1322 3374 1480 3417 agricolis
1501 3373 1636 3407 censitis
1657 3372 1711 3407 vel
1733 3372 1867 3407 colonis
1913 3370 1949 3406 0.
1975 3372 2028 3414 11,
2050 3371 2094 3405 48

1259 3421 1301 3454 (16
1323 3419 1457 3454 colonis
1478 3418 1523 3452 111
1565 3418 1683 3452 'cianis
1729 3417 1765 3452 0.
1792 3419 1845 3459 11,
1868 3419 1912 3452 53

1259 3466 1300 3500 (16
1324 3465 1458 3499 colonis
1478 3465 1506 3496 P
1613 3464 1621 3471 “
1648 3463 1679 3496 is
1724 3462 1759 3497 0.
1786 3464 1839 3504 11,
1862 3463 1903 3496 51

1260 3511 1300 3545 (16
1323 3510 1458 3545 colonis
1479 3508 1725 3542 Thracensibus
1770 3507 1807 3542 0.
1833 3509 1887 3549 11,
1910 3506 1954 3541 52

1259 3557 1301 3590 (16
1323 3557 1507 3590 comitibus
1528 3553 1778 3587 consistorianis
1824 3550 1860 3586 0.
1888 3552 1940 3593 12,
1966 3553 2007 3586 10

1259 3602 1300 3636 (16
1323 3602 1507 3636 consilibus
1529 3601 1564 3633 et
1584 3598 1763 3633 archiatris
1784 3596 1871 3630 sacri
1893 3595 2012 3639 palatii
2058 3593 2094 3628 0.
2121 3595 2173 3636 12,
2198 3595 2240 3630 13

1260 3647 1300 3681 (16
1324 3647 1506 3681 comitibus
1528 3647 1561 3679 et
1582 3643 1728 3678 tribunis
1749 3641 1940 3677 scholarum
1985 3641 2020 3676 0.
2046 3640 2099 3681 12,
2124 3641 2163 3674 11

1260 3692 1300 3727 (16
1323 3693 1508 3727 comitibus
1530 3690 1589 3734 qui
1611 3689 1801 3734 provincias
1823 3687 1947 3731 regunt
1993 3685 2028 3721 0.
2055 3686 2108 3727 12,
2133 3685 2174 3721 14

2299 0 2449 9 „ww-ww*
2465 0 2468 2 .
