2528 3918
40 1895 42 1897 ,
108 1859 128 1890 4
176 1856 274 1890 urbis
298 1856 447 1890 tutelam
470 1867 592 1901 gerere
616 1867 658 1892 co

118 178 178 208 DE
205 174 586 207 EXCUSATIONIBUS

116 284 261 321 haberi¹
292 284 385 318 inter
415 283 612 328 privilegia,
645 286 686 317 ut
717 292 739 317 a
769 282 889 316 tutelis
920 287 1065 325 vacent,
1098 282 1204 327 idque

118 334 136 365 7
185 329 285 364 divus
310 327 486 362 Traianus
509 327 703 372 rescripsit.
752 327 919 371 Inquilini
952 331 1152 362 castrorum
1183 338 1204 362 a

114 374 234 410 tutelis
259 372 421 408 excusari
452 372 566 406 solent
590 372 658 406 nisi
682 382 816 415 eorum,
848 372 908 417 qui
933 376 967 407 et
997 372 1066 417 ipsi
1087 372 1203 417 inqui-

114 419 176 455 lini
206 421 291 453 sunt
321 421 357 452 et
386 417 423 451 in
455 416 578 452 eodem
613 421 731 452 castro
768 416 961 462 eademque
997 417 1205 453 condicione

115 466 208 501 sunt.

163 505 212 545 18
244 506 438 543 ULPJANUS
458 506 548 542 libro
574 506 764 540 vicensimo
796 506 846 541 ad
875 507 989 553 leqem
1012 507 1146 542 Iuliam
1170 509 1206 540 et

115 553 270 600 Papiam
316 551 415 586 Bello
441 550 560 586 amissi
592 550 638 585 ad
672 551 806 586 tutelae
830 552 1097 588 excusationem
1120 561 1203 596 pro-

114 601 214 633 sunt:
248 596 446 641 quaesitum
472 599 526 631 est
549 599 685 637 autem,
718 596 778 640 qui
802 600 887 631 sunt
909 597 987 639 isti,
1012 600 1132 631 utrum
1155 596 1204 638 hi,

114 642 174 688 qui
196 642 232 676 in
256 641 333 676 acie
356 644 439 675 sunt
469 640 670 685 interempti
701 650 748 675 an
779 651 862 676 vero
895 652 1017 677 omnes
1049 640 1203 683 omnino,

114 687 172 739 qui
195 696 259 731 per
283 696 428 720 causam
452 685 535 720 belli
557 686 764 737 parentibus
789 690 875 721 sunt
897 687 1056 731 abrepti,
1079 687 1117 720 in
1140 686 1204 720 ob—

113 732 248 767 sldione
271 731 374 766 forte.
406 730 531 765 melius
554 731 662 775 1gitur
684 731 897 775 probabitur
928 742 988 767 eos
1013 731 1119 773 solos,
1144 730 1205 775 qui

112 778 148 812 in
180 776 257 811 acie
288 776 518 817 amittuntur,
552 775 723 840 prodesse
762 775 910 818 debere,
951 777 1205 820 cuiuscumque

113 831 217 901 scarus
240 820 295 855 vel
319 821 448 856 aetatis
472 820 543 855 sint
577 833 586 854 ε
617 820 655 854 hi
687 821 779 855 enim
810 832 875 866 pro
907 831 946 857 re
976 821 1122 866 publica
1146 830 1204 856 ce-

113 867 144 902 ci
170 870 282 901 erunt.

160 908 209 948 19
233 910 340 945 IDEM
361 910 451 946 libro
476 911 657 956 triqesimo
682 911 808 955 quinto
833 910 883 945 ad
905 911 1059 946 edictum
1113 909 1205 944 Illud

112 955 378 991 usitatissimum
410 958 481 998 est,
514 959 555 990 ut
585 955 659 997 his,
693 955 754 1000 qui
784 955 822 989 in
852 956 958 990 Italia
990 955 1205 990 domicilium

111 1001 278 1042 habeant,
292 1000 550 1036 administratio
563 1010 682 1035 rerum
700 999 970 1045 provincialium
990 1000 1203 1036 remittatur.

156 1043 209 1083 20
233 1044 426 1080 IULIANUS
446 1045 537 1081 libro
561 1046 727 1080 vicesimo
751 1045 970 1091 diqestorum
1027 1045 1064 1080 Si
1087 1044 1204 1091 pupil-

112 1092 183 1126 lum
207 1093 357 1135 patruus
383 1090 577 1125 contendat
600 1090 853 1126 exheredatum
879 1100 957 1126 esse
981 1094 1017 1126 et
1040 1100 1078 1125 se
1101 1090 1203 1125 here-

112 1136 191 1171 dem
215 1135 406 1180 scriptum,
439 1146 590 1180 aequum
623 1138 677 1170 est
699 1139 855 1170 tutorem
903 1135 1014 1180 upillo
1046 1135 1124 1170 dari
1147 1145 1203 1170 re-

111 1184 215 1226 cepta
245 1180 365 1226 patrui
396 1181 625 1215 excusatione
655 1180 726 1222 vel,
759 1181 790 1216 si
824 1191 870 1215 no
888 1181 914 1214 't
937 1180 1204 1215 excusationem

109 1230 247 1305 peter&
279 1228 415 1260 remoto
448 1235 490 1260 eo
523 1236 545 1260 a
574 1225 711 1260 tutela³
741 1226 792 1261 ita
815 1226 913 1260 litem
938 1225 981 1260 de
1004 1225 1204 1260 hereditate

110 1281 153 1306 ex
180 1281 199 1306 e
238 1280 287 1305 re.

187 1314 234 1352 1⁴
258 1314 490 1350 MAROIANUS
509 1315 600 1350 libro
613 1315 770 1351 secundo
791 1316 1055 1350 institutionum
1089 1315 1203 1360 Prop-

111 1365 166 1396 ter
188 1360 297 1402 litem,
323 1370 429 1404 quam
454 1360 531 1405 quis
558 1370 638 1394 cum
662 1360 796 1405 pupillo
821 1360 942 1403 habet,
969 1370 1142 1395 excusare
1166 1370 1204 1395 se

109 1416 131 1441 a
153 1405 267 1441 tutela
290 1415 362 1439 non
385 1409 514 1449 potest,
539 1405 607 1440 nisi
629 1404 724 1440 forte
748 1404 791 1440 de
815 1405 980 1440 omnibus
1012 1405 1117 1441 bonis
1141 1409 1205 1440 aut

112 1455 126 1485 1
176 1451 329 1495 plurima
367 1454 469 1495 parte
510 1460 632 1485 eorum
667 1450 909 1485 controversia
947 1451 1003 1485 sit.
1065 1450 1134 1494 Qui
1165 1460 1205 1486 se

108 1496 184 1531 vult
208 1505 391 1537 excusare,
417 1495 448 1531 si
471 1495 590 1540 plures
613 1495 723 1530 habet
747 1496 997 1531 excusationes
1013 1499 1049 1530 et
1065 1496 1110 1531 de
1126 1496 1203 1541 qui-

108 1540 260 1575 busdam
283 1550 355 1575 non
378 1540 601 1585 probaverit,
633 1540 712 1575 aliis
743 1540 796 1575 uti
827 1540 923 1576 intra
945 1544 1108 1586 tempora
1131 1551 1204 1576 non

109 1589 128 1620 2
175 1585 395 1631 prohibetur.
442 1585 546 1620 Licet
570 1585 674 1620 datus
706 1589 805 1620 tutor
835 1585 881 1620 ad
911 1586 1114 1621 universum
1138 1596 1203 1632 pa-

108 1630 311 1665 trimonium
336 1630 440 1665 datus
473 1636 539 1673 est,
573 1635 693 1666 tamen
725 1641 898 1666 excusare
929 1641 968 1666 se
1001 1635 1132 1676 potest,
1158 1641 1203 1667 ne

108 1676 203 1711 ultra
238 1675 492 1710 centensimum
526 1676 679 1720 lapidem
713 1676 862 1711 tutelam
903 1680 1026 1721 gerat,
1062 1676 1131 1712 nisi
1165 1677 1203 1711 in

109 1721 231 1756 eadem
271 1721 454 1765 provincia
489 1721 615 1766 pupilli
652 1721 905 1766 patrimonium
942 1722 1007 1757 sit:
1056 1725 1092 1757 et
1121 1722 1202 1757 ideo

107 1767 247 1801 illarum
270 1776 389 1800 rerum
413 1766 551 1801 dabunt
574 1769 712 1801 tutores
743 1766 781 1800 in
811 1766 997 1812 provincia
1020 1767 1202 1812 praesides

109 1814 128 1846 3
179 1811 264 1845 eius.
311 1810 388 1845 Nec
424 1815 608 1846 senatores
640 1811 736 1846 ultra
767 1812 1024 1847 centensimum
1048 1812 1204 1857 lapidem

707 1860 799 1891 ntur.
848 1857 1006 1892 Habenti
1037 1867 1119 1902 ergo
1144 1861 1202 1892 tu-

107 1905 234 1981 {ioremd
251 1904 350 1936 tutor
382 1900 506 1936 datur:
548 1901 611 1937 sed
685 1902 797 1937 'arum
820 1912 951 1944 rerum,
976 1913 1049 1938 non
1074 1912 1203 1938 earun-

134 1957 187 1981 em
236 1950 327 1980 atur.

154 1989 207 2027 22
232 1990 435 2026 SCAEVOLA
467 1991 557 2026 libro
582 1993 707 2037 primo
737 1993 947 2036 regularum
995 1992 1206 2028 Geometrae

112 2042 126 2071 1
176 2047 198 2071 a
228 2036 348 2071 tutelis
380 2047 452 2071 non
483 2041 623 2071 vacant.
670 2037 717 2072 Hi
747 2048 851 2080 vero,
884 2038 1013 2082 quibus
1037 2038 1205 2083 princeps

109 2092 231 2117 curam
256 2081 405 2116 alicuius
422 2082 472 2117 rei
496 2082 613 2117 iunxit
623 2084 647 2125 ⁵,
674 2087 892 2118 excusantur
908 2093 930 2118 a
945 2083 1071 2126 tutela,
1090 2083 1205 2118 donec

110 2137 231 2162 curam
255 2130 392 2169 gerunt.

154 2170 205 2208 23
239 2171 434 2207 [limnas
454 2171 544 2206 libro
567 2173 725 2208 secundo
748 2183 1006 2219 responsorum
1051 2172 1206 2217 Propter

108 2217 361 2261 magistratum,
387 2227 491 2262 quem
515 2216 553 2250 in
576 2217 768 2263 municipio
787 2218 866 2263 quis
883 2222 959 2253 erat
979 2217 1204 2253 administra-

108 2267 210 2297 turus
224 2289 232 2304 ,
277 2261 411 2297 tutelae
447 2262 713 2298 excusationem
749 2274 821 2299 non
856 2263 990 2298 habere
1024 2263 1203 2308 respondi.

112 2310 126 2342 1
178 2307 215 2342 Si
238 2307 275 2341 in
299 2307 426 2342 castris
451 2311 627 2342 merentes
652 2319 723 2343 non
749 2309 794 2343 ab
821 2319 861 2344 eo
893 2312 1031 2344 tutores
1064 2308 1205 2352 dentur,

110 2353 168 2398 qui
191 2353 229 2387 in
254 2352 380 2387 castris
405 2352 574 2394 merebat,
589 2354 854 2389 excusationem
871 2354 1004 2389 habere
1024 2354 1204 2398 respondi.

155 2395 207 2434 24
222 2398 236 2418 ⁶
282 2396 530 2432 PAPJNJANUS
572 2397 663 2433 libro
710 2399 899 2435 undecimo
954 2399 1204 2444 quaestionum

110 2443 368 2487 ⁷Nequaquam
401 2442 616 2477 credendum
652 2447 706 2479 est
737 2444 769 2478 ei
800 2443 1021 2489 privilegium
1053 2454 1204 2479 excusa-

108 2488 213 2523 tionis
246 2488 423 2528 ablatum,
455 2489 512 2522 cui
544 2487 895 2524 fideicommissaria⁸
917 2489 1064 2524 libertas
1088 2489 1207 2525 soluta

110 2537 181 2568 est:
214 2543 298 2567 nam
320 2533 358 2567 in
381 2536 458 2568 toto
482 2533 557 2568 fere
581 2533 658 2569 iure
675 2534 913 2570 manumissor
929 2534 1102 2570 eiusmodi
1118 2534 1207 2570 nihil

108 2578 195 2612 iuris
219 2582 259 2612 ut
282 2582 456 2622 patronus
481 2578 650 2614 adversus
667 2580 786 2614 liberti
808 2590 999 2625 personam
1018 2580 1205 2625 consequi-

108 2627 168 2658 tur
180 2623 205 2665 9,
238 2627 388 2668 excepto
422 2623 517 2667 quod
547 2624 584 2657 in
617 2624 673 2659 ius
698 2635 827 2660 vocare
849 2630 1039 2670 patronum
1067 2625 1207 2660 iniussu

109 2668 283 2713 praetoris
308 2679 379 2703 non
405 2667 510 2704 debet
523 2670 560 2703 ¹⁰.

154 2712 203 2751 25
237 2712 432 2748 ULPIANUS
453 2714 544 2749 libro
567 2714 725 2749 secundo
749 2714 794 2749 de
818 2714 944 2759 officio
971 2715 1207 2761 proconsulis

109 2758 294 2793 Excusare
319 2768 357 2793 se
380 2761 480 2793 tutor
503 2769 568 2803 per
590 2758 729 2795 libellos
752 2769 824 2794 non
848 2759 990 2804 poterit.

155 2801 208 2840 26
233 2802 291 2838 ΡΑ
299 2812 393 2838 ULUS
413 2803 505 2839 libro
520 2804 704 2848 sinqulari
717 2804 761 2839 de
776 2805 1073 2840 excusationibus
1103 2804 1206 2840 Men-

110 2858 208 2883 sores
239 2848 492 2884 frumentarios
531 2848 664 2884 habere
694 2850 750 2884 ius
783 2850 1024 2885 excusationis
1056 2859 1102 2895 ap
1130 2853 1208 2885 aret

110 2902 153 2928 ex
183 2893 356 2937 rescripto
389 2893 548 2928 divorum
578 2894 694 2930 Marci
726 2898 762 2929 et
793 2894 998 2938 Commodi,
1030 2905 1100 2939 quo
1149 2905 1205 2930 re-

111 2939 331 2982 scripserunt
353 2939 537 2983 praefecto
563 2949 738 2975 annonae.

156 2981 208 3020 27
233 2983 471 3018 MAROIANUS
484 2984 574 3019 libro
592 2986 719 3029 quinto
735 2985 946 3031 reqularum
980 2984 1206 3030 Legatarius,

111 3029 171 3072 qui
193 3033 339 3073 rogatus
364 3032 418 3063 est
442 3029 502 3063 alii
525 3039 629 3064 omne
652 3029 807 3075 legatum
830 3030 1036 3072 restituere,
1068 3030 1099 3065 si
1130 3041 1206 3065 ma-

110 3073 177 3107 luit
207 3084 245 3108 se
270 3084 443 3109 excusare
467 3084 489 3109 a
519 3074 643 3116 tutela,
677 3075 832 3119 legatum
855 3078 1003 3120 propter
1024 3074 1206 3111 fideicom-

111 3118 312 3169 missariam
338 3118 587 3164 consequitur:
619 3120 677 3154 cui
709 3120 832 3155 similis
865 3124 937 3162 est,
962 3120 1023 3165 qui
1047 3120 1091 3156 de
1113 3120 1206 3156 falso

113 3168 181 3207 egit
204 3174 269 3199 nec
294 3164 457 3208 optinuit.

158 3206 210 3244 28
237 3208 482 3243 PAPINIANUS
514 3209 605 3244 libro
639 3210 765 3255 quinto
788 3220 1047 3256 responsorum
1094 3210 1208 3246 Tutor

112 3254 244 3297 petitus
270 3258 353 3288 ante
378 3253 511 3289 decreti
534 3254 625 3288 diem
642 3255 672 3289 si
689 3254 835 3300 aliquod
851 3255 1073 3301 privilegium
1097 3265 1206 3300 quae-

112 3297 168 3339 rit,
193 3302 288 3333 recte
311 3298 517 3342 petitionem
540 3299 740 3334 institutam
758 3300 946 3335 excludere
965 3311 1038 3336 non
1061 3300 1206 3344 poterit.

116 3345 130 3374 1
181 3342 280 3387 Quae
309 3343 490 3379 tutoribus
522 3344 805 3379 remunerandae
835 3345 920 3380 fidei
952 3355 1064 3380 causa
1093 3349 1206 3381 testa·

113 3392 230 3422 mento
262 3388 420 3432 parentis
451 3389 718 3434 relinquuntur,
751 3393 835 3435 post
867 3391 1135 3426 excusationem
1160 3391 1205 3426 ab

113 3431 300 3468 heredibus
325 3433 488 3468 extrariis
512 3444 654 3479 quoque
668 3434 813 3469 retineri
835 3435 980 3480 placuit.
1014 3435 1111 3488 quod
1134 3446 1207 3471 non

116 3476 259 3511 habebit
281 3478 399 3512 locum
422 3478 460 3512 in
483 3489 638 3524 persona
660 3479 735 3522 filii,
760 3489 864 3525 quem
895 3484 999 3525 pater
1028 3481 1207 3526 impuberi

116 3590 154 3628 (1)
180 3590 300 3622 habere
310 3604 372 3624 scr.

112 3641 226 3676 postea
243 3637 371 3668 adiecta

117 3681 158 3717 (5)
183 3679 335 3711 iniunxit
348 3682 423 3713 dett.

504 3595 547 3632 (2)
573 3593 813 3636 cuiuscumque
826 3605 924 3627 sexus
936 3595 988 3628 vel
1003 3596 1125 3627 aetatis
1138 3595 1208 3627 sint

485 3638 527 3678 (8)
554 3640 587 3669 et
599 3639 659 3671 ins.
776 3642 817 3678 (4)
844 3639 865 3682 ξ
882 3641 897 3673 1
911 3656 958 3669 ===
969 3641 1052 3673 Inst.
1070 3642 1100 3681 1,
1113 3647 1207 3680 25,16

517 3683 561 3723 (6)
585 3699 632 3711 ==
651 3684 725 3716 Vat.
740 3691 795 3717 225
883 3687 924 3725 (7)
951 3689 984 3717 et
996 3686 1060 3717 hoc
1072 3685 1206 3727 quidem

118 3721 160 3773 de.
178 3734 226 3764 eo,
247 3725 301 3756 cui
326 3724 525 3758 beneficium
552 3727 649 3759 datae
668 3728 835 3762 libertatis
857 3729 1054 3771 exprobrari
1075 3732 1206 3771 potest:

118 3767 268 3807 ahoquin
284 3770 359 3802 add.
378 3770 450 3803 Vat.
557 3773 600 3812 (8)
626 3772 880 3806 fideicommissa
900 3775 972 3807 Vat.
1079 3777 1122 3813 (9)
1149 3774 1206 3806 ad-

1190 156 1276 205 359

2139 160 2304 201 XXVII
2339 164 2356 201 1

1272 281 1375 316 fratri
1400 281 1609 317 coheredem
1633 285 1667 316 et
1689 285 1843 317 tutorem
1868 283 1977 325 dedit,
2003 293 2083 317 cum
2106 282 2275 317 iudicium
2299 292 2361 326 pa-

1273 330 1292 361 2
1340 327 1404 362 tris
1436 330 1476 361 ut
1507 326 1620 368 filius,
1652 337 1723 361 non
1748 331 1788 360 ut
1817 330 1918 362 tutor
1941 327 2146 372 promeruit.
2195 327 2361 362 Tutorem

1273 371 1318 406 ad
1342 375 1481 416 tempus
1507 371 1650 406 exulare
1674 371 1808 405 iussum
1834 373 1996 407 excusari
2029 383 2100 407 non
2124 383 2144 407 ο
2173 376 2276 414 ortet,
2302 372 2362 406 sed

1272 427 1336 462 per
1359 420 1429 451 tem
1458 426 1500 451 us
1526 415 1619 450 exilii
1643 420 1788 450 curator
1811 417 1848 450 in
1872 417 1987 451 locum
2012 417 2124 462 ipsius
2147 383 2254 452 debet
2276 417 2363 451 dari.

1319 459 1373 498 29
1439 470 1632 496 mammos
1653 460 1743 495 libro
1767 462 1922 496 secundo
1946 463 2206 497 institutionum
2253 462 2365 497 Plane

1273 506 1303 541 si
1326 507 1363 541 in
1387 506 1530 541 exilium
1567 505 1673 540 datus
1705 506 1752 540 sit
1780 509 1897 548 tutor,
1947 510 2040 541 otest
2064 518 2102 542 se
2127 517 2309 549 excusare,
2335 507 2364 542 si

1276 554 1290 585 1
1341 552 1377 585 in
1401 554 1613 595 perpetuum
1638 550 1743 585 datus
1769 554 1823 585 est
1840 551 1877 585 ¹¹.
1959 552 2082 586 acilius
2108 556 2227 587 autem
2252 552 2364 588 exulis

1272 596 1492 640 ignorantia,
1531 596 1591 640 qui
1626 599 1850 630 contutorem
1893 602 2098 640 suspectum
2133 596 2252 632 facere
2292 607 2364 632 non

1272 642 1441 685 potuerit,
1466 641 1603 675 veniam
1628 640 1783 675 habebit.

1319 683 1371 722 30
1397 686 1642 720 PAPJNJANUS
1669 685 1759 719 libro
1800 685 1926 730 quinto
1956 696 2211 731 responsorum
2273 687 2365 722 Iuris

1272 731 1418 775 peritos,
1444 731 1504 775 qui
1535 730 1682 764 tutelam
1713 739 1834 774 gerere
1866 735 2077 774 coeperunt,
2108 732 2146 766 in
2178 732 2364 767 consilium

1272 775 1472 820 principum
1511 775 1720 819 adsumptos
1760 774 1884 820 optimi
1928 775 2140 820 maximique
2186 778 2364 822 principes

1273 821 1389 855 nostri
1413 820 1677 855 constituerunt
1701 819 1934 862 excusandos,
1959 821 2126 864 quoniam
2151 823 2247 857 circa
2270 823 2364 857 latus

1274 875 1395 900 eorum
1419 868 1565 910 agerent
1589 868 1623 899 et
1646 865 1761 900 honor
1785 864 1925 900 delatus
1948 864 2054 900 finem
2086 867 2173 901 certi
2196 867 2365 911 temporis

1276 913 1291 944 1
1341 920 1384 945 ac
1408 910 1480 945 loci
1503 920 1575 945 non
1599 910 1758 944 haberet.
1808 909 1898 944 Cum
1921 910 2091 945 oriundus
2117 922 2159 946 ex
2182 912 2366 957 provincia

1272 954 1409 990 Romae
1434 955 1651 990 domicilium
1674 955 1834 998 haberet,
1859 955 2017 990 eiusdem
2042 960 2186 991 curator
2220 957 2365 992 decreto

1272 1000 1446 1045 praesidis
1472 1010 1515 1034 ac
1539 1000 1715 1044 praetoris
1742 1000 1957 1035 constitutus
1989 1010 2107 1035 rerum
2137 1001 2366 1036 administra-

1273 1045 1405 1080 tionem
1429 1045 1623 1090 utrubique
1647 1045 1815 1097 suscepit.
1840 1045 1976 1090 placuit
2001 1055 2081 1079 eum
2102 1046 2191 1081 duas
2210 1047 2365 1081 curatio-

1272 1100 1337 1125 nes
1362 1090 1611 1125 administrare
1635 1101 1707 1125 non
1730 1090 1852 1132 wderi,
1878 1090 1971 1134 quod
1990 1090 2153 1126 videlicet
2167 1091 2272 1126 unius
2297 1092 2366 1126 duo

1274 1138 1294 1170 2
1340 1135 1557 1180 patrimonia
1587 1145 1659 1170 non
1690 1134 1904 1170 viderentur.
1966 1135 2035 1179 Qui
2068 1136 2250 1181 privilegio
2282 1136 2366 1170 sub-

1272 1179 1378 1215 nixus
1411 1183 1485 1222 est,
1518 1179 1641 1214 fratris
1674 1180 1893 1215 curationem
1917 1181 2098 1225 suscipere
2121 1192 2194 1215 non
2219 1181 2368 1225 cogitur.

1273 1228 1293 1260 3
1340 1225 1522 1260 Patronus
1554 1225 1728 1270 impuberi
1767 1225 1896 1260 liberto
1937 1225 2110 1270 quosdam
2151 1236 2194 1261 ex
2231 1226 2368 1260 libertis

1271 1273 1410 1305 tutores
1435 1274 1499 1304 aut
1523 1273 1706 1305 curatores
1730 1274 1943 1305 testamento
1977 1270 2082 1305 dedit.
2116 1271 2276 1315 quamvis
2308 1281 2368 1306 eos

1271 1315 1419 1350 idoneos
1445 1326 1522 1350 esse
1547 1318 1699 1357 constet,
1723 1315 1833 1350 nihilo
1857 1315 1973 1350 minus
1995 1316 2073 1350 iure
2096 1316 2241 1361 publico
2266 1319 2368 1361 pote-

1272 1364 1357 1395 runt
1381 1361 1556 1402 excusari,
1581 1370 1627 1395 ne
1651 1360 1795 1395 decreto
1821 1360 2085 1396 confirmentur.

1320 1403 1370 1443 31
1398 1405 1456 1440 ΡΑ
1464 1415 1559 1440 ULUS
1587 1405 1678 1441 libro
1709 1408 1815 1441 sexto
1848 1407 2099 1451 quaestionum
2164 1405 2202 1440 Si
2233 1406 2275 1448 is,
2309 1406 2370 1450 qui

1272 1453 1345 1486 tres
1378 1450 1511 1485 tutelas
1544 1450 1837 1493 administrabat,
1870 1450 2009 1486 duobus
2040 1450 2183 1495 pupillis
2223 1451 2369 1486 diversis

1274 1495 1424 1531 decretis
1449 1495 1554 1530 datus
1580 1499 1634 1531 est
1658 1496 1718 1541 qui
1741 1496 1859 1541 potuit
1871 1496 1899 1516 ¹²
1917 1496 2091 1538 excusari,
2110 1500 2145 1531 et
2159 1496 2369 1541 priusquam

1274 1550 1404 1576 causas
1428 1541 1670 1576 excusationis
1694 1541 1875 1586 allegaret,
1899 1551 1993 1576 unus
2019 1551 2062 1576 ex
2092 1541 2256 1586 pupillis,
2280 1551 2368 1585 quo-

1273 1597 1352 1621 rum
1382 1586 1454 1620 iam
1485 1586 1634 1621 tutelam
1666 1586 1957 1628 administrabat,
1992 1586 2156 1629 decessit,
2181 1586 2242 1621 ubi
2267 1585 2370 1621 desiit

1274 1632 1306 1666 ei
1331 1634 1531 1676 competere
1555 1631 1739 1667 excusatio
1752 1658 1761 1674 ,
1786 1632 1907 1666 statim
1938 1631 2055 1666 tenuit
2078 1642 2158 1666 eum
2184 1632 2283 1676 prius
2309 1631 2368 1666 de-

1274 1679 1430 1719 cretum,
1467 1676 1570 1721 quasi
1604 1677 1641 1710 in
1676 1677 1755 1712 loco
1791 1677 1920 1711 tertiae
1952 1676 2086 1712 tutelae
2121 1680 2251 1721 quarta
2285 1676 2369 1711 sub-

1272 1721 1452 1766 roganda:
1498 1732 1580 1756 nam
1614 1722 1692 1766 ipso
1731 1722 1810 1756 iure
1840 1725 1939 1757 tutor
1979 1725 2034 1757 est
2068 1725 2103 1756 et
2120 1722 2147 1742 ¹³
2179 1725 2371 1766 antequam

1274 1770 1476 1802 excusetur.
1511 1767 1630 1811 potuit
1663 1777 1745 1812 ergo
1778 1767 1891 1802 tutela
1922 1767 2009 1809 eius,
2034 1767 2096 1811 qui
2119 1777 2215 1802 nunc
2239 1769 2368 1812 quarto

1273 1812 1353 1847 loco
1377 1812 1566 1852 invenitur,
1593 1811 1776 1847 excusari:
1813 1812 1876 1847 sed
1901 1822 1982 1847 cum
2006 1822 2077 1847 non
2102 1812 2148 1846 sit
2165 1815 2370 1854 excusatus,

1273 1857 1477 1893 necessario
1503 1857 1728 1892 subeundum
1753 1860 1807 1892 est
1830 1867 1921 1892 onus
1944 1857 2038 1892 illius
2062 1867 2202 1902 quoque
2224 1856 2369 1892 tutelae.

1274 1913 1341 1938 nec
1364 1913 1420 1937 me
1444 1905 1572 1944 movet,
1597 1902 1694 1947 quod
1718 1902 1815 1937 dicat
1838 1902 1968 1946 aliquis
1991 1902 2062 1937 hoc
2085 1913 2130 1937 ne
2155 1902 2256 1946 exigi,
2282 1911 2328 1936 an
2344 1902 2370 1922 ¹⁴

1275 1947 1543 1983 administretur
1574 1947 1705 1983 tutela:
1748 1947 1819 1982 hoc
1853 1947 1946 1982 enim
1977 1957 2019 1983 eo
2053 1947 2225 1992 pertinet,
2257 1957 2302 1982 ne
2326 1946 2373 1981 sit

1274 1993 1375 2027 finita
1398 1993 1676 2028 administratio:
1717 1996 1874 2028 ceterum
1904 1992 1936 2027 si
1965 1991 2163 2037 periculum
2195 1992 2371 2027 sustineat

1276 2037 1496 2080 cessationis,
1521 2041 1608 2083 puto
1635 2038 1666 2073 ei
1689 2037 1936 2082 imputandam
1952 2048 2030 2072 eam
2046 2048 2188 2082 quoque
2211 2037 2372 2072 tutelam.

1277 2087 1292 2118 1
1343 2083 1441 2118 Idem
1466 2082 1605 2118 evenire
1635 2086 1772 2127 potest,
1805 2083 1836 2117 si
1861 2082 2000 2117 duobus
2032 2083 2265 2125 testamentis,
2291 2093 2372 2117 cum

1274 2128 1424 2163 haberet
1446 2132 1519 2163 tres
1543 2129 1695 2170 tutelas,
1720 2131 1819 2163 tutor
1843 2127 1948 2162 datus
1973 2131 2044 2162 est:
2077 2128 2140 2163 ubi
2170 2138 2242 2163 non
2265 2137 2369 2172 aper-

1274 2177 1393 2208 tarum
1416 2173 1622 2208 tabularum
1645 2177 1785 2218 tempus
1800 2173 1930 2218 inspici
1953 2172 2106 2215 debebit,
2121 2173 2150 2207 si
2168 2176 2371 2217 quaeratur,

1274 2229 1367 2264 quae
1390 2219 1489 2263 prior
1519 2217 1639 2253 delata
1670 2218 1716 2253 sit
1752 2218 1886 2260 tutela,
1920 2218 1984 2253 sed
2014 2218 2133 2253 aditae
2162 2217 2372 2253 hereditatis

1274 2266 1294 2299 2
1342 2264 1396 2299 vel
1420 2263 1639 2299 condicionis
1665 2263 1859 2299 existentis.
1907 2263 1973 2297 Illa
2007 2273 2149 2308 quoque
2181 2263 2248 2298 erit
2272 2262 2371 2297 diffe-

1273 2309 1390 2344 rentia
1425 2309 1639 2351 tutelarum,
1676 2308 1720 2344 de
1755 2308 1883 2354 quibus
1920 2308 2072 2343 diximus
2085 2335 2094 2349 ‚
2131 2308 2162 2342 si
2196 2307 2303 2342 tertia
2338 2310 2373 2342 et

1275 2358 1405 2400 quarta
1437 2354 1484 2388 sit
1515 2354 1634 2389 delata
1685 2354 1770 2389 licet
1792 2353 1830 2388 in
1855 2357 2020 2398 quartam
2033 2354 2060 2373 ¹⁵
2082 2353 2183 2398 prius
2208 2352 2371 2388 detentus

1274 2400 1332 2442 sit,
1357 2399 1454 2444 quod
1477 2399 1595 2443 huius,
1618 2378 1655 2433 id
1680 2403 1734 2434 est
1758 2404 1917 2444 quartae,
1942 2409 1986 2433 ex
2009 2408 2078 2442 quo
2095 2398 2214 2433 iussus
2231 2401 2286 2433 est
2308 2398 2371 2432 ad-

1274 2445 1489 2486 ministrare,
1513 2444 1608 2478 illius
1635 2455 1678 2479 ex
1702 2455 1772 2489 quo
1790 2444 1896 2478 datus
1916 2447 1970 2478 est
1992 2443 2191 2488 periculum
2208 2442 2373 2478 sustinet.

1275 2493 1294 2525 3
1342 2489 1448 2532 Eum,
1473 2490 1535 2534 qui
1557 2489 1732 2534 pupillum
1749 2489 1853 2524 bonis
1877 2488 2035 2533 paternis
2052 2488 2286 2530 abstinuerat,
2311 2487 2371 2523 de-

1273 2534 1458 2570 tinendum
1488 2535 1526 2569 in
1557 2538 1686 2579 quarta
1717 2534 1831 2569 tutela
1863 2533 2059 2568 existimavi
2083 2533 2186 2578 quasi
2210 2532 2373 2578 deposita

1274 2584 1296 2615 4
1342 2580 1415 2615 illa.
1477 2579 1642 2615 Ceterum
1673 2580 1880 2624 putarem¹⁶
1914 2582 2010 2613 recte
2051 2577 2232 2613 facturum
2267 2588 2372 2623 prae-

1273 2629 1399 2667 torem,
1425 2624 1457 2660 si
1481 2625 1588 2660 etiam
1611 2635 1720 2659 unam
1744 2624 1893 2659 tutelam
1917 2623 2081 2658 sufficere
2113 2622 2317 2664 crediderit,
2343 2623 2373 2658 si

1274 2674 1349 2706 tam
1373 2669 1505 2705 diffusa
1536 2673 1573 2704 et
1603 2670 1788 2714 negotiosa
1820 2669 1883 2710 sit,
1916 2672 1957 2703 ut
1979 2679 2045 2713 pro
2070 2668 2233 2713 pluribus
2259 2668 2371 2703 cedat.

1274 2726 1391 2760 neque
1421 2715 1530 2760 igitur
1561 2714 1692 2750 fratres
1725 2718 1909 2749 consortes
1933 2713 2089 2758 plurium
2112 2713 2192 2748 loco
2217 2713 2373 2748 habendi

1275 2764 1372 2803 sunt,
1395 2770 1511 2805 neque
1534 2770 1607 2795 non
1630 2759 1773 2801 fratres,
1800 2759 1830 2793 si
1852 2758 1946 2793 idem
1970 2758 2223 2804 patrimonium
2238 2758 2374 2793 habent

1276 2810 1312 2841 et
1334 2805 1427 2840 ratio
1453 2804 1769 2840 administrationis
1801 2804 1939 2848 pariter
1970 2803 2153 2838 reddenda
2176 2804 2233 2839 sit.
2269 2807 2304 2839 et
2328 2813 2373 2838 ex

1276 2851 1414 2886 diverso
1445 2850 1575 2885 fratres
1608 2850 1718 2885 diviso
1743 2849 1957 2894 patrimonio
1989 2848 2082 2884 duae
2112 2849 2246 2884 tutelae
2270 2852 2372 2884 sunt:

1275 2907 1348 2931 non
1372 2895 1476 2938 enim,
1501 2899 1543 2929 ut
1567 2894 1650 2936 dixi,
1676 2904 1844 2929 numerus
1868 2894 2095 2938 pupillorum,
2130 2894 2194 2929 sed
2218 2893 2371 2928 difficul-

1275 2945 1332 2975 tas
1364 2940 1544 2975 rationum
1579 2939 1884 2974 conficiendarum
1916 2942 1952 2974 et
1985 2939 2247 2974 reddendarum
2287 2949 2371 2974 con-

1275 2985 1467 3021 sideranda
1491 2988 1555 3020 est.

1321 3028 1375 3068 32
1399 3029 1509 3064 IDEM
1535 3029 1626 3065 libro
1650 3029 1801 3075 septimo
1804 3029 2084 3108 Nfuaestionum
2131 3028 2332 3063 Nesennius
2346 3028 2372 3048 ¹⁷

1275 3076 1308 3110 A
1335 3074 1495 3111 oHinaris
1518 3074 1609 3109 Iulio
1632 3073 1756 3109 Paulo.
1846 3077 1924 3109 ater
1939 3073 2052 3109 filium
2071 3084 2174 3109 suum
2198 3073 2372 3117 pupillum

1275 3132 1297 3156 v
1361 3120 1476 3165 quivis
1490 3119 1517 3140 ¹⁸
1552 3119 1642 3154 alius
1674 3122 1864 3154 extraneus
1889 3122 2096 3154 extraneum
2120 3129 2231 3163 aeque
2255 3117 2371 3161 pupil-

1275 3166 1349 3201 lum
1373 3164 1519 3210 scripsit
1540 3164 1706 3199 heredem
1731 3167 1767 3199 et
1790 3164 1887 3200 Titio
1913 3164 2068 3209 legatum
2093 3164 2190 3198 dedit
2222 3172 2372 3206 eumque

1277 3210 1390 3247 eidem
1413 3209 1549 3255 pupillo
1573 3212 1728 3244 tutorem
1752 3209 1962 3254 adscripsit:
2000 3209 2115 3244 Titius
2142 3207 2372 3243 confirmatus

1277 3255 1462 3291 excusavit
1493 3264 1532 3290 se
1563 3264 1586 3289 a
1615 3254 1747 3290 tutela:
1787 3264 1940 3307 quaero,
1972 3264 2019 3289 an
2042 3254 2196 3298 legatum
2221 3251 2369 3286 amittat.

1276 3304 1312 3336 et
1335 3300 1432 3346 quid,
1456 3299 1489 3335 si
1511 3302 1727 3335 testamento
1751 3299 1892 3352 qmdem
1915 3302 2015 3334 tutor
2038 3309 2111 3334 non
2135 3299 2181 3332 sit
2205 3296 2372 3341 scriptus,

1276 3347 1432 3390 legatum
1462 3348 1582 3379 tamen
1614 3349 1794 3390 acceperit
1829 3344 2006 3388 datusque
2040 3354 2062 3377 a
2085 3346 2252 3388 praetore
2274 3344 2373 3376 tutor

1277 3394 1424 3426 excuset
1447 3399 1497 3432 se,
1522 3400 1569 3425 an
1592 3399 1706 3435 aeque
1728 3389 1953 3435 repellendus
1978 3388 2025 3424 sit
2047 3398 2070 3423 a
2091 3387 2234 3432 legato?
2267 3390 2302 3421 et
2325 3395 2372 3420 an

1276 3434 1412 3480 aliquid
1445 3434 1605 3477 intersit,
1642 3435 1672 3470 si
1709 3445 1732 3470 a
1765 3438 1868 3480 patre
1898 3433 1953 3468 vel
1985 3432 2208 3476 emancipato
2234 3430 2371 3482 pupillo

1276 3485 1375 3516 tutor
1408 3479 1514 3515 datus
1546 3480 1594 3515 sit
1623 3480 1680 3515 vel
1710 3480 1839 3525 puberi
1879 3478 2048 3513 curator?
2086 3475 2271 3521 respondi:
2312 3486 2372 3519 qiu

1276 3605 1391 3626 versus
1412 3604 1589 3636 personam
1609 3594 1707 3626 modo
1727 3593 1842 3625 liberti
1867 3591 2094 3632 consequitur,
2115 3590 2196 3621 licet
2216 3589 2252 3620 in
2273 3589 2371 3620 bonis

1277 3640 1349 3671 eius
1363 3640 1499 3680 patroni
1512 3639 1567 3672 ius
1580 3642 1732 3672 exerceat
1751 3639 1824 3671 Vat.
1938 3639 1995 3673 (10)
2022 3635 2142 3666 debeat
2160 3635 2231 3667 Vat.
2317 3636 2370 3671 (11)

1278 3684 1324 3716 sit
1336 3683 1390 3716 F²
1505 3686 1564 3725 (12)
1590 3685 1648 3726 qui
1661 3683 1788 3726 potuit]
1803 3682 1981 3723 potuitque
1992 3693 2054 3712 scr.
2178 3683 2234 3718 (13)
2261 3682 2294 3710 et
2307 3679 2369 3711 del.

1277 3729 1431 3772 Krueyer
1535 3733 1592 3769 (14)
1618 3730 1681 3761 hoc
1695 3729 1783 3769 exigi
1799 3737 1884 3758 anne
1904 3738 1965 3758 scr.
2072 3726 2129 3766 (15)
2157 3727 2275 3766 quarta
2289 3724 2368 3756 Hal.

1278 3775 1336 3815 (16)
1364 3775 1513 3815 putarim
1526 3787 1587 3807 scr.
1691 3775 1747 3814 (17)
1774 3771 1965 3803 Nasennius
1978 3782 2040 3803 scr.
2145 3771 2204 3809 (18)
2232 3769 2306 3810 quis
2319 3767 2370 3800 F2
