2528 3918
181 125 387 168 XXXXV
421 128 440 167 1

182 248 289 283 etiam
311 246 494 292 praeteriti
516 245 686 291 temporis
709 245 836 283 habita
857 246 1013 290 ratione,
1046 245 1138 282 dena
1160 255 1263 292 prae·

183 296 333 328 stentur.

227 336 279 375 65
305 337 582 372 ΡιοιῑΕΝπΝυε
601 335 692 373 libro
716 340 842 373 octavo
867 337 1130 376 institutionum
1167 335 1267 381 Quae

180 383 403 419 extrinsecus
426 385 463 417 et
485 380 573 416 nihil
595 380 642 416 ad
663 385 886 427 praesentem
910 385 1030 416 actum
1078 381 1268 417 ertinentia

181 427 355 463 adieceris
371 427 417 463 sti
444 426 603 470 ulationi‚
625 437 691 472 pro
707 427 936 472 supervacuis
956 427 1050 462 habe
1076 430 1185 462 untur
1201 436 1268 462 nec

181 473 357 508 vitiabunt
381 437 644 517 obffigationem
668 471 779 508 veluti
802 472 833 507 si
856 472 971 507 dicas:
1001 474 1113 507 ‘arma
1135 471 1266 506 virum-

186 522 199 553 1
250 520 331 563 ‘que
355 527 445 553 cano
461 519 489 553 ¹:
514 516 695 562 spondeo’,
719 517 829 553 nihilo
854 517 969 552 minus
993 516 1096 551 valet.
1136 516 1209 552 Sed
1230 519 1267 552 et

182 563 211 599 si
235 563 272 598 in
294 562 348 598 rei
370 572 462 608 quae
510 561 704 598 romittitur
733 566 796 597 aut
823 572 998 607 personae
1029 561 1268 606 appellatione

181 608 353 651 varietur,
378 618 450 643 non
473 617 494 642 ο
521 617 599 644 esse
622 607 759 652 placet:
785 618 867 642 nam
891 606 1076 652 stipulanti
1099 605 1265 642 denarios

182 652 340 689 eiusdem
363 651 573 698 quantitatis
596 662 725 688 aureos
745 651 951 697 spondendo
973 651 1204 695 obligaberis:
1231 654 1269 687 et

182 709 283 734 servo
307 697 493 744 stipulanti
507 697 621 733 Lucio
648 697 788 733 domino
809 707 886 739 suo,
911 697 942 731 si
958 696 1064 739 Titio,
1089 696 1152 742 qui
1173 695 1268 732 idem

181 743 240 785 sit,
265 742 432 778 daturum
454 746 492 778 te
513 742 704 788 spondeas,
729 741 952 787 obligaberis.

227 785 280 826 66
307 787 465 824 ΡΔσισε
489 787 580 823 libro
605 788 709 823 tertio
734 787 783 822 ad
806 787 918 833 leqem
941 786 1080 822 Aeliam
1104 785 1264 822 Sentiam

182 833 220 869 Si
242 832 358 868 minor
379 831 503 879 viginti
525 832 628 868 annis
652 843 674 867 a
698 832 858 868 debitore
878 842 943 867 suo
964 831 1157 878 stipuletur
1181 834 1265 868 ‘ser—

182 883 275 914 ‘vum
298 878 619 920 manumissurum',
644 888 716 913 non
740 881 794 912 est
817 877 999 912 exsecutio
1024 877 1265 922 stipulationis

181 923 310 960 danda.
366 922 430 959 sed
459 923 491 959 si
521 922 680 968 ipsorum
711 922 834 966 viginti
862 932 1038 957 annorum
1069 922 1155 966 erit,
1194 932 1268 957 non

180 970 228 1004 im
253 968 391 1004 edietur
412 968 658 1011 manumissio,
683 968 766 1012 quia
790 967 833 1003 de
857 968 993 1003 minore
1015 967 1074 1003 lex
1095 967 1131 1003 lo
1157 967 1265 1003 uitur.

226 980 279 1053 67
313 1013 507 1051 ULPJANUS
535 1013 626 1048 libro
649 1012 807 1048 secundo
831 1013 881 1048 acl
903 1013 1058 1048 edictum
1148 1023 1171 1048 a
1202 1012 1266 1048 sti-

181 1059 336 1106 pulatio:
370 1058 502 1094 ‘decem
526 1057 647 1092 milia²
676 1058 775 1093 salva
805 1057 883 1093 fore
914 1056 1130 1103 promittis?
1161 1058 1264 1093 valet.

184 1108 198 1140 1
248 1104 360 1148 Eum,
394 1103 456 1149 qui
486 1103 619 1139 ‘decem
643 1102 721 1138 dari
743 1102 814 1139 sibi
838 1103 968 1138 curari’
993 1102 1184 1148 stipulatus
1207 1103 1264 1145 sit,

180 1161 254 1186 non
282 1159 389 1196 posse
418 1148 540 1184 decem
572 1151 711 1193 petere,
743 1148 912 1193 quoniam
934 1148 1049 1193 possit
1071 1148 1268 1194 promissor

180 1206 280 1231 reum
302 1193 516 1240 locupletem
541 1193 658 1228 dando
682 1193 839 1236 liberari,
864 1193 988 1229 Labeo
1009 1194 1078 1229 ait:
1101 1193 1208 1239 idque
1232 1198 1268 1229 et

181 1240 306 1277 Celsus
330 1240 422 1275 libro
446 1242 548 1275 sexto
574 1238 814 1283 digestorum³
837 1238 957 1274 refert.

226 1282 279 1323 68
305 1284 361 1320 ΡΑ
369 1294 411 1320 σι
419 1294 463 1319 vs
483 1283 574 1319 libro
597 1283 754 1320 secundo
778 1283 828 1318 acl
850 1284 1004 1319 edictum
1053 1283 1091 1319 Si
1141 1293 1267 1318 oenam

180 1331 372 1376 stipulatus
395 1328 514 1372 fuero,
545 1328 577 1364 si
607 1328 691 1363 mihi
721 1328 910 1373 pecuniam
939 1339 1012 1364 non
1043 1339 1102 1364 cre
1130 1328 1267 1371 'disses‚

181 1380 280 1412 certa
308 1379 364 1411 est
392 1378 428 1410 et
455 1374 553 1410 utilis
583 1373 779 1419 stipulatio.
828 1373 925 1419 quod
947 1374 979 1410 si
1001 1374 1054 1409 ita
1076 1374 1268 1420 stipulatus

179 1422 300 1457 fuero:
334 1419 534 1465 ‘pecuniam
564 1422 601 1453 te
629 1418 714 1453 mihi
739 1418 954 1455 crediturum
977 1418 1131 1464 spondes
1141 1419 1181 1461 ‘?’,
1213 1419 1267 1454 in-

182 1470 281 1502 certa
311 1470 368 1501 est
398 1464 597 1510 stipulatio,
629 1464 713 1510 quia
743 1463 781 1499 id
814 1464 908 1500 venit
930 1465 968 1500 in
991 1464 1268 1510 stipulationem,

180 1511 278 1558 quod
300 1520 381 1546 mea
403 1510 563 1546 interest.

226 1553 281 1595 69
320 1555 515 1592 Uzpmws
546 1554 637 1591 libro
667 1558 774 1591 sexto
806 1555 856 1591 ad
885 1554 1040 1591 edictum
1093 1554 1132 1590 Si
1161 1554 1267 1591 homo

182 1605 344 1639 mortuus
366 1600 430 1643 sit,
462 1599 564 1636 sisti⁴
594 1611 668 1636 non
690 1604 810 1646 potest
832 1610 899 1636 nec
922 1610 1039 1646 poena
1060 1600 1114 1636 rei
1135 1600 1267 1645 impos-

180 1647 293 1684 sibilis
321 1645 582 1689 committetur,
612 1645 909 1691 quemadmodum
941 1645 973 1681 si
1003 1646 1082 1691 quis
1107 1645 1269 1681 Stichum

180 1696 360 1728 mortuum
390 1691 478 1727 dare
508 1691 720 1737 stipulatus,
753 1691 785 1727 si
809 1691 915 1727 datus
939 1701 1012 1727 non
1035 1694 1149 1734 esset,
1180 1700 1267 1736 poe-

179 1748 264 1774 nam
287 1736 490 1783 stipuletur.

227 1780 280 1821 70
304 1782 410 1818 Imm
432 1782 523 1818 libro
541 1781 729 1817 undecimo
749 1781 799 1817 ad
818 1781 971 1817 edictum
1011 1780 1151 1823 Mulier,
1201 1791 1269 1815 uae

181 1827 301 1864 dotem
324 1827 472 1863 dederat
493 1826 661 1872 populari
683 1836 762 1862 meo
788 1826 973 1862 Glabrioni
996 1826 1148 1869 Isidoro,
1172 1792 1268 1861 pece-

180 1877 237 1909 rat
260 1883 341 1909 eum
363 1871 571 1917 promittere
595 1871 729 1915 dotem,
760 1871 792 1907 si
820 1872 858 1907 in
888 1871 1113 1907 matrimonio
1144 1870 1267 1907 deces-

181 1919 304 1962 sisset,
341 1916 471 1953 infanti
509 1921 547 1952 et
577 1916 786 1952 decesserat.
811 1920 999 1953 constante
1028 1915 1266 1952 matrimonio.

180 1963 349 2016 placebat
380 1973 423 1997 ex
454 1961 629 2007 stipulatu
660 1962 837 2015 actionem
867 1972 940 1997 non
972 1972 1080 2028 esse‚⁵
1100 1961 1269 2007 quoniam

182 2009 431 2091 quifffli‘ff
468 2007 903 2088 fissiraizr53⁹¹21¹32m¹20Z
939 2010 1114 2088 ⁰223&
1167 2051 1268 2095 cum,

182 2099 267 2146 quid
289 2102 331 2135 ut
352 2097 434 2141 fiat,
459 2097 670 2143 stipulemur
692 2108 863 2142 poenam,
891 2098 944 2133 sic
966 2101 1064 2133 recte
1089 2097 1268 2144 concipie-

181 2155 280 2181 mus:
305 2144 348 2180 ‘si
369 2143 421 2179 ita
443 2142 580 2178 factum
602 2153 675 2178 non
699 2143 798 2178 erit':
823 2153 904 2178 cum
928 2142 1014 2188 quid
1034 2152 1079 2178 ne
1097 2142 1171 2184 fiat,
1197 2142 1268 2178 sic:

183 2191 226 2227 ‘si
249 2189 420 2225 adversus
441 2187 479 2223 id
501 2187 639 2223 factum
662 2187 731 2223 sit’.

229 2232 283 2272 72
306 2233 414 2271 1031
433 2232 525 2269 libro
545 2234 734 2269 vicensimo
755 2233 804 2268 ad
822 2233 977 2269 edictum
1011 2232 1269 2278 Stipulationes

182 2291 256 2316 non
285 2278 490 2316 dividuntur
518 2288 641 2314 earum
669 2288 807 2321 rerum,
837 2288 931 2323 quae
961 2277 1167 2314 divisionem
1196 2288 1269 2314 non

182 2325 371 2371 recipiunt,
391 2323 501 2360 veluti
519 2323 597 2359 viae
615 2323 752 2360 itineris
771 2326 874 2359 actus
893 2333 1008 2369 aquae
1025 2323 1154 2359 ductus
1175 2327 1268 2359 cete-

183 2381 302 2406 rarum
327 2380 372 2406 ue
395 2369 627 2405 servitutium.
675 2368 768 2404 idem
794 2372 885 2414 puto
917 2374 954 2404 et
976 2369 1007 2404 si
1032 2368 1111 2414 quis
1134 2368 1268 2404 facien-

329 2415 337 2423 ’
364 2414 427 2450 uid
450 2414 642 2460 stipulatus
665 2413 722 2458 sit,
749 2418 791 2449 ut
813 2418 902 2459 puta
923 2413 1074 2449 fundum
1097 2414 1192 2449 tradi
1214 2414 1269 2450 vel

364 2459 456 2495 odiri
485 2459 542 2495 vel
570 2459 723 2494 insulam
754 2459 939 2502 fabricari,
971 2459 1027 2495 vel
1057 2469 1185 2504 operas
1213 2459 1270 2494 vel

184 2416 268 2452 dum

182 2462 318 2498 fossam

184 2506 270 2553 quid
292 2506 348 2541 his
376 2505 506 2541 simile:
538 2505 667 2540 horum
697 2504 792 2540 enim
824 2505 948 2540 divisio
979 2505 1175 2550 corrumpit
1205 2504 1269 2540 sti-

183 2551 415 2598 pulationem.
468 2549 594 2586 Celsus
623 2553 744 2586 tamen
780 2549 871 2586 libro
906 2550 1110 2595 trigensimo
1143 2552 1269 2585 octavo

185 2598 402 2642 digestorum
432 2595 543 2631 refert
566 2595 792 2631 Tuberonem
820 2594 1060 2639 existimasse,
1093 2594 1155 2630 ubi
1210 2594 1271 2630 uid

185 2643 263 2678 fieri
285 2641 507 2687 stipulamur,
531 2640 563 2676 si
586 2651 658 2675 non
680 2639 790 2675 fuerit·
811 2639 957 2684 factum,
982 2639 1171 2686 pecuniam
1215 2639 1270 2675 ari

187 2691 352 2732 oportere
382 2686 535 2730 ideoque
566 2686 672 2721 etiam
703 2685 741 2721 in
770 2685 839 2721 hoc
867 2695 997 2731 genere
1026 2684 1134 2721 dividi
1157 2685 1269 2730 stipu-

186 2732 370 2767 lationem:
396 2730 591 2766 secundum
610 2740 714 2775 quem
731 2730 854 2767 Celsus
877 2731 928 2766 ait
951 2741 1058 2775 posse
1082 2729 1152 2766 dici
1174 2730 1270 2766 iusta

192 2781 203 2812 l
254 2776 524 2812 aestimatione⁶
555 2775 644 2811 facti
674 2775 827 2811 dandam
859 2785 936 2812 esse
991 2775 1182 2811 etitionem.
1232 2775 1270 2810 Si

187 2822 267 2867 quis
300 2822 353 2857 ita
382 2821 574 2866 stipulatus
606 2821 670 2856 sit:
711 2821 754 2857 ‘si
789 2823 873 2857 aute
911 2821 961 2856 ka
975 2820 1086 2856 endas
1117 2820 1268 2856 Martias

187 2867 331 2913 ‘primas
356 2877 445 2911 opus
469 2866 669 2911 perfectum
692 2877 764 2902 non
784 2866 862 2908 erit,
886 2869 962 2901 tum
979 2865 1102 2911 quanti
1122 2865 1159 2901 id
1179 2876 1269 2911 opus

188 2912 278 2956 ‘erit,
302 2915 439 2947 tantam
463 2911 650 2956 pecuniam
675 2910 752 2946 dari
761 2911 800 2953 Υ,
827 2911 920 2947 diem
942 2910 1186 2956 promissionis
1211 2920 1268 2946 ce-

188 2957 272 2993 dere
292 2967 366 2992 non
384 2966 429 2991 ex
449 2966 519 3000 quo
537 2956 693 2991 locatum
712 2960 767 2992 est
786 2967 887 3001 opus,
913 2955 977 2992 sed
997 2960 1079 3001 post
1095 2955 1268 2991 kalendas

188 3002 358 3044 Martias,
387 3001 472 3046 quia
502 3011 568 3035 nec
601 3001 781 3037 conveniri
812 3005 895 3037 ante
922 3001 1095 3037 kalendas
1118 3001 1268 3037 Martias

189 3051 209 3083 2
255 3057 338 3083 reus
359 3045 590 3099 promittendi
613 3050 765 3090 poterat.
812 3045 923 3082 Plane
951 3046 983 3082 si
1012 3045 1176 3082 ‘insulam
1199 3046 1268 3082 ful-

188 3092 276 3128 ‘ciri'
307 3101 388 3138 quis
418 3090 608 3136 stipulatus
633 3091 695 3134 sit,
727 3102 799 3127 non
823 3095 878 3127 est
901 3091 1197 3137 exspectandum,
1229 3095 1270 3126 ut

188 3136 304 3173 insula
322 3139 414 3179 ruat,
434 3135 486 3171 sic
505 3134 632 3171 deinde
648 3136 703 3180 agi
721 3136 853 3181 possit:
877 3137 966 3172 nec⁷
986 3136 1149 3172 ‘insulam
1168 3136 1267 3178 fieri',

188 3187 230 3218 ut
251 3186 391 3217 tantum
414 3180 584 3226 temporis
607 3185 827 3225 praetereat,
860 3184 992 3226 quanto
1016 3181 1135 3217 insula
1157 3181 1268 3216 fabri-

189 3227 263 3263 cari
287 3226 420 3272 possit:
451 3225 515 3262 sed
542 3225 604 3261 ubi
627 3225 696 3260 iam
721 3226 837 3271 coepit
860 3227 984 3262 mora⁸
1006 3225 1192 3262 faciendae
1213 3226 1268 3262 in-

188 3273 290 3309 sulae
311 3271 400 3315 fieri,
424 3275 511 3306 tunc
534 3274 659 3315 agetur
683 3270 826 3315 diesque
850 3271 1058 3316 obligationi
1082 3270 1186 3307 cedit.

236 3314 288 3355 73
322 3316 377 3351 ΡΑ
385 3325 479 3352 vsvs
514 3315 605 3352 libro
643 3315 833 3350 vicensimo
870 3320 1001 3361 quarto
1037 3316 1086 3351 ad
1115 3316 1268 3352 edictum

188 3361 370 3398 Interdum
419 3371 486 3396 ura
508 3360 691 3413 stipulatio
715 3370 759 3395 ex
781 3371 820 3395 re
843 3361 922 3405 ipsa
939 3360 1142 3397 dilationem
1160 3361 1268 3407 capit,

188 3406 299 3443 veluti
321 3406 352 3441 si
374 3372 416 3441 id)
458 3405 530 3441 uod
552 3416 590 3441 m
612 3408 713 3440 utero
737 3404 783 3440 sit
806 3410 869 3439 aut
889 3405 1027 3442 fructus
1047 3405 1189 3442 futuros
1206 3409 1270 3441 aut

190 3452 332 3488 domum
364 3450 442 3486 aedi
471 3451 545 3486 cari
575 3450 766 3495 stipulatus
795 3450 858 3485 sit:
899 3454 986 3486 tunc
1023 3451 1115 3486 enim
1143 3450 1269 3496 incipit

189 3496 302 3539 aetio,
329 3506 409 3532 cum
433 3506 477 3531 ea
499 3506 564 3540 per
586 3505 705 3531 rerum
726 3498 891 3530 naturam
913 3495 1089 3539 praestari
1111 3499 1231 3541 potest
1241 3497 1266 3531 ⁹.

189 3541 242 3579 sic
271 3541 331 3587 qui
355 3540 563 3585 Carthagini
592 3539 669 3575 dari
698 3539 907 3585 stipulatur,
940 3551 1020 3575 cum
1044 3541 1179 3577 Romae
1210 3540 1267 3584 sit,

190 3657 234 3699 (1)
266 3656 429 3701 Veryiln‘us
440 3656 522 3690 Aen.
540 3657 568 3697 1,
581 3663 595 3690 ι
687 3658 730 3695 (2)
754 3654 848 3687 milia
861 3654 924 3689 del.
934 3653 988 3687 F²
1088 3656 1130 3695 (3)
1154 3655 1201 3688 D.
1219 3655 1270 3696 12,

192 3710 216 3742 ι,
230 3709 277 3743 ⁴2,
290 3709 303 3736 ι
384 3703 427 3742 (4)
451 3701 496 3734 sit
509 3703 580 3741 (om.
592 3700 678 3741 sisti)
694 3700 754 3741 1³¹,
770 3699 842 3732 sisti
858 3700 931 3741 (om.
942 3699 999 3741 sit)
1015 3699 1064 3732 F²
1145 3701 1188 3741 (5)
1210 3709 1269 3743 po-

192 3749 255 3777 test
267 3746 317 3780 Ρ
427 3747 472 3788 (ο)
496 3746 592 3779 iuxta
602 3745 862 3779 aestimationem
877 3745 904 3777 S
1014 3745 1058 3786 (ῖ)
1081 3744 1108 3776 si
1124 3745 1183 3778 ins.
1195 3744 1268 3778 edd.

1250 120 1336 168 726
1553 111 1600 133 ‘R

1484 1 1555 104 a

2080 137 2142 169 DE
2172 138 2412 171 VERBORm(

1333 245 1443 282 tacite
1456 249 1596 292 tempus
1610 246 1799 293 complecti
1813 246 1963 290 videtur,
1986 257 2056 292 quo
2098 247 2250 284 erveniri
2266 248 2414 284 Cartha-

1333 291 1449 371 fflnem
1474 295 1609 344 potest.
1655 292 1741 328 item
1769 293 1801 329 si
1831 302 1958 338 operas
1989 302 2011 327 a
2040 292 2066 327 li
2093 296 2169 329 erto
2200 293 2279 339 quis
2302 293 2414 339 stipu-

1372 339 1430 372 tus
1454 340 1517 380 sit,
1550 347 1622 372 non
1645 341 1728 373 ante
1751 337 1826 374 dies
1850 348 1971 373 earum
1996 337 2109 380 cedit,
2134 348 2240 383 quam
2262 337 2417 374 indictae

1339 385 1352 416 1
1401 380 1536 416 fuerint
1557 392 1623 417 nec
1647 382 1718 418 sint
1739 383 1945 428 praestitae.
1983 381 2021 417 Si
2039 392 2159 418 servus
2181 382 2415 419 hereditarius

1334 426 1527 478 stipulatus
1550 427 1615 469 sit,
1646 427 1780 464 nullam
1809 427 1879 464 vim
1907 427 2074 463 habitura
2097 431 2152 464 est
2164 429 2192 449 ¹⁰
2221 429 2266 464 sti
2293 428 2415 470 ulatio,

1335 470 1404 506 nim
1435 471 1533 507 adita
1563 471 1742 509 hereditas
1770 473 1835 516 sit,
1869 472 1971 518 quasi
2001 472 2243 509 condicionem
2298 473 2415 509 abeat.

1334 515 1428 551 idem
1464 520 1520 551 est
1556 520 1593 552 et
1626 516 1665 552 in
1701 527 1803 554 servo
1844 517 1920 553 eius
1958 517 2019 562 qui
2058 517 2155 564 apud
2192 518 2313 554 hostes
2349 522 2415 554 est.

1336 563 1355 595 2
1404 560 1517 596 Stichi
1554 561 1751 607 promissor
1784 566 1867 608 post
1900 573 2035 598 moram
2073 562 2253 599 offerendo
2314 567 2417 608 urgat

1334 614 1489 658 moram:
1530 611 1626 659 certe
1661 608 1755 642 enim
1790 608 1863 643 doli
1879 607 1976 661 'mali
2007 607 2168 661 exceptio
2199 574 2343 644 nocessit
2373 608 2418 654 ei,

1337 661 1610 749 qgfeffimgssa
1632 652 1974 734 agi-zmglctffifflpffg
1997 653 2157 734 2212&
2188 697 2417 744 provinciale

1335 739 1610 787 Stipulauonum
1635 741 1808 787 quaedam
1831 747 1949 778 certae
1973 746 2073 785 sunt,
2104 743 2279 789 quaedam
2300 742 2417 778 incer-

1333 788 1405 822 tae.
1458 791 1594 822 certum
1618 791 1682 831 est,
1708 787 1803 832 quod
1827 798 1871 822 ex
1893 787 1972 833 ipsa
1994 788 2284 833 pronuntiatione
2305 798 2415 834 appa-

1334 835 1390 866 ret
1415 831 1498 876 quid
1523 832 1628 877 quale
1653 836 1895 878 quantumque
1918 833 1974 876 sit,
2000 836 2040 867 ut
2062 843 2147 869 ecce
2167 833 2268 869 aurei
2287 833 2418 875 decem,

1334 875 1468 913 fundus
1492 877 1738 922 Tusculanus,
1762 878 1869 913 homo
1895 878 2052 921 Stichus,
2084 878 2193 914 tritici
2216 877 2330 914 Africi
2353 889 2417 924 op-

1334 921 1411 956 timi
1441 921 1550 957 modii
1579 926 1737 967 centum,
1770 923 1840 958 vini
1865 923 2038 968 Campani
2069 923 2193 969 optimi
2224 923 2419 969 amphorae

1336 971 1489 1003 centum.

1383 1011 1434 1050 75
1467 1012 1661 1048 ULPIANUS
1682 1012 1773 1048 libro
1798 1013 1988 1049 vicensimo
2012 1013 2169 1049 secundo
2193 1013 2243 1048 ad
2265 1012 2419 1048 edictum

1337 1057 1406 1093 Ubi
1430 1062 1550 1093 autem
1575 1068 1647 1093 non
1671 1062 1840 1103 apparet,
1865 1058 1950 1103 quid
1973 1059 2078 1111 quale
2101 1062 2342 1104 quantumque
2365 1062 2420 1093 est

1336 1103 1372 1138 in
1397 1102 1637 1148 stipulatione,
1661 1103 1834 1138 incertam
1852 1113 1930 1139 esse
1949 1103 2214 1157 supulationem
2233 1102 2419 1139 dicendum

1341 1152 1352 1182 1
1405 1153 1470 1183 est.
1518 1148 1615 1193 Ergo
1648 1148 1678 1183 si
1711 1148 1771 1193 qui
1800 1147 1950 1183 fundum
1979 1159 2055 1185 sme
2084 1148 2231 1195 propria
2259 1148 2417 1194 appella·

1336 1194 1432 1229 tione
1461 1193 1516 1229 vel
1546 1193 1724 1228 hominem
1754 1193 1966 1238 generaliter
1997 1194 2072 1230 sine
2102 1205 2167 1239 pro
2194 1193 2247 1229 rio
2278 1193 2419 1229 nomine

1336 1243 1400 1274 aut
1423 1238 1543 1274 vinum
1565 1238 1825 1274 frumentumve
1855 1239 1931 1275 sine
1963 1239 2133 1284 qualitate
2231 1239 2238 1246 '
2263 1238 2333 1275 sibi
2355 1238 2418 1274 sti-

1337 1287 1356 1318 2
1404 1284 1561 1329 pulatur,
1585 1284 1757 1319 incertum
1782 1283 1924 1319 deducit
1944 1284 1983 1319 in
2002 1284 2263 1330 obligationem.
2298 1282 2420 1329 Usque

1337 1329 1439 1371 adeo,
1463 1333 1515 1372 ut,
1539 1329 1570 1364 si
1593 1329 1671 1374 quis
1695 1329 1746 1363 ita
1770 1329 1815 1364 sti
1843 1330 1961 1365 ulatus
1986 1330 2032 1365 sit
2059 1329 2176 1365 ‘tritici
2198 1328 2314 1364 Africi
2335 1329 2419 1364 boni

1338 1375 1486 1410 ‘modios
1519 1375 1671 1410 centum'
1706 1374 1787 1409 ‘vini
1812 1340 1984 1427 gampani
2014 1375 2099 1411 boni
2122 1385 2180 1410 am
2205 1374 2313 1410 horas
2337 1384 2419 1409 cen-

1338 1421 1448 1463 ‘tum',
1480 1420 1655 1455 incertum
1678 1419 1841 1454 videatur
1863 1420 2042 1465 stipulari,
2071 1421 2155 1466 quia
2203 1429 2271 1455 ono
2295 1419 2418 1455 melius

1335 1465 1484 1501 inveniri
1513 1468 1648 1510 potest:
1681 1475 1751 1510 quo
1783 1464 1843 1507 fit,
1875 1469 1916 1500 ut
1948 1465 2034 1501 boni
2061 1465 2253 1511 appellatio
2277 1474 2350 1500 non
2374 1463 2421 1500 sit

1338 1514 1456 1546 certae
1486 1510 1539 1546 rei
1566 1509 1817 1555 significativa,
1850 1520 1931 1545 cum
1960 1510 2015 1554 id,
2047 1510 2143 1556 quod
2172 1511 2268 1546 bono
2292 1509 2419 1546 melius

1337 1555 1395 1598 sit,
1419 1556 1538 1601 ipsum
1561 1565 1701 1601 quoque
1724 1555 1857 1591 bonum
1875 1555 1930 1591 sit.
1976 1559 2015 1591 at
2033 1566 2114 1591 cum
2131 1555 2302 1602 optimum
2323 1554 2419 1600 quis-

1339 1611 1408 1645 que
1431 1601 1635 1646 stipulatur,
1658 1598 1695 1635 id
1717 1600 1763 1635 sti
1790 1600 1882 1636 ulari
1904 1601 2131 1646 intellegitur,
2156 1600 2258 1637 cuius
2277 1599 2418 1636 bonitas

1337 1646 1569 1691 principalem
1590 1645 1741 1691 gradum
1789 1646 1934 1682 onitatis
1958 1645 2086 1682 habet:
2110 1656 2202 1698 quae
2221 1655 2279 1682 res
2299 1644 2419 1688 efficit,

1338 1695 1357 1726 3
1405 1695 1445 1726 ut
1468 1701 1510 1726 ea
1534 1690 1726 1736 appellatio
1747 1690 1835 1726 certi
1854 1690 2087 1736 significativa
2099 1695 2155 1727 sit.
2191 1689 2311 1726 Fundi
2331 1690 2420 1726 certi

1336 1736 1368 1772 si
1392 1736 1469 1781 quis
1495 1747 1599 1772 usum
1621 1735 1778 1771 fructum
1802 1736 1995 1782 stipulatus
2018 1736 2143 1780 fuerit,
2166 1737 2342 1772 incertum
2363 1736 2416 1771 in-

1337 1781 1517 1826 tellegitur
1539 1781 1576 1816 in
1600 1781 1850 1826 obligationem
1869 1781 2076 1818 deduxisse:
2100 1781 2169 1818 hoc
2193 1781 2285 1818 enim
2308 1781 2419 1826 magis

1338 1830 1359 1861 4
1405 1826 1482 1862 iure
1513 1826 1658 1862 utimur.
1705 1826 1799 1862 Illud
1822 1826 2080 1863 dubitationem
2103 1827 2245 1873 recipit,
2277 1826 2309 1863 si
2340 1827 2419 1872 quis

1337 1871 1385 1916 id,
1410 1871 1505 1924 quod
1523 1882 1568 1907 ex
1580 1871 1762 1907 Arethusa
1785 1871 1916 1907 ancilla
1937 1875 2062 1908 natum
2084 1873 2162 1915 erit,
2186 1875 2250 1907 aut
2269 1871 2419 1915 fructus,

1339 1917 1399 1962 qui
1421 1928 1459 1952 m
1482 1916 1593 1952 fundo
1617 1916 1822 1953 Tusculano
1847 1916 1922 1952 nati
1947 1921 2066 1960 erunt,
2098 1916 2177 1953 dari
2206 1917 2274 1954 sibi
2305 1916 2417 1963 stipu-

1337 1963 1432 1998 latus
1463 1962 1528 2005 sit,
1561 1972 1608 1997 au
1640 1966 1776 1998 certum
1805 1962 1997 2007 stipulatus
2028 1962 2201 1999 videatur.
2248 1961 2313 1998 sed
2341 1962 2417 2008 ipsa

1338 2012 1467 2043 natura
1496 2006 1820 2043 manifestissimum
1850 2012 1904 2043 est
1931 2008 2057 2043 incerti
2089 2017 2167 2044 esse
2189 2008 2283 2043 hanc
2306 2007 2417 2054 stipu-

1339 2056 1357 2087 5
1405 2053 1585 2088 lationem.
1629 2052 1699 2088 Sed
1723 2053 1783 2098 qui
1806 2053 1925 2088 vinum
1949 2056 2013 2088 aut
2034 2053 2149 2089 oleum
2172 2052 2228 2089 vel
2250 2052 2419 2096 triticum,

1338 2098 1435 2143 quod
1458 2098 1494 2133 in
1517 2098 1646 2134 horreo
1670 2101 1743 2142 est,
1775 2098 1984 2144 stipulatur,
2017 2102 2153 2134 certum
2180 2097 2343 2143 stipulari
2366 2097 2420 2132 in-

1339 2147 1359 2179 6
1406 2143 1597 2188 tellegitur.
1641 2143 1710 2187 Qui
1732 2154 1815 2179 vero
1840 2153 1863 2179 a
1886 2143 1981 2179 Titio
2004 2144 2055 2179 ita
2077 2143 2288 2190 stipulatur:
2314 2142 2421 2188 ‘quod

1340 2188 1438 2224 ‘mihi
1462 2189 1564 2224 Seius
1589 2187 1705 2231 debet,
1730 2188 1815 2224 dare
1839 2188 1993 2234 spondes
2002 2189 2030 2224 ‘2’
2057 2192 2093 2224 et
2139 2189 2175 2225 ui
2198 2188 2250 2224 ita
2272 2188 2317 2224 sti
2343 2188 2420 2223 ula-

1338 2238 1416 2269 tur:
1442 2233 1549 2278 ‘quod
1569 2243 1614 2269 ex
1633 2237 1845 2269 testamento
1865 2234 1949 2269 mihi
1968 2233 2087 2278 debes,
2112 2200 2198 2269 gare
2217 2244 2307 2280 spon
2333 2233 2419 2275 es?’,

1339 2279 1512 2318 incertum
1535 2279 1573 2314 in
1596 2279 1847 2324 obligationem
1871 2278 2024 2323 deducit,
2052 2279 2136 2315 licet
2159 2278 2261 2315 Seius
2285 2281 2419 2315 certum

1340 2324 1468 2359 debeat
1490 2324 1545 2359 vel
1569 2333 1613 2359 ex
1636 2327 1847 2359 testamento
1872 2327 2008 2360 certum
2032 2324 2214 2360 debeatur.
2261 2323 2419 2369 quamvis

1339 2369 1430 2405 istae
1454 2369 1590 2414 species
1613 2369 1672 2404 vix
1693 2369 1856 2413 separari
1878 2369 2018 2415 possint
2039 2370 2086 2405 ab
2110 2379 2172 2413 ea,
2204 2379 2310 2414 quam
2335 2379 2419 2414 pro-

1339 2414 1524 2459 posuimus
1549 2413 1593 2450 de
1615 2414 1697 2450 vino
1721 2414 1775 2449 vel
1797 2414 1874 2450 oleo
1893 2414 1947 2450 vel
1967 2414 2216 2460 tritico,·quod
2235 2414 2273 2449 in
2291 2413 2420 2450 horreo

1339 2459 1535 2505 repositum
1558 2463 1631 2495 est:
1661 2463 1699 2495 et
1722 2459 1839 2495 adhuc
1863 2459 2034 2502 occurrit,
2067 2459 2163 2504 quod
2193 2458 2420 2495 fideiussores

1340 2509 1478 2540 certum
1500 2503 1665 2540 videntur
1688 2504 1912 2550 promittere,
1942 2504 1974 2540 si
1995 2504 2099 2541 modo
2124 2508 2160 2540 et
2180 2504 2228 2548 is,
2259 2514 2325 2550 pro
2349 2515 2419 2550 quo

1340 2550 1558 2595 obligentur,
1591 2553 1727 2585 certum
1759 2549 1903 2592 debeat,
1933 2559 2014 2585 cum
2043 2549 2201 2595 alioquin
2230 2549 2283 2585 ita
2310 2549 2418 2585 inter-

1339 2598 1357 2629 7
1407 2598 1595 2640 rogentur:
1621 2595 1668 2630 ‘id
1692 2594 1762 2631 fide
1784 2598 1847 2630 tua
1871 2605 1949 2631 esse
1971 2595 2072 2630 iubes
2083 2595 2111 2630 ?’
2157 2594 2226 2640 Qui
2248 2594 2300 2639 id,
2325 2593 2420 2640 quod

1338 2640 1375 2675 in
1398 2640 1561 2676 faciendo
1586 2643 1649 2676 aut
1676 2650 1749 2675 non
1777 2639 1940 2676 faciendo
1969 2639 2133 2676 consistit
2146 2641 2184 2683 ¹¹,
2215 2639 2418 2685 stipulatur,

1338 2685 1514 2721 incertum
1544 2685 1709 2730 stipulari
1738 2685 1892 2720 videtur:
1923 2685 1960 2720 in
1983 2684 2165 2729 faciendo,
2196 2684 2305 2720 veluti
2334 2684 2418 2720 ‘fos-

1340 2734 1427 2766 ‘sam
1450 2730 1567 2766 fodiri’
1593 2730 1747 2766 ‘domum
1766 2730 1956 2766 aedificari‘
1981 2734 2139 2766 ‘vacuam
2157 2729 2419 2776 possessionem

1340 2775 1476 2811 ‘tradi’:
1500 2776 1538 2811 in
1561 2786 1634 2811 non
1657 2775 1830 2819 faciendo,
1856 2775 1964 2811 veluti
1987 2778 2063 2821 ‘per
2085 2778 2121 2811 te
2144 2785 2216 2811 non
2235 2773 2323 2819 fieri,
2348 2785 2418 2819 quo

1339 2821 1467 2856 ‘minus
1489 2820 1577 2856 mihi
1598 2830 1662 2866 per
1685 2820 1834 2856 fundum
1858 2823 1959 2856 tuum
1981 2820 2034 2856 ire
2056 2830 2162 2866 agere
2189 2819 2307 2855 liceat’
2342 2822 2351 2839 ‘

1340 2870 1386 2901 ‘te
1408 2876 1481 2902 non
1503 2865 1598 2908 fieri,
1631 2876 1701 2911 quo
1731 2865 1847 2901 minus
1876 2865 1961 2901 mihi
1984 2865 2160 2902 hominem
2182 2864 2330 2900 Erotem
2401 2884 2416 2892 -

1341 2915 1360 2946 8
1408 2911 1503 2947 ‘bere
1525 2911 1653 2947 liceat'.
1689 2909 1758 2955 Qui
1779 2910 1867 2946 illud
1891 2914 1954 2946 aut
1976 2910 2062 2946 illud
2085 2910 2286 2956 stipulatur,
2310 2909 2417 2946 veluti

1339 2956 1470 2991 ‘decem
1493 2955 1550 2992 vel
1571 2955 1747 2991 hominem
1770 2955 1953 2997 Stichum‘,
1985 2959 2105 2991 utrum
2135 2959 2269 2990 certum
2293 2964 2340 2990 an
2361 2954 2417 2990 in-

1339 3005 1474 3037 certum
1497 3000 1649 3037 deducat
1671 3001 1709 3036 in
1732 2999 1994 3046 obligationem,
2019 3011 2091 3036 non
2113 2999 2287 3036 immerito
2307 3009 2415 3045 quae·

1338 3047 1446 3082 ritur:
1478 3055 1562 3081 nam
1590 3050 1626 3081 et
1654 3055 1711 3081 res
1735 3050 1855 3081 certae
1878 3045 2108 3090 designantur
2130 3048 2167 3081 et
2188 3049 2272 3080 utra
2294 3054 2416 3080 earum

1338 3091 1456 3143 potius
1479 3090 1695 3137 praestanda
1719 3091 1783 3132 sit,
1807 3090 1844 3125 in
1866 3091 2002 3127 incerto
2026 3093 2091 3126 est.
2139 3089 2202 3126 sed
2225 3093 2415 3170 utcumffi

1338 3147 1385 3178 is,
1418 3136 1478 3181 qui
1507 3135 1576 3172 sibi
1607 3135 1814 3171 electionem
1845 3135 2028 3172 constituit
2051 3134 2198 3171 adiectis
2221 3134 2277 3170 his
2299 3144 2360 3171 ver
2387 3133 2395 3142 '

1338 3185 1469 3217 ‘utrum
1500 3190 1564 3225 ego
1595 3180 1720 3224 velim’,
1757 3183 1877 3226 potest
1906 3179 2014 3216 videri
2046 3183 2182 3216 certum
2212 3178 2415 3225 stipulatus,

1338 3236 1420 3262 cum
1441 3225 1475 3262 ei
1497 3225 1603 3261 liceat
1625 3225 1679 3260 vel
1702 3225 1878 3261 hominem
1902 3228 2041 3260 tantum
2060 3224 2114 3260 vel
2134 3224 2256 3260 decem
2275 3227 2413 3260 tantum

1336 3269 1519 3306 intendere
1543 3270 1610 3306 sibi
1634 3270 1712 3306 dari
1731 3274 1913 3315 oportere:
1939 3269 1998 3315 qui
2018 3279 2100 3305 vero
2122 3269 2189 3305 sibi
2208 3267 2413 3305 electionem

1338 3320 1358 3350 9
1405 3326 1477 3352 non
1501 3315 1703 3359 constituit,
1735 3315 1909 3351 incertum
1939 3314 2141 3359 stipulatur.
2190 3312 2260 3358 Qui
2281 3315 2412 3350 sortem

1337 3360 1528 3406 stipulatur
1551 3364 1587 3395 et
1611 3370 1738 3396 usuras
1758 3370 1927 3405 quascum
1952 3370 2007 3401 ue,
2033 3363 2167 3395 certum
2187 3362 2224 3394 et
2241 3358 2412 3395 incertum

1335 3405 1527 3450 stipulatus
1550 3404 1690 3440 videtur
1713 3409 1749 3440 et
1770 3408 1825 3440 tot
1848 3403 1893 3440 sti
1919 3369 2094 3440 &stiones
2117 3406 2217 3446 sunt,
2247 3405 2335 3448 quot
2355 3413 2412 3439 res

1339 3453 1380 3486 10
1427 3454 1520 3485 sunt.
1545 3450 1644 3485 Haec
1659 3449 1860 3495 stipulatio:
1878 3451 1888 3482 ⁶.
1905 3448 2036 3484 undum
2045 3448 2287 3484 Tusculanum
2301 3447 2412 3484 dari?

1337 3494 1492 3531 ostendit
1508 3504 1547 3530 se
1565 3495 1653 3530 certi
1668 3504 1758 3537 esse,
1780 3493 2016 3539 continetque,
2037 3497 2078 3529 ut
2094 3492 2287 3529 dominium
2301 3492 2412 3528 omni·

1336 3539 1441 3576 modo
1466 3539 1643 3576 efficiatur
1664 3538 1886 3585 stipulatoris
1910 3548 2052 3585 quoquo
2076 3537 2192 3575 modo.

1340 3655 1384 3695 (8)
1409 3652 1595 3686 fulciendae
1607 3651 1659 3687 vel
1671 3653 1730 3687 im.
2243 3650 2304 3693 (ίο)
2328 3650 2372 3684 nit
2385 3650 2417 3683 F

1338 3699 1395 3741 (ιι)
1418 3698 1569 3732 consistit
1580 3698 1618 3740 S,
1635 3709 1693 3732 οηι.
1706 3698 1742 3731 F

1837 3653 1883 3694 (9)
1907 3652 2066 3695 poterunt
2075 3664 2137 3686 scr.
