<?xml version="1.0" encoding="UTF-8"?>
<!DOCTYPE html PUBLIC "-//W3C//DTD XHTML 1.0 Transitional//EN"
    "http://www.w3.org/TR/xhtml1/DTD/xhtml1-transitional.dtd">
<html xmlns="http://www.w3.org/1999/xhtml" xml:lang="en" lang="en">
 <head>
  <title>
</title>
<meta http-equiv="Content-Type" content="text/html;charset=utf-8" />
  <meta name='ocr-system' content='tesseract 3.04.00' />
  <meta name='ocr-capabilities' content='ocr_page ocr_carea ocr_par ocr_line ocrx_word'/>
</head>
<body>
  <div class='ocr_page' id='page_1' title='image "./corpusjuriscivil01krueuoft_0398.png"; bbox 0 0 2528 3918; ppageno 0'>
   <div class='ocr_carea' id='block_1_1' title="bbox 184 132 345 174">
    <p class='ocr_par' dir='ltr' id='par_1_1' title="bbox 184 132 345 174">
     <span class='ocr_line' id='line_1_1' title="bbox 184 132 345 174; baseline -0.012 1"><span class='ocrx_word' id='word_1_1' title='bbox 184 132 345 174; x_wconf 84' lang='lat' dir='ltr'>XXI2</span> 
     </span>
    </p>
   </div>
   <div class='ocr_carea' id='block_1_2' title="bbox 176 251 1269 3613">
    <p class='ocr_par' dir='ltr' id='par_1_2' title="bbox 183 251 1266 520">
     <span class='ocr_line' id='line_1_2' title="bbox 185 251 1264 297; baseline -0.003 -8"><span class='ocrx_word' id='word_1_2' title='bbox 185 252 286 289; x_wconf 87' lang='lat' dir='ltr'>cuius</span> <span class='ocrx_word' id='word_1_3' title='bbox 309 251 484 287; x_wconf 88' lang='lat' dir='ltr'>servitutis</span> <span class='ocrx_word' id='word_1_4' title='bbox 510 251 645 286; x_wconf 77' lang='lat' dir='ltr'><strong>evictae</strong></span> <span class='ocrx_word' id='word_1_5' title='bbox 668 252 809 287; x_wconf 88' lang='lat' dir='ltr'>nomine</span> <span class='ocrx_word' id='word_1_6' title='bbox 832 252 966 297; x_wconf 86' lang='lat' dir='ltr'>aliquid</span> <span class='ocrx_word' id='word_1_7' title='bbox 985 257 1123 296; x_wconf 79' lang='lat' dir='ltr'>emptor</span> <span class='ocrx_word' id='word_1_8' title='bbox 1141 262 1164 286; x_wconf 87' lang='lat' dir='ltr'>a</span> <span class='ocrx_word' id='word_1_9' title='bbox 1182 261 1264 286; x_wconf 90' lang='lat' dir='ltr'>ven-</span> 
     </span>
     <span class='ocr_line' id='line_1_3' title="bbox 184 295 1266 338; baseline -0.001 -7"><span class='ocrx_word' id='word_1_10' title='bbox 184 297 297 332; x_wconf 88' lang='lat' dir='ltr'>ditore</span> <span class='ocrx_word' id='word_1_11' title='bbox 321 300 534 332; x_wconf 88' lang='lat' dir='ltr'>consecutus</span> <span class='ocrx_word' id='word_1_12' title='bbox 559 299 631 338; x_wconf 91' lang='lat' dir='ltr'>est,</span> <span class='ocrx_word' id='word_1_13' title='bbox 663 295 789 331; x_wconf 89' lang='lat' dir='ltr'>deinde</span> <span class='ocrx_word' id='word_1_14' title='bbox 811 300 909 332; x_wconf 88' lang='lat' dir='ltr'>totus</span> <span class='ocrx_word' id='word_1_15' title='bbox 932 295 1062 331; x_wconf 82' lang='lat' dir='ltr'>fundus</span> <span class='ocrx_word' id='word_1_16' title='bbox 1085 295 1266 338; x_wconf 83' lang='lat' dir='ltr'><strong>evincitur,</strong></span> 
     </span>
     <span class='ocr_line' id='line_1_4' title="bbox 184 340 1266 386; baseline -0.002 -9"><span class='ocrx_word' id='word_1_17' title='bbox 184 343 230 377; x_wconf 91' lang='lat' dir='ltr'>ob</span> <span class='ocrx_word' id='word_1_18' title='bbox 255 352 332 376; x_wconf 89' lang='lat' dir='ltr'>eam</span> <span class='ocrx_word' id='word_1_19' title='bbox 356 341 565 376; x_wconf 85' lang='lat' dir='ltr'><strong>evictionem</strong></span> <span class='ocrx_word' id='word_1_20' title='bbox 586 340 625 375; x_wconf 90' lang='lat' dir='ltr'>id</span> <span class='ocrx_word' id='word_1_21' title='bbox 646 341 822 386; x_wconf 86' lang='lat' dir='ltr'>praestari</span> <span class='ocrx_word' id='word_1_22' title='bbox 846 341 952 376; x_wconf 89' lang='lat' dir='ltr'>debet</span> <span class='ocrx_word' id='word_1_23' title='bbox 974 340 1070 385; x_wconf 89' lang='lat' dir='ltr'>quod</span> <span class='ocrx_word' id='word_1_24' title='bbox 1093 350 1137 376; x_wconf 90' lang='lat' dir='ltr'>ex</span> <span class='ocrx_word' id='word_1_25' title='bbox 1156 340 1266 385; x_wconf 92' lang='lat' dir='ltr'>duplo</span> 
     </span>
     <span class='ocr_line' id='line_1_5' title="bbox 183 385 1266 431; baseline -0.003 -9"><span class='ocrx_word' id='word_1_26' title='bbox 183 387 356 431; x_wconf 90' lang='lat' dir='ltr'>reliquum</span> <span class='ocrx_word' id='word_1_27' title='bbox 388 389 459 420; x_wconf 88' lang='lat' dir='ltr'>est:</span> <span class='ocrx_word' id='word_1_28' title='bbox 493 395 574 420; x_wconf 89' lang='lat' dir='ltr'>nam</span> <span class='ocrx_word' id='word_1_29' title='bbox 598 386 629 421; x_wconf 88' lang='lat' dir='ltr'>si</span> <span class='ocrx_word' id='word_1_30' title='bbox 652 385 750 421; x_wconf 89' lang='lat' dir='ltr'>aliud</span> <span class='ocrx_word' id='word_1_31' title='bbox 773 386 1057 427; x_wconf 83' lang='lat' dir='ltr'><strong>observabimus,</strong></span> <span class='ocrx_word' id='word_1_32' title='bbox 1090 385 1266 420; x_wconf 89' lang='lat' dir='ltr'>servituti-</span> 
     </span>
     <span class='ocr_line' id='line_1_6' title="bbox 184 428 1265 482; baseline -0.002 -16"><span class='ocrx_word' id='word_1_33' title='bbox 184 432 250 466; x_wconf 88' lang='lat' dir='ltr'>bus</span> <span class='ocrx_word' id='word_1_34' title='bbox 264 430 438 475; x_wconf 86' lang='lat' dir='ltr'>aliquibus</span> <span class='ocrx_word' id='word_1_35' title='bbox 460 435 496 465; x_wconf 89' lang='lat' dir='ltr'>et</span> <span class='ocrx_word' id='word_1_36' title='bbox 514 440 598 465; x_wconf 90' lang='lat' dir='ltr'>mox</span> <span class='ocrx_word' id='word_1_37' title='bbox 614 431 835 482; x_wconf 78' lang='lat' dir='ltr'>proprietate</span> <span class='ocrx_word' id='word_1_38' title='bbox 855 431 967 465; x_wconf 89' lang='lat' dir='ltr'>evicta</span> <span class='ocrx_word' id='word_1_39' title='bbox 986 429 1137 474; x_wconf 86' lang='lat' dir='ltr'>amplius</span> <span class='ocrx_word' id='word_1_40' title='bbox 1158 428 1265 474; x_wconf 92' lang='lat' dir='ltr'>duplo</span> 
     </span>
     <span class='ocr_line' id='line_1_7' title="bbox 184 476 1039 520; baseline -0.001 -10"><span class='ocrx_word' id='word_1_41' title='bbox 184 486 237 510; x_wconf 86' lang='lat' dir='ltr'>em</span> <span class='ocrx_word' id='word_1_42' title='bbox 264 479 322 510; x_wconf 92' lang='lat' dir='ltr'>tor</span> <span class='ocrx_word' id='word_1_43' title='bbox 344 479 473 519; x_wconf 86' lang='lat' dir='ltr'>quam¹</span> <span class='ocrx_word' id='word_1_44' title='bbox 523 479 624 510; x_wconf 76' lang='lat' dir='ltr'>nanti</span> <span class='ocrx_word' id='word_1_45' title='bbox 646 476 731 510; x_wconf 89' lang='lat' dir='ltr'>emit</span> <span class='ocrx_word' id='word_1_46' title='bbox 754 479 1039 520; x_wconf 75' lang='lat' dir='ltr'>consequeretur.</span> 
     </span>
    </p>

    <p class='ocr_par' dir='ltr' id='par_1_3' title="bbox 183 517 1267 655">
     <span class='ocr_line' id='line_1_8' title="bbox 258 517 1267 571; baseline -0.003 -14"><span class='ocrx_word' id='word_1_47' title='bbox 258 518 282 557; x_wconf 90' lang='grc'>9</span> <span class='ocrx_word' id='word_1_48' title='bbox 317 519 440 555; x_wconf 66' lang='grc' dir='ltr'><em>(ἶᾼιυε</em></span> <span class='ocrx_word' id='word_1_49' title='bbox 472 520 500 555; x_wconf 76' lang='lat' dir='ltr'>li</span> <span class='ocrx_word' id='word_1_50' title='bbox 521 531 563 555; x_wconf 91' lang='lat' dir='ltr'>ro</span> <span class='ocrx_word' id='word_1_51' title='bbox 597 531 632 566; x_wconf 10' lang='lat' dir='ltr'>s,</span> <span class='ocrx_word' id='word_1_52' title='bbox 663 522 747 556; x_wconf 80' lang='lat' dir='ltr'>timo</span> <span class='ocrx_word' id='word_1_53' title='bbox 783 521 832 555; x_wconf 83' lang='lat' dir='ltr'>ad</span> <span class='ocrx_word' id='word_1_54' title='bbox 863 520 1015 555; x_wconf 79' lang='lat' dir='ltr'>edictum</span> <span class='ocrx_word' id='word_1_55' title='bbox 1034 517 1267 571; x_wconf 74' lang='lat' dir='ltr'>provinciale</span> 
     </span>
     <span class='ocr_line' id='line_1_9' title="bbox 183 563 1265 610; baseline -0.001 -11"><span class='ocrx_word' id='word_1_56' title='bbox 183 564 244 599; x_wconf 79' lang='lat' dir='ltr'>Si²</span> <span class='ocrx_word' id='word_1_57' title='bbox 267 564 313 599; x_wconf 93' lang='lat' dir='ltr'>ab</span> <span class='ocrx_word' id='word_1_58' title='bbox 338 568 496 610; x_wconf 86' lang='lat' dir='ltr'>emptore</span> <span class='ocrx_word' id='word_1_59' title='bbox 518 575 605 600; x_wconf 87' lang='lat' dir='ltr'>usus</span> <span class='ocrx_word' id='word_1_60' title='bbox 644 569 768 600; x_wconf 87' lang='lat' dir='ltr'>ructus</span> <span class='ocrx_word' id='word_1_61' title='bbox 787 568 940 610; x_wconf 90' lang='lat' dir='ltr'>petatur,</span> <span class='ocrx_word' id='word_1_62' title='bbox 965 563 1114 609; x_wconf 90' lang='lat' dir='ltr'>promde</span> <span class='ocrx_word' id='word_1_63' title='bbox 1133 564 1163 598; x_wconf 89' lang='lat' dir='ltr'>is</span> <span class='ocrx_word' id='word_1_64' title='bbox 1182 573 1265 598; x_wconf 88' lang='lat' dir='ltr'>ven-</span> 
     </span>
     <span class='ocr_line' id='line_1_10' title="bbox 183 608 1264 655; baseline -0.001 -11"><span class='ocrx_word' id='word_1_65' title='bbox 183 609 288 644; x_wconf 87' lang='lat' dir='ltr'>ditori</span> <span class='ocrx_word' id='word_1_66' title='bbox 321 609 532 644; x_wconf 88' lang='lat' dir='ltr'>denuntiare</span> <span class='ocrx_word' id='word_1_67' title='bbox 562 609 668 646; x_wconf 89' lang='lat' dir='ltr'>debet</span> <span class='ocrx_word' id='word_1_68' title='bbox 690 614 798 655; x_wconf 90' lang='lat' dir='ltr'>atque</span> <span class='ocrx_word' id='word_1_69' title='bbox 819 610 850 644; x_wconf 90' lang='lat' dir='ltr'>is</span> <span class='ocrx_word' id='word_1_70' title='bbox 874 619 896 643; x_wconf 89' lang='lat' dir='ltr'>a</span> <span class='ocrx_word' id='word_1_71' title='bbox 920 620 990 654; x_wconf 91' lang='lat' dir='ltr'>quo</span> <span class='ocrx_word' id='word_1_72' title='bbox 1014 619 1098 655; x_wconf 86' lang='lat' dir='ltr'>pars</span> <span class='ocrx_word' id='word_1_73' title='bbox 1121 608 1264 653; x_wconf 88' lang='lat' dir='ltr'>petitur.</span> 
     </span>
    </p>

    <p class='ocr_par' dir='ltr' id='par_1_4' title="bbox 182 652 1267 915">
     <span class='ocr_line' id='line_1_11' title="bbox 230 652 1267 700; baseline -0.003 -9"><span class='ocrx_word' id='word_1_74' title='bbox 230 654 282 691; x_wconf 87' lang='lat'>50</span> <span class='ocrx_word' id='word_1_75' title='bbox 314 653 510 690; x_wconf 57' lang='lat' dir='ltr'>[samum</span> <span class='ocrx_word' id='word_1_76' title='bbox 529 655 620 690; x_wconf 80' lang='lat' dir='ltr'>libro</span> <span class='ocrx_word' id='word_1_77' title='bbox 645 657 807 690; x_wconf 82' lang='lat' dir='ltr'>vicesimo</span> <span class='ocrx_word' id='word_1_78' title='bbox 828 655 954 700; x_wconf 79' lang='lat' dir='ltr'>quinto</span> <span class='ocrx_word' id='word_1_79' title='bbox 974 656 1023 688; x_wconf 80' lang='lat' dir='ltr'>ad</span> <span class='ocrx_word' id='word_1_80' title='bbox 1041 653 1194 689; x_wconf 79' lang='lat' dir='ltr'>edictum</span> <span class='ocrx_word' id='word_1_81' title='bbox 1229 652 1267 688; x_wconf 87' lang='lat' dir='ltr'>Si</span> 
     </span>
     <span class='ocr_line' id='line_1_12' title="bbox 182 697 1265 746; baseline -0.001 -13"><span class='ocrx_word' id='word_1_82' title='bbox 182 699 331 744; x_wconf 84' lang='lat' dir='ltr'>pignora</span> <span class='ocrx_word' id='word_1_83' title='bbox 353 703 506 734; x_wconf 77' lang='lat' dir='ltr'>veneant</span> <span class='ocrx_word' id='word_1_84' title='bbox 527 709 591 746; x_wconf 87' lang='lat' dir='ltr'>per</span> <span class='ocrx_word' id='word_1_85' title='bbox 614 700 834 745; x_wconf 75' lang='lat' dir='ltr'>apparitores</span> <span class='ocrx_word' id='word_1_86' title='bbox 856 699 1030 743; x_wconf 88' lang='lat' dir='ltr'>praetoris</span> <span class='ocrx_word' id='word_1_87' title='bbox 1051 702 1152 733; x_wconf 90' lang='lat' dir='ltr'>extra</span> <span class='ocrx_word' id='word_1_88' title='bbox 1172 697 1265 733; x_wconf 91' lang='lat' dir='ltr'>ordi-</span> 
     </span>
     <span class='ocr_line' id='line_1_13' title="bbox 182 742 1265 790; baseline -0.002 -11"><span class='ocrx_word' id='word_1_89' title='bbox 182 754 263 779; x_wconf 90' lang='lat' dir='ltr'>nem</span> <span class='ocrx_word' id='word_1_90' title='bbox 287 744 482 779; x_wconf 88' lang='lat' dir='ltr'>sententias</span> <span class='ocrx_word' id='word_1_91' title='bbox 506 750 713 790; x_wconf 83' lang='lat' dir='ltr'>sequentes,</span> <span class='ocrx_word' id='word_1_92' title='bbox 748 754 850 779; x_wconf 89' lang='lat' dir='ltr'>nemo</span> <span class='ocrx_word' id='word_1_93' title='bbox 875 753 1042 788; x_wconf 89' lang='lat' dir='ltr'>umquam</span> <span class='ocrx_word' id='word_1_94' title='bbox 1066 743 1155 778; x_wconf 87' lang='lat' dir='ltr'>dixit</span> <span class='ocrx_word' id='word_1_95' title='bbox 1178 742 1265 778; x_wconf 90' lang='lat' dir='ltr'>dan-</span> 
     </span>
     <span class='ocr_line' id='line_1_14' title="bbox 183 787 1266 825; baseline -0.001 -2"><span class='ocrx_word' id='word_1_96' title='bbox 183 788 265 824; x_wconf 89' lang='lat' dir='ltr'>dam</span> <span class='ocrx_word' id='word_1_97' title='bbox 288 789 326 823; x_wconf 92' lang='lat' dir='ltr'>in</span> <span class='ocrx_word' id='word_1_98' title='bbox 349 798 410 824; x_wconf 91' lang='lat' dir='ltr'>eos</span> <span class='ocrx_word' id='word_1_99' title='bbox 434 789 610 825; x_wconf 89' lang='lat' dir='ltr'>actionem</span> <span class='ocrx_word' id='word_1_100' title='bbox 632 799 671 824; x_wconf 92' lang='lat' dir='ltr'>re</span> <span class='ocrx_word' id='word_1_101' title='bbox 695 789 827 823; x_wconf 86' lang='lat' dir='ltr'>evicta:</span> <span class='ocrx_word' id='word_1_102' title='bbox 858 788 921 823; x_wconf 90' lang='lat' dir='ltr'>sed</span> <span class='ocrx_word' id='word_1_103' title='bbox 953 788 983 822; x_wconf 90' lang='lat' dir='ltr'>si</span> <span class='ocrx_word' id='word_1_104' title='bbox 1015 788 1095 823; x_wconf 92' lang='lat' dir='ltr'>dolo</span> <span class='ocrx_word' id='word_1_105' title='bbox 1119 798 1194 823; x_wconf 91' lang='lat' dir='ltr'>rem</span> <span class='ocrx_word' id='word_1_106' title='bbox 1215 787 1266 821; x_wconf 90' lang='lat' dir='ltr'>vi-</span> 
     </span>
     <span class='ocr_line' id='line_1_15' title="bbox 182 831 1266 878; baseline -0.002 -9"><span class='ocrx_word' id='word_1_107' title='bbox 182 834 262 868; x_wconf 92' lang='lat' dir='ltr'>liori</span> <span class='ocrx_word' id='word_1_108' title='bbox 285 834 398 878; x_wconf 85' lang='lat' dir='ltr'>pretio</span> <span class='ocrx_word' id='word_1_109' title='bbox 447 835 657 877; x_wconf 88' lang='lat' dir='ltr'>roiecerunt,</span> <span class='ocrx_word' id='word_1_110' title='bbox 682 838 768 868; x_wconf 88' lang='lat' dir='ltr'>tunc</span> <span class='ocrx_word' id='word_1_111' title='bbox 792 833 836 868; x_wconf 88' lang='lat' dir='ltr'>de</span> <span class='ocrx_word' id='word_1_112' title='bbox 855 833 936 868; x_wconf 91' lang='lat' dir='ltr'>dolo</span> <span class='ocrx_word' id='word_1_113' title='bbox 957 832 1051 868; x_wconf 88' lang='lat' dir='ltr'>actio</span> <span class='ocrx_word' id='word_1_114' title='bbox 1076 832 1182 867; x_wconf 90' lang='lat' dir='ltr'>datur</span> <span class='ocrx_word' id='word_1_115' title='bbox 1202 831 1266 867; x_wconf 90' lang='lat' dir='ltr'>ad-</span> 
     </span>
     <span class='ocr_line' id='line_1_16' title="bbox 182 879 640 915; baseline 0.002 -2"><span class='ocrx_word' id='word_1_116' title='bbox 182 889 305 914; x_wconf 88' lang='lat' dir='ltr'>versus</span> <span class='ocrx_word' id='word_1_117' title='bbox 330 888 390 914; x_wconf 89' lang='lat' dir='ltr'>eos</span> <span class='ocrx_word' id='word_1_118' title='bbox 439 879 555 914; x_wconf 91' lang='lat' dir='ltr'>omino</span> <span class='ocrx_word' id='word_1_119' title='bbox 580 879 640 915; x_wconf 90' lang='lat' dir='ltr'>rei.</span> 
     </span>
    </p>

    <p class='ocr_par' dir='ltr' id='par_1_5' title="bbox 178 922 1269 2136">
     <span class='ocr_line' id='line_1_17' title="bbox 230 922 1265 970; baseline -0.004 -10"><span class='ocrx_word' id='word_1_120' title='bbox 230 922 277 960; x_wconf 87' lang='lat'>51</span> <span class='ocrx_word' id='word_1_121' title='bbox 306 922 413 958; x_wconf 70' lang='lat' dir='ltr'><em>IDEM</em></span> <span class='ocrx_word' id='word_1_122' title='bbox 433 924 523 959; x_wconf 82' lang='lat' dir='ltr'>libro</span> <span class='ocrx_word' id='word_1_123' title='bbox 548 925 761 970; x_wconf 75' lang='lat' dir='ltr'>octoqesimo</span> <span class='ocrx_word' id='word_1_124' title='bbox 785 922 835 958; x_wconf 87' lang='lat' dir='ltr'>ad</span> <span class='ocrx_word' id='word_1_125' title='bbox 857 922 1009 958; x_wconf 76' lang='lat' dir='ltr'>edictum</span> <span class='ocrx_word' id='word_1_126' title='bbox 1057 922 1095 957; x_wconf 89' lang='lat' dir='ltr'>Si</span> <span class='ocrx_word' id='word_1_127' title='bbox 1117 932 1182 967; x_wconf 88' lang='lat' dir='ltr'>per</span> <span class='ocrx_word' id='word_1_128' title='bbox 1201 922 1265 956; x_wconf 90' lang='lat' dir='ltr'>im-</span> 
     </span>
     <span class='ocr_line' id='line_1_18' title="bbox 181 967 1265 1014; baseline -0.002 -11"><span class='ocrx_word' id='word_1_129' title='bbox 181 968 407 1014; x_wconf 88' lang='lat' dir='ltr'>prudentiam</span> <span class='ocrx_word' id='word_1_130' title='bbox 429 968 554 1004; x_wconf 90' lang='lat' dir='ltr'>iudicis</span> <span class='ocrx_word' id='word_1_131' title='bbox 578 973 642 1003; x_wconf 88' lang='lat' dir='ltr'>aut</span> <span class='ocrx_word' id='word_1_132' title='bbox 665 978 819 1003; x_wconf 87' lang='lat' dir='ltr'>errorem</span> <span class='ocrx_word' id='word_1_133' title='bbox 840 977 894 1002; x_wconf 91' lang='lat' dir='ltr'>em</span> <span class='ocrx_word' id='word_1_134' title='bbox 920 970 979 1002; x_wconf 92' lang='lat' dir='ltr'>tor</span> <span class='ocrx_word' id='word_1_135' title='bbox 997 967 1050 1002; x_wconf 90' lang='lat' dir='ltr'>rei</span> <span class='ocrx_word' id='word_1_136' title='bbox 1066 967 1181 1002; x_wconf 90' lang='lat' dir='ltr'>victus</span> <span class='ocrx_word' id='word_1_137' title='bbox 1201 970 1265 1008; x_wconf 87' lang='lat' dir='ltr'>est,</span> 
     </span>
     <span class='ocr_line' id='line_1_19' title="bbox 182 1011 1267 1057; baseline -0.002 -9"><span class='ocrx_word' id='word_1_138' title='bbox 182 1023 350 1057; x_wconf 80' lang='lat' dir='ltr'>negamus</span> <span class='ocrx_word' id='word_1_139' title='bbox 374 1014 530 1048; x_wconf 88' lang='lat' dir='ltr'>auctoris</span> <span class='ocrx_word' id='word_1_140' title='bbox 554 1014 721 1048; x_wconf 90' lang='lat' dir='ltr'>damnum</span> <span class='ocrx_word' id='word_1_141' title='bbox 745 1022 822 1047; x_wconf 90' lang='lat' dir='ltr'>esse</span> <span class='ocrx_word' id='word_1_142' title='bbox 846 1012 889 1047; x_wconf 88' lang='lat' dir='ltr'>de</span> <span class='ocrx_word' id='word_1_143' title='bbox 916 1022 991 1047; x_wconf 87' lang='lat' dir='ltr'>ere:</span> <span class='ocrx_word' id='word_1_144' title='bbox 1017 1016 1080 1047; x_wconf 88' lang='lat' dir='ltr'>aut</span> <span class='ocrx_word' id='word_1_145' title='bbox 1103 1011 1189 1057; x_wconf 91' lang='lat' dir='ltr'>quid</span> <span class='ocrx_word' id='word_1_146' title='bbox 1210 1021 1267 1046; x_wconf 89' lang='lat' dir='ltr'>re-</span> 
     </span>
     <span class='ocr_line' id='line_1_20' title="bbox 180 1056 1268 1101; baseline -0.002 -8"><span class='ocrx_word' id='word_1_147' title='bbox 180 1057 262 1101; x_wconf 85' lang='lat' dir='ltr'>fert,</span> <span class='ocrx_word' id='word_1_148' title='bbox 286 1057 451 1093; x_wconf 91' lang='lat' dir='ltr'>sordibus</span> <span class='ocrx_word' id='word_1_149' title='bbox 474 1058 600 1093; x_wconf 91' lang='lat' dir='ltr'>iudicis</span> <span class='ocrx_word' id='word_1_150' title='bbox 625 1069 671 1093; x_wconf 87' lang='lat' dir='ltr'>an</span> <span class='ocrx_word' id='word_1_151' title='bbox 695 1057 846 1092; x_wconf 87' lang='lat' dir='ltr'>stultitia</span> <span class='ocrx_word' id='word_1_152' title='bbox 867 1067 923 1092; x_wconf 90' lang='lat' dir='ltr'>res</span> <span class='ocrx_word' id='word_1_153' title='bbox 948 1057 1116 1101; x_wconf 77' lang='lat' dir='ltr'>perierit?</span> <span class='ocrx_word' id='word_1_154' title='bbox 1138 1056 1268 1091; x_wconf 86' lang='lat' dir='ltr'>iniuria</span> 
     </span>
     <span class='ocr_line' id='line_1_21' title="bbox 181 1101 1266 1148; baseline -0.002 -10"><span class='ocrx_word' id='word_1_155' title='bbox 181 1103 293 1146; x_wconf 88' lang='lat' dir='ltr'>enim,</span> <span class='ocrx_word' id='word_1_156' title='bbox 317 1113 408 1148; x_wconf 90' lang='lat' dir='ltr'>quae</span> <span class='ocrx_word' id='word_1_157' title='bbox 430 1103 472 1137; x_wconf 85' lang='lat' dir='ltr'>fit</span> <span class='ocrx_word' id='word_1_158' title='bbox 495 1103 662 1147; x_wconf 87' lang='lat' dir='ltr'>emptori,</span> <span class='ocrx_word' id='word_1_159' title='bbox 698 1106 880 1137; x_wconf 86' lang='lat' dir='ltr'>auctorem</span> <span class='ocrx_word' id='word_1_160' title='bbox 903 1112 976 1136; x_wconf 93' lang='lat' dir='ltr'>non</span> <span class='ocrx_word' id='word_1_161' title='bbox 999 1101 1106 1137; x_wconf 89' lang='lat' dir='ltr'>debet</span> <span class='ocrx_word' id='word_1_162' title='bbox 1129 1101 1266 1136; x_wconf 88' lang='lat' dir='ltr'>contin-</span> 
     </span>
     <span class='ocr_line' id='line_1_22' title="bbox 184 1146 1266 1193; baseline -0.001 -11"><span class='ocrx_word' id='word_1_163' title='bbox 184 1151 198 1182; x_wconf 88' lang='lat'><em>1</em></span> <span class='ocrx_word' id='word_1_164' title='bbox 248 1158 341 1193; x_wconf 88' lang='lat' dir='ltr'>gere.</span> <span class='ocrx_word' id='word_1_165' title='bbox 391 1148 428 1182; x_wconf 91' lang='lat' dir='ltr'>Si</span> <span class='ocrx_word' id='word_1_166' title='bbox 452 1148 566 1182; x_wconf 88' lang='lat' dir='ltr'>Titius</span> <span class='ocrx_word' id='word_1_167' title='bbox 591 1148 750 1183; x_wconf 89' lang='lat' dir='ltr'>Stichum</span> <span class='ocrx_word' id='word_1_168' title='bbox 779 1150 862 1192; x_wconf 91' lang='lat' dir='ltr'>post</span> <span class='ocrx_word' id='word_1_169' title='bbox 884 1150 1033 1182; x_wconf 89' lang='lat' dir='ltr'>mortem</span> <span class='ocrx_word' id='word_1_170' title='bbox 1056 1157 1157 1182; x_wconf 90' lang='lat' dir='ltr'>suam</span> <span class='ocrx_word' id='word_1_171' title='bbox 1179 1146 1266 1181; x_wconf 88' lang='lat' dir='ltr'>libe-</span> 
     </span>
     <span class='ocr_line' id='line_1_23' title="bbox 181 1190 1268 1234; baseline -0.001 -7"><span class='ocrx_word' id='word_1_172' title='bbox 181 1203 262 1228; x_wconf 88' lang='lat' dir='ltr'>rum</span> <span class='ocrx_word' id='word_1_173' title='bbox 284 1203 362 1228; x_wconf 88' lang='lat' dir='ltr'>esse</span> <span class='ocrx_word' id='word_1_174' title='bbox 380 1193 515 1227; x_wconf 92' lang='lat' dir='ltr'>iussum</span> <span class='ocrx_word' id='word_1_175' title='bbox 534 1193 740 1234; x_wconf 85' lang='lat' dir='ltr'>vendiderit,</span> <span class='ocrx_word' id='word_1_176' title='bbox 760 1196 900 1226; x_wconf 92' lang='lat' dir='ltr'>mortuo</span> <span class='ocrx_word' id='word_1_177' title='bbox 922 1191 1048 1226; x_wconf 92' lang='lat' dir='ltr'>deinde</span> <span class='ocrx_word' id='word_1_178' title='bbox 1070 1202 1111 1227; x_wconf 91' lang='lat' dir='ltr'>eo</span> <span class='ocrx_word' id='word_1_179' title='bbox 1124 1190 1268 1226; x_wconf 87' lang='lat' dir='ltr'>Stichus</span> 
     </span>
     <span class='ocr_line' id='line_1_24' title="bbox 180 1236 1268 1282; baseline -0.002 -10"><span class='ocrx_word' id='word_1_180' title='bbox 180 1237 228 1272; x_wconf 88' lang='lat' dir='ltr'>ad</span> <span class='ocrx_word' id='word_1_181' title='bbox 251 1237 450 1272; x_wconf 90' lang='lat' dir='ltr'>libertatem</span> <span class='ocrx_word' id='word_1_182' title='bbox 473 1238 692 1282; x_wconf 88' lang='lat' dir='ltr'>pervenerit,</span> <span class='ocrx_word' id='word_1_183' title='bbox 724 1248 771 1272; x_wconf 92' lang='lat' dir='ltr'>an</span> <span class='ocrx_word' id='word_1_184' title='bbox 803 1236 985 1281; x_wconf 84' lang='lat' dir='ltr'>stipulatio</span> <span class='ocrx_word' id='word_1_185' title='bbox 1020 1236 1064 1272; x_wconf 91' lang='lat' dir='ltr'>de</span> <span class='ocrx_word' id='word_1_186' title='bbox 1097 1236 1268 1271; x_wconf 90' lang='lat' dir='ltr'>evictione</span> 
     </span>
     <span class='ocr_line' id='line_1_25' title="bbox 179 1280 1266 1327; baseline -0.003 -9"><span class='ocrx_word' id='word_1_187' title='bbox 179 1283 391 1327; x_wconf 88' lang='lat' dir='ltr'>interposita</span> <span class='ocrx_word' id='word_1_188' title='bbox 413 1283 558 1317; x_wconf 82' lang='lat' dir='ltr'>teneat?</span> <span class='ocrx_word' id='word_1_189' title='bbox 592 1286 628 1318; x_wconf 91' lang='lat' dir='ltr'>et</span> <span class='ocrx_word' id='word_1_190' title='bbox 651 1282 702 1317; x_wconf 91' lang='lat' dir='ltr'>ait</span> <span class='ocrx_word' id='word_1_191' title='bbox 724 1282 884 1316; x_wconf 89' lang='lat' dir='ltr'>Iulianus</span> <span class='ocrx_word' id='word_1_192' title='bbox 918 1281 1088 1316; x_wconf 85' lang='lat' dir='ltr'>committi</span> <span class='ocrx_word' id='word_1_193' title='bbox 1118 1280 1266 1326; x_wconf 89' lang='lat' dir='ltr'>stipula-</span> 
     </span>
     <span class='ocr_line' id='line_1_26' title="bbox 180 1325 1268 1372; baseline -0.002 -10"><span class='ocrx_word' id='word_1_194' title='bbox 180 1328 330 1363; x_wconf 84' lang='lat' dir='ltr'>tionem:</span> <span class='ocrx_word' id='word_1_195' title='bbox 363 1328 520 1372; x_wconf 80' lang='lat' dir='ltr'>quamvis</span> <span class='ocrx_word' id='word_1_196' title='bbox 554 1328 647 1362; x_wconf 90' lang='lat' dir='ltr'>enim</span> <span class='ocrx_word' id='word_1_197' title='bbox 672 1327 787 1362; x_wconf 88' lang='lat' dir='ltr'>Titius</span> <span class='ocrx_word' id='word_1_198' title='bbox 800 1327 814 1348; x_wconf 82' lang='lat'>³</span> <span class='ocrx_word' id='word_1_199' title='bbox 847 1327 915 1361; x_wconf 90' lang='lat' dir='ltr'>hoc</span> <span class='ocrx_word' id='word_1_200' title='bbox 947 1336 1035 1361; x_wconf 86' lang='lat' dir='ltr'>casu</span> <span class='ocrx_word' id='word_1_201' title='bbox 1066 1325 1268 1361; x_wconf 89' lang='lat' dir='ltr'>denuntiari</span> 
     </span>
     <span class='ocr_line' id='line_1_27' title="bbox 179 1370 1266 1418; baseline -0.003 -10"><span class='ocrx_word' id='word_1_202' title='bbox 179 1383 246 1418; x_wconf 87' lang='lat' dir='ltr'>pro</span> <span class='ocrx_word' id='word_1_203' title='bbox 271 1373 441 1407; x_wconf 88' lang='lat' dir='ltr'>evictione</span> <span class='ocrx_word' id='word_1_204' title='bbox 464 1383 537 1407; x_wconf 93' lang='lat' dir='ltr'>non</span> <span class='ocrx_word' id='word_1_205' title='bbox 567 1372 760 1418; x_wconf 88' lang='lat' dir='ltr'>potuisset,</span> <span class='ocrx_word' id='word_1_206' title='bbox 794 1371 915 1406; x_wconf 88' lang='lat' dir='ltr'>heredi</span> <span class='ocrx_word' id='word_1_207' title='bbox 945 1375 1065 1406; x_wconf 90' lang='lat' dir='ltr'>tamen</span> <span class='ocrx_word' id='word_1_208' title='bbox 1099 1371 1174 1406; x_wconf 90' lang='lat' dir='ltr'>eius</span> <span class='ocrx_word' id='word_1_209' title='bbox 1206 1370 1266 1406; x_wconf 88' lang='lat' dir='ltr'>de-</span> 
     </span>
     <span class='ocr_line' id='line_1_28' title="bbox 180 1415 1269 1462; baseline -0.002 -10"><span class='ocrx_word' id='word_1_210' title='bbox 180 1422 201 1452; x_wconf 86' lang='lat'>2</span> <span class='ocrx_word' id='word_1_211' title='bbox 248 1417 403 1452; x_wconf 88' lang='lat' dir='ltr'>nuntiari</span> <span class='ocrx_word' id='word_1_212' title='bbox 435 1418 611 1462; x_wconf 87' lang='lat' dir='ltr'>potuisset</span> <span class='ocrx_word' id='word_1_213' title='bbox 620 1418 645 1452; x_wconf 62' lang='grc'>4.</span> <span class='ocrx_word' id='word_1_214' title='bbox 693 1417 731 1452; x_wconf 91' lang='lat' dir='ltr'>Si</span> <span class='ocrx_word' id='word_1_215' title='bbox 762 1416 840 1461; x_wconf 89' lang='lat' dir='ltr'>quis</span> <span class='ocrx_word' id='word_1_216' title='bbox 873 1416 992 1451; x_wconf 93' lang='lat' dir='ltr'>locum</span> <span class='ocrx_word' id='word_1_217' title='bbox 1015 1415 1210 1451; x_wconf 83' lang='lat' dir='ltr'>vendiderit</span> <span class='ocrx_word' id='word_1_218' title='bbox 1233 1419 1269 1450; x_wconf 88' lang='lat' dir='ltr'>et</span> 
     </span>
     <span class='ocr_line' id='line_1_29' title="bbox 178 1460 1267 1497; baseline -0.003 0"><span class='ocrx_word' id='word_1_219' title='bbox 178 1462 269 1497; x_wconf 91' lang='lat' dir='ltr'>idem</span> <span class='ocrx_word' id='word_1_220' title='bbox 301 1462 464 1497; x_wconf 87' lang='lat' dir='ltr'>venditor</span> <span class='ocrx_word' id='word_1_221' title='bbox 494 1463 540 1497; x_wconf 94' lang='lat' dir='ltr'>ab</span> <span class='ocrx_word' id='word_1_222' title='bbox 572 1462 703 1497; x_wconf 86' lang='lat' dir='ltr'>herede</span> <span class='ocrx_word' id='word_1_223' title='bbox 735 1472 799 1497; x_wconf 88' lang='lat' dir='ltr'>suo</span> <span class='ocrx_word' id='word_1_224' title='bbox 831 1461 1013 1496; x_wconf 89' lang='lat' dir='ltr'>voluntate</span> <span class='ocrx_word' id='word_1_225' title='bbox 1038 1471 1093 1496; x_wconf 89' lang='lat' dir='ltr'>em</span> <span class='ocrx_word' id='word_1_226' title='bbox 1119 1461 1207 1495; x_wconf 91' lang='lat' dir='ltr'>toris</span> <span class='ocrx_word' id='word_1_227' title='bbox 1230 1460 1267 1494; x_wconf 90' lang='lat' dir='ltr'>in</span> 
     </span>
     <span class='ocr_line' id='line_1_30' title="bbox 180 1505 1268 1551; baseline -0.002 -9"><span class='ocrx_word' id='word_1_228' title='bbox 180 1517 221 1542; x_wconf 91' lang='lat' dir='ltr'>eo</span> <span class='ocrx_word' id='word_1_229' title='bbox 246 1507 405 1551; x_wconf 88' lang='lat' dir='ltr'>sepultus</span> <span class='ocrx_word' id='word_1_230' title='bbox 428 1506 554 1549; x_wconf 85' lang='lat' dir='ltr'>fuerit,</span> <span class='ocrx_word' id='word_1_231' title='bbox 588 1507 680 1543; x_wconf 89' lang='lat' dir='ltr'>actio</span> <span class='ocrx_word' id='word_1_232' title='bbox 706 1507 749 1542; x_wconf 91' lang='lat' dir='ltr'>de</span> <span class='ocrx_word' id='word_1_233' title='bbox 773 1506 946 1542; x_wconf 91' lang='lat' dir='ltr'>evictione</span> <span class='ocrx_word' id='word_1_234' title='bbox 967 1506 1095 1541; x_wconf 89' lang='lat' dir='ltr'>interci</span> <span class='ocrx_word' id='word_1_235' title='bbox 1122 1506 1164 1540; x_wconf 80' lang='lat' dir='ltr'>&#39;tz</span> <span class='ocrx_word' id='word_1_236' title='bbox 1198 1505 1268 1540; x_wconf 92' lang='lat' dir='ltr'>hoc</span> 
     </span>
     <span class='ocr_line' id='line_1_31' title="bbox 180 1550 1266 1597; baseline -0.003 -10"><span class='ocrx_word' id='word_1_237' title='bbox 180 1555 199 1587; x_wconf 88' lang='lat'>3</span> <span class='ocrx_word' id='word_1_238' title='bbox 247 1562 334 1587; x_wconf 89' lang='lat' dir='ltr'>casu</span> <span class='ocrx_word' id='word_1_239' title='bbox 357 1552 451 1586; x_wconf 91' lang='lat' dir='ltr'>enim</span> <span class='ocrx_word' id='word_1_240' title='bbox 474 1557 612 1597; x_wconf 85' lang='lat' dir='ltr'>emptor</span> <span class='ocrx_word' id='word_1_241' title='bbox 633 1552 887 1597; x_wconf 84' lang='lat' dir='ltr'>proprietatem</span> <span class='ocrx_word' id='word_1_242' title='bbox 911 1551 1058 1586; x_wconf 89' lang='lat' dir='ltr'>amittet.</span> <span class='ocrx_word' id='word_1_243' title='bbox 1099 1550 1182 1585; x_wconf 88' lang='lat' dir='ltr'>Non</span> <span class='ocrx_word' id='word_1_244' title='bbox 1202 1550 1266 1584; x_wconf 89' lang='lat' dir='ltr'>mi·</span> 
     </span>
     <span class='ocr_line' id='line_1_32' title="bbox 180 1595 1267 1639; baseline -0.002 -7"><span class='ocrx_word' id='word_1_245' title='bbox 180 1608 259 1632; x_wconf 92' lang='lat' dir='ltr'>rum</span> <span class='ocrx_word' id='word_1_246' title='bbox 283 1600 403 1631; x_wconf 89' lang='lat' dir='ltr'>autem</span> <span class='ocrx_word' id='word_1_247' title='bbox 427 1601 492 1639; x_wconf 89' lang='lat' dir='ltr'>est,</span> <span class='ocrx_word' id='word_1_248' title='bbox 519 1602 557 1632; x_wconf 88' lang='lat' dir='ltr'>ut</span> <span class='ocrx_word' id='word_1_249' title='bbox 581 1598 693 1632; x_wconf 88' lang='lat' dir='ltr'>evicto</span> <span class='ocrx_word' id='word_1_250' title='bbox 717 1597 859 1632; x_wconf 91' lang='lat' dir='ltr'>homine</span> <span class='ocrx_word' id='word_1_251' title='bbox 883 1595 927 1631; x_wconf 92' lang='lat' dir='ltr'>de</span> <span class='ocrx_word' id='word_1_252' title='bbox 951 1596 1123 1631; x_wconf 89' lang='lat' dir='ltr'>evictione</span> <span class='ocrx_word' id='word_1_253' title='bbox 1146 1599 1267 1630; x_wconf 88' lang='lat' dir='ltr'>tenea·</span> 
     </span>
     <span class='ocr_line' id='line_1_33' title="bbox 178 1640 1266 1687; baseline -0.002 -10"><span class='ocrx_word' id='word_1_254' title='bbox 178 1646 238 1677; x_wconf 87' lang='lat' dir='ltr'>tur</span> <span class='ocrx_word' id='word_1_255' title='bbox 260 1642 374 1683; x_wconf 89' lang='lat' dir='ltr'>heres,</span> <span class='ocrx_word' id='word_1_256' title='bbox 400 1643 558 1687; x_wconf 88' lang='lat' dir='ltr'>quamvis</span> <span class='ocrx_word' id='word_1_257' title='bbox 583 1642 773 1677; x_wconf 87' lang='lat' dir='ltr'>defunctus</span> <span class='ocrx_word' id='word_1_258' title='bbox 797 1652 870 1676; x_wconf 93' lang='lat' dir='ltr'>non</span> <span class='ocrx_word' id='word_1_259' title='bbox 893 1641 1052 1676; x_wconf 89' lang='lat' dir='ltr'>similiter</span> <span class='ocrx_word' id='word_1_260' title='bbox 1074 1640 1183 1676; x_wconf 87' lang='lat' dir='ltr'>fuerit</span> <span class='ocrx_word' id='word_1_261' title='bbox 1203 1640 1266 1675; x_wconf 91' lang='lat' dir='ltr'>ob-</span> 
     </span>
     <span class='ocr_line' id='line_1_34' title="bbox 179 1684 1267 1732; baseline -0.003 -10"><span class='ocrx_word' id='word_1_262' title='bbox 179 1687 340 1729; x_wconf 89' lang='lat' dir='ltr'>strictus,</span> <span class='ocrx_word' id='word_1_263' title='bbox 377 1697 459 1722; x_wconf 91' lang='lat' dir='ltr'>cum</span> <span class='ocrx_word' id='word_1_264' title='bbox 482 1692 518 1722; x_wconf 91' lang='lat' dir='ltr'>et</span> <span class='ocrx_word' id='word_1_265' title='bbox 540 1687 618 1722; x_wconf 90' lang='lat' dir='ltr'>aliis</span> <span class='ocrx_word' id='word_1_266' title='bbox 642 1686 855 1732; x_wconf 89' lang='lat' dir='ltr'>quibusdam</span> <span class='ocrx_word' id='word_1_267' title='bbox 879 1686 1021 1721; x_wconf 85' lang='lat' dir='ltr'>casibus</span> <span class='ocrx_word' id='word_1_268' title='bbox 1044 1685 1181 1730; x_wconf 90' lang='lat' dir='ltr'>plenior</span> <span class='ocrx_word' id='word_1_269' title='bbox 1204 1684 1267 1720; x_wconf 90' lang='lat' dir='ltr'>ad-</span> 
     </span>
     <span class='ocr_line' id='line_1_35' title="bbox 178 1730 1267 1776; baseline -0.002 -10"><span class='ocrx_word' id='word_1_270' title='bbox 178 1742 300 1767; x_wconf 88' lang='lat' dir='ltr'>versus</span> <span class='ocrx_word' id='word_1_271' title='bbox 324 1731 490 1767; x_wconf 91' lang='lat' dir='ltr'>heredem</span> <span class='ocrx_word' id='word_1_272' title='bbox 513 1733 569 1767; x_wconf 88' lang='lat' dir='ltr'>vel</span> <span class='ocrx_word' id='word_1_273' title='bbox 590 1732 714 1767; x_wconf 89' lang='lat' dir='ltr'>heredi</span> <span class='ocrx_word' id='word_1_274' title='bbox 738 1734 917 1776; x_wconf 86' lang='lat' dir='ltr'>competat</span> <span class='ocrx_word' id='word_1_275' title='bbox 939 1730 1127 1775; x_wconf 85' lang='lat' dir='ltr'>obligatio,</span> <span class='ocrx_word' id='word_1_276' title='bbox 1161 1740 1267 1775; x_wconf 86' lang='lat' dir='ltr'>quam</span> 
     </span>
     <span class='ocr_line' id='line_1_36' title="bbox 179 1776 1268 1822; baseline -0.002 -11"><span class='ocrx_word' id='word_1_277' title='bbox 179 1777 410 1822; x_wconf 87' lang='lat' dir='ltr'>competierat</span> <span class='ocrx_word' id='word_1_278' title='bbox 442 1776 629 1813; x_wconf 82' lang='lat' dir='ltr'>defuncto:</span> <span class='ocrx_word' id='word_1_279' title='bbox 665 1781 706 1812; x_wconf 91' lang='lat' dir='ltr'>ut</span> <span class='ocrx_word' id='word_1_280' title='bbox 736 1787 818 1811; x_wconf 91' lang='lat' dir='ltr'>cum</span> <span class='ocrx_word' id='word_1_281' title='bbox 848 1785 970 1811; x_wconf 88' lang='lat' dir='ltr'>servus</span> <span class='ocrx_word' id='word_1_282' title='bbox 1028 1779 1085 1810; x_wconf 90' lang='lat' dir='ltr'>ost</span> <span class='ocrx_word' id='word_1_283' title='bbox 1119 1778 1268 1810; x_wconf 91' lang='lat' dir='ltr'>mortem</span> 
     </span>
     <span class='ocr_line' id='line_1_37' title="bbox 179 1820 1266 1866; baseline -0.001 -10"><span class='ocrx_word' id='word_1_284' title='bbox 179 1821 348 1866; x_wconf 89' lang='lat' dir='ltr'>emptoris</span> <span class='ocrx_word' id='word_1_285' title='bbox 377 1822 480 1857; x_wconf 88' lang='lat' dir='ltr'>heres</span> <span class='ocrx_word' id='word_1_286' title='bbox 512 1822 697 1858; x_wconf 90' lang='lat' dir='ltr'>institutus</span> <span class='ocrx_word' id='word_1_287' title='bbox 729 1825 784 1857; x_wconf 91' lang='lat' dir='ltr'>est</span> <span class='ocrx_word' id='word_1_288' title='bbox 813 1821 983 1866; x_wconf 88' lang='lat' dir='ltr'>iussuque</span> <span class='ocrx_word' id='word_1_289' title='bbox 1033 1820 1145 1856; x_wconf 88' lang='lat' dir='ltr'>eredis</span> <span class='ocrx_word' id='word_1_290' title='bbox 1169 1830 1266 1864; x_wconf 91' lang='lat' dir='ltr'>emp·</span> 
     </span>
     <span class='ocr_line' id='line_1_38' title="bbox 179 1866 1268 1910; baseline -0.002 -9"><span class='ocrx_word' id='word_1_291' title='bbox 179 1867 266 1901; x_wconf 89' lang='lat' dir='ltr'>toris</span> <span class='ocrx_word' id='word_1_292' title='bbox 280 1866 367 1901; x_wconf 90' lang='lat' dir='ltr'>adiit</span> <span class='ocrx_word' id='word_1_293' title='bbox 376 1867 627 1903; x_wconf 88' lang='lat' dir='ltr'>hereditatem:</span> <span class='ocrx_word' id='word_1_294' title='bbox 648 1877 732 1902; x_wconf 91' lang='lat' dir='ltr'>nam</span> <span class='ocrx_word' id='word_1_295' title='bbox 745 1866 885 1901; x_wconf 90' lang='lat' dir='ltr'>actione</span> <span class='ocrx_word' id='word_1_296' title='bbox 898 1876 942 1900; x_wconf 85' lang='lat' dir='ltr'>ex</span> <span class='ocrx_word' id='word_1_297' title='bbox 954 1869 1072 1910; x_wconf 91' lang='lat' dir='ltr'>empto</span> <span class='ocrx_word' id='word_1_298' title='bbox 1085 1868 1268 1910; x_wconf 88' lang='lat' dir='ltr'>praestare</span> 
     </span>
     <span class='ocr_line' id='line_1_39' title="bbox 181 1910 1268 1957; baseline -0.003 -11"><span class='ocrx_word' id='word_1_299' title='bbox 181 1911 307 1946; x_wconf 84' lang='lat' dir='ltr'>debet⁵</span> <span class='ocrx_word' id='word_1_300' title='bbox 329 1911 580 1954; x_wconf 87' lang='lat' dir='ltr'>hereditatem,</span> <span class='ocrx_word' id='word_1_301' title='bbox 605 1911 763 1957; x_wconf 89' lang='lat' dir='ltr'>quamvis</span> <span class='ocrx_word' id='word_1_302' title='bbox 788 1910 955 1946; x_wconf 86' lang='lat' dir='ltr'>defuncto</span> <span class='ocrx_word' id='word_1_303' title='bbox 979 1911 1015 1944; x_wconf 92' lang='lat' dir='ltr'>in</span> <span class='ocrx_word' id='word_1_304' title='bbox 1037 1910 1106 1946; x_wconf 90' lang='lat' dir='ltr'>hoc</span> <span class='ocrx_word' id='word_1_305' title='bbox 1128 1913 1268 1945; x_wconf 87' lang='lat' dir='ltr'>tantum</span> 
     </span>
     <span class='ocr_line' id='line_1_40' title="bbox 180 1954 1268 2002; baseline -0.001 -12"><span class='ocrx_word' id='word_1_306' title='bbox 180 1959 200 1991; x_wconf 86' lang='lat'>4</span> <span class='ocrx_word' id='word_1_307' title='bbox 245 1956 315 1991; x_wconf 87' lang='lat' dir='ltr'>fuit</span> <span class='ocrx_word' id='word_1_308' title='bbox 327 1957 423 1991; x_wconf 88' lang='lat' dir='ltr'>utilis</span> <span class='ocrx_word' id='word_1_309' title='bbox 446 1966 489 1991; x_wconf 88' lang='lat' dir='ltr'>ex</span> <span class='ocrx_word' id='word_1_310' title='bbox 510 1961 628 2002; x_wconf 92' lang='lat' dir='ltr'>empto</span> <span class='ocrx_word' id='word_1_311' title='bbox 651 1957 758 1999; x_wconf 86' lang='lat' dir='ltr'>actio,</span> <span class='ocrx_word' id='word_1_312' title='bbox 778 1960 819 1991; x_wconf 92' lang='lat' dir='ltr'>ut</span> <span class='ocrx_word' id='word_1_313' title='bbox 838 1966 960 1991; x_wconf 89' lang='lat' dir='ltr'>servus</span> <span class='ocrx_word' id='word_1_314' title='bbox 980 1955 1193 1990; x_wconf 88' lang='lat' dir='ltr'>traderetur.</span> <span class='ocrx_word' id='word_1_315' title='bbox 1229 1954 1268 1989; x_wconf 90' lang='lat' dir='ltr'>Si</span> 
     </span>
     <span class='ocr_line' id='line_1_41' title="bbox 179 1999 1268 2047; baseline -0.001 -12"><span class='ocrx_word' id='word_1_316' title='bbox 179 2000 299 2047; x_wconf 87' lang='lat' dir='ltr'>plures</span> <span class='ocrx_word' id='word_1_317' title='bbox 310 2001 396 2036; x_wconf 87' lang='lat' dir='ltr'>mihi</span> <span class='ocrx_word' id='word_1_318' title='bbox 414 2002 452 2036; x_wconf 93' lang='lat' dir='ltr'>in</span> <span class='ocrx_word' id='word_1_319' title='bbox 471 2002 623 2037; x_wconf 88' lang='lat' dir='ltr'>solidum</span> <span class='ocrx_word' id='word_1_320' title='bbox 642 2012 707 2047; x_wconf 90' lang='lat' dir='ltr'>pro</span> <span class='ocrx_word' id='word_1_321' title='bbox 729 2001 900 2036; x_wconf 88' lang='lat' dir='ltr'>evictione</span> <span class='ocrx_word' id='word_1_322' title='bbox 919 2004 1120 2042; x_wconf 89' lang='lat' dir='ltr'>teneantur,</span> <span class='ocrx_word' id='word_1_323' title='bbox 1141 1999 1268 2035; x_wconf 89' lang='lat' dir='ltr'>deinde</span> 
     </span>
     <span class='ocr_line' id='line_1_42' title="bbox 178 2045 1267 2090; baseline -0.001 -10"><span class='ocrx_word' id='word_1_324' title='bbox 178 2050 261 2090; x_wconf 89' lang='lat' dir='ltr'>post</span> <span class='ocrx_word' id='word_1_325' title='bbox 282 2046 490 2082; x_wconf 83' lang='lat' dir='ltr'>evictionem</span> <span class='ocrx_word' id='word_1_326' title='bbox 509 2058 589 2082; x_wconf 94' lang='lat' dir='ltr'>cum</span> <span class='ocrx_word' id='word_1_327' title='bbox 608 2057 679 2082; x_wconf 89' lang='lat' dir='ltr'>uno</span> <span class='ocrx_word' id='word_1_328' title='bbox 699 2046 802 2081; x_wconf 85' lang='lat' dir='ltr'>fuero</span> <span class='ocrx_word' id='word_1_329' title='bbox 824 2056 867 2080; x_wconf 87' lang='lat' dir='ltr'>ex</span> <span class='ocrx_word' id='word_1_330' title='bbox 893 2049 1001 2087; x_wconf 81' lang='lat' dir='ltr'>crtus,</span> <span class='ocrx_word' id='word_1_331' title='bbox 1021 2045 1052 2080; x_wconf 88' lang='lat' dir='ltr'>si</span> <span class='ocrx_word' id='word_1_332' title='bbox 1072 2055 1174 2090; x_wconf 86' lang='lat' dir='ltr'>agam</span> <span class='ocrx_word' id='word_1_333' title='bbox 1186 2055 1267 2079; x_wconf 91' lang='lat' dir='ltr'>cum</span> 
     </span>
     <span class='ocr_line' id='line_1_43' title="bbox 180 2089 1265 2136; baseline -0.003 -10"><span class='ocrx_word' id='word_1_334' title='bbox 180 2091 321 2133; x_wconf 87' lang='lat' dir='ltr'>ceteris,</span> <span class='ocrx_word' id='word_1_335' title='bbox 352 2092 560 2136; x_wconf 86' lang='lat' dir='ltr'>exceptione</span> <span class='ocrx_word' id='word_1_336' title='bbox 588 2102 645 2127; x_wconf 91' lang='lat' dir='ltr'>me</span> <span class='ocrx_word' id='word_1_337' title='bbox 669 2093 771 2126; x_wconf 81' lang='lat' dir='ltr'>esse⁶</span> <span class='ocrx_word' id='word_1_338' title='bbox 794 2100 879 2135; x_wconf 88' lang='lat' dir='ltr'>repe</span> <span class='ocrx_word' id='word_1_339' title='bbox 905 2090 1035 2125; x_wconf 88' lang='lat' dir='ltr'>endum</span> <span class='ocrx_word' id='word_1_340' title='bbox 1057 2089 1180 2124; x_wconf 85' lang='lat' dir='ltr'>Labeo</span> <span class='ocrx_word' id='word_1_341' title='bbox 1205 2089 1265 2124; x_wconf 85' lang='lat' dir='ltr'>ait.</span> 
     </span>
    </p>

    <p class='ocr_par' dir='ltr' id='par_1_6' title="bbox 177 2133 1266 2316">
     <span class='ocr_line' id='line_1_44' title="bbox 225 2133 1266 2183; baseline -0.003 -11"><span class='ocrx_word' id='word_1_342' title='bbox 225 2133 278 2172; x_wconf 89' lang='lat'>52</span> <span class='ocrx_word' id='word_1_343' title='bbox 302 2135 411 2171; x_wconf 75' lang='lat' dir='ltr'><em>IDEM</em></span> <span class='ocrx_word' id='word_1_344' title='bbox 425 2136 517 2172; x_wconf 79' lang='lat' dir='ltr'>libro</span> <span class='ocrx_word' id='word_1_345' title='bbox 538 2137 753 2183; x_wconf 72' lang='lat' dir='ltr'>octoyesimo</span> <span class='ocrx_word' id='word_1_346' title='bbox 758 2136 882 2183; x_wconf 82' lang='lat' dir='ltr'>primo</span> <span class='ocrx_word' id='word_1_347' title='bbox 895 2135 945 2170; x_wconf 84' lang='lat' dir='ltr'>ad</span> <span class='ocrx_word' id='word_1_348' title='bbox 955 2135 1108 2170; x_wconf 77' lang='lat' dir='ltr'>edictum</span> <span class='ocrx_word' id='word_1_349' title='bbox 1145 2134 1266 2170; x_wconf 92' lang='lat' dir='ltr'>Scien-</span> 
     </span>
     <span class='ocr_line' id='line_1_45' title="bbox 178 2179 1266 2225; baseline 0 -11"><span class='ocrx_word' id='word_1_350' title='bbox 178 2179 262 2215; x_wconf 92' lang='lat' dir='ltr'>dum</span> <span class='ocrx_word' id='word_1_351' title='bbox 286 2184 342 2216; x_wconf 89' lang='lat' dir='ltr'>est</span> <span class='ocrx_word' id='word_1_352' title='bbox 364 2181 451 2216; x_wconf 88' lang='lat' dir='ltr'>nihil</span> <span class='ocrx_word' id='word_1_353' title='bbox 474 2182 663 2224; x_wconf 89' lang='lat' dir='ltr'>interesse,</span> <span class='ocrx_word' id='word_1_354' title='bbox 696 2191 740 2216; x_wconf 87' lang='lat' dir='ltr'>ex</span> <span class='ocrx_word' id='word_1_355' title='bbox 771 2190 842 2225; x_wconf 89' lang='lat' dir='ltr'>qua</span> <span class='ocrx_word' id='word_1_356' title='bbox 866 2189 976 2214; x_wconf 89' lang='lat' dir='ltr'>causa</span> <span class='ocrx_word' id='word_1_357' title='bbox 999 2179 1129 2224; x_wconf 89' lang='lat' dir='ltr'>duplae</span> <span class='ocrx_word' id='word_1_358' title='bbox 1153 2179 1266 2223; x_wconf 90' lang='lat' dir='ltr'>stipu-</span> 
     </span>
     <span class='ocr_line' id='line_1_46' title="bbox 177 2224 1266 2271; baseline -0.001 -12"><span class='ocrx_word' id='word_1_359' title='bbox 177 2224 263 2260; x_wconf 92' lang='lat' dir='ltr'>latio</span> <span class='ocrx_word' id='word_1_360' title='bbox 287 2225 396 2260; x_wconf 86' lang='lat' dir='ltr'>fuerit</span> <span class='ocrx_word' id='word_1_361' title='bbox 418 2226 639 2271; x_wconf 90' lang='lat' dir='ltr'>interposita,</span> <span class='ocrx_word' id='word_1_362' title='bbox 664 2229 784 2260; x_wconf 88' lang='lat' dir='ltr'>utrum</span> <span class='ocrx_word' id='word_1_363' title='bbox 807 2235 852 2260; x_wconf 86' lang='lat' dir='ltr'>ex</span> <span class='ocrx_word' id='word_1_364' title='bbox 875 2235 986 2259; x_wconf 89' lang='lat' dir='ltr'>causa</span> <span class='ocrx_word' id='word_1_365' title='bbox 1009 2224 1196 2269; x_wconf 86' lang='lat' dir='ltr'>emptionis</span> <span class='ocrx_word' id='word_1_366' title='bbox 1220 2234 1266 2258; x_wconf 90' lang='lat' dir='ltr'>an</span> 
     </span>
     <span class='ocr_line' id='line_1_47' title="bbox 179 2270 737 2316; baseline -0.002 -11"><span class='ocrx_word' id='word_1_367' title='bbox 179 2280 223 2305; x_wconf 88' lang='lat' dir='ltr'>ex</span> <span class='ocrx_word' id='word_1_368' title='bbox 247 2270 329 2311; x_wconf 85' lang='lat' dir='ltr'>alia,</span> <span class='ocrx_word' id='word_1_369' title='bbox 354 2274 395 2306; x_wconf 91' lang='lat' dir='ltr'>ut</span> <span class='ocrx_word' id='word_1_370' title='bbox 419 2271 591 2306; x_wconf 86' lang='lat' dir='ltr'>committi</span> <span class='ocrx_word' id='word_1_371' title='bbox 613 2271 737 2316; x_wconf 87' lang='lat' dir='ltr'>possit.</span> 
     </span>
    </p>

    <p class='ocr_par' dir='ltr' id='par_1_7' title="bbox 176 2312 1267 2754">
     <span class='ocr_line' id='line_1_48' title="bbox 224 2312 1266 2362; baseline -0.004 -11"><span class='ocrx_word' id='word_1_372' title='bbox 224 2312 276 2352; x_wconf 90' lang='lat'>53</span> <span class='ocrx_word' id='word_1_373' title='bbox 301 2314 358 2350; x_wconf 73' lang='grc' dir='ltr'>ΡΑ</span> <span class='ocrx_word' id='word_1_374' title='bbox 366 2325 410 2350; x_wconf 80' lang='grc' dir='ltr'>σι</span> <span class='ocrx_word' id='word_1_375' title='bbox 418 2325 462 2351; x_wconf 68' lang='grc' dir='ltr'>σε</span> <span class='ocrx_word' id='word_1_376' title='bbox 490 2316 581 2352; x_wconf 80' lang='lat' dir='ltr'>libro</span> <span class='ocrx_word' id='word_1_377' title='bbox 614 2315 878 2362; x_wconf 76' lang='lat' dir='ltr'>septuaqesimo</span> <span class='ocrx_word' id='word_1_378' title='bbox 909 2315 1060 2360; x_wconf 81' lang='lat' dir='ltr'>septimo</span> <span class='ocrx_word' id='word_1_379' title='bbox 1091 2313 1141 2348; x_wconf 85' lang='lat' dir='ltr'>ad</span> <span class='ocrx_word' id='word_1_380' title='bbox 1172 2312 1266 2348; x_wconf 82' lang='lat' dir='ltr'>edic—</span> 
     </span>
     <span class='ocr_line' id='line_1_49' title="bbox 178 2358 1267 2406; baseline -0.002 -12"><span class='ocrx_word' id='word_1_381' title='bbox 178 2363 253 2394; x_wconf 80' lang='lat' dir='ltr'>tum</span> <span class='ocrx_word' id='word_1_382' title='bbox 300 2359 339 2395; x_wconf 89' lang='lat' dir='ltr'>Si</span> <span class='ocrx_word' id='word_1_383' title='bbox 349 2359 461 2396; x_wconf 82' lang='lat' dir='ltr'>fundo</span> <span class='ocrx_word' id='word_1_384' title='bbox 474 2360 606 2396; x_wconf 90' lang='lat' dir='ltr'>tradito</span> <span class='ocrx_word' id='word_1_385' title='bbox 619 2370 704 2406; x_wconf 89' lang='lat' dir='ltr'>pars</span> <span class='ocrx_word' id='word_1_386' title='bbox 725 2360 918 2401; x_wconf 89' lang='lat' dir='ltr'>evincatur,</span> <span class='ocrx_word' id='word_1_387' title='bbox 940 2358 971 2394; x_wconf 91' lang='lat' dir='ltr'>si</span> <span class='ocrx_word' id='word_1_388' title='bbox 989 2358 1128 2403; x_wconf 83' lang='lat' dir='ltr'>singula</span> <span class='ocrx_word' id='word_1_389' title='bbox 1145 2358 1267 2402; x_wconf 83' lang='lat' dir='ltr'>iugera</span> 
     </span>
     <span class='ocr_line' id='line_1_50' title="bbox 176 2401 1267 2451; baseline -0.002 -12"><span class='ocrx_word' id='word_1_390' title='bbox 176 2404 350 2440; x_wconf 90' lang='lat' dir='ltr'>venierint</span> <span class='ocrx_word' id='word_1_391' title='bbox 381 2410 476 2441; x_wconf 88' lang='lat' dir='ltr'>certo</span> <span class='ocrx_word' id='word_1_392' title='bbox 508 2406 642 2451; x_wconf 89' lang='lat' dir='ltr'>pretio,</span> <span class='ocrx_word' id='word_1_393' title='bbox 674 2409 761 2440; x_wconf 91' lang='lat' dir='ltr'>tunc</span> <span class='ocrx_word' id='word_1_394' title='bbox 793 2415 865 2439; x_wconf 93' lang='lat' dir='ltr'>non</span> <span class='ocrx_word' id='word_1_395' title='bbox 895 2414 960 2448; x_wconf 90' lang='lat' dir='ltr'>pro</span> <span class='ocrx_word' id='word_1_396' title='bbox 992 2403 1170 2445; x_wconf 89' lang='lat' dir='ltr'>bonitate,</span> <span class='ocrx_word' id='word_1_397' title='bbox 1203 2401 1267 2437; x_wconf 89' lang='lat' dir='ltr'>sed</span> 
     </span>
     <span class='ocr_line' id='line_1_51' title="bbox 179 2448 1265 2495; baseline -0.002 -11"><span class='ocrx_word' id='word_1_398' title='bbox 179 2450 304 2494; x_wconf 88' lang='lat' dir='ltr'>quanti</span> <span class='ocrx_word' id='word_1_399' title='bbox 337 2450 475 2495; x_wconf 87' lang='lat' dir='ltr'>singula</span> <span class='ocrx_word' id='word_1_400' title='bbox 504 2451 679 2486; x_wconf 88' lang='lat' dir='ltr'>venierint</span> <span class='ocrx_word' id='word_1_401' title='bbox 709 2459 801 2495; x_wconf 90' lang='lat' dir='ltr'>quae</span> <span class='ocrx_word' id='word_1_402' title='bbox 831 2448 946 2484; x_wconf 89' lang='lat' dir='ltr'>evicta</span> <span class='ocrx_word' id='word_1_403' title='bbox 977 2448 1128 2490; x_wconf 84' lang='lat' dir='ltr'>fuerint,</span> <span class='ocrx_word' id='word_1_404' title='bbox 1161 2457 1265 2493; x_wconf 86' lang='lat' dir='ltr'>prae-</span> 
     </span>
     <span class='ocr_line' id='line_1_52' title="bbox 178 2493 1265 2540; baseline -0.002 -11"><span class='ocrx_word' id='word_1_405' title='bbox 178 2494 355 2537; x_wconf 84' lang='lat' dir='ltr'>standum,</span> <span class='ocrx_word' id='word_1_406' title='bbox 380 2495 518 2530; x_wconf 88' lang='lat' dir='ltr'>etiamsi</span> <span class='ocrx_word' id='word_1_407' title='bbox 543 2506 585 2530; x_wconf 90' lang='lat' dir='ltr'>ea</span> <span class='ocrx_word' id='word_1_408' title='bbox 608 2505 699 2540; x_wconf 89' lang='lat' dir='ltr'>quae</span> <span class='ocrx_word' id='word_1_409' title='bbox 722 2494 870 2530; x_wconf 84' lang='lat' dir='ltr'>meliora</span> <span class='ocrx_word' id='word_1_410' title='bbox 891 2493 1024 2529; x_wconf 82' lang='lat' dir='ltr'>fuerint</span> <span class='ocrx_word' id='word_1_411' title='bbox 1047 2493 1162 2528; x_wconf 89' lang='lat' dir='ltr'>evicta</span> <span class='ocrx_word' id='word_1_412' title='bbox 1184 2493 1265 2528; x_wconf 89' lang='lat' dir='ltr'>sint.</span> 
     </span>
     <span class='ocr_line' id='line_1_53' title="bbox 182 2536 1265 2592; baseline -0.001 -19"><span class='ocrx_word' id='word_1_413' title='bbox 182 2542 195 2573; x_wconf 91' lang='lat'><strong>1</strong></span> <span class='ocrx_word' id='word_1_414' title='bbox 246 2539 284 2573; x_wconf 90' lang='lat' dir='ltr'>Si</span> <span class='ocrx_word' id='word_1_415' title='bbox 308 2550 388 2575; x_wconf 89' lang='lat' dir='ltr'>cum</span> <span class='ocrx_word' id='word_1_416' title='bbox 410 2541 527 2592; x_wconf 84' lang='lat' dir='ltr'>possit</span> <span class='ocrx_word' id='word_1_417' title='bbox 551 2544 689 2585; x_wconf 87' lang='lat' dir='ltr'>emptor</span> <span class='ocrx_word' id='word_1_418' title='bbox 707 2538 847 2575; x_wconf 87' lang='lat' dir='ltr'>auctori</span> <span class='ocrx_word' id='word_1_419' title='bbox 866 2537 1088 2580; x_wconf 89' lang='lat' dir='ltr'>denuntiare,</span> <span class='ocrx_word' id='word_1_420' title='bbox 1112 2548 1184 2572; x_wconf 89' lang='lat' dir='ltr'>non</span> <span class='ocrx_word' id='word_1_421' title='bbox 1204 2536 1265 2572; x_wconf 89' lang='lat' dir='ltr'>de-</span> 
     </span>
     <span class='ocr_line' id='line_1_54' title="bbox 178 2583 1267 2630; baseline -0.001 -12"><span class='ocrx_word' id='word_1_422' title='bbox 178 2584 378 2619; x_wconf 88' lang='lat' dir='ltr'>nuntiasset</span> <span class='ocrx_word' id='word_1_423' title='bbox 408 2584 594 2630; x_wconf 79' lang='lat' dir='ltr'>idemque⁷</span> <span class='ocrx_word' id='word_1_424' title='bbox 617 2585 732 2620; x_wconf 89' lang='lat' dir='ltr'>victus</span> <span class='ocrx_word' id='word_1_425' title='bbox 763 2584 910 2625; x_wconf 84' lang='lat' dir='ltr'>fuisset,</span> <span class='ocrx_word' id='word_1_426' title='bbox 965 2583 1110 2618; x_wconf 87' lang='lat' dir='ltr'>uoniam</span> <span class='ocrx_word' id='word_1_427' title='bbox 1139 2592 1267 2627; x_wconf 84' lang='lat' dir='ltr'>pamm</span> 
     </span>
     <span class='ocr_line' id='line_1_55' title="bbox 178 2627 1267 2675; baseline -0.001 -12"><span class='ocrx_word' id='word_1_428' title='bbox 178 2628 373 2664; x_wconf 89' lang='lat' dir='ltr'>instructus</span> <span class='ocrx_word' id='word_1_429' title='bbox 406 2634 517 2672; x_wconf 89' lang='lat' dir='ltr'>esset,</span> <span class='ocrx_word' id='word_1_430' title='bbox 549 2630 618 2665; x_wconf 91' lang='lat' dir='ltr'>hoc</span> <span class='ocrx_word' id='word_1_431' title='bbox 641 2630 720 2675; x_wconf 91' lang='lat' dir='ltr'>ipso</span> <span class='ocrx_word' id='word_1_432' title='bbox 743 2629 884 2664; x_wconf 88' lang='lat' dir='ltr'>videtur</span> <span class='ocrx_word' id='word_1_433' title='bbox 907 2627 952 2663; x_wconf 91' lang='lat' dir='ltr'>do</span> <span class='ocrx_word' id='word_1_434' title='bbox 967 2638 988 2663; x_wconf 94' lang='lat' dir='ltr'>o</span> <span class='ocrx_word' id='word_1_435' title='bbox 1012 2627 1140 2663; x_wconf 83' lang='lat' dir='ltr'>fecisse</span> <span class='ocrx_word' id='word_1_436' title='bbox 1164 2631 1200 2663; x_wconf 91' lang='lat' dir='ltr'>et</span> <span class='ocrx_word' id='word_1_437' title='bbox 1223 2637 1267 2662; x_wconf 90' lang='lat' dir='ltr'>ex</span> 
     </span>
     <span class='ocr_line' id='line_1_56' title="bbox 179 2673 729 2754; baseline 0.004 -47"><span class='ocrx_word' id='word_1_438' title='bbox 179 2673 352 2754; x_wconf 50' lang='lat' dir='ltr'>stipulatu</span> <span class='ocrx_word' id='word_1_439' title='bbox 375 2684 481 2719; x_wconf 87' lang='lat' dir='ltr'>agere</span> <span class='ocrx_word' id='word_1_440' title='bbox 503 2685 575 2710; x_wconf 89' lang='lat' dir='ltr'>non</span> <span class='ocrx_word' id='word_1_441' title='bbox 599 2678 729 2720; x_wconf 89' lang='lat' dir='ltr'>potest.</span> 
     </span>
    </p>

    <p class='ocr_par' dir='ltr' id='par_1_8' title="bbox 179 2717 1266 3252">
     <span class='ocr_line' id='line_1_57' title="bbox 255 2717 1265 2762; baseline -0.003 -8"><span class='ocrx_word' id='word_1_442' title='bbox 255 2717 279 2754; x_wconf 91' lang='grc'>4</span> <span class='ocrx_word' id='word_1_443' title='bbox 308 2718 431 2754; x_wconf 59' lang='lat' dir='ltr'>Gaas</span> <span class='ocrx_word' id='word_1_444' title='bbox 460 2719 550 2755; x_wconf 83' lang='lat' dir='ltr'>libro</span> <span class='ocrx_word' id='word_1_445' title='bbox 581 2720 745 2755; x_wconf 80' lang='lat' dir='ltr'>vicesimo</span> <span class='ocrx_word' id='word_1_446' title='bbox 777 2722 902 2754; x_wconf 86' lang='lat' dir='ltr'>octavo</span> <span class='ocrx_word' id='word_1_447' title='bbox 934 2717 985 2752; x_wconf 86' lang='lat' dir='ltr'>ad</span> <span class='ocrx_word' id='word_1_448' title='bbox 1006 2717 1159 2753; x_wconf 84' lang='lat' dir='ltr'>edictum</span> <span class='ocrx_word' id='word_1_449' title='bbox 1174 2727 1265 2762; x_wconf 81' lang='lat' dir='ltr'>pro-</span> 
     </span>
     <span class='ocr_line' id='line_1_58' title="bbox 179 2761 1264 2807; baseline 0 -10"><span class='ocrx_word' id='word_1_450' title='bbox 179 2763 331 2798; x_wconf 78' lang='lat' dir='ltr'>vinciale</span> <span class='ocrx_word' id='word_1_451' title='bbox 377 2764 443 2807; x_wconf 83' lang='lat' dir='ltr'>Qui</span> <span class='ocrx_word' id='word_1_452' title='bbox 467 2764 617 2799; x_wconf 84' lang='lat' dir='ltr'>alienam</span> <span class='ocrx_word' id='word_1_453' title='bbox 640 2774 715 2799; x_wconf 88' lang='lat' dir='ltr'>rem</span> <span class='ocrx_word' id='word_1_454' title='bbox 737 2762 912 2804; x_wconf 90' lang='lat' dir='ltr'>vendidit,</span> <span class='ocrx_word' id='word_1_455' title='bbox 944 2765 1029 2807; x_wconf 88' lang='lat' dir='ltr'>post</span> <span class='ocrx_word' id='word_1_456' title='bbox 1057 2761 1154 2806; x_wconf 87' lang='lat' dir='ltr'>longi</span> <span class='ocrx_word' id='word_1_457' title='bbox 1176 2766 1264 2797; x_wconf 88' lang='lat' dir='ltr'>tem·</span> 
     </span>
     <span class='ocr_line' id='line_1_59' title="bbox 179 2806 1264 2859; baseline -0.001 -17"><span class='ocrx_word' id='word_1_458' title='bbox 179 2807 277 2852; x_wconf 86' lang='lat' dir='ltr'>poris</span> <span class='ocrx_word' id='word_1_459' title='bbox 309 2809 623 2859; x_wconf 84' lang='lat' dir='ltr'>praescriptionem</span> <span class='ocrx_word' id='word_1_460' title='bbox 653 2808 709 2844; x_wconf 89' lang='lat' dir='ltr'>vel</span> <span class='ocrx_word' id='word_1_461' title='bbox 732 2807 989 2852; x_wconf 90' lang='lat' dir='ltr'>usucapionem</span> <span class='ocrx_word' id='word_1_462' title='bbox 1013 2806 1144 2842; x_wconf 87' lang='lat' dir='ltr'>desinit</span> <span class='ocrx_word' id='word_1_463' title='bbox 1166 2816 1264 2851; x_wconf 91' lang='lat' dir='ltr'>emp-</span> 
     </span>
     <span class='ocr_line' id='line_1_60' title="bbox 183 2851 1264 2893; baseline 0 -7"><span class='ocrx_word' id='word_1_464' title='bbox 183 2856 198 2886; x_wconf 90' lang='lat'>1</span> <span class='ocrx_word' id='word_1_465' title='bbox 248 2856 319 2887; x_wconf 86' lang='lat' dir='ltr'>ton</span> <span class='ocrx_word' id='word_1_466' title='bbox 354 2854 465 2887; x_wconf 88' lang='lat' dir='ltr'>teneri</span> <span class='ocrx_word' id='word_1_467' title='bbox 496 2853 539 2889; x_wconf 90' lang='lat' dir='ltr'>de</span> <span class='ocrx_word' id='word_1_468' title='bbox 571 2854 753 2889; x_wconf 88' lang='lat' dir='ltr'>evictione.</span> <span class='ocrx_word' id='word_1_469' title='bbox 803 2853 841 2888; x_wconf 91' lang='lat' dir='ltr'>Si</span> <span class='ocrx_word' id='word_1_470' title='bbox 871 2853 975 2887; x_wconf 90' lang='lat' dir='ltr'>heres</span> <span class='ocrx_word' id='word_1_471' title='bbox 1006 2851 1264 2893; x_wconf 86' lang='lat' dir='ltr'>statuliberum,</span> 
     </span>
     <span class='ocr_line' id='line_1_61' title="bbox 180 2896 1265 2944; baseline 0 -13"><span class='ocrx_word' id='word_1_472' title='bbox 180 2896 242 2941; x_wconf 85' lang='lat' dir='ltr'>qui</span> <span class='ocrx_word' id='word_1_473' title='bbox 265 2896 331 2932; x_wconf 92' lang='lat' dir='ltr'>sub</span> <span class='ocrx_word' id='word_1_474' title='bbox 357 2897 564 2934; x_wconf 84' lang='lat' dir='ltr'>condicione</span> <span class='ocrx_word' id='word_1_475' title='bbox 586 2899 760 2944; x_wconf 87' lang='lat' dir='ltr'>pecuniae</span> <span class='ocrx_word' id='word_1_476' title='bbox 784 2896 924 2932; x_wconf 89' lang='lat' dir='ltr'>dandae</span> <span class='ocrx_word' id='word_1_477' title='bbox 942 2897 1032 2932; x_wconf 91' lang='lat' dir='ltr'>liber</span> <span class='ocrx_word' id='word_1_478' title='bbox 1050 2906 1129 2932; x_wconf 86' lang='lat' dir='ltr'>esse</span> <span class='ocrx_word' id='word_1_479' title='bbox 1146 2896 1265 2931; x_wconf 88' lang='lat' dir='ltr'>iussus</span> 
     </span>
     <span class='ocr_line' id='line_1_62' title="bbox 180 2940 1266 2988; baseline -0.002 -11"><span class='ocrx_word' id='word_1_480' title='bbox 180 2945 253 2983; x_wconf 78' lang='lat' dir='ltr'>est,</span> <span class='ocrx_word' id='word_1_481' title='bbox 284 2941 481 2977; x_wconf 90' lang='lat' dir='ltr'>vendiderit</span> <span class='ocrx_word' id='word_1_482' title='bbox 513 2947 547 2977; x_wconf 90' lang='lat' dir='ltr'>et</span> <span class='ocrx_word' id='word_1_483' title='bbox 577 2943 747 2979; x_wconf 86' lang='lat' dir='ltr'>maiorem</span> <span class='ocrx_word' id='word_1_484' title='bbox 777 2942 966 2988; x_wconf 84' lang='lat' dir='ltr'>pecuniam</span> <span class='ocrx_word' id='word_1_485' title='bbox 995 2942 1032 2977; x_wconf 92' lang='lat' dir='ltr'>in</span> <span class='ocrx_word' id='word_1_486' title='bbox 1057 2940 1266 2977; x_wconf 85' lang='lat' dir='ltr'>condicione</span> 
     </span>
     <span class='ocr_line' id='line_1_63' title="bbox 180 2985 1264 3031; baseline -0.001 -10"><span class='ocrx_word' id='word_1_487' title='bbox 180 2995 259 3021; x_wconf 87' lang='lat' dir='ltr'>esse</span> <span class='ocrx_word' id='word_1_488' title='bbox 282 2985 411 3021; x_wconf 86' lang='lat' dir='ltr'>dixerit</span> <span class='ocrx_word' id='word_1_489' title='bbox 434 2997 538 3031; x_wconf 91' lang='lat' dir='ltr'>quam</span> <span class='ocrx_word' id='word_1_490' title='bbox 563 2988 648 3023; x_wconf 91' lang='lat' dir='ltr'>dare</span> <span class='ocrx_word' id='word_1_491' title='bbox 671 2988 727 3023; x_wconf 84' lang='lat' dir='ltr'>ei⁸</span> <span class='ocrx_word' id='word_1_492' title='bbox 749 2988 868 3022; x_wconf 88' lang='lat' dir='ltr'>iussus</span> <span class='ocrx_word' id='word_1_493' title='bbox 892 2991 965 3029; x_wconf 88' lang='lat' dir='ltr'>est,</span> <span class='ocrx_word' id='word_1_494' title='bbox 996 2996 1041 3021; x_wconf 90' lang='lat' dir='ltr'>ex</span> <span class='ocrx_word' id='word_1_495' title='bbox 1071 2989 1188 3031; x_wconf 89' lang='lat' dir='ltr'>empto</span> <span class='ocrx_word' id='word_1_496' title='bbox 1211 2989 1264 3020; x_wconf 89' lang='lat' dir='ltr'>te-</span> 
     </span>
     <span class='ocr_line' id='line_1_64' title="bbox 179 3031 1265 3075; baseline -0.001 -9"><span class='ocrx_word' id='word_1_497' title='bbox 179 3035 303 3072; x_wconf 89' lang='lat' dir='ltr'>netur,</span> <span class='ocrx_word' id='word_1_498' title='bbox 334 3031 365 3065; x_wconf 87' lang='lat' dir='ltr'>si</span> <span class='ocrx_word' id='word_1_499' title='bbox 387 3032 492 3066; x_wconf 89' lang='lat' dir='ltr'>modo</span> <span class='ocrx_word' id='word_1_500' title='bbox 516 3033 598 3067; x_wconf 89' lang='lat' dir='ltr'>talis</span> <span class='ocrx_word' id='word_1_501' title='bbox 622 3037 676 3068; x_wconf 91' lang='lat' dir='ltr'>est</span> <span class='ocrx_word' id='word_1_502' title='bbox 708 3032 888 3074; x_wconf 90' lang='lat' dir='ltr'>condici0‚</span> <span class='ocrx_word' id='word_1_503' title='bbox 919 3035 962 3066; x_wconf 91' lang='lat' dir='ltr'>ut</span> <span class='ocrx_word' id='word_1_504' title='bbox 992 3031 1039 3066; x_wconf 93' lang='lat' dir='ltr'>ad</span> <span class='ocrx_word' id='word_1_505' title='bbox 1072 3034 1265 3075; x_wconf 90' lang='lat' dir='ltr'>emptorem</span> 
     </span>
     <span class='ocr_line' id='line_1_65' title="bbox 180 3075 1265 3118; baseline -0.002 -7"><span class='ocrx_word' id='word_1_506' title='bbox 180 3075 360 3118; x_wconf 85' lang='lat' dir='ltr'>transiret,</span> <span class='ocrx_word' id='word_1_507' title='bbox 383 3076 420 3110; x_wconf 91' lang='lat' dir='ltr'>id</span> <span class='ocrx_word' id='word_1_508' title='bbox 440 3081 493 3111; x_wconf 90' lang='lat' dir='ltr'>est</span> <span class='ocrx_word' id='word_1_509' title='bbox 510 3077 540 3112; x_wconf 91' lang='lat' dir='ltr'>si</span> <span class='ocrx_word' id='word_1_510' title='bbox 559 3078 679 3112; x_wconf 87' lang='lat' dir='ltr'>heredi</span> <span class='ocrx_word' id='word_1_511' title='bbox 699 3078 785 3112; x_wconf 91' lang='lat' dir='ltr'>dare</span> <span class='ocrx_word' id='word_1_512' title='bbox 804 3078 922 3112; x_wconf 85' lang='lat' dir='ltr'>iussus</span> <span class='ocrx_word' id='word_1_513' title='bbox 943 3079 998 3111; x_wconf 91' lang='lat' dir='ltr'>est</span> <span class='ocrx_word' id='word_1_514' title='bbox 1016 3085 1156 3111; x_wconf 88' lang='lat' dir='ltr'>servus:</span> <span class='ocrx_word' id='word_1_515' title='bbox 1181 3085 1265 3110; x_wconf 91' lang='lat' dir='ltr'>nam</span> 
     </span>
     <span class='ocr_line' id='line_1_66' title="bbox 181 3118 1263 3172; baseline -0.001 -17"><span class='ocrx_word' id='word_1_516' title='bbox 181 3121 211 3156; x_wconf 89' lang='lat' dir='ltr'>si</span> <span class='ocrx_word' id='word_1_517' title='bbox 234 3120 295 3155; x_wconf 85' lang='lat' dir='ltr'>alii</span> <span class='ocrx_word' id='word_1_518' title='bbox 317 3119 404 3155; x_wconf 80' lang='lat' dir='ltr'>dare</span> <span class='ocrx_word' id='word_1_519' title='bbox 426 3121 563 3163; x_wconf 89' lang='lat' dir='ltr'>iussus,</span> <span class='ocrx_word' id='word_1_520' title='bbox 596 3123 754 3167; x_wconf 82' lang='lat' dir='ltr'>quamvis</span> <span class='ocrx_word' id='word_1_521' title='bbox 785 3131 903 3157; x_wconf 86' lang='lat' dir='ltr'>veram</span> <span class='ocrx_word' id='word_1_522' title='bbox 926 3120 1100 3166; x_wconf 81' lang='lat' dir='ltr'>pecuniae</span> <span class='ocrx_word' id='word_1_523' title='bbox 1123 3118 1263 3172; x_wconf 79' lang='lat' dir='ltr'>quanti-</span> 
     </span>
     <span class='ocr_line' id='line_1_67' title="bbox 180 3163 1266 3208; baseline -0.001 -8"><span class='ocrx_word' id='word_1_524' title='bbox 180 3169 291 3200; x_wconf 87' lang='lat' dir='ltr'>tatem</span> <span class='ocrx_word' id='word_1_525' title='bbox 322 3164 468 3207; x_wconf 76' lang='lat' dir='ltr'>dixerit,</span> <span class='ocrx_word' id='word_1_526' title='bbox 499 3170 636 3208; x_wconf 88' lang='lat' dir='ltr'>tamen,</span> <span class='ocrx_word' id='word_1_527' title='bbox 668 3167 699 3201; x_wconf 87' lang='lat' dir='ltr'>si</span> <span class='ocrx_word' id='word_1_528' title='bbox 731 3178 803 3202; x_wconf 87' lang='lat' dir='ltr'>non</span> <span class='ocrx_word' id='word_1_529' title='bbox 835 3165 1059 3201; x_wconf 86' lang='lat' dir='ltr'>admonuerit</span> <span class='ocrx_word' id='word_1_530' title='bbox 1088 3164 1148 3199; x_wconf 79' lang='lat' dir='ltr'>alii</span> <span class='ocrx_word' id='word_1_531' title='bbox 1178 3163 1266 3199; x_wconf 90' lang='lat' dir='ltr'>dare</span> 
     </span>
     <span class='ocr_line' id='line_1_68' title="bbox 180 3210 910 3252; baseline 0 -7"><span class='ocrx_word' id='word_1_532' title='bbox 180 3210 328 3252; x_wconf 87' lang='lat' dir='ltr'>iussum,</span> <span class='ocrx_word' id='word_1_533' title='bbox 352 3210 534 3245; x_wconf 87' lang='lat' dir='ltr'>evictionis</span> <span class='ocrx_word' id='word_1_534' title='bbox 559 3211 698 3246; x_wconf 88' lang='lat' dir='ltr'>nomine</span> <span class='ocrx_word' id='word_1_535' title='bbox 722 3211 910 3246; x_wconf 90' lang='lat' dir='ltr'>tenebitur.</span> 
     </span>
    </p>

    <p class='ocr_par' dir='ltr' id='par_1_9' title="bbox 180 3253 1264 3613">
     <span class='ocr_line' id='line_1_69' title="bbox 227 3253 1263 3292; baseline -0.004 0"><span class='ocrx_word' id='word_1_536' title='bbox 227 3253 280 3292; x_wconf 88' lang='lat'>55</span> <span class='ocrx_word' id='word_1_537' title='bbox 312 3254 507 3291; x_wconf 71' lang='lat' dir='ltr'>mmm</span> <span class='ocrx_word' id='word_1_538' title='bbox 535 3255 625 3290; x_wconf 76' lang='lat' dir='ltr'>libro</span> <span class='ocrx_word' id='word_1_539' title='bbox 657 3256 814 3291; x_wconf 79' lang='lat' dir='ltr'>secundo</span> <span class='ocrx_word' id='word_1_540' title='bbox 844 3255 896 3290; x_wconf 85' lang='lat' dir='ltr'>ad</span> <span class='ocrx_word' id='word_1_541' title='bbox 917 3255 1071 3290; x_wconf 79' lang='lat' dir='ltr'>edictum</span> <span class='ocrx_word' id='word_1_542' title='bbox 1094 3253 1263 3289; x_wconf 78' lang='lat' dir='ltr'>aedilium</span> 
     </span>
     <span class='ocr_line' id='line_1_70' title="bbox 180 3298 1263 3345; baseline -0.003 -10"><span class='ocrx_word' id='word_1_543' title='bbox 180 3300 360 3335; x_wconf 77' lang='lat' dir='ltr'>curulium</span> <span class='ocrx_word' id='word_1_544' title='bbox 406 3299 445 3335; x_wconf 91' lang='lat' dir='ltr'>Si</span> <span class='ocrx_word' id='word_1_545' title='bbox 474 3299 554 3335; x_wconf 91' lang='lat' dir='ltr'>ideo</span> <span class='ocrx_word' id='word_1_546' title='bbox 587 3304 713 3334; x_wconf 88' lang='lat' dir='ltr'>contra</span> <span class='ocrx_word' id='word_1_547' title='bbox 744 3304 936 3345; x_wconf 87' lang='lat' dir='ltr'>emptorem</span> <span class='ocrx_word' id='word_1_548' title='bbox 966 3298 1162 3334; x_wconf 89' lang='lat' dir='ltr'>iudicatum</span> <span class='ocrx_word' id='word_1_549' title='bbox 1197 3301 1263 3340; x_wconf 87' lang='lat' dir='ltr'>est,</span> 
     </span>
     <span class='ocr_line' id='line_1_71' title="bbox 181 3342 1264 3389; baseline -0.002 -10"><span class='ocrx_word' id='word_1_550' title='bbox 181 3345 277 3389; x_wconf 89' lang='lat' dir='ltr'>quod</span> <span class='ocrx_word' id='word_1_551' title='bbox 301 3343 432 3387; x_wconf 79' lang='lat' dir='ltr'>defuit,</span> <span class='ocrx_word' id='word_1_552' title='bbox 457 3354 528 3380; x_wconf 90' lang='lat' dir='ltr'>non</span> <span class='ocrx_word' id='word_1_553' title='bbox 552 3345 781 3379; x_wconf 87' lang='lat' dir='ltr'>committitur</span> <span class='ocrx_word' id='word_1_554' title='bbox 805 3344 1005 3389; x_wconf 84' lang='lat' dir='ltr'>stipulatio:</span> <span class='ocrx_word' id='word_1_555' title='bbox 1037 3354 1073 3378; x_wconf 92' lang='lat' dir='ltr'>m</span> <span class='ocrx_word' id='word_1_556' title='bbox 1120 3343 1128 3350; x_wconf 87' lang='lat'>&#39;</span> <span class='ocrx_word' id='word_1_557' title='bbox 1172 3342 1264 3378; x_wconf 86' lang='lat' dir='ltr'>enim</span> 
     </span>
     <span class='ocr_line' id='line_1_72' title="bbox 180 3387 1264 3434; baseline -0.002 -10"><span class='ocrx_word' id='word_1_558' title='bbox 180 3393 328 3434; x_wconf 90' lang='lat' dir='ltr'>propter</span> <span class='ocrx_word' id='word_1_559' title='bbox 359 3388 556 3424; x_wconf 84' lang='lat' dir='ltr'>absentiam</span> <span class='ocrx_word' id='word_1_560' title='bbox 588 3389 703 3423; x_wconf 86' lang='lat' dir='ltr'>victus</span> <span class='ocrx_word' id='word_1_561' title='bbox 727 3389 862 3424; x_wconf 83' lang='lat' dir='ltr'>videtur</span> <span class='ocrx_word' id='word_1_562' title='bbox 886 3399 992 3434; x_wconf 89' lang='lat' dir='ltr'>quam</span> <span class='ocrx_word' id='word_1_563' title='bbox 1015 3398 1086 3433; x_wconf 89' lang='lat' dir='ltr'>quo</span> <span class='ocrx_word' id='word_1_564' title='bbox 1134 3387 1264 3422; x_wconf 88' lang='lat' dir='ltr'>malam</span> 
     </span>
     <span class='ocr_line' id='line_1_73' title="bbox 182 3433 1264 3479; baseline -0.001 -11"><span class='ocrx_word' id='word_1_565' title='bbox 182 3444 327 3468; x_wconf 87' lang='lat' dir='ltr'>causam</span> <span class='ocrx_word' id='word_1_566' title='bbox 347 3434 483 3469; x_wconf 88' lang='lat' dir='ltr'>habuit.</span> <span class='ocrx_word' id='word_1_567' title='bbox 520 3433 605 3479; x_wconf 90' lang='lat' dir='ltr'>quid</span> <span class='ocrx_word' id='word_1_568' title='bbox 625 3443 719 3478; x_wconf 82' lang='lat' dir='ltr'>erge,</span> <span class='ocrx_word' id='word_1_569' title='bbox 739 3434 768 3467; x_wconf 91' lang='lat' dir='ltr'>si</span> <span class='ocrx_word' id='word_1_570' title='bbox 786 3434 843 3468; x_wconf 92' lang='lat' dir='ltr'>ille</span> <span class='ocrx_word' id='word_1_571' title='bbox 864 3434 1003 3478; x_wconf 88' lang='lat' dir='ltr'>quidem</span> <span class='ocrx_word' id='word_1_572' title='bbox 1024 3436 1149 3468; x_wconf 88' lang='lat' dir='ltr'>contra</span> <span class='ocrx_word' id='word_1_573' title='bbox 1160 3442 1264 3477; x_wconf 90' lang='lat' dir='ltr'>quem</span> 
     </span>
     <span class='ocr_line' id='line_1_74' title="bbox 180 3477 1263 3519; baseline -0.001 -7"><span class='ocrx_word' id='word_1_574' title='bbox 180 3478 373 3514; x_wconf 89' lang='lat' dir='ltr'>iudicatum</span> <span class='ocrx_word' id='word_1_575' title='bbox 397 3483 451 3514; x_wconf 90' lang='lat' dir='ltr'>est</span> <span class='ocrx_word' id='word_1_576' title='bbox 481 3478 528 3514; x_wconf 88' lang='lat' dir='ltr'>ad</span> <span class='ocrx_word' id='word_1_577' title='bbox 557 3478 724 3514; x_wconf 89' lang='lat' dir='ltr'>iudicium</span> <span class='ocrx_word' id='word_1_578' title='bbox 756 3489 826 3512; x_wconf 89' lang='lat' dir='ltr'>non</span> <span class='ocrx_word' id='word_1_579' title='bbox 858 3478 991 3519; x_wconf 85' lang='lat' dir='ltr'>adfuit,</span> <span class='ocrx_word' id='word_1_580' title='bbox 1023 3477 1114 3512; x_wconf 88' lang='lat' dir='ltr'>alius</span> <span class='ocrx_word' id='word_1_581' title='bbox 1146 3481 1263 3512; x_wconf 89' lang='lat' dir='ltr'>autem</span> 
     </span>
     <span class='ocr_line' id='line_1_75' title="bbox 181 3522 1262 3568; baseline -0.001 -11"><span class='ocrx_word' id='word_1_582' title='bbox 181 3522 297 3558; x_wconf 87' lang='lat' dir='ltr'>adfuit</span> <span class='ocrx_word' id='word_1_583' title='bbox 328 3527 363 3559; x_wconf 90' lang='lat' dir='ltr'>et</span> <span class='ocrx_word' id='word_1_584' title='bbox 395 3533 540 3558; x_wconf 87' lang='lat' dir='ltr'>causam</span> <span class='ocrx_word' id='word_1_585' title='bbox 570 3522 659 3568; x_wconf 87' lang='lat' dir='ltr'>egit:</span> <span class='ocrx_word' id='word_1_586' title='bbox 716 3522 776 3557; x_wconf 92' lang='lat' dir='ltr'>uid</span> <span class='ocrx_word' id='word_1_587' title='bbox 808 3522 988 3557; x_wconf 77' lang='lat' dir='ltr'>dicemus?</span> <span class='ocrx_word' id='word_1_588' title='bbox 1022 3526 1063 3557; x_wconf 90' lang='lat' dir='ltr'>ut</span> <span class='ocrx_word' id='word_1_589' title='bbox 1118 3526 1179 3556; x_wconf 91' lang='lat' dir='ltr'>uta</span> <span class='ocrx_word' id='word_1_590' title='bbox 1202 3531 1262 3556; x_wconf 88' lang='lat' dir='ltr'>ac-</span> 
     </span>
     <span class='ocr_line' id='line_1_76' title="bbox 181 3565 1262 3613; baseline -0.001 -12"><span class='ocrx_word' id='word_1_591' title='bbox 181 3574 324 3612; x_wconf 89' lang='lat' dir='ltr'>ceptum</span> <span class='ocrx_word' id='word_1_592' title='bbox 348 3568 491 3613; x_wconf 86' lang='lat' dir='ltr'>quidem</span> <span class='ocrx_word' id='word_1_593' title='bbox 514 3578 595 3604; x_wconf 86' lang='lat' dir='ltr'>cum</span> <span class='ocrx_word' id='word_1_594' title='bbox 617 3578 691 3613; x_wconf 87' lang='lat' dir='ltr'>pup</span> <span class='ocrx_word' id='word_1_595' title='bbox 731 3577 752 3602; x_wconf 92' lang='grc' dir='ltr'>ο</span> <span class='ocrx_word' id='word_1_596' title='bbox 776 3571 893 3601; x_wconf 81' lang='lat' dir='ltr'>tutore</span> <span class='ocrx_word' id='word_1_597' title='bbox 918 3570 1065 3601; x_wconf 90' lang='lat' dir='ltr'>auctore</span> <span class='ocrx_word' id='word_1_598' title='bbox 1095 3567 1153 3601; x_wconf 85' lang='lat' dir='ltr'>&#39;uit</span> <span class='ocrx_word' id='word_1_599' title='bbox 1171 3565 1262 3600; x_wconf 88' lang='lat' dir='ltr'>iudi-</span> 
     </span>
    </p>
   </div>
   <div class='ocr_carea' id='block_1_3' title="bbox 807 3679 1056 3765">
    <p class='ocr_par' dir='ltr' id='par_1_10' title="bbox 807 3679 1056 3765">
     <span class='ocr_line' id='line_1_77' title="bbox 807 3679 1056 3719; baseline -0.004 -6"><span class='ocrx_word' id='word_1_600' title='bbox 807 3683 848 3719; x_wconf 83' lang='lat'>(3)</span> <span class='ocrx_word' id='word_1_601' title='bbox 874 3679 967 3710; x_wconf 88' lang='lat' dir='ltr'>Titio</span> <span class='ocrx_word' id='word_1_602' title='bbox 983 3681 1056 3712; x_wconf 71' lang='lat' dir='ltr'>deu.</span> 
     </span>
     <span class='ocr_line' id='line_1_78' title="bbox 811 3725 1030 3765; baseline -0.023 -6"><span class='ocrx_word' id='word_1_603' title='bbox 811 3729 855 3765; x_wconf 77' lang='grc'>(6)</span> <span class='ocrx_word' id='word_1_604' title='bbox 881 3734 983 3755; x_wconf 86' lang='lat' dir='ltr'>messe</span> <span class='ocrx_word' id='word_1_605' title='bbox 997 3725 1030 3755; x_wconf 87' lang='lat' dir='ltr'><em>F</em></span> 
     </span>
    </p>
   </div>
   <div class='ocr_carea' id='block_1_4' title="bbox 475 3680 733 3764">
    <p class='ocr_par' dir='ltr' id='par_1_11' title="bbox 475 3680 733 3764">
     <span class='ocr_line' id='line_1_79' title="bbox 515 3680 733 3721; baseline -0.014 -7"><span class='ocrx_word' id='word_1_606' title='bbox 515 3683 559 3721; x_wconf 81' lang='lat'>(2)</span> <span class='ocrx_word' id='word_1_607' title='bbox 584 3680 613 3713; x_wconf 77' lang='lat' dir='ltr'>si</span> <span class='ocrx_word' id='word_1_608' title='bbox 626 3693 685 3713; x_wconf 86' lang='lat' dir='ltr'>om.</span> <span class='ocrx_word' id='word_1_609' title='bbox 699 3680 733 3712; x_wconf 86' lang='lat' dir='ltr'><em>F</em></span> 
     </span>
     <span class='ocr_line' id='line_1_80' title="bbox 475 3725 730 3764; baseline -0.008 -5"><span class='ocrx_word' id='word_1_610' title='bbox 475 3728 518 3764; x_wconf 83' lang='lat'>(5)</span> <span class='ocrx_word' id='word_1_611' title='bbox 543 3725 657 3757; x_wconf 79' lang='lat' dir='ltr'>heredi</span> <span class='ocrx_word' id='word_1_612' title='bbox 671 3726 730 3757; x_wconf 72' lang='lat' dir='ltr'>ins.</span> 
     </span>
    </p>
   </div>
   <div class='ocr_carea' id='block_1_5' title="bbox 1138 3681 1264 3722">
    <p class='ocr_par' dir='ltr' id='par_1_12' title="bbox 1138 3681 1264 3722">
     <span class='ocr_line' id='line_1_81' title="bbox 1138 3681 1264 3722; baseline 0.016 -2"><span class='ocrx_word' id='word_1_613' title='bbox 1138 3681 1180 3720; x_wconf 79' lang='lat'>(⁴)</span> <span class='ocrx_word' id='word_1_614' title='bbox 1204 3690 1264 3722; x_wconf 85' lang='lat' dir='ltr'>po-</span> 
     </span>
    </p>
   </div>
   <div class='ocr_carea' id='block_1_6' title="bbox 181 3682 1264 3764">
    <p class='ocr_par' dir='ltr' id='par_1_13' title="bbox 181 3682 1264 3764">
     <span class='ocr_line' id='line_1_82' title="bbox 181 3682 422 3722; baseline 0.004 -8"><span class='ocrx_word' id='word_1_615' title='bbox 181 3682 222 3721; x_wconf 86' lang='lat'>(1)</span> <span class='ocrx_word' id='word_1_616' title='bbox 248 3691 347 3722; x_wconf 86' lang='lat' dir='ltr'>quam</span> <span class='ocrx_word' id='word_1_617' title='bbox 359 3682 422 3715; x_wconf 80' lang='lat' dir='ltr'>del.</span> 
     </span>
     <span class='ocr_line' id='line_1_83' title="bbox 1105 3724 1264 3764; baseline -0.006 -7"><span class='ocrx_word' id='word_1_618' title='bbox 1105 3726 1148 3764; x_wconf 72' lang='grc' dir='ltr'>(Ἴ)</span> <span class='ocrx_word' id='word_1_619' title='bbox 1173 3724 1264 3756; x_wconf 88' lang='lat' dir='ltr'>ideo-</span> 
     </span>
    </p>
   </div>
   <div class='ocr_carea' id='block_1_7' title="bbox 184 3725 381 3758">
    <p class='ocr_par' dir='ltr' id='par_1_14' title="bbox 184 3725 381 3758">
     <span class='ocr_line' id='line_1_84' title="bbox 184 3725 381 3758; baseline 0.01 -2"><span class='ocrx_word' id='word_1_620' title='bbox 184 3725 287 3758; x_wconf 84' lang='lat' dir='ltr'>tuisse</span> <span class='ocrx_word' id='word_1_621' title='bbox 300 3726 381 3758; x_wconf 81' lang='lat' dir='ltr'>Hal.</span> 
     </span>
    </p>
   </div>
   <div class='ocr_carea' id='block_1_8' title="bbox 1260 126 1343 175">
    <p class='ocr_par' dir='ltr' id='par_1_15' title="bbox 1260 126 1343 175">
     <span class='ocr_line' id='line_1_85' title="bbox 1260 126 1343 175; baseline 0.012 -1"><span class='ocrx_word' id='word_1_622' title='bbox 1260 126 1343 175; x_wconf 79' lang='lat'>282</span> 
     </span>
    </p>
   </div>
   <div class='ocr_carea' id='block_1_9' title="bbox 1293 3675 1299 3765">
    <p class='ocr_par' dir='ltr' id='par_1_16' title="bbox 1293 3675 1299 3765">
     <span class='ocr_line' id='line_1_86' title="bbox 1293 3675 1299 3765; baseline 0 0"><span class='ocrx_word' id='word_1_623' title='bbox 1293 3675 1299 3765; x_wconf 95' lang='lat' dir='ltr'> </span> 
     </span>
    </p>
   </div>
   <div class='ocr_carea' id='block_1_10' title="bbox 2017 140 2415 176">
    <p class='ocr_par' dir='ltr' id='par_1_17' title="bbox 2017 140 2415 176">
     <span class='ocr_line' id='line_1_87' title="bbox 2017 140 2415 176; baseline 0.008 -3"><span class='ocrx_word' id='word_1_624' title='bbox 2017 143 2075 173; x_wconf 81' lang='lat' dir='ltr'>DE</span> <span class='ocrx_word' id='word_1_625' title='bbox 2103 140 2415 176; x_wconf 74' lang='lat' dir='ltr'>Evlc&#39;rlomnus</span> 
     </span>
    </p>
   </div>
   <div class='ocr_carea' id='block_1_11' title="bbox 1331 251 2421 3298">
    <p class='ocr_par' dir='ltr' id='par_1_18' title="bbox 1333 251 2417 566">
     <span class='ocr_line' id='line_1_88' title="bbox 1335 251 2414 298; baseline 0.002 -12"><span class='ocrx_word' id='word_1_626' title='bbox 1335 251 1446 292; x_wconf 89' lang='lat' dir='ltr'>cium,</span> <span class='ocrx_word' id='word_1_627' title='bbox 1470 251 1534 286; x_wconf 89' lang='lat' dir='ltr'>sed</span> <span class='ocrx_word' id='word_1_628' title='bbox 1557 252 1705 288; x_wconf 81' lang='lat' dir='ltr'>absente</span> <span class='ocrx_word' id='word_1_629' title='bbox 1727 252 1861 298; x_wconf 89' lang='lat' dir='ltr'>pupillo</span> <span class='ocrx_word' id='word_1_630' title='bbox 1885 256 1982 287; x_wconf 87' lang='lat' dir='ltr'>tutor</span> <span class='ocrx_word' id='word_1_631' title='bbox 2005 262 2150 289; x_wconf 86' lang='lat' dir='ltr'>causam</span> <span class='ocrx_word' id='word_1_632' title='bbox 2175 253 2245 298; x_wconf 88' lang='lat' dir='ltr'>egit</span> <span class='ocrx_word' id='word_1_633' title='bbox 2268 258 2304 288; x_wconf 89' lang='lat' dir='ltr'>et</span> <span class='ocrx_word' id='word_1_634' title='bbox 2325 253 2414 288; x_wconf 89' lang='lat' dir='ltr'>iudi-</span> 
     </span>
     <span class='ocr_line' id='line_1_89' title="bbox 1335 297 2414 347; baseline 0.002 -17"><span class='ocrx_word' id='word_1_635' title='bbox 1335 299 1454 347; x_wconf 68' lang='lat' dir='ltr'>catum</span> <span class='ocrx_word' id='word_1_636' title='bbox 1477 300 1531 347; x_wconf 72' lang='lat' dir='ltr'>est</span> <span class='ocrx_word' id='word_1_637' title='bbox 1554 301 1679 332; x_wconf 91' lang='lat' dir='ltr'>contra</span> <span class='ocrx_word' id='word_1_638' title='bbox 1701 301 1874 333; x_wconf 80' lang='lat' dir='ltr'>tutorem:</span> <span class='ocrx_word' id='word_1_639' title='bbox 1905 307 2016 342; x_wconf 87' lang='lat' dir='ltr'>quare</span> <span class='ocrx_word' id='word_1_640' title='bbox 2046 307 2116 332; x_wconf 91' lang='lat' dir='ltr'>non</span> <span class='ocrx_word' id='word_1_641' title='bbox 2140 297 2295 333; x_wconf 85' lang='lat' dir='ltr'>dicemus</span> <span class='ocrx_word' id='word_1_642' title='bbox 2319 308 2414 332; x_wconf 93' lang='lat' dir='ltr'>com-</span> 
     </span>
     <span class='ocr_line' id='line_1_90' title="bbox 1333 341 2416 387; baseline 0.002 -12"><span class='ocrx_word' id='word_1_643' title='bbox 1333 344 1425 375; x_wconf 77' lang='lat' dir='ltr'>mitti</span> <span class='ocrx_word' id='word_1_644' title='bbox 1442 341 1730 386; x_wconf 77' lang='lat' dir='ltr'>stipulationem?</span> <span class='ocrx_word' id='word_1_645' title='bbox 1761 342 1889 377; x_wconf 86' lang='lat' dir='ltr'>etenim</span> <span class='ocrx_word' id='word_1_646' title='bbox 1906 346 2023 377; x_wconf 88' lang='lat' dir='ltr'>actam</span> <span class='ocrx_word' id='word_1_647' title='bbox 2045 352 2123 377; x_wconf 86' lang='lat' dir='ltr'>esse</span> <span class='ocrx_word' id='word_1_648' title='bbox 2141 352 2288 378; x_wconf 86' lang='lat' dir='ltr'>causam</span> <span class='ocrx_word' id='word_1_649' title='bbox 2298 342 2416 387; x_wconf 86' lang='lat' dir='ltr'>palam</span> 
     </span>
     <span class='ocr_line' id='line_1_91' title="bbox 1335 386 2417 431; baseline 0.002 -11"><span class='ocrx_word' id='word_1_650' title='bbox 1335 388 1400 420; x_wconf 87' lang='lat' dir='ltr'>est.</span> <span class='ocrx_word' id='word_1_651' title='bbox 1436 388 1473 420; x_wconf 90' lang='lat' dir='ltr'>et</span> <span class='ocrx_word' id='word_1_652' title='bbox 1495 386 1582 420; x_wconf 90' lang='lat' dir='ltr'>satis</span> <span class='ocrx_word' id='word_1_653' title='bbox 1606 390 1660 421; x_wconf 89' lang='lat' dir='ltr'>est</span> <span class='ocrx_word' id='word_1_654' title='bbox 1691 386 1737 421; x_wconf 89' lang='lat' dir='ltr'>ab</span> <span class='ocrx_word' id='word_1_655' title='bbox 1769 395 1811 422; x_wconf 91' lang='lat' dir='ltr'>eo</span> <span class='ocrx_word' id='word_1_656' title='bbox 1843 386 1901 422; x_wconf 90' lang='lat' dir='ltr'>cui</span> <span class='ocrx_word' id='word_1_657' title='bbox 1930 387 1986 421; x_wconf 90' lang='lat' dir='ltr'>ius</span> <span class='ocrx_word' id='word_1_658' title='bbox 2017 386 2143 431; x_wconf 88' lang='lat' dir='ltr'>agendi</span> <span class='ocrx_word' id='word_1_659' title='bbox 2172 386 2242 422; x_wconf 84' lang='lat' dir='ltr'>fuit</span> <span class='ocrx_word' id='word_1_660' title='bbox 2271 397 2417 422; x_wconf 85' lang='lat' dir='ltr'>causam</span> 
     </span>
     <span class='ocr_line' id='line_1_92' title="bbox 1338 430 2415 467; baseline 0.003 -4"><span class='ocrx_word' id='word_1_661' title='bbox 1338 432 1351 463; x_wconf 93' lang='lat'>1</span> <span class='ocrx_word' id='word_1_662' title='bbox 1403 439 1480 465; x_wconf 89' lang='lat' dir='ltr'>esse</span> <span class='ocrx_word' id='word_1_663' title='bbox 1514 434 1642 465; x_wconf 90' lang='lat' dir='ltr'>actam.</span> <span class='ocrx_word' id='word_1_664' title='bbox 1700 430 1884 466; x_wconf 87' lang='lat' dir='ltr'>Praesenti</span> <span class='ocrx_word' id='word_1_665' title='bbox 1925 435 2043 466; x_wconf 87' lang='lat' dir='ltr'>autem</span> <span class='ocrx_word' id='word_1_666' title='bbox 2074 431 2248 467; x_wconf 88' lang='lat' dir='ltr'>venditori</span> <span class='ocrx_word' id='word_1_667' title='bbox 2281 431 2415 467; x_wconf 87' lang='lat' dir='ltr'>denun-</span> 
     </span>
     <span class='ocr_line' id='line_1_93' title="bbox 1334 474 2417 521; baseline 0.003 -13"><span class='ocrx_word' id='word_1_668' title='bbox 1334 474 1494 509; x_wconf 91' lang='lat' dir='ltr'>tiandum</span> <span class='ocrx_word' id='word_1_669' title='bbox 1518 479 1589 510; x_wconf 90' lang='lat' dir='ltr'>est:</span> <span class='ocrx_word' id='word_1_670' title='bbox 1615 476 1688 511; x_wconf 89' lang='lat' dir='ltr'>sive</span> <span class='ocrx_word' id='word_1_671' title='bbox 1707 479 1826 510; x_wconf 90' lang='lat' dir='ltr'>autem</span> <span class='ocrx_word' id='word_1_672' title='bbox 1841 476 1945 518; x_wconf 85' lang='lat' dir='ltr'>absit,</span> <span class='ocrx_word' id='word_1_673' title='bbox 1967 476 2040 512; x_wconf 82' lang='lat' dir='ltr'>sive</span> <span class='ocrx_word' id='word_1_674' title='bbox 2055 486 2223 521; x_wconf 88' lang='lat' dir='ltr'>praesens</span> <span class='ocrx_word' id='word_1_675' title='bbox 2240 476 2287 511; x_wconf 86' lang='lat' dir='ltr'>sit</span> <span class='ocrx_word' id='word_1_676' title='bbox 2302 480 2338 511; x_wconf 90' lang='lat' dir='ltr'>et</span> <span class='ocrx_word' id='word_1_677' title='bbox 2353 487 2417 521; x_wconf 91' lang='lat' dir='ltr'>per</span> 
     </span>
     <span class='ocr_line' id='line_1_94' title="bbox 1335 518 2415 566; baseline 0.003 -13"><span class='ocrx_word' id='word_1_678' title='bbox 1335 529 1414 554; x_wconf 93' lang='lat' dir='ltr'>eum</span> <span class='ocrx_word' id='word_1_679' title='bbox 1425 518 1489 554; x_wconf 90' lang='lat' dir='ltr'>fiat</span> <span class='ocrx_word' id='word_1_680' title='bbox 1500 530 1570 564; x_wconf 90' lang='lat' dir='ltr'>quo</span> <span class='ocrx_word' id='word_1_681' title='bbox 1583 520 1698 555; x_wconf 89' lang='lat' dir='ltr'>minus</span> <span class='ocrx_word' id='word_1_682' title='bbox 1710 520 1946 563; x_wconf 86' lang='lat' dir='ltr'>denuntietur,</span> <span class='ocrx_word' id='word_1_683' title='bbox 1966 520 2204 556; x_wconf 53' lang='lat' dir='ltr'>conruittetur</span> <span class='ocrx_word' id='word_1_684' title='bbox 2223 521 2415 566; x_wconf 84' lang='lat' dir='ltr'>stipulatio.</span> 
     </span>
    </p>

    <p class='ocr_par' dir='ltr' id='par_1_19' title="bbox 1333 561 2420 1631">
     <span class='ocr_line' id='line_1_95' title="bbox 1380 561 2416 601; baseline 0.001 -1"><span class='ocrx_word' id='word_1_685' title='bbox 1380 561 1434 601; x_wconf 86' lang='lat'>56</span> <span class='ocrx_word' id='word_1_686' title='bbox 1459 563 1618 600; x_wconf 58' lang='lat' dir='ltr'>Panos</span> <span class='ocrx_word' id='word_1_687' title='bbox 1638 565 1728 600; x_wconf 81' lang='lat' dir='ltr'>libro</span> <span class='ocrx_word' id='word_1_688' title='bbox 1751 565 1907 600; x_wconf 76' lang='lat' dir='ltr'>secundo</span> <span class='ocrx_word' id='word_1_689' title='bbox 1928 565 1979 600; x_wconf 83' lang='lat' dir='ltr'>ad</span> <span class='ocrx_word' id='word_1_690' title='bbox 1995 567 2148 601; x_wconf 76' lang='lat' dir='ltr'>edictum</span> <span class='ocrx_word' id='word_1_691' title='bbox 2167 565 2336 601; x_wconf 77' lang='lat' dir='ltr'>aedilium</span> <span class='ocrx_word' id='word_1_692' title='bbox 2357 577 2416 601; x_wconf 82' lang='lat' dir='ltr'>cu-</span> 
     </span>
     <span class='ocr_line' id='line_1_96' title="bbox 1333 608 2416 662; baseline 0.003 -19"><span class='ocrx_word' id='word_1_693' title='bbox 1333 608 1467 660; x_wconf 57' lang='lat' dir='ltr'>ralium</span> <span class='ocrx_word' id='word_1_694' title='bbox 1514 608 1551 644; x_wconf 92' lang='lat' dir='ltr'>Si</span> <span class='ocrx_word' id='word_1_695' title='bbox 1575 609 1712 645; x_wconf 91' lang='lat' dir='ltr'>dictum</span> <span class='ocrx_word' id='word_1_696' title='bbox 1733 609 1842 645; x_wconf 83' lang='lat' dir='ltr'>fuerit</span> <span class='ocrx_word' id='word_1_697' title='bbox 1871 609 2073 652; x_wconf 89' lang='lat' dir='ltr'>vendendo,</span> <span class='ocrx_word' id='word_1_698' title='bbox 2108 615 2148 645; x_wconf 89' lang='lat' dir='ltr'>ut</span> <span class='ocrx_word' id='word_1_699' title='bbox 2178 610 2304 662; x_wconf 87' lang='lat' dir='ltr'>simpla</span> <span class='ocrx_word' id='word_1_700' title='bbox 2334 621 2416 655; x_wconf 91' lang='lat' dir='ltr'>pro-</span> 
     </span>
     <span class='ocr_line' id='line_1_97' title="bbox 1335 654 2417 700; baseline 0.003 -13"><span class='ocrx_word' id='word_1_701' title='bbox 1335 657 1517 696; x_wconf 77' lang='lat' dir='ltr'>mittatur,</span> <span class='ocrx_word' id='word_1_702' title='bbox 1549 655 1604 689; x_wconf 91' lang='lat' dir='ltr'>vel</span> <span class='ocrx_word' id='word_1_703' title='bbox 1627 654 1771 699; x_wconf 90' lang='lat' dir='ltr'>triplum</span> <span class='ocrx_word' id='word_1_704' title='bbox 1795 659 1859 689; x_wconf 92' lang='lat' dir='ltr'>aut</span> <span class='ocrx_word' id='word_1_705' title='bbox 1881 654 2118 699; x_wconf 87' lang='lat' dir='ltr'>quadruplum</span> <span class='ocrx_word' id='word_1_706' title='bbox 2141 659 2417 700; x_wconf 76' lang='lat' dir='ltr'>promitteretur,</span> 
     </span>
     <span class='ocr_line' id='line_1_98' title="bbox 1335 699 2417 744; baseline 0.002 -12"><span class='ocrx_word' id='word_1_707' title='bbox 1335 708 1379 732; x_wconf 88' lang='lat' dir='ltr'>ex</span> <span class='ocrx_word' id='word_1_708' title='bbox 1410 702 1526 742; x_wconf 87' lang='lat' dir='ltr'>empto</span> <span class='ocrx_word' id='word_1_709' title='bbox 1557 704 1732 744; x_wconf 87' lang='lat' dir='ltr'>perpetua</span> <span class='ocrx_word' id='word_1_710' title='bbox 1763 699 1904 734; x_wconf 90' lang='lat' dir='ltr'>actione</span> <span class='ocrx_word' id='word_1_711' title='bbox 1935 699 1991 744; x_wconf 84' lang='lat' dir='ltr'>agi</span> <span class='ocrx_word' id='word_1_712' title='bbox 2015 699 2155 744; x_wconf 89' lang='lat' dir='ltr'>poterit.</span> <span class='ocrx_word' id='word_1_713' title='bbox 2191 710 2264 735; x_wconf 88' lang='lat' dir='ltr'>non</span> <span class='ocrx_word' id='word_1_714' title='bbox 2286 703 2417 742; x_wconf 85' lang='lat' dir='ltr'>tamen,</span> 
     </span>
     <span class='ocr_line' id='line_1_99' title="bbox 1335 743 2418 790; baseline 0.002 -13"><span class='ocrx_word' id='word_1_715' title='bbox 1335 746 1376 777; x_wconf 91' lang='lat' dir='ltr'>ut</span> <span class='ocrx_word' id='word_1_716' title='bbox 1398 743 1523 787; x_wconf 83' lang='lat' dir='ltr'>vulgus</span> <span class='ocrx_word' id='word_1_717' title='bbox 1547 744 1725 788; x_wconf 88' lang='lat' dir='ltr'>opinatur,</span> <span class='ocrx_word' id='word_1_718' title='bbox 1750 745 1855 779; x_wconf 88' lang='lat' dir='ltr'>etiam</span> <span class='ocrx_word' id='word_1_719' title='bbox 1875 744 2050 779; x_wconf 87' lang='lat' dir='ltr'>satisdare</span> <span class='ocrx_word' id='word_1_720' title='bbox 2070 743 2176 779; x_wconf 87' lang='lat' dir='ltr'>debet</span> <span class='ocrx_word' id='word_1_721' title='bbox 2191 744 2252 789; x_wconf 88' lang='lat' dir='ltr'>qui</span> <span class='ocrx_word' id='word_1_722' title='bbox 2273 744 2418 790; x_wconf 87' lang='lat' dir='ltr'>duplam</span> 
     </span>
     <span class='ocr_line' id='line_1_100' title="bbox 1335 787 2419 833; baseline 0.002 -11"><span class='ocrx_word' id='word_1_723' title='bbox 1335 787 1529 832; x_wconf 86' lang='lat' dir='ltr'>promittit,</span> <span class='ocrx_word' id='word_1_724' title='bbox 1562 788 1625 823; x_wconf 90' lang='lat' dir='ltr'>sed</span> <span class='ocrx_word' id='word_1_725' title='bbox 1656 788 1789 824; x_wconf 85' lang='lat' dir='ltr'>sufficit</span> <span class='ocrx_word' id='word_1_726' title='bbox 1818 788 1916 823; x_wconf 91' lang='lat' dir='ltr'>nuda</span> <span class='ocrx_word' id='word_1_727' title='bbox 1946 789 2191 833; x_wconf 87' lang='lat' dir='ltr'>repromissio,</span> <span class='ocrx_word' id='word_1_728' title='bbox 2223 789 2291 824; x_wconf 89' lang='lat' dir='ltr'>nisi</span> <span class='ocrx_word' id='word_1_729' title='bbox 2321 789 2419 824; x_wconf 89' lang='lat' dir='ltr'>aliud</span> 
     </span>
     <span class='ocr_line' id='line_1_101' title="bbox 1338 832 2419 878; baseline 0.002 -11"><span class='ocrx_word' id='word_1_730' title='bbox 1338 836 1353 866; x_wconf 88' lang='lat'>1</span> <span class='ocrx_word' id='word_1_731' title='bbox 1403 833 1616 868; x_wconf 89' lang='lat' dir='ltr'>convenerit.</span> <span class='ocrx_word' id='word_1_732' title='bbox 1663 832 1702 868; x_wconf 90' lang='lat' dir='ltr'>Si</span> <span class='ocrx_word' id='word_1_733' title='bbox 1733 833 2006 878; x_wconf 88' lang='lat' dir='ltr'>compromisero</span> <span class='ocrx_word' id='word_1_734' title='bbox 2038 836 2073 868; x_wconf 87' lang='lat' dir='ltr'>et</span> <span class='ocrx_word' id='word_1_735' title='bbox 2105 838 2231 869; x_wconf 90' lang='lat' dir='ltr'>contra</span> <span class='ocrx_word' id='word_1_736' title='bbox 2253 844 2310 869; x_wconf 90' lang='lat' dir='ltr'>me</span> <span class='ocrx_word' id='word_1_737' title='bbox 2333 834 2419 869; x_wconf 87' lang='lat' dir='ltr'>data</span> 
     </span>
     <span class='ocr_line' id='line_1_102' title="bbox 1334 876 2420 920; baseline 0.002 -8"><span class='ocrx_word' id='word_1_738' title='bbox 1334 876 1442 912; x_wconf 90' lang='lat' dir='ltr'>fuerit</span> <span class='ocrx_word' id='word_1_739' title='bbox 1465 878 1660 920; x_wconf 88' lang='lat' dir='ltr'>sententia,</span> <span class='ocrx_word' id='word_1_740' title='bbox 1691 878 1790 913; x_wconf 88' lang='lat' dir='ltr'>nulla</span> <span class='ocrx_word' id='word_1_741' title='bbox 1812 878 1897 912; x_wconf 90' lang='lat' dir='ltr'>mihi</span> <span class='ocrx_word' id='word_1_742' title='bbox 1921 878 2015 913; x_wconf 89' lang='lat' dir='ltr'>actio</span> <span class='ocrx_word' id='word_1_743' title='bbox 2039 877 2083 913; x_wconf 91' lang='lat' dir='ltr'>de</span> <span class='ocrx_word' id='word_1_744' title='bbox 2107 878 2277 914; x_wconf 90' lang='lat' dir='ltr'>evictione</span> <span class='ocrx_word' id='word_1_745' title='bbox 2301 877 2420 914; x_wconf 82' lang='lat' dir='ltr'>danda</span> 
     </span>
     <span class='ocr_line' id='line_1_103' title="bbox 1336 922 2417 959; baseline 0.002 -2"><span class='ocrx_word' id='word_1_746' title='bbox 1336 925 1391 957; x_wconf 89' lang='lat' dir='ltr'>est</span> <span class='ocrx_word' id='word_1_747' title='bbox 1413 922 1583 958; x_wconf 88' lang='lat' dir='ltr'>adversus</span> <span class='ocrx_word' id='word_1_748' title='bbox 1606 922 1840 958; x_wconf 87' lang='lat' dir='ltr'>venditorem:</span> <span class='ocrx_word' id='word_1_749' title='bbox 1875 923 1974 957; x_wconf 91' lang='lat' dir='ltr'>nulla</span> <span class='ocrx_word' id='word_1_750' title='bbox 2006 922 2098 958; x_wconf 89' lang='lat' dir='ltr'>enim</span> <span class='ocrx_word' id='word_1_751' title='bbox 2121 923 2334 959; x_wconf 87' lang='lat' dir='ltr'>necessitate</span> <span class='ocrx_word' id='word_1_752' title='bbox 2358 934 2417 959; x_wconf 91' lang='lat' dir='ltr'>co-</span> 
     </span>
     <span class='ocr_line' id='line_1_104' title="bbox 1337 967 2417 1012; baseline 0.002 -10"><span class='ocrx_word' id='word_1_753' title='bbox 1337 970 1356 1002; x_wconf 84' lang='lat'><strong>2</strong></span> <span class='ocrx_word' id='word_1_754' title='bbox 1427 971 1506 1002; x_wconf 92' lang='lat' dir='ltr'>ente</span> <span class='ocrx_word' id='word_1_755' title='bbox 1529 967 1567 1002; x_wconf 91' lang='lat' dir='ltr'>id</span> <span class='ocrx_word' id='word_1_756' title='bbox 1589 967 1670 1003; x_wconf 86' lang='lat' dir='ltr'>feci.</span> <span class='ocrx_word' id='word_1_757' title='bbox 1716 967 1758 1002; x_wconf 89' lang='lat' dir='ltr'>In</span> <span class='ocrx_word' id='word_1_758' title='bbox 1789 967 2016 1012; x_wconf 89' lang='lat' dir='ltr'>stipulatione</span> <span class='ocrx_word' id='word_1_759' title='bbox 2047 967 2176 1012; x_wconf 90' lang='lat' dir='ltr'>duplae</span> <span class='ocrx_word' id='word_1_760' title='bbox 2209 979 2289 1003; x_wconf 94' lang='lat' dir='ltr'>cum</span> <span class='ocrx_word' id='word_1_761' title='bbox 2311 968 2417 1004; x_wconf 89' lang='lat' dir='ltr'>homo</span> 
     </span>
     <span class='ocr_line' id='line_1_105' title="bbox 1335 978 2417 1063; baseline 0.002 -17"><span class='ocrx_word' id='word_1_762' title='bbox 1335 978 1498 1047; x_wconf 45' lang='lat' dir='ltr'>venditur</span> <span class='ocrx_word' id='word_1_763' title='bbox 1519 1012 1632 1063; x_wconf 86' lang='lat' dir='ltr'>partis</span> <span class='ocrx_word' id='word_1_764' title='bbox 1655 1011 1806 1047; x_wconf 89' lang='lat' dir='ltr'>adiectio</span> <span class='ocrx_word' id='word_1_765' title='bbox 1831 1012 2031 1047; x_wconf 88' lang='lat' dir='ltr'>necessaria</span> <span class='ocrx_word' id='word_1_766' title='bbox 2054 1018 2127 1054; x_wconf 86' lang='lat' dir='ltr'>est,</span> <span class='ocrx_word' id='word_1_767' title='bbox 2152 1013 2236 1058; x_wconf 90' lang='lat' dir='ltr'>quia</span> <span class='ocrx_word' id='word_1_768' title='bbox 2258 1023 2330 1048; x_wconf 91' lang='lat' dir='ltr'>non</span> <span class='ocrx_word' id='word_1_769' title='bbox 2353 1023 2417 1058; x_wconf 88' lang='lat' dir='ltr'>po·</span> 
     </span>
     <span class='ocr_line' id='line_1_106' title="bbox 1334 1056 2417 1102; baseline 0.003 -12"><span class='ocrx_word' id='word_1_770' title='bbox 1334 1059 1406 1091; x_wconf 90' lang='lat' dir='ltr'>test</span> <span class='ocrx_word' id='word_1_771' title='bbox 1427 1056 1537 1092; x_wconf 86' lang='lat' dir='ltr'>viden</span> <span class='ocrx_word' id='word_1_772' title='bbox 1560 1057 1665 1092; x_wconf 91' lang='lat' dir='ltr'>homo</span> <span class='ocrx_word' id='word_1_773' title='bbox 1690 1057 1843 1099; x_wconf 90' lang='lat' dir='ltr'>evictus,</span> <span class='ocrx_word' id='word_1_774' title='bbox 1876 1067 1957 1092; x_wconf 90' lang='lat' dir='ltr'>cum</span> <span class='ocrx_word' id='word_1_775' title='bbox 1986 1067 2071 1102; x_wconf 88' lang='lat' dir='ltr'>pars</span> <span class='ocrx_word' id='word_1_776' title='bbox 2103 1057 2178 1092; x_wconf 86' lang='lat' dir='ltr'>eius</span> <span class='ocrx_word' id='word_1_777' title='bbox 2209 1058 2323 1093; x_wconf 87' lang='lat' dir='ltr'>evicta</span> <span class='ocrx_word' id='word_1_778' title='bbox 2354 1062 2417 1093; x_wconf 87' lang='lat' dir='ltr'>est.</span> 
     </span>
     <span class='ocr_line' id='line_1_107' title="bbox 1337 1100 2417 1148; baseline 0.002 -12"><span class='ocrx_word' id='word_1_779' title='bbox 1337 1103 1356 1135; x_wconf 86' lang='lat'><strong>3</strong></span> <span class='ocrx_word' id='word_1_780' title='bbox 1404 1100 1459 1143; x_wconf 92' lang='lat' dir='ltr'>Si,</span> <span class='ocrx_word' id='word_1_781' title='bbox 1492 1112 1573 1137; x_wconf 91' lang='lat' dir='ltr'>cum</span> <span class='ocrx_word' id='word_1_782' title='bbox 1604 1101 1716 1147; x_wconf 86' lang='lat' dir='ltr'>possit</span> <span class='ocrx_word' id='word_1_783' title='bbox 1750 1113 1819 1137; x_wconf 90' lang='lat' dir='ltr'>usu</span> <span class='ocrx_word' id='word_1_784' title='bbox 1854 1111 1981 1147; x_wconf 88' lang='lat' dir='ltr'>capere</span> <span class='ocrx_word' id='word_1_785' title='bbox 2015 1112 2070 1137; x_wconf 91' lang='lat' dir='ltr'>em</span> <span class='ocrx_word' id='word_1_786' title='bbox 2095 1105 2171 1145; x_wconf 90' lang='lat' dir='ltr'>tor,</span> <span class='ocrx_word' id='word_1_787' title='bbox 2206 1113 2278 1138; x_wconf 91' lang='lat' dir='ltr'>non</span> <span class='ocrx_word' id='word_1_788' title='bbox 2313 1103 2417 1148; x_wconf 89' lang='lat' dir='ltr'>cepit,</span> 
     </span>
     <span class='ocr_line' id='line_1_108' title="bbox 1337 1145 2420 1191; baseline 0.003 -11"><span class='ocrx_word' id='word_1_789' title='bbox 1337 1145 1443 1191; x_wconf 86' lang='lat' dir='ltr'>culpa</span> <span class='ocrx_word' id='word_1_790' title='bbox 1466 1156 1532 1181; x_wconf 90' lang='lat' dir='ltr'>sua</span> <span class='ocrx_word' id='word_1_791' title='bbox 1562 1147 1632 1182; x_wconf 89' lang='lat' dir='ltr'>hoc</span> <span class='ocrx_word' id='word_1_792' title='bbox 1662 1145 1792 1182; x_wconf 88' lang='lat' dir='ltr'>fecisse</span> <span class='ocrx_word' id='word_1_793' title='bbox 1822 1146 1977 1181; x_wconf 88' lang='lat' dir='ltr'>videtur:</span> <span class='ocrx_word' id='word_1_794' title='bbox 2009 1158 2058 1182; x_wconf 93' lang='lat' dir='ltr'>un</span> <span class='ocrx_word' id='word_1_795' title='bbox 2085 1157 2104 1182; x_wconf 90' lang='lat' dir='ltr'>e</span> <span class='ocrx_word' id='word_1_796' title='bbox 2135 1147 2166 1182; x_wconf 90' lang='lat' dir='ltr'>si</span> <span class='ocrx_word' id='word_1_797' title='bbox 2198 1147 2331 1183; x_wconf 91' lang='lat' dir='ltr'>evictus</span> <span class='ocrx_word' id='word_1_798' title='bbox 2364 1152 2420 1183; x_wconf 91' lang='lat' dir='ltr'>est</span> 
     </span>
     <span class='ocr_line' id='line_1_109' title="bbox 1336 1191 2418 1237; baseline 0.002 -11"><span class='ocrx_word' id='word_1_799' title='bbox 1336 1193 1357 1226; x_wconf 91' lang='lat'>4</span> <span class='ocrx_word' id='word_1_800' title='bbox 1404 1200 1543 1234; x_wconf 90' lang='lat' dir='ltr'>servus,</span> <span class='ocrx_word' id='word_1_801' title='bbox 1574 1202 1647 1227; x_wconf 87' lang='lat' dir='ltr'>non</span> <span class='ocrx_word' id='word_1_802' title='bbox 1669 1196 1810 1227; x_wconf 89' lang='lat' dir='ltr'>tenetur</span> <span class='ocrx_word' id='word_1_803' title='bbox 1832 1191 2003 1227; x_wconf 90' lang='lat' dir='ltr'>venditor.</span> <span class='ocrx_word' id='word_1_804' title='bbox 2051 1191 2091 1227; x_wconf 92' lang='lat' dir='ltr'>Si</span> <span class='ocrx_word' id='word_1_805' title='bbox 2119 1196 2306 1237; x_wconf 89' lang='lat' dir='ltr'>praesente</span> <span class='ocrx_word' id='word_1_806' title='bbox 2334 1203 2418 1237; x_wconf 88' lang='lat' dir='ltr'>pro-</span> 
     </span>
     <span class='ocr_line' id='line_1_110' title="bbox 1336 1235 2420 1281; baseline 0.002 -10"><span class='ocrx_word' id='word_1_807' title='bbox 1336 1235 1483 1271; x_wconf 86' lang='lat' dir='ltr'>missore</span> <span class='ocrx_word' id='word_1_808' title='bbox 1514 1236 1575 1281; x_wconf 90' lang='lat' dir='ltr'>qui</span> <span class='ocrx_word' id='word_1_809' title='bbox 1605 1236 1649 1271; x_wconf 91' lang='lat' dir='ltr'>de</span> <span class='ocrx_word' id='word_1_810' title='bbox 1680 1237 1851 1272; x_wconf 90' lang='lat' dir='ltr'>evictione</span> <span class='ocrx_word' id='word_1_811' title='bbox 1881 1236 2042 1281; x_wconf 88' lang='lat' dir='ltr'>promisit</span> <span class='ocrx_word' id='word_1_812' title='bbox 2073 1239 2109 1272; x_wconf 90' lang='lat' dir='ltr'>et</span> <span class='ocrx_word' id='word_1_813' title='bbox 2139 1247 2211 1272; x_wconf 92' lang='lat' dir='ltr'>non</span> <span class='ocrx_word' id='word_1_814' title='bbox 2235 1237 2244 1245; x_wconf 75' lang='lat'><em>⁶</em></span> <span class='ocrx_word' id='word_1_815' title='bbox 2294 1241 2420 1273; x_wconf 86' lang='lat' dir='ltr'>orante</span> 
     </span>
     <span class='ocr_line' id='line_1_111' title="bbox 1336 1281 2418 1326; baseline 0.003 -11"><span class='ocrx_word' id='word_1_816' title='bbox 1336 1281 1560 1325; x_wconf 87' lang='lat' dir='ltr'>procuratori</span> <span class='ocrx_word' id='word_1_817' title='bbox 1593 1281 1838 1316; x_wconf 88' lang='lat' dir='ltr'>denuntiatum</span> <span class='ocrx_word' id='word_1_818' title='bbox 1873 1282 1936 1323; x_wconf 88' lang='lat' dir='ltr'>sit,</span> <span class='ocrx_word' id='word_1_819' title='bbox 1980 1281 2174 1326; x_wconf 86' lang='lat' dir='ltr'>promissor</span> <span class='ocrx_word' id='word_1_820' title='bbox 2237 1282 2245 1289; x_wconf 85' lang='lat'>&#39;</span> <span class='ocrx_word' id='word_1_821' title='bbox 2272 1282 2319 1318; x_wconf 91' lang='lat' dir='ltr'>ilo</span> <span class='ocrx_word' id='word_1_822' title='bbox 2354 1282 2418 1317; x_wconf 90' lang='lat' dir='ltr'>mi-</span> 
     </span>
     <span class='ocr_line' id='line_1_112' title="bbox 1337 1326 2418 1372; baseline 0.002 -12"><span class='ocrx_word' id='word_1_823' title='bbox 1337 1329 1356 1360; x_wconf 86' lang='lat'>5</span> <span class='ocrx_word' id='word_1_824' title='bbox 1403 1335 1471 1360; x_wconf 90' lang='lat' dir='ltr'>nus</span> <span class='ocrx_word' id='word_1_825' title='bbox 1509 1330 1660 1361; x_wconf 89' lang='lat' dir='ltr'>tenetur.</span> <span class='ocrx_word' id='word_1_826' title='bbox 1709 1326 1819 1361; x_wconf 89' lang='lat' dir='ltr'>Simili</span> <span class='ocrx_word' id='word_1_827' title='bbox 1848 1326 1952 1361; x_wconf 92' lang='lat' dir='ltr'>modo</span> <span class='ocrx_word' id='word_1_828' title='bbox 1982 1331 2124 1362; x_wconf 89' lang='lat' dir='ltr'>tenetur</span> <span class='ocrx_word' id='word_1_829' title='bbox 2155 1330 2191 1362; x_wconf 90' lang='lat' dir='ltr'>et</span> <span class='ocrx_word' id='word_1_830' title='bbox 2220 1327 2281 1372; x_wconf 89' lang='lat' dir='ltr'>qui</span> <span class='ocrx_word' id='word_1_831' title='bbox 2315 1337 2418 1363; x_wconf 88' lang='lat' dir='ltr'>cura-</span> 
     </span>
     <span class='ocr_line' id='line_1_113' title="bbox 1337 1370 2418 1416; baseline 0.002 -11"><span class='ocrx_word' id='word_1_832' title='bbox 1337 1372 1357 1404; x_wconf 89' lang='grc'><strong>6</strong></span> <span class='ocrx_word' id='word_1_833' title='bbox 1402 1370 1462 1413; x_wconf 90' lang='lat' dir='ltr'>vit,</span> <span class='ocrx_word' id='word_1_834' title='bbox 1486 1381 1531 1405; x_wconf 91' lang='lat' dir='ltr'>ne</span> <span class='ocrx_word' id='word_1_835' title='bbox 1554 1371 1622 1406; x_wconf 88' lang='lat' dir='ltr'>sibi</span> <span class='ocrx_word' id='word_1_836' title='bbox 1645 1371 1846 1406; x_wconf 88' lang='lat' dir='ltr'>denuntiari</span> <span class='ocrx_word' id='word_1_837' title='bbox 1866 1371 1988 1416; x_wconf 89' lang='lat' dir='ltr'>possit.</span> <span class='ocrx_word' id='word_1_838' title='bbox 2036 1371 2106 1406; x_wconf 91' lang='lat' dir='ltr'>Sed</span> <span class='ocrx_word' id='word_1_839' title='bbox 2126 1374 2162 1406; x_wconf 90' lang='lat' dir='ltr'>et</span> <span class='ocrx_word' id='word_1_840' title='bbox 2180 1371 2210 1407; x_wconf 91' lang='lat' dir='ltr'>si</span> <span class='ocrx_word' id='word_1_841' title='bbox 2230 1371 2317 1407; x_wconf 90' lang='lat' dir='ltr'>nihil</span> <span class='ocrx_word' id='word_1_842' title='bbox 2334 1382 2418 1407; x_wconf 90' lang='lat' dir='ltr'>ven-</span> 
     </span>
     <span class='ocr_line' id='line_1_114' title="bbox 1336 1414 2418 1469; baseline 0.002 -19"><span class='ocrx_word' id='word_1_843' title='bbox 1336 1414 1450 1451; x_wconf 89' lang='lat' dir='ltr'>ditore</span> <span class='ocrx_word' id='word_1_844' title='bbox 1480 1415 1635 1452; x_wconf 89' lang='lat' dir='ltr'>faciente</span> <span class='ocrx_word' id='word_1_845' title='bbox 1659 1420 1796 1461; x_wconf 88' lang='lat' dir='ltr'>emptor</span> <span class='ocrx_word' id='word_1_846' title='bbox 1819 1426 2032 1461; x_wconf 87' lang='lat' dir='ltr'>cognoscere</span> <span class='ocrx_word' id='word_1_847' title='bbox 2055 1415 2118 1451; x_wconf 93' lang='lat' dir='ltr'>ubi</span> <span class='ocrx_word' id='word_1_848' title='bbox 2141 1419 2236 1451; x_wconf 87' lang='lat' dir='ltr'>esset</span> <span class='ocrx_word' id='word_1_849' title='bbox 2258 1427 2331 1452; x_wconf 91' lang='lat' dir='ltr'>non</span> <span class='ocrx_word' id='word_1_850' title='bbox 2352 1427 2418 1469; x_wconf 84' lang='lat' dir='ltr'>po-</span> 
     </span>
     <span class='ocr_line' id='line_1_115' title="bbox 1337 1460 2418 1507; baseline 0.003 -13"><span class='ocrx_word' id='word_1_851' title='bbox 1337 1462 1355 1494; x_wconf 84' lang='lat'><strong>7</strong></span> <span class='ocrx_word' id='word_1_852' title='bbox 1402 1460 1489 1503; x_wconf 88' lang='lat' dir='ltr'>tuit,</span> <span class='ocrx_word' id='word_1_853' title='bbox 1513 1461 1622 1497; x_wconf 92' lang='lat' dir='ltr'>nihilo</span> <span class='ocrx_word' id='word_1_854' title='bbox 1646 1461 1761 1496; x_wconf 92' lang='lat' dir='ltr'>minus</span> <span class='ocrx_word' id='word_1_855' title='bbox 1786 1460 2016 1496; x_wconf 90' lang='lat' dir='ltr'>committitur</span> <span class='ocrx_word' id='word_1_856' title='bbox 2038 1460 2232 1506; x_wconf 87' lang='lat' dir='ltr'>stipulatio.</span> <span class='ocrx_word' id='word_1_857' title='bbox 2278 1461 2418 1507; x_wconf 84' lang='lat' dir='ltr'>Pupsslo</span> 
     </span>
     <span class='ocr_line' id='line_1_116' title="bbox 1336 1505 2420 1551; baseline 0.001 -11"><span class='ocrx_word' id='word_1_858' title='bbox 1336 1505 1443 1540; x_wconf 87' lang='lat' dir='ltr'>etiam</span> <span class='ocrx_word' id='word_1_859' title='bbox 1477 1505 1553 1541; x_wconf 90' lang='lat' dir='ltr'>sine</span> <span class='ocrx_word' id='word_1_860' title='bbox 1587 1506 1715 1541; x_wconf 89' lang='lat' dir='ltr'>tutoris</span> <span class='ocrx_word' id='word_1_861' title='bbox 1749 1505 1963 1540; x_wconf 88' lang='lat' dir='ltr'>auctoritate</span> <span class='ocrx_word' id='word_1_862' title='bbox 1995 1516 2102 1551; x_wconf 88' lang='lat' dir='ltr'>posse</span> <span class='ocrx_word' id='word_1_863' title='bbox 2135 1506 2353 1550; x_wconf 88' lang='lat' dir='ltr'>denuntiari,</span> <span class='ocrx_word' id='word_1_864' title='bbox 2389 1507 2420 1541; x_wconf 90' lang='lat' dir='ltr'>si</span> 
     </span>
     <span class='ocr_line' id='line_1_117' title="bbox 1335 1550 2418 1602; baseline 0.003 -18"><span class='ocrx_word' id='word_1_865' title='bbox 1335 1553 1433 1584; x_wconf 91' lang='lat' dir='ltr'>tutor</span> <span class='ocrx_word' id='word_1_866' title='bbox 1455 1561 1529 1586; x_wconf 91' lang='lat' dir='ltr'>non</span> <span class='ocrx_word' id='word_1_867' title='bbox 1552 1555 1720 1596; x_wconf 85' lang='lat' dir='ltr'>apparet,</span> <span class='ocrx_word' id='word_1_868' title='bbox 1755 1561 1799 1586; x_wconf 86' lang='lat' dir='ltr'>ex</span> <span class='ocrx_word' id='word_1_869' title='bbox 1829 1550 1959 1602; x_wconf 86' lang='lat' dir='ltr'>duplae</span> <span class='ocrx_word' id='word_1_870' title='bbox 1982 1550 2210 1595; x_wconf 87' lang='lat' dir='ltr'>stipulatione</span> <span class='ocrx_word' id='word_1_871' title='bbox 2232 1551 2418 1596; x_wconf 80' lang='lat' dir='ltr'>benignius</span> 
     </span>
     <span class='ocr_line' id='line_1_118' title="bbox 1336 1595 1921 1631; baseline 0 -2"><span class='ocrx_word' id='word_1_872' title='bbox 1336 1605 1418 1630; x_wconf 91' lang='lat' dir='ltr'>rece</span> <span class='ocrx_word' id='word_1_873' title='bbox 1444 1598 1521 1630; x_wconf 91' lang='lat' dir='ltr'>tum</span> <span class='ocrx_word' id='word_1_874' title='bbox 1545 1605 1622 1631; x_wconf 86' lang='lat' dir='ltr'>esse</span> <span class='ocrx_word' id='word_1_875' title='bbox 1646 1595 1835 1631; x_wconf 86' lang='lat' dir='ltr'>Trebatius</span> <span class='ocrx_word' id='word_1_876' title='bbox 1860 1600 1921 1630; x_wconf 74' lang='lat' dir='ltr'>ait.</span> 
     </span>
    </p>

    <p class='ocr_par' dir='ltr' id='par_1_20' title="bbox 1334 1638 2421 2225">
     <span class='ocr_line' id='line_1_119' title="bbox 1382 1638 2419 1676; baseline -0.001 0"><span class='ocrx_word' id='word_1_877' title='bbox 1382 1638 1406 1676; x_wconf 93' lang='lat'>5</span> <span class='ocrx_word' id='word_1_878' title='bbox 1463 1639 1587 1676; x_wconf 57' lang='lat' dir='ltr'>Gaze-s</span> <span class='ocrx_word' id='word_1_879' title='bbox 1613 1641 1704 1676; x_wconf 83' lang='lat' dir='ltr'>libro</span> <span class='ocrx_word' id='word_1_880' title='bbox 1737 1640 1891 1675; x_wconf 81' lang='lat' dir='ltr'>secundo</span> <span class='ocrx_word' id='word_1_881' title='bbox 1915 1641 1966 1676; x_wconf 84' lang='lat' dir='ltr'>ad</span> <span class='ocrx_word' id='word_1_882' title='bbox 1986 1641 2140 1676; x_wconf 76' lang='lat' dir='ltr'>edictum</span> <span class='ocrx_word' id='word_1_883' title='bbox 2163 1639 2334 1676; x_wconf 79' lang='lat' dir='ltr'>aedilium</span> <span class='ocrx_word' id='word_1_884' title='bbox 2357 1651 2419 1676; x_wconf 82' lang='lat' dir='ltr'>cu-</span> 
     </span>
     <span class='ocr_line' id='line_1_120' title="bbox 1335 1685 2419 1732; baseline 0.001 -12"><span class='ocrx_word' id='word_1_885' title='bbox 1335 1685 1468 1720; x_wconf 79' lang='lat' dir='ltr'>rulium</span> <span class='ocrx_word' id='word_1_886' title='bbox 1513 1685 1655 1720; x_wconf 89' lang='lat' dir='ltr'>Habere</span> <span class='ocrx_word' id='word_1_887' title='bbox 1685 1685 1791 1720; x_wconf 90' lang='lat' dir='ltr'>licere</span> <span class='ocrx_word' id='word_1_888' title='bbox 1821 1695 1896 1720; x_wconf 91' lang='lat' dir='ltr'>rem</span> <span class='ocrx_word' id='word_1_889' title='bbox 1918 1685 2057 1721; x_wconf 87' lang='lat' dir='ltr'>videtur</span> <span class='ocrx_word' id='word_1_890' title='bbox 2080 1686 2241 1732; x_wconf 82' lang='lat' dir='ltr'>emptor⁹</span> <span class='ocrx_word' id='word_1_891' title='bbox 2264 1689 2301 1721; x_wconf 93' lang='lat' dir='ltr'>et</span> <span class='ocrx_word' id='word_1_892' title='bbox 2323 1685 2354 1721; x_wconf 85' lang='lat' dir='ltr'>si</span> <span class='ocrx_word' id='word_1_893' title='bbox 2374 1685 2419 1728; x_wconf 87' lang='lat' dir='ltr'>is,</span> 
     </span>
     <span class='ocr_line' id='line_1_121' title="bbox 1336 1730 2421 1774; baseline 0.002 -10"><span class='ocrx_word' id='word_1_894' title='bbox 1336 1730 1397 1774; x_wconf 88' lang='lat' dir='ltr'>qui</span> <span class='ocrx_word' id='word_1_895' title='bbox 1420 1740 1474 1764; x_wconf 90' lang='lat' dir='ltr'>em</span> <span class='ocrx_word' id='word_1_896' title='bbox 1500 1733 1613 1765; x_wconf 91' lang='lat' dir='ltr'>torem</span> <span class='ocrx_word' id='word_1_897' title='bbox 1636 1730 1674 1765; x_wconf 91' lang='lat' dir='ltr'>in</span> <span class='ocrx_word' id='word_1_898' title='bbox 1697 1730 1871 1765; x_wconf 86' lang='lat' dir='ltr'>evictione</span> <span class='ocrx_word' id='word_1_899' title='bbox 1894 1731 1946 1765; x_wconf 90' lang='lat' dir='ltr'>rei</span> <span class='ocrx_word' id='word_1_900' title='bbox 1975 1731 2116 1773; x_wconf 89' lang='lat' dir='ltr'>vicerit,</span> <span class='ocrx_word' id='word_1_901' title='bbox 2149 1734 2233 1766; x_wconf 88' lang='lat' dir='ltr'>ante</span> <span class='ocrx_word' id='word_1_902' title='bbox 2263 1730 2421 1766; x_wconf 85' lang='lat' dir='ltr'>ablatam</span> 
     </span>
     <span class='ocr_line' id='line_1_122' title="bbox 1334 1774 2420 1817; baseline 0.001 -8"><span class='ocrx_word' id='word_1_903' title='bbox 1334 1774 1390 1809; x_wconf 91' lang='lat' dir='ltr'>vel</span> <span class='ocrx_word' id='word_1_904' title='bbox 1412 1774 1458 1810; x_wconf 88' lang='lat' dir='ltr'>ab</span> <span class='ocrx_word' id='word_1_905' title='bbox 1484 1778 1604 1810; x_wconf 91' lang='lat' dir='ltr'>uctam</span> <span class='ocrx_word' id='word_1_906' title='bbox 1626 1785 1700 1810; x_wconf 91' lang='lat' dir='ltr'>rem</span> <span class='ocrx_word' id='word_1_907' title='bbox 1724 1775 1799 1810; x_wconf 89' lang='lat' dir='ltr'>sine</span> <span class='ocrx_word' id='word_1_908' title='bbox 1822 1785 2028 1811; x_wconf 88' lang='lat' dir='ltr'>successore</span> <span class='ocrx_word' id='word_1_909' title='bbox 2058 1775 2267 1817; x_wconf 89' lang='lat' dir='ltr'>decesserit,</span> <span class='ocrx_word' id='word_1_910' title='bbox 2296 1775 2349 1810; x_wconf 90' lang='lat' dir='ltr'>ita</span> <span class='ocrx_word' id='word_1_911' title='bbox 2378 1779 2420 1810; x_wconf 91' lang='lat' dir='ltr'>ut</span> 
     </span>
     <span class='ocr_line' id='line_1_123' title="bbox 1336 1820 2418 1872; baseline 0.001 -18"><span class='ocrx_word' id='word_1_912' title='bbox 1336 1829 1452 1872; x_wconf 82' lang='lat' dir='ltr'>neque</span> <span class='ocrx_word' id='word_1_913' title='bbox 1482 1820 1530 1855; x_wconf 90' lang='lat' dir='ltr'>ad</span> <span class='ocrx_word' id='word_1_914' title='bbox 1559 1820 1686 1855; x_wconf 87' lang='lat' dir='ltr'>fiscum</span> <span class='ocrx_word' id='word_1_915' title='bbox 1717 1820 1813 1855; x_wconf 90' lang='lat' dir='ltr'>bona</span> <span class='ocrx_word' id='word_1_916' title='bbox 1842 1821 2025 1865; x_wconf 90' lang='lat' dir='ltr'>pervenire</span> <span class='ocrx_word' id='word_1_917' title='bbox 2047 1820 2187 1866; x_wconf 88' lang='lat' dir='ltr'>possint</span> <span class='ocrx_word' id='word_1_918' title='bbox 2208 1830 2253 1855; x_wconf 90' lang='lat' dir='ltr'>ne</span> <span class='ocrx_word' id='word_1_919' title='bbox 2277 1830 2323 1856; x_wconf 91' lang='lat' dir='ltr'>ue</span> <span class='ocrx_word' id='word_1_920' title='bbox 2345 1820 2418 1866; x_wconf 91' lang='lat' dir='ltr'>pri-</span> 
     </span>
     <span class='ocr_line' id='line_1_124' title="bbox 1334 1865 2419 1901; baseline 0.001 -2"><span class='ocrx_word' id='word_1_921' title='bbox 1334 1868 1443 1899; x_wconf 75' lang='lat' dir='ltr'>vatim</span> <span class='ocrx_word' id='word_1_922' title='bbox 1466 1875 1488 1899; x_wconf 89' lang='lat' dir='ltr'>a</span> <span class='ocrx_word' id='word_1_923' title='bbox 1512 1865 1745 1900; x_wconf 89' lang='lat' dir='ltr'>creditoribus</span> <span class='ocrx_word' id='word_1_924' title='bbox 1768 1865 1934 1900; x_wconf 88' lang='lat' dir='ltr'>distrahi:</span> <span class='ocrx_word' id='word_1_925' title='bbox 1967 1870 2053 1901; x_wconf 89' lang='lat' dir='ltr'>tunc</span> <span class='ocrx_word' id='word_1_926' title='bbox 2085 1866 2177 1901; x_wconf 92' lang='lat' dir='ltr'>enim</span> <span class='ocrx_word' id='word_1_927' title='bbox 2199 1877 2224 1900; x_wconf 91' lang='lat' dir='ltr'>n</span> <span class='ocrx_word' id='word_1_928' title='bbox 2277 1875 2299 1900; x_wconf 90' lang='lat' dir='ltr'>a</span> <span class='ocrx_word' id='word_1_929' title='bbox 2323 1875 2419 1900; x_wconf 89' lang='lat' dir='ltr'>com-</span> 
     </span>
     <span class='ocr_line' id='line_1_125' title="bbox 1334 1909 2420 1956; baseline 0 -12"><span class='ocrx_word' id='word_1_930' title='bbox 1334 1909 1425 1954; x_wconf 90' lang='lat' dir='ltr'>petit</span> <span class='ocrx_word' id='word_1_931' title='bbox 1448 1910 1598 1954; x_wconf 90' lang='lat' dir='ltr'>emptori</span> <span class='ocrx_word' id='word_1_932' title='bbox 1621 1920 1665 1945; x_wconf 85' lang='lat' dir='ltr'>ex</span> <span class='ocrx_word' id='word_1_933' title='bbox 1688 1909 1859 1955; x_wconf 90' lang='lat' dir='ltr'>stipulatu</span> <span class='ocrx_word' id='word_1_934' title='bbox 1883 1910 1997 1952; x_wconf 89' lang='lat' dir='ltr'>actio,</span> <span class='ocrx_word' id='word_1_935' title='bbox 2029 1911 2114 1956; x_wconf 90' lang='lat' dir='ltr'>quia</span> <span class='ocrx_word' id='word_1_936' title='bbox 2135 1921 2209 1945; x_wconf 89' lang='lat' dir='ltr'>rem</span> <span class='ocrx_word' id='word_1_937' title='bbox 2231 1910 2364 1945; x_wconf 91' lang='lat' dir='ltr'>habere</span> <span class='ocrx_word' id='word_1_938' title='bbox 2387 1910 2420 1945; x_wconf 89' lang='lat' dir='ltr'>ei</span> 
     </span>
     <span class='ocr_line' id='line_1_126' title="bbox 1338 1954 2418 1998; baseline 0.001 -10"><span class='ocrx_word' id='word_1_939' title='bbox 1338 1958 1352 1988; x_wconf 88' lang='lat'>1</span> <span class='ocrx_word' id='word_1_940' title='bbox 1402 1954 1496 1989; x_wconf 91' lang='lat' dir='ltr'>licet.</span> <span class='ocrx_word' id='word_1_941' title='bbox 1544 1954 1646 1998; x_wconf 79' lang='lat' dir='ltr'>Quod</span> <span class='ocrx_word' id='word_1_942' title='bbox 1671 1965 1751 1990; x_wconf 93' lang='lat' dir='ltr'>cum</span> <span class='ocrx_word' id='word_1_943' title='bbox 1773 1955 1825 1990; x_wconf 89' lang='lat' dir='ltr'>ita</span> <span class='ocrx_word' id='word_1_944' title='bbox 1849 1958 1912 1997; x_wconf 87' lang='lat' dir='ltr'>est,</span> <span class='ocrx_word' id='word_1_945' title='bbox 1936 1955 2128 1997; x_wconf 86' lang='lat' dir='ltr'>videamus,</span> <span class='ocrx_word' id='word_1_946' title='bbox 2152 1965 2238 1990; x_wconf 92' lang='lat' dir='ltr'>num</span> <span class='ocrx_word' id='word_1_947' title='bbox 2260 1958 2297 1990; x_wconf 89' lang='lat' dir='ltr'>et</span> <span class='ocrx_word' id='word_1_948' title='bbox 2318 1955 2350 1990; x_wconf 87' lang='lat' dir='ltr'>si</span> <span class='ocrx_word' id='word_1_949' title='bbox 2372 1955 2418 1989; x_wconf 88' lang='lat' dir='ltr'>ab</span> 
     </span>
     <span class='ocr_line' id='line_1_127' title="bbox 1337 1999 2419 2053; baseline 0.001 -19"><span class='ocrx_word' id='word_1_950' title='bbox 1337 2009 1378 2034; x_wconf 90' lang='lat' dir='ltr'>eo</span> <span class='ocrx_word' id='word_1_951' title='bbox 1415 1999 1477 2044; x_wconf 93' lang='lat' dir='ltr'>qui</span> <span class='ocrx_word' id='word_1_952' title='bbox 1497 2000 1635 2052; x_wconf 38' lang='lat' dir='ltr'>‘vicerit</span> <span class='ocrx_word' id='word_1_953' title='bbox 1669 1999 1802 2052; x_wconf 81' lang='lat' dir='ltr'>donata</span> <span class='ocrx_word' id='word_1_954' title='bbox 1833 1999 1992 2052; x_wconf 82' lang='lat' dir='ltr'>legatave</span> <span class='ocrx_word' id='word_1_955' title='bbox 2025 2010 2083 2053; x_wconf 74' lang='lat' dir='ltr'>res</span> <span class='ocrx_word' id='word_1_956' title='bbox 2117 1999 2225 2035; x_wconf 85' lang='lat' dir='ltr'>fuerit</span> <span class='ocrx_word' id='word_1_957' title='bbox 2259 2000 2419 2051; x_wconf 77' lang='lat' dir='ltr'>emptori,</span> 
     </span>
     <span class='ocr_line' id='line_1_128' title="bbox 1335 2044 2419 2141; baseline 0 -17"><span class='ocrx_word' id='word_1_958' title='bbox 1335 2044 1739 2141; x_wconf 50' lang='lat' dir='ltr'>Zssfflfflitdssiessfflqissl</span> <span class='ocrx_word' id='word_1_959' title='bbox 1750 2045 2419 2125; x_wconf 49' lang='lat' dir='ltr'>{iffl’fflttterffifffletnssssffisst</span> 
     </span>
     <span class='ocr_line' id='line_1_129' title="bbox 1335 2134 2418 2180; baseline 0.001 -12"><span class='ocrx_word' id='word_1_960' title='bbox 1335 2137 1399 2168; x_wconf 90' lang='lat' dir='ltr'>aut</span> <span class='ocrx_word' id='word_1_961' title='bbox 1420 2134 1603 2179; x_wconf 85' lang='lat' dir='ltr'>legaverit:</span> <span class='ocrx_word' id='word_1_962' title='bbox 1638 2134 1794 2179; x_wconf 89' lang='lat' dir='ltr'>ahoquin</span> <span class='ocrx_word' id='word_1_963' title='bbox 1818 2135 1926 2170; x_wconf 88' lang='lat' dir='ltr'>semel</span> <span class='ocrx_word' id='word_1_964' title='bbox 1948 2134 2136 2171; x_wconf 88' lang='lat' dir='ltr'>commissa</span> <span class='ocrx_word' id='word_1_965' title='bbox 2159 2134 2339 2180; x_wconf 88' lang='lat' dir='ltr'>stipulatio</span> <span class='ocrx_word' id='word_1_966' title='bbox 2362 2144 2418 2169; x_wconf 89' lang='lat' dir='ltr'>re·</span> 
     </span>
     <span class='ocr_line' id='line_1_130' title="bbox 1335 2178 1671 2225; baseline 0.003 -12"><span class='ocrx_word' id='word_1_967' title='bbox 1335 2178 1424 2225; x_wconf 90' lang='lat' dir='ltr'>solvi</span> <span class='ocrx_word' id='word_1_968' title='bbox 1446 2190 1517 2214; x_wconf 90' lang='lat' dir='ltr'>non</span> <span class='ocrx_word' id='word_1_969' title='bbox 1541 2182 1671 2224; x_wconf 89' lang='lat' dir='ltr'>potest.</span> 
     </span>
    </p>

    <p class='ocr_par' dir='ltr' id='par_1_21' title="bbox 1334 2221 2419 2448">
     <span class='ocr_line' id='line_1_131' title="bbox 1380 2221 2418 2270; baseline -0.001 -10"><span class='ocrx_word' id='word_1_970' title='bbox 1380 2221 1433 2261; x_wconf 90' lang='lat'>58</span> <span class='ocrx_word' id='word_1_971' title='bbox 1457 2223 1504 2259; x_wconf 72' lang='lat' dir='ltr'>IA</span> <span class='ocrx_word' id='word_1_972' title='bbox 1514 2233 1684 2259; x_wconf 69' lang='lat' dir='ltr'>Vozfflvvs</span> <span class='ocrx_word' id='word_1_973' title='bbox 1704 2223 1795 2259; x_wconf 82' lang='lat' dir='ltr'>libro</span> <span class='ocrx_word' id='word_1_974' title='bbox 1807 2224 1931 2270; x_wconf 75' lang='lat' dir='ltr'>pm&#39;mo</span> <span class='ocrx_word' id='word_1_975' title='bbox 1950 2235 2000 2260; x_wconf 79' lang='lat' dir='ltr'>ex</span> <span class='ocrx_word' id='word_1_976' title='bbox 2019 2223 2166 2259; x_wconf 81' lang='lat' dir='ltr'>Plautio</span> <span class='ocrx_word' id='word_1_977' title='bbox 2211 2223 2324 2259; x_wconf 87' lang='lat' dir='ltr'>Heres</span> <span class='ocrx_word' id='word_1_978' title='bbox 2343 2233 2418 2259; x_wconf 87' lang='lat' dir='ltr'>ser-</span> 
     </span>
     <span class='ocr_line' id='line_1_132' title="bbox 1334 2267 2417 2313; baseline 0 -10"><span class='ocrx_word' id='word_1_979' title='bbox 1334 2279 1417 2303; x_wconf 90' lang='lat' dir='ltr'>vum</span> <span class='ocrx_word' id='word_1_980' title='bbox 1446 2279 1519 2304; x_wconf 90' lang='lat' dir='ltr'>non</span> <span class='ocrx_word' id='word_1_981' title='bbox 1551 2268 1759 2304; x_wconf 90' lang='lat' dir='ltr'>nominatim</span> <span class='ocrx_word' id='word_1_982' title='bbox 1781 2269 1937 2313; x_wconf 88' lang='lat' dir='ltr'>legatum</span> <span class='ocrx_word' id='word_1_983' title='bbox 1958 2268 2106 2304; x_wconf 90' lang='lat' dir='ltr'>tradidit</span> <span class='ocrx_word' id='word_1_984' title='bbox 2129 2272 2165 2304; x_wconf 93' lang='lat' dir='ltr'>et</span> <span class='ocrx_word' id='word_1_985' title='bbox 2188 2268 2232 2304; x_wconf 90' lang='lat' dir='ltr'>de</span> <span class='ocrx_word' id='word_1_986' title='bbox 2256 2267 2338 2304; x_wconf 90' lang='lat' dir='ltr'>dolo</span> <span class='ocrx_word' id='word_1_987' title='bbox 2361 2278 2417 2303; x_wconf 89' lang='lat' dir='ltr'>re-</span> 
     </span>
     <span class='ocr_line' id='line_1_133' title="bbox 1334 2312 2417 2359; baseline 0.001 -12"><span class='ocrx_word' id='word_1_988' title='bbox 1334 2313 1511 2357; x_wconf 91' lang='lat' dir='ltr'>promisit:</span> <span class='ocrx_word' id='word_1_989' title='bbox 1543 2317 1670 2358; x_wconf 88' lang='lat' dir='ltr'>postea</span> <span class='ocrx_word' id='word_1_990' title='bbox 1701 2323 1823 2348; x_wconf 89' lang='lat' dir='ltr'>servus</span> <span class='ocrx_word' id='word_1_991' title='bbox 1856 2314 1989 2349; x_wconf 90' lang='lat' dir='ltr'>evictus</span> <span class='ocrx_word' id='word_1_992' title='bbox 2022 2317 2086 2349; x_wconf 86' lang='lat' dir='ltr'>est.</span> <span class='ocrx_word' id='word_1_993' title='bbox 2123 2323 2227 2359; x_wconf 88' lang='lat' dir='ltr'>agere</span> <span class='ocrx_word' id='word_1_994' title='bbox 2250 2323 2332 2349; x_wconf 89' lang='lat' dir='ltr'>cum</span> <span class='ocrx_word' id='word_1_995' title='bbox 2354 2312 2417 2348; x_wconf 89' lang='lat' dir='ltr'>he-</span> 
     </span>
     <span class='ocr_line' id='line_1_134' title="bbox 1334 2357 2419 2410; baseline 0 -18"><span class='ocrx_word' id='word_1_996' title='bbox 1334 2357 1419 2393; x_wconf 89' lang='lat' dir='ltr'>rede</span> <span class='ocrx_word' id='word_1_997' title='bbox 1441 2358 1632 2403; x_wconf 88' lang='lat' dir='ltr'>legatarius</span> <span class='ocrx_word' id='word_1_998' title='bbox 1657 2369 1701 2394; x_wconf 89' lang='lat' dir='ltr'>ex</span> <span class='ocrx_word' id='word_1_999' title='bbox 1723 2361 1935 2394; x_wconf 86' lang='lat' dir='ltr'>testamento</span> <span class='ocrx_word' id='word_1_1000' title='bbox 1959 2358 2108 2410; x_wconf 89' lang='lat' dir='ltr'>poterit,</span> <span class='ocrx_word' id='word_1_1001' title='bbox 2133 2357 2292 2403; x_wconf 85' lang='lat' dir='ltr'>quamvis</span> <span class='ocrx_word' id='word_1_1002' title='bbox 2314 2358 2419 2393; x_wconf 87' lang='lat' dir='ltr'>heres</span> 
     </span>
     <span class='ocr_line' id='line_1_135' title="bbox 1335 2402 1997 2448; baseline 0 -11"><span class='ocrx_word' id='word_1_1003' title='bbox 1335 2402 1489 2438; x_wconf 91' lang='lat' dir='ltr'>alienum</span> <span class='ocrx_word' id='word_1_1004' title='bbox 1512 2413 1590 2438; x_wconf 89' lang='lat' dir='ltr'>esse</span> <span class='ocrx_word' id='word_1_1005' title='bbox 1613 2413 1752 2438; x_wconf 88' lang='lat' dir='ltr'>servum</span> <span class='ocrx_word' id='word_1_1006' title='bbox 1773 2403 1997 2448; x_wconf 75' lang='lat' dir='ltr'>ignoraverit.</span> 
     </span>
    </p>

    <p class='ocr_par' dir='ltr' id='par_1_22' title="bbox 1333 2445 2418 2663">
     <span class='ocr_line' id='line_1_136' title="bbox 1380 2445 2418 2485; baseline -0.002 -1"><span class='ocrx_word' id='word_1_1007' title='bbox 1380 2445 1434 2485; x_wconf 87' lang='lat'>59</span> <span class='ocrx_word' id='word_1_1008' title='bbox 1457 2446 1686 2483; x_wconf 72' lang='lat' dir='ltr'>Pouposzs</span> <span class='ocrx_word' id='word_1_1009' title='bbox 1713 2447 1804 2483; x_wconf 78' lang='lat' dir='ltr'>libro</span> <span class='ocrx_word' id='word_1_1010' title='bbox 1834 2448 1989 2483; x_wconf 80' lang='lat' dir='ltr'>secundo</span> <span class='ocrx_word' id='word_1_1011' title='bbox 2021 2459 2071 2483; x_wconf 82' lang='lat' dir='ltr'>ex</span> <span class='ocrx_word' id='word_1_1012' title='bbox 2100 2447 2246 2483; x_wconf 80' lang='lat' dir='ltr'>Plautio</span> <span class='ocrx_word' id='word_1_1013' title='bbox 2292 2446 2331 2482; x_wconf 93' lang='lat' dir='ltr'>Si</span> <span class='ocrx_word' id='word_1_1014' title='bbox 2360 2457 2418 2482; x_wconf 91' lang='lat' dir='ltr'>res</span> 
     </span>
     <span class='ocr_line' id='line_1_137' title="bbox 1334 2491 2416 2537; baseline 0 -10"><span class='ocrx_word' id='word_1_1015' title='bbox 1334 2502 1441 2537; x_wconf 89' lang='lat' dir='ltr'>quam</span> <span class='ocrx_word' id='word_1_1016' title='bbox 1464 2502 1487 2527; x_wconf 89' lang='lat' dir='ltr'>a</span> <span class='ocrx_word' id='word_1_1017' title='bbox 1510 2491 1604 2528; x_wconf 89' lang='lat' dir='ltr'>Titio</span> <span class='ocrx_word' id='word_1_1018' title='bbox 1629 2493 1697 2528; x_wconf 91' lang='lat' dir='ltr'>emi</span> <span class='ocrx_word' id='word_1_1019' title='bbox 1719 2492 1732 2527; x_wconf 95' lang='grc'>1</span> <span class='ocrx_word' id='word_1_1020' title='bbox 1798 2496 1836 2527; x_wconf 86' lang='lat' dir='ltr'>ta</span> <span class='ocrx_word' id='word_1_1021' title='bbox 1859 2493 1905 2528; x_wconf 90' lang='lat' dir='ltr'>sit</span> <span class='ocrx_word' id='word_1_1022' title='bbox 1928 2503 1950 2527; x_wconf 93' lang='lat' dir='ltr'>a</span> <span class='ocrx_word' id='word_1_1023' title='bbox 1972 2503 2046 2535; x_wconf 89' lang='lat' dir='ltr'>me,</span> <span class='ocrx_word' id='word_1_1024' title='bbox 2078 2503 2150 2528; x_wconf 91' lang='lat' dir='ltr'>non</span> <span class='ocrx_word' id='word_1_1025' title='bbox 2181 2495 2301 2537; x_wconf 88' lang='lat' dir='ltr'>potest</span> <span class='ocrx_word' id='word_1_1026' title='bbox 2322 2491 2416 2537; x_wconf 86' lang='lat' dir='ltr'>lega-</span> 
     </span>
     <span class='ocr_line' id='line_1_138' title="bbox 1334 2536 2417 2573; baseline -0.001 -1"><span class='ocrx_word' id='word_1_1027' title='bbox 1334 2537 1447 2573; x_wconf 88' lang='lat' dir='ltr'>tarius</span> <span class='ocrx_word' id='word_1_1028' title='bbox 1481 2541 1676 2573; x_wconf 89' lang='lat' dir='ltr'>conventus</span> <span class='ocrx_word' id='word_1_1029' title='bbox 1701 2547 1723 2572; x_wconf 90' lang='lat' dir='ltr'>a</span> <span class='ocrx_word' id='word_1_1030' title='bbox 1770 2537 1887 2573; x_wconf 91' lang='lat' dir='ltr'>omino</span> <span class='ocrx_word' id='word_1_1031' title='bbox 1910 2538 1960 2572; x_wconf 90' lang='lat' dir='ltr'>rei</span> <span class='ocrx_word' id='word_1_1032' title='bbox 1983 2537 2157 2573; x_wconf 83' lang='lat' dir='ltr'>venditori</span> <span class='ocrx_word' id='word_1_1033' title='bbox 2179 2547 2256 2572; x_wconf 89' lang='lat' dir='ltr'>meo</span> <span class='ocrx_word' id='word_1_1034' title='bbox 2281 2536 2417 2572; x_wconf 89' lang='lat' dir='ltr'>denun-</span> 
     </span>
     <span class='ocr_line' id='line_1_139' title="bbox 1333 2581 2417 2627; baseline -0.001 -10"><span class='ocrx_word' id='word_1_1035' title='bbox 1333 2582 1442 2625; x_wconf 91' lang='lat' dir='ltr'>tiare,</span> <span class='ocrx_word' id='word_1_1036' title='bbox 1476 2582 1545 2617; x_wconf 90' lang='lat' dir='ltr'>nisi</span> <span class='ocrx_word' id='word_1_1037' title='bbox 1580 2593 1702 2618; x_wconf 90' lang='lat' dir='ltr'>cessae</span> <span class='ocrx_word' id='word_1_1038' title='bbox 1737 2582 1769 2617; x_wconf 92' lang='lat' dir='ltr'>ei</span> <span class='ocrx_word' id='word_1_1039' title='bbox 1802 2582 1935 2617; x_wconf 85' lang='lat' dir='ltr'>fuerint</span> <span class='ocrx_word' id='word_1_1040' title='bbox 1965 2583 2134 2618; x_wconf 89' lang='lat' dir='ltr'>actiones.</span> <span class='ocrx_word' id='word_1_1041' title='bbox 2178 2582 2234 2616; x_wconf 90' lang='lat' dir='ltr'>vel</span> <span class='ocrx_word' id='word_1_1042' title='bbox 2264 2581 2417 2627; x_wconf 85' lang='lat' dir='ltr'>quodam</span> 
     </span>
     <span class='ocr_line' id='line_1_140' title="bbox 1335 2627 1807 2663; baseline 0 -1"><span class='ocrx_word' id='word_1_1043' title='bbox 1335 2637 1421 2662; x_wconf 90' lang='lat' dir='ltr'>casu</span> <span class='ocrx_word' id='word_1_1044' title='bbox 1445 2627 1469 2662; x_wconf 87' lang='lat' dir='ltr'>h</span> <span class='ocrx_word' id='word_1_1045' title='bbox 1518 2627 1663 2663; x_wconf 88' lang='lat' dir='ltr'>othecas</span> <span class='ocrx_word' id='word_1_1046' title='bbox 1687 2627 1807 2663; x_wconf 89' lang='lat' dir='ltr'>habet.</span> 
     </span>
    </p>

    <p class='ocr_par' dir='ltr' id='par_1_23' title="bbox 1333 2669 2417 2887">
     <span class='ocr_line' id='line_1_141' title="bbox 1380 2669 2417 2710; baseline -0.001 -4"><span class='ocrx_word' id='word_1_1047' title='bbox 1380 2669 1433 2710; x_wconf 88' lang='lat'>60</span> <span class='ocrx_word' id='word_1_1048' title='bbox 1492 2680 1695 2708; x_wconf 71' lang='lat' dir='ltr'><em>AVOLENUS</em></span> <span class='ocrx_word' id='word_1_1049' title='bbox 1724 2672 1815 2708; x_wconf 70' lang='lat' dir='ltr'>libro</span> <span class='ocrx_word' id='word_1_1050' title='bbox 1850 2670 2006 2708; x_wconf 77' lang='lat' dir='ltr'>secundo</span> <span class='ocrx_word' id='word_1_1051' title='bbox 2041 2682 2091 2707; x_wconf 78' lang='lat' dir='ltr'>ex</span> <span class='ocrx_word' id='word_1_1052' title='bbox 2120 2670 2267 2707; x_wconf 76' lang='lat' dir='ltr'>Plautio</span> <span class='ocrx_word' id='word_1_1053' title='bbox 2313 2670 2351 2706; x_wconf 90' lang='lat' dir='ltr'>Si</span> <span class='ocrx_word' id='word_1_1054' title='bbox 2380 2670 2417 2705; x_wconf 90' lang='lat' dir='ltr'>in</span> 
     </span>
     <span class='ocr_line' id='line_1_142' title="bbox 1333 2716 2415 2761; baseline -0.002 -9"><span class='ocrx_word' id='word_1_1055' title='bbox 1333 2717 1536 2752; x_wconf 87' lang='lat' dir='ltr'>venditione</span> <span class='ocrx_word' id='word_1_1056' title='bbox 1559 2716 1693 2752; x_wconf 90' lang='lat' dir='ltr'>dictum</span> <span class='ocrx_word' id='word_1_1057' title='bbox 1715 2727 1788 2752; x_wconf 91' lang='lat' dir='ltr'>non</span> <span class='ocrx_word' id='word_1_1058' title='bbox 1811 2716 1876 2758; x_wconf 89' lang='lat' dir='ltr'>sit,</span> <span class='ocrx_word' id='word_1_1059' title='bbox 1908 2719 2079 2761; x_wconf 88' lang='lat' dir='ltr'>quantum</span> <span class='ocrx_word' id='word_1_1060' title='bbox 2109 2716 2326 2752; x_wconf 90' lang='lat' dir='ltr'>venditorem</span> <span class='ocrx_word' id='word_1_1061' title='bbox 2374 2725 2415 2750; x_wconf 92' lang='lat' dir='ltr'>ro</span> 
     </span>
     <span class='ocr_line' id='line_1_143' title="bbox 1335 2760 2417 2814; baseline -0.003 -17"><span class='ocrx_word' id='word_1_1062' title='bbox 1335 2762 1507 2797; x_wconf 88' lang='lat' dir='ltr'>evictione</span> <span class='ocrx_word' id='word_1_1063' title='bbox 1528 2765 1714 2814; x_wconf 83' lang='lat' dir='ltr'>praestare</span> <span class='ocrx_word' id='word_1_1064' title='bbox 1736 2764 1910 2806; x_wconf 86' lang='lat' dir='ltr'>oporteat,</span> <span class='ocrx_word' id='word_1_1065' title='bbox 1935 2761 2022 2795; x_wconf 88' lang='lat' dir='ltr'>nihil</span> <span class='ocrx_word' id='word_1_1066' title='bbox 2040 2760 2202 2796; x_wconf 89' lang='lat' dir='ltr'>venditor</span> <span class='ocrx_word' id='word_1_1067' title='bbox 2219 2763 2364 2806; x_wconf 89' lang='lat' dir='ltr'>praesta</span> <span class='ocrx_word' id='word_1_1068' title='bbox 2388 2760 2417 2794; x_wconf 89' lang='lat' dir='ltr'>it</span> 
     </span>
     <span class='ocr_line' id='line_1_144' title="bbox 1333 2805 2416 2852; baseline -0.002 -10"><span class='ocrx_word' id='word_1_1069' title='bbox 1333 2810 1477 2852; x_wconf 89' lang='lat' dir='ltr'>praeter</span> <span class='ocrx_word' id='word_1_1070' title='bbox 1508 2807 1669 2851; x_wconf 74' lang='lat' dir='ltr'>simplam</span> <span class='ocrx_word' id='word_1_1071' title='bbox 1700 2805 1882 2842; x_wconf 89' lang='lat' dir='ltr'>evictionis</span> <span class='ocrx_word' id='word_1_1072' title='bbox 1915 2806 2055 2840; x_wconf 90' lang='lat' dir='ltr'>nomine</span> <span class='ocrx_word' id='word_1_1073' title='bbox 2086 2809 2122 2841; x_wconf 91' lang='lat' dir='ltr'>et</span> <span class='ocrx_word' id='word_1_1074' title='bbox 2152 2815 2197 2840; x_wconf 86' lang='lat' dir='ltr'>ex</span> <span class='ocrx_word' id='word_1_1075' title='bbox 2219 2809 2349 2840; x_wconf 89' lang='lat' dir='ltr'>natura</span> <span class='ocrx_word' id='word_1_1076' title='bbox 2373 2815 2416 2840; x_wconf 85' lang='lat' dir='ltr'>ex</span> 
     </span>
     <span class='ocr_line' id='line_1_145' title="bbox 1336 2850 2021 2887; baseline -0.004 0"><span class='ocrx_word' id='word_1_1077' title='bbox 1336 2863 1391 2887; x_wconf 90' lang='lat' dir='ltr'>em</span> <span class='ocrx_word' id='word_1_1078' title='bbox 1416 2855 1453 2887; x_wconf 89' lang='lat' dir='ltr'>to</span> <span class='ocrx_word' id='word_1_1079' title='bbox 1478 2851 1628 2887; x_wconf 90' lang='lat' dir='ltr'>actionis</span> <span class='ocrx_word' id='word_1_1080' title='bbox 1653 2851 1723 2887; x_wconf 90' lang='lat' dir='ltr'>hoc</span> <span class='ocrx_word' id='word_1_1081' title='bbox 1770 2850 1841 2886; x_wconf 91' lang='lat' dir='ltr'>uod</span> <span class='ocrx_word' id='word_1_1082' title='bbox 1863 2851 2021 2885; x_wconf 85' lang='lat' dir='ltr'>interest.</span> 
     </span>
    </p>

    <p class='ocr_par' dir='ltr' id='par_1_24' title="bbox 1333 2894 2416 3075">
     <span class='ocr_line' id='line_1_146' title="bbox 1411 2894 2416 2941; baseline -0.003 -9"><span class='ocrx_word' id='word_1_1083' title='bbox 1411 2895 1429 2933; x_wconf 90' lang='lat'>1</span> <span class='ocrx_word' id='word_1_1084' title='bbox 1457 2895 1697 2932; x_wconf 60' lang='lat' dir='ltr'>Maaeonws</span> <span class='ocrx_word' id='word_1_1085' title='bbox 1724 2895 1753 2930; x_wconf 81' lang='lat' dir='ltr'>li</span> <span class='ocrx_word' id='word_1_1086' title='bbox 1773 2907 1815 2930; x_wconf 89' lang='lat' dir='ltr'>ro</span> <span class='ocrx_word' id='word_1_1087' title='bbox 1840 2899 1964 2931; x_wconf 85' lang='lat' dir='ltr'>octavo</span> <span class='ocrx_word' id='word_1_1088' title='bbox 1989 2895 2206 2941; x_wconf 61' lang='lat' dir='ltr'>digestorum</span> <span class='ocrx_word' id='word_1_1089' title='bbox 2253 2894 2290 2930; x_wconf 89' lang='lat' dir='ltr'>Si</span> <span class='ocrx_word' id='word_1_1090' title='bbox 2320 2894 2416 2939; x_wconf 89' lang='lat' dir='ltr'>quod</span> 
     </span>
     <span class='ocr_line' id='line_1_147' title="bbox 1333 2939 2414 2982; baseline -0.003 -5"><span class='ocrx_word' id='word_1_1091' title='bbox 1333 2951 1356 2977; x_wconf 88' lang='lat' dir='ltr'>a</span> <span class='ocrx_word' id='word_1_1092' title='bbox 1378 2946 1414 2977; x_wconf 91' lang='lat' dir='ltr'>te</span> <span class='ocrx_word' id='word_1_1093' title='bbox 1438 2941 1505 2976; x_wconf 90' lang='lat' dir='ltr'>emi</span> <span class='ocrx_word' id='word_1_1094' title='bbox 1529 2944 1565 2976; x_wconf 89' lang='lat' dir='ltr'>et</span> <span class='ocrx_word' id='word_1_1095' title='bbox 1588 2940 1680 2975; x_wconf 88' lang='lat' dir='ltr'>Titio</span> <span class='ocrx_word' id='word_1_1096' title='bbox 1704 2940 1856 2982; x_wconf 88' lang='lat' dir='ltr'>vendidi,</span> <span class='ocrx_word' id='word_1_1097' title='bbox 1879 2939 2062 2975; x_wconf 88' lang='lat' dir='ltr'>voluntate</span> <span class='ocrx_word' id='word_1_1098' title='bbox 2084 2950 2164 2974; x_wconf 89' lang='lat' dir='ltr'>mea</span> <span class='ocrx_word' id='word_1_1099' title='bbox 2187 2939 2281 2974; x_wconf 88' lang='lat' dir='ltr'>Titio</span> <span class='ocrx_word' id='word_1_1100' title='bbox 2304 2939 2414 2974; x_wconf 90' lang='lat' dir='ltr'>tradi·</span> 
     </span>
     <span class='ocr_line' id='line_1_148' title="bbox 1334 2984 2415 3029; baseline -0.004 -7"><span class='ocrx_word' id='word_1_1101' title='bbox 1334 2986 1439 3028; x_wconf 89' lang='lat' dir='ltr'>deris,</span> <span class='ocrx_word' id='word_1_1102' title='bbox 1463 2985 1508 3021; x_wconf 92' lang='lat' dir='ltr'>de</span> <span class='ocrx_word' id='word_1_1103' title='bbox 1531 2985 1704 3021; x_wconf 90' lang='lat' dir='ltr'>evictione</span> <span class='ocrx_word' id='word_1_1104' title='bbox 1727 2989 1763 3020; x_wconf 90' lang='lat' dir='ltr'>te</span> <span class='ocrx_word' id='word_1_1105' title='bbox 1786 2985 1870 3019; x_wconf 88' lang='lat' dir='ltr'>mihi</span> <span class='ocrx_word' id='word_1_1106' title='bbox 1893 2985 2024 3026; x_wconf 89' lang='lat' dir='ltr'>teneri,</span> <span class='ocrx_word' id='word_1_1107' title='bbox 2048 2984 2153 3020; x_wconf 89' lang='lat' dir='ltr'>sicuti</span> <span class='ocrx_word' id='word_1_1108' title='bbox 2175 2984 2207 3019; x_wconf 91' lang='lat' dir='ltr'>si</span> <span class='ocrx_word' id='word_1_1109' title='bbox 2229 2988 2415 3029; x_wconf 88' lang='lat' dir='ltr'>acceptam</span> 
     </span>
     <span class='ocr_line' id='line_1_149' title="bbox 1333 3029 1817 3075; baseline -0.004 -9"><span class='ocrx_word' id='word_1_1110' title='bbox 1333 3042 1408 3066; x_wconf 88' lang='lat' dir='ltr'>rem</span> <span class='ocrx_word' id='word_1_1111' title='bbox 1431 3029 1665 3072; x_wconf 88' lang='lat' dir='ltr'>tradidissem,</span> <span class='ocrx_word' id='word_1_1112' title='bbox 1689 3030 1817 3075; x_wconf 90' lang='lat' dir='ltr'>placet.</span> 
     </span>
    </p>

    <p class='ocr_par' dir='ltr' id='par_1_25' title="bbox 1331 3071 2416 3298">
     <span class='ocr_line' id='line_1_150' title="bbox 1379 3071 2416 3114; baseline -0.007 0"><span class='ocrx_word' id='word_1_1113' title='bbox 1379 3073 1433 3114; x_wconf 84' lang='grc'>62</span> <span class='ocrx_word' id='word_1_1114' title='bbox 1460 3074 1604 3111; x_wconf 71' lang='lat' dir='ltr'>CELsUs</span> <span class='ocrx_word' id='word_1_1115' title='bbox 1631 3074 1721 3110; x_wconf 77' lang='lat' dir='ltr'>libro</span> <span class='ocrx_word' id='word_1_1116' title='bbox 1754 3075 1916 3110; x_wconf 80' lang='lat' dir='ltr'>vicesimo</span> <span class='ocrx_word' id='word_1_1117' title='bbox 1939 3085 1977 3109; x_wconf 83' lang='lat' dir='ltr'>se</span> <span class='ocrx_word' id='word_1_1118' title='bbox 2005 3074 2088 3109; x_wconf 82' lang='lat' dir='ltr'>timo</span> <span class='ocrx_word' id='word_1_1119' title='bbox 2112 3073 2152 3108; x_wconf 79' lang='lat' dir='ltr'>di</span> <span class='ocrx_word' id='word_1_1120' title='bbox 2175 3076 2331 3108; x_wconf 82' lang='lat' dir='ltr'>estorum</span> <span class='ocrx_word' id='word_1_1121' title='bbox 2377 3071 2416 3107; x_wconf 91' lang='lat' dir='ltr'>Si</span> 
     </span>
     <span class='ocr_line' id='line_1_151' title="bbox 1332 3117 2413 3169; baseline -0.003 -14"><span class='ocrx_word' id='word_1_1122' title='bbox 1332 3131 1406 3156; x_wconf 89' lang='lat' dir='ltr'>rem</span> <span class='ocrx_word' id='word_1_1123' title='bbox 1430 3129 1522 3166; x_wconf 87' lang='lat' dir='ltr'>quae</span> <span class='ocrx_word' id='word_1_1124' title='bbox 1545 3118 1642 3164; x_wconf 90' lang='lat' dir='ltr'>apud</span> <span class='ocrx_word' id='word_1_1125' title='bbox 1665 3123 1700 3155; x_wconf 91' lang='lat' dir='ltr'>te</span> <span class='ocrx_word' id='word_1_1126' title='bbox 1732 3123 1826 3155; x_wconf 87' lang='lat' dir='ltr'>esset</span> <span class='ocrx_word' id='word_1_1127' title='bbox 1854 3118 1958 3154; x_wconf 89' lang='lat' dir='ltr'>vendi</span> <span class='ocrx_word' id='word_1_1128' title='bbox 2014 3129 2087 3154; x_wconf 88' lang='lat' dir='ltr'>sem</span> <span class='ocrx_word' id='word_1_1129' title='bbox 2118 3119 2144 3152; x_wconf 89' lang='lat' dir='ltr'>ti</span> <span class='ocrx_word' id='word_1_1130' title='bbox 2170 3118 2199 3153; x_wconf 92' lang='lat' dir='ltr'>i:</span> <span class='ocrx_word' id='word_1_1131' title='bbox 2235 3117 2319 3169; x_wconf 75' lang='lat' dir='ltr'>quia</span> <span class='ocrx_word' id='word_1_1132' title='bbox 2347 3127 2413 3162; x_wconf 90' lang='lat' dir='ltr'>pro</span> 
     </span>
     <span class='ocr_line' id='line_1_152' title="bbox 1332 3161 2412 3206; baseline -0.004 -6"><span class='ocrx_word' id='word_1_1133' title='bbox 1332 3165 1464 3201; x_wconf 87' lang='lat' dir='ltr'>tradita</span> <span class='ocrx_word' id='word_1_1134' title='bbox 1486 3163 1648 3206; x_wconf 88' lang='lat' dir='ltr'>habetur,</span> <span class='ocrx_word' id='word_1_1135' title='bbox 1674 3164 1856 3199; x_wconf 87' lang='lat' dir='ltr'>evictionis</span> <span class='ocrx_word' id='word_1_1136' title='bbox 1880 3164 2020 3198; x_wconf 90' lang='lat' dir='ltr'>nomine</span> <span class='ocrx_word' id='word_1_1137' title='bbox 2042 3173 2099 3198; x_wconf 91' lang='lat' dir='ltr'>me</span> <span class='ocrx_word' id='word_1_1138' title='bbox 2118 3163 2265 3206; x_wconf 76' lang='lat' dir='ltr'>obligari</span> <span class='ocrx_word' id='word_1_1139' title='bbox 2283 3161 2412 3206; x_wconf 87' lang='lat' dir='ltr'>placet.</span> 
     </span>
     <span class='ocr_line' id='line_1_153' title="bbox 1337 3206 2413 3253; baseline -0.005 -7"><span class='ocrx_word' id='word_1_1140' title='bbox 1337 3213 1350 3245; x_wconf 88' lang='lat'>1</span> <span class='ocrx_word' id='word_1_1141' title='bbox 1400 3209 1438 3246; x_wconf 90' lang='lat' dir='ltr'>Si</span> <span class='ocrx_word' id='word_1_1142' title='bbox 1460 3209 1493 3244; x_wconf 88' lang='lat' dir='ltr'>ei</span> <span class='ocrx_word' id='word_1_1143' title='bbox 1516 3208 1576 3253; x_wconf 86' lang='lat' dir='ltr'>qui</span> <span class='ocrx_word' id='word_1_1144' title='bbox 1599 3209 1684 3243; x_wconf 90' lang='lat' dir='ltr'>mihi</span> <span class='ocrx_word' id='word_1_1145' title='bbox 1707 3208 1863 3243; x_wconf 87' lang='lat' dir='ltr'>vendidit</span> <span class='ocrx_word' id='word_1_1146' title='bbox 1884 3208 2002 3253; x_wconf 86' lang='lat' dir='ltr'>plures</span> <span class='ocrx_word' id='word_1_1147' title='bbox 2025 3207 2172 3242; x_wconf 88' lang='lat' dir='ltr'>heredes</span> <span class='ocrx_word' id='word_1_1148' title='bbox 2191 3206 2413 3247; x_wconf 84' lang='lat' dir='ltr'>exstiterunt,</span> 
     </span>
     <span class='ocr_line' id='line_1_154' title="bbox 1331 3250 2414 3298; baseline -0.004 -8"><span class='ocrx_word' id='word_1_1149' title='bbox 1331 3264 1405 3290; x_wconf 89' lang='lat' dir='ltr'>una</span> <span class='ocrx_word' id='word_1_1150' title='bbox 1428 3254 1473 3290; x_wconf 89' lang='lat' dir='ltr'>de</span> <span class='ocrx_word' id='word_1_1151' title='bbox 1495 3253 1668 3289; x_wconf 89' lang='lat' dir='ltr'>evictione</span> <span class='ocrx_word' id='word_1_1152' title='bbox 1691 3253 1857 3298; x_wconf 83' lang='lat' dir='ltr'>obligatio</span> <span class='ocrx_word' id='word_1_1153' title='bbox 1881 3256 1936 3288; x_wconf 88' lang='lat' dir='ltr'>est</span> <span class='ocrx_word' id='word_1_1154' title='bbox 1959 3252 2190 3297; x_wconf 87' lang='lat' dir='ltr'>omnibusque</span> <span class='ocrx_word' id='word_1_1155' title='bbox 2213 3250 2414 3287; x_wconf 83' lang='lat' dir='ltr'>denuntiari</span> 
     </span>
    </p>
   </div>
   <div class='ocr_carea' id='block_1_12' title="bbox 1333 3295 2412 3335">
    <p class='ocr_par' dir='ltr' id='par_1_26' title="bbox 1333 3275 2505 3348">
     <span class='ocr_line' id='line_1_155' title="bbox 1333 3295 2412 3335; baseline -0.004 0"><span class='ocrx_word' id='word_1_1156' title='bbox 1333 3302 1369 3335; x_wconf 86' lang='lat' dir='ltr'>et</span> <span class='ocrx_word' id='word_1_1157' title='bbox 1391 3308 1513 3335; x_wconf 85' lang='lat' dir='ltr'>omnes</span> <span class='ocrx_word' id='word_1_1158' title='bbox 1537 3297 1726 3333; x_wconf 83' lang='lat' dir='ltr'>defendere</span> <span class='ocrx_word' id='word_1_1159' title='bbox 1749 3298 1895 3333; x_wconf 89' lang='lat' dir='ltr'>debent:</span> <span class='ocrx_word' id='word_1_1160' title='bbox 1927 3297 1958 3332; x_wconf 92' lang='lat' dir='ltr'>si</span> <span class='ocrx_word' id='word_1_1161' title='bbox 1988 3296 2033 3332; x_wconf 92' lang='lat' dir='ltr'>de</span> <span class='ocrx_word' id='word_1_1162' title='bbox 2061 3295 2236 3331; x_wconf 88' lang='lat' dir='ltr'>industria</span> <span class='ocrx_word' id='word_1_1163' title='bbox 2258 3305 2331 3331; x_wconf 90' lang='lat' dir='ltr'>non</span> <span class='ocrx_word' id='word_1_1164' title='bbox 2353 3305 2412 3331; x_wconf 87' lang='lat' dir='ltr'>ve-</span> 
     </span>
    </p>
   </div>
   <div class='ocr_carea' id='block_1_13' title="bbox 1331 3339 2411 3385">
    <p class='ocr_par' dir='ltr' id='par_1_27' title="bbox 1331 3339 2411 3385">
     <span class='ocr_line' id='line_1_156' title="bbox 1331 3339 2411 3385; baseline -0.005 -6"><span class='ocrx_word' id='word_1_1165' title='bbox 1331 3344 1450 3379; x_wconf 90' lang='lat' dir='ltr'>nerint</span> <span class='ocrx_word' id='word_1_1166' title='bbox 1471 3343 1509 3378; x_wconf 94' lang='lat' dir='ltr'>in</span> <span class='ocrx_word' id='word_1_1167' title='bbox 1531 3342 1701 3378; x_wconf 91' lang='lat' dir='ltr'>iudicium</span> <span class='ocrx_word' id='word_1_1168' title='bbox 1713 3343 1759 3385; x_wconf 90' lang='lat'>¹⁰,</span> <span class='ocrx_word' id='word_1_1169' title='bbox 1790 3352 1882 3378; x_wconf 89' lang='lat' dir='ltr'>unus</span> <span class='ocrx_word' id='word_1_1170' title='bbox 1905 3345 2023 3376; x_wconf 88' lang='lat' dir='ltr'>tamen</span> <span class='ocrx_word' id='word_1_1171' title='bbox 2048 3351 2092 3376; x_wconf 91' lang='lat' dir='ltr'>ex</span> <span class='ocrx_word' id='word_1_1172' title='bbox 2114 3341 2144 3376; x_wconf 88' lang='lat' dir='ltr'>is</span> <span class='ocrx_word' id='word_1_1173' title='bbox 2167 3341 2221 3375; x_wconf 91' lang='lat' dir='ltr'>liti</span> <span class='ocrx_word' id='word_1_1174' title='bbox 2243 3339 2411 3382; x_wconf 87' lang='lat' dir='ltr'>substitit,</span> 
     </span>
    </p>
   </div>
   <div class='ocr_carea' id='block_1_14' title="bbox 1331 3367 2503 3440">
    <p class='ocr_par' dir='ltr' id='par_1_28' title="bbox 1331 3367 2503 3440">
     <span class='ocr_line' id='line_1_157' title="bbox 1331 3367 2503 3440; baseline -0.005 -17"><span class='ocrx_word' id='word_1_1175' title='bbox 1331 3392 1478 3440; x_wconf 76' lang='lat' dir='ltr'>propter</span> <span class='ocrx_word' id='word_1_1176' title='bbox 1510 3387 1783 3423; x_wconf 88' lang='lat' dir='ltr'>denuntiationis</span> <span class='ocrx_word' id='word_1_1177' title='bbox 1805 3387 1959 3432; x_wconf 87' lang='lat' dir='ltr'>vigorem</span> <span class='ocrx_word' id='word_1_1178' title='bbox 1983 3389 2019 3421; x_wconf 90' lang='lat' dir='ltr'>et</span> <span class='ocrx_word' id='word_1_1179' title='bbox 2040 3385 2261 3431; x_wconf 91' lang='lat' dir='ltr'>praedictam</span> <span class='ocrx_word' id='word_1_1180' title='bbox 2284 3384 2412 3419; x_wconf 87' lang='lat' dir='ltr'>absen-</span> <span class='ocrx_word' id='word_1_1181' title='bbox 2479 3367 2503 3416; x_wconf 46' lang='lat'>{3&#39;</span> 
     </span>
    </p>
   </div>
   <div class='ocr_carea' id='block_1_15' title="bbox 1331 3431 2412 3611">
    <p class='ocr_par' dir='ltr' id='par_1_29' title="bbox 1331 3431 2412 3611">
     <span class='ocr_line' id='line_1_158' title="bbox 1331 3431 2410 3475; baseline -0.005 -7"><span class='ocrx_word' id='word_1_1182' title='bbox 1331 3438 1417 3468; x_wconf 78' lang='lat' dir='ltr'>tiam</span> <span class='ocrx_word' id='word_1_1183' title='bbox 1441 3432 1602 3468; x_wconf 89' lang='lat' dir='ltr'>omnibus</span> <span class='ocrx_word' id='word_1_1184' title='bbox 1625 3431 1735 3467; x_wconf 86' lang='lat' dir='ltr'>vincit</span> <span class='ocrx_word' id='word_1_1185' title='bbox 1757 3435 1821 3467; x_wconf 92' lang='lat' dir='ltr'>aut</span> <span class='ocrx_word' id='word_1_1186' title='bbox 1841 3431 2005 3473; x_wconf 88' lang='lat' dir='ltr'>vincitur,</span> <span class='ocrx_word' id='word_1_1187' title='bbox 2028 3434 2195 3475; x_wconf 89' lang='lat' dir='ltr'>recteque</span> <span class='ocrx_word' id='word_1_1188' title='bbox 2219 3439 2299 3465; x_wconf 88' lang='lat' dir='ltr'>cum</span> <span class='ocrx_word' id='word_1_1189' title='bbox 2317 3432 2410 3464; x_wconf 79' lang='lat' dir='ltr'>cete-</span> 
     </span>
     <span class='ocr_line' id='line_1_159' title="bbox 1332 3472 2412 3521; baseline -0.006 -8"><span class='ocrx_word' id='word_1_1190' title='bbox 1332 3480 1351 3512; x_wconf 88' lang='lat'><strong>2</strong></span> <span class='ocrx_word' id='word_1_1191' title='bbox 1398 3476 1447 3513; x_wconf 90' lang='lat' dir='ltr'>ris</span> <span class='ocrx_word' id='word_1_1192' title='bbox 1470 3487 1591 3521; x_wconf 85' lang='lat' dir='ltr'>agam,</span> <span class='ocrx_word' id='word_1_1193' title='bbox 1623 3476 1718 3521; x_wconf 90' lang='lat' dir='ltr'>quod</span> <span class='ocrx_word' id='word_1_1194' title='bbox 1749 3476 1929 3512; x_wconf 91' lang='lat' dir='ltr'>evictionis</span> <span class='ocrx_word' id='word_1_1195' title='bbox 1962 3475 2102 3510; x_wconf 90' lang='lat' dir='ltr'>nomine</span> <span class='ocrx_word' id='word_1_1196' title='bbox 2132 3474 2215 3509; x_wconf 88' lang='lat' dir='ltr'>victi</span> <span class='ocrx_word' id='word_1_1197' title='bbox 2245 3474 2326 3509; x_wconf 88' lang='lat' dir='ltr'>sint.</span> <span class='ocrx_word' id='word_1_1198' title='bbox 2374 3472 2412 3508; x_wconf 92' lang='lat' dir='ltr'>Si</span> 
     </span>
     <span class='ocr_line' id='line_1_160' title="bbox 1331 3516 2410 3574; baseline -0.004 -17"><span class='ocrx_word' id='word_1_1199' title='bbox 1331 3521 1491 3563; x_wconf 82' lang='lat' dir='ltr'>fundum,</span> <span class='ocrx_word' id='word_1_1200' title='bbox 1510 3521 1548 3556; x_wconf 88' lang='lat' dir='ltr'>in</span> <span class='ocrx_word' id='word_1_1201' title='bbox 1569 3531 1639 3574; x_wconf 74' lang='lat' dir='ltr'>quo</span> <span class='ocrx_word' id='word_1_1202' title='bbox 1658 3531 1744 3556; x_wconf 89' lang='lat' dir='ltr'>usus</span> <span class='ocrx_word' id='word_1_1203' title='bbox 1763 3521 1902 3556; x_wconf 80' lang='lat' dir='ltr'>fructus</span> <span class='ocrx_word' id='word_1_1204' title='bbox 1921 3520 2007 3555; x_wconf 90' lang='lat' dir='ltr'>Titii</span> <span class='ocrx_word' id='word_1_1205' title='bbox 2026 3523 2112 3562; x_wconf 89' lang='lat' dir='ltr'>erat,</span> <span class='ocrx_word' id='word_1_1206' title='bbox 2134 3518 2194 3564; x_wconf 91' lang='lat' dir='ltr'>qui</span> <span class='ocrx_word' id='word_1_1207' title='bbox 2214 3516 2247 3554; x_wconf 90' lang='lat' dir='ltr'>ei</span> <span class='ocrx_word' id='word_1_1208' title='bbox 2266 3517 2410 3569; x_wconf 75' lang='lat' dir='ltr'>relictus</span> 
     </span>
     <span class='ocr_line' id='line_1_161' title="bbox 1333 3562 2411 3611; baseline -0.004 -10"><span class='ocrx_word' id='word_1_1209' title='bbox 1333 3571 1387 3601; x_wconf 90' lang='lat' dir='ltr'>est</span> <span class='ocrx_word' id='word_1_1210' title='bbox 1410 3565 1529 3611; x_wconf 91' lang='lat' dir='ltr'>quoad</span> <span class='ocrx_word' id='word_1_1211' title='bbox 1552 3569 1662 3607; x_wconf 79' lang='lat' dir='ltr'>vivet,</span> <span class='ocrx_word' id='word_1_1212' title='bbox 1695 3566 1853 3600; x_wconf 84' lang='lat' dir='ltr'>detracto</span> <span class='ocrx_word' id='word_1_1213' title='bbox 1885 3575 1953 3600; x_wconf 89' lang='lat' dir='ltr'>usu</span> <span class='ocrx_word' id='word_1_1214' title='bbox 1984 3564 2105 3600; x_wconf 80' lang='lat' dir='ltr'>fructu</span> <span class='ocrx_word' id='word_1_1215' title='bbox 2127 3563 2304 3608; x_wconf 87' lang='lat' dir='ltr'>ignoranti</span> <span class='ocrx_word' id='word_1_1216' title='bbox 2325 3562 2411 3597; x_wconf 88' lang='lat' dir='ltr'>mih1</span> 
     </span>
    </p>
   </div>
   <div class='ocr_carea' id='block_1_16' title="bbox 1333 3674 2409 3720">
    <p class='ocr_par' dir='ltr' id='par_1_30' title="bbox 1333 3674 2409 3720">
     <span class='ocr_line' id='line_1_162' title="bbox 1333 3674 2409 3720; baseline -0.004 -10"><span class='ocrx_word' id='word_1_1217' title='bbox 1333 3689 1396 3720; x_wconf 87' lang='lat' dir='ltr'>qne</span> <span class='ocrx_word' id='word_1_1218' title='bbox 1409 3678 1488 3711; x_wconf 80' lang='lat' dir='ltr'>Hal.</span> <span class='ocrx_word' id='word_1_1219' title='bbox 1584 3681 1628 3719; x_wconf 83' lang='lat'>(8)</span> <span class='ocrx_word' id='word_1_1220' title='bbox 1653 3678 1683 3710; x_wconf 89' lang='lat' dir='ltr'>ei</span> <span class='ocrx_word' id='word_1_1221' title='bbox 1698 3679 1758 3710; x_wconf 80' lang='lat' dir='ltr'>del.</span> <span class='ocrx_word' id='word_1_1222' title='bbox 1841 3680 1884 3718; x_wconf 82' lang='grc'>(9)</span> <span class='ocrx_word' id='word_1_1223' title='bbox 1912 3676 2053 3719; x_wconf 88' lang='lat' dir='ltr'>emptori</span> <span class='ocrx_word' id='word_1_1224' title='bbox 2066 3677 2138 3710; x_wconf 79' lang='lat' dir='ltr'>edd.</span> <span class='ocrx_word' id='word_1_1225' title='bbox 2220 3676 2280 3717; x_wconf 78' lang='grc' dir='ltr'><strong>(ιο)</strong></span> <span class='ocrx_word' id='word_1_1226' title='bbox 2305 3674 2409 3707; x_wconf 83' lang='lat' dir='ltr'>ceteri</span> 
     </span>
    </p>
   </div>
   <div class='ocr_carea' id='block_1_17' title="bbox 1334 3723 1522 3757">
    <p class='ocr_par' dir='ltr' id='par_1_31' title="bbox 1334 3723 1522 3757">
     <span class='ocr_line' id='line_1_163' title="bbox 1334 3723 1522 3757; baseline 0 -1"><span class='ocrx_word' id='word_1_1227' title='bbox 1334 3736 1401 3756; x_wconf 83' lang='lat' dir='ltr'>cum</span> <span class='ocrx_word' id='word_1_1228' title='bbox 1415 3723 1450 3756; x_wconf 91' lang='lat' dir='ltr'><em>B</em></span> <span class='ocrx_word' id='word_1_1229' title='bbox 1464 3725 1522 3757; x_wconf 77' lang='lat' dir='ltr'>ins.</span> 
     </span>
    </p>
   </div>
   <div class='ocr_carea' id='block_1_18' title="bbox 2454 2456 2528 3918">
    <p class='ocr_par' dir='ltr' id='par_1_32' title="bbox 2454 2456 2528 3918">
     <span class='ocr_line' id='line_1_164' title="bbox 2454 2456 2528 3918; baseline 0 0"><span class='ocrx_word' id='word_1_1230' title='bbox 2454 2456 2528 3918; x_wconf 95' lang='lat' dir='ltr'> </span> 
     </span>
    </p>
   </div>
  </div>
 </body>
</html>
