2528 3918
196 96 241 126 sl·
1258 84 1363 127 XIV

195 225 228 255 si
249 231 380 255 mensor
403 217 532 256 falsum
543 210 827 250 deiffiidix'erit
871 206 994 250 Dfss,
1017 207 1038 243 6

196 271 240 309 [st
261 266 371 301 minor
394 266 435 299 ab
459 261 643 298 hereditate
665 271 700 294 se
723 259 890 294 abstineat
934 258 970 291 C.
994 257 1027 296 2,
1052 254 1108 295 38]
1246 297 1253 305 .

195 317 228 347 si
250 315 360 347 minor
382 322 416 344 se
439 310 595 343 maiorem
624 304 747 339 dixerit
773 302 826 337 vel
853 301 959 335 maior
989 300 1147 344 probatus
1170 298 1273 331 fuerit

196 407 228 438 si
250 358 520 437 11iiili20224v2entris
543 397 677 431 nomine
699 396 736 429 in
759 393 961 438 possessione
978 389 1164 423 calumniae
1182 397 1281 420 causa

266 459 333 482 esse
357 448 487 480 dicatur
533 445 576 477 D.
601 445 656 484 25,
680 443 701 476 6
1043 481 1050 487 ·

199 497 274 527 sine
302 503 402 525 censu
435 490 485 523 vel
520 488 660 530 reliquis
693 485 834 519 fundum
870 491 1054 524 comparari
1086 489 1154 512 non
1189 486 1282 520 posse

201 585 240 617 de
263 539 422 625 scinglss'dils‘
437 579 535 613 rebus
555 589 615 622 per
638 575 925 610 fideicommissum
949 570 1094 621 relictis.-
1123 568 1165 601 D.
1190 568 1222 609 2,
1239 567 1283 600 24

198 633 229 663 si
252 639 317 662 non
343 638 362 659 a
387 625 587 668 competenti
614 622 725 656 iudice
749 621 932 653 iudicatum
966 628 1033 650 esse
1062 616 1193 649 dicatur
1240 613 1277 648 G.

194 720 225 747 si
249 674 385 758 niipdie
409 725 448 747 ex
471 715 630 756 rescripto
654 715 810 756 petantur
858 711 891 745 C.
917 712 948 751 5,
973 710 993 743 8

194 763 225 792 si
247 760 367 793 omissa
389 759 433 791 sit
456 769 554 792 causa
577 757 765 791 testamenti
814 756 846 789 0.
873 757 904 797 6,
929 756 971 789 39

194 808 226 837 si
247 815 324 848 pars
346 803 540 837 hereditatis
561 806 694 846 petatur
740 802 782 834 D.
808 803 839 840 5,
863 803 885 834 4

195 853 226 882 st?
256 849 420 893 pendente
451 848 673 892 appellatione
702 857 789 879 mors
819 844 1039 877 intervenerit
1085 843 1129 876 D.
1155 845 1209 885 49,
1236 844 1276 876 13

194 946 226 973 st
243 895 402 983 gerzviliii}
427 938 480 972 vel
509 938 577 971 alio
606 937 702 970 modo
735 935 879 968 absentis
910 933 1106 977 perturbata
1138 933 1182 965 sit
1204 942 1278 975 pos·

194 1028 227 1060 si
248 995 400 1070 siz-illitis
410 984 677 1057 ‘induitionem
703 1019 890 1054 numeratio
914 1021 1027 1053 secuta
1050 1030 1118 1052 non
1141 1020 1192 1053 est
1237 1019 1273 1055 C.

263 1072 296 1111 8,
320 1072 364 1105 32

196 1117 229 1149 si
249 1116 375 1159 pignus
396 1115 531 1158 pignori
554 1115 667 1148 datum
691 1115 734 1147 sit
782 1114 817 1147 C.
842 1117 873 1151 8.
897 1117 938 1149 23

194 1165 227 1196 si
247 1163 362 1206 plures
383 1172 453 1195 uua
475 1161 641 1195 sententia
663 1159 875 1193 condemnati
897 1161 977 1192 sunt
1024 1157 1059 1192 C.
1087 1159 1120 1199 7,
1143 1159 1185 1191 55

196 1207 229 1237 .ςί
249 1207 324 1248 post
347 1205 549 1237 creationem
573 1204 648 1244 quis
671 1203 846 1236 decesserit
894 1202 928 1237 C.
958 1205 1008 1242 10,
1033 1205 1075 1236 70

195 1252 228 1282 si
250 1251 385 1293 propter
408 1249 602 1282 inimicitias
625 1249 748 1281 creatio
772 1249 859 1280 facta
882 1248 926 1280 sit
973 1247 1007 1280 G.
1037 1250 1087 1289 10,
1111 1249 1154 1282 68

195 1297 228 1327 si
256 1297 391 1338 propter
421 1294 572 1337 publicas
608 1294 845 1335 pensitationes
882 1293 1031 1326 venditio
1062 1292 1165 1326 fuerit
1193 1291 1278 1325 cele-

263 1340 358 1372 brata
406 1339 441 1372 C.
466 1341 498 1380 4,
522 1341 565 1372 46

194 1387 226 1417 si
248 1394 457 1427 quacumque
480 1383 650 1426 praeditus
671 1384 833 1425 potestate
855 1383 905 1418 ve]
931 1382 974 1415 ad
1003 1393 1079 1415 eum
1109 1381 1279 1425 pertinen—

263 1433 311 1462 tes
352 1429 395 1461 ad
436 1428 681 1470 suppositarum
723 1426 939 1461 iuridictioni
992 1438 1071 1460 suae
1111 1427 1279 1470 adspirare

262 1474 499 1517 temptaverint
522 1473 656 1516 nuptias
703 1472 737 1506 G.
762 1475 793 1513 5,
819 1474 837 1505 7

195 1522 227 1552 si
249 1519 437 1563 quadrupes
458 1518 651 1561 pauperiem
674 1517 788 1550 fecisse
811 1517 935 1550 dicitur
980 1518 1012 1551 J.
1031 1519 1063 1558 4,
1085 1519 1105 1551 9
1152 1516 1197 1550 D.
1209 1518 1242 1559 9,
1259 1518 1275 1550 1

195 1566 228 1597 si
249 1564 331 1607 quid
352 1564 389 1596 in
412 1563 563 1595 fraudem
585 1562 719 1605 patroni
741 1562 865 1595 sactum
888 1563 931 1594 sit
976 1562 1020 1595 D.
1046 1564 1098 1605 38,
1123 1565 1143 1596 5

196 1612 229 1642 si
250 1609 326 1651 quis
348 1608 494 1650 aliquem
517 1608 631 1641 testari
646 1607 857 1650 prohibuerit
872 1607 925 1640 vel
941 1608 1088 1650 coegerit
1133 1607 1177 1640 D.
1190 1608 1245 1649 29,
1258 1609 1278 1642 6

266 1654 301 1687 0.
325 1655 357 1694 6,
382 1655 425 1687 34

195 1702 226 1731 si
256 1698 331 1740 quis
361 1697 461 1731 alteri
489 1696 543 1730 vel
574 1696 639 1729 sibi
669 1697 730 1729 sub
759 1697 897 1730 alterius
928 1698 1064 1731 nomine
1093 1696 1146 1730 vel
1170 1697 1280 1730 aliena

261 1743 404 1786 pecunia
427 1742 545 1775 emerit
593 1741 627 1775 C.
651 1743 684 1782 4,
708 1744 751 1776 50

195 1790 227 1821 si
248 1789 323 1830 quis
346 1787 558 1820 cautionibus
579 1787 616 1819 in
639 1787 766 1820 iudicio
795 1786 933 1820 sistendi
962 1796 1060 1819 causa
1091 1787 1188 1821 factis
1211 1798 1278 1821 non

262 1832 538 1876 obtemperaverit
581 1832 625 1866 D.
651 1834 682 1874 2,
708 1835 746 1866 11

197 1880 229 1910 si
251 1879 326 1920 quis
349 1889 421 1911 eam
444 1877 540 1910 cuius
562 1878 654 1910 tutor
678 1877 781 1910 fuerit
804 1877 992 1920 corruperit
1039 1877 1074 1911 G.
1098 1879 1130 1920 9,
1157 1879 1198 1911 10

196 1926 229 1956 si
250 1923 326 1965 quis
347 1924 507 1966 ignorans
530 1932 598 1954 rem
621 1922 760 1955 minoris
783 1932 851 1955 esse
880 1922 951 1955 sine
983 1921 1116 1956 decreto
1148 1933 1277 1966 compa-

253 1969 341 2001 ravit
390 1970 424 2004 C.
449 1972 480 2010 5,
506 1970 549 2003 73
572 1968 584 2003 “.

194 2015 227 2045 si
249 2013 324 2054 quis
345 2011 538 2055 imperatori
560 2011 770 2044 maledixerit
817 2012 852 2045 C.
875 2013 907 2053 9,
931 2013 950 2045 7

194 2059 226 2090 si
249 2058 323 2099 quis
353 2058 390 2090 in
421 2058 475 2089 ius
503 2059 639 2089 vocatus
667 2068 735 2090 non
767 2056 845 2089 ierit
875 2058 943 2090 sive
973 2057 1048 2099 quis
1077 2068 1153 2091 eum
1182 2069 1277 2092 voea-

263 2103 350 2135 verit
372 2113 469 2144 quem
493 2112 532 2134 ex
556 2102 663 2135 edicto
686 2112 754 2134 non
777 2101 929 2135 debuerit
972 2103 1016 2136 D.
1042 2104 1074 2144 2,
1099 2106 1118 2137 5

194 2150 226 2180 si
249 2147 322 2189 quis
343 2148 397 2180 ius
421 2147 545 2179 dicenti
567 2157 635 2179 non
659 2147 935 2189 obtemperaverit
979 2147 1023 2181 D.
1049 2150 1080 2190 2,
1105 2150 1124 2182 3

194 2194 226 2224 si
254 2192 328 2234 quis
360 2192 478 2225 omissa
509 2202 608 2224 eausa
639 2192 825 2225 testamenti
861 2193 903 2225 ab
934 2192 1092 2225 intestato
1129 2193 1181 2226 vel
1210 2194 1277 2227 alio

260 2237 358 2270 modo
381 2237 547 2280 possideat
575 2237 791 2269 hereditatem
837 2237 880 2271 D.
907 2239 963 2279 29,
986 2240 1007 2271 4

193 2284 225 2314 si
246 2284 356 2315 rector
378 2282 569 2325 provinciae
591 2281 644 2314 vel
668 2282 710 2314 ad
738 2292 812 2314 eum
843 2283 1049 2325 pertinentes
1078 2283 1278 2325 sponsalicia
1300 2313 1303 2315 .

261 2327 414 2360 dederint
461 2326 495 2359 C.
521 2329 552 2366 5,
577 2328 597 2360 2

193 2374 225 2405 si
246 2383 322 2405 reus
344 2372 398 2405 vel
421 2375 592 2404 accusator
614 2374 765 2404 mortuus
788 2372 891 2405 fuerit
937 2372 971 2405 0.
996 2373 1028 2414 9,
1052 2374 1073 2407 6

193 2420 225 2450 si
246 2417 375 2460 saepius
398 2417 434 2449 in
458 2417 626 2459 integrum
649 2417 817 2449 restitutio
839 2416 1028 2459 postuletur
1076 2416 1110 2450 0.
1136 2419 1169 2457 2,
1192 2419 1235 2452 43

193 2465 225 2495 si
246 2462 389 2495 secundo
412 2463 564 2504 nupserit
586 2461 725 2504 mulier,
756 2462 812 2494 cui
842 2462 982 2495 maritus
1011 2472 1107 2495 usum
1130 2462 1277 2495 fructum

245 2509 421 2550 reliquerit
463 2509 498 2542 C.
522 2510 554 2550 5,
580 2508 621 2541 10

191 2554 224 2584 si
250 2553 391 2584 servitus
422 2551 610 2584 vindicetur
639 2551 691 2584 vel
724 2551 766 2584 ad
793 2550 898 2584 alium
936 2552 1104 2595 pertinere
1135 2554 1277 2595 negetur

259 2597 304 2629 D.
329 2598 360 2638 8,
385 2598 404 2630 5

192 2644 224 2674 si
256 2652 370 2674 servus
403 2643 463 2673 aut
502 2641 643 2674 libertus
682 2641 724 2674 ad
764 2641 1018 2674 decurionatum
1057 2642 1276 2686 adspiraverit

193 2730 226 2762 si
247 2711 607 2770 servus'exportandus
629 2729 747 2761 veneat
795 2727 830 2763 G.
853 2730 886 2769 4,
910 2730 954 2763 55

193 2773 226 2805 si
246 2781 361 2804 servus
385 2782 419 2805 se
442 2772 507 2804 emi
529 2771 733 2805 mandaverit
781 2771 815 2807 0.
841 2773 873 2814 4,
898 2772 942 2807 36

193 2819 225 2850 si
247 2816 381 2850 tabulae
403 2817 595 2850 testamenti
618 2817 778 2850 extabunt
822 2817 866 2851 D.
890 2819 946 2859 37,
969 2818 1002 2852 2.

193 2864 227 2895 si
248 2861 383 2895 tabulae
412 2862 601 2895 testamenti
631 2862 744 2895 nullae
767 2862 946 2905 extabunt,
970 2862 1059 2896 unde
1081 2861 1181 2895 liberi
1226 2862 1271 2896 D.

284 2908 339 2949 38,
364 2908 384 2940 6

193 2954 225 2986 si
246 2954 340 2986 tutor
364 2963 430 2985 non
454 2952 594 2994 gesserit
639 2951 673 2985 0.
699 2954 730 2993 5,
755 2953 797 2984 55

194 2999 227 3030 si
249 2999 343 3031 tutor
365 2998 414 3030 rei
436 2996 591 3039 publicae
616 3007 715 3030 causa
738 2996 846 3029 aberit
893 2997 929 3030 C.
955 2999 986 3038 5,
1010 2998 1055 3031 64

196 3048 228 3079 si
249 3048 342 3079 tutor
363 3044 418 3078 vel
440 3046 574 3078 curator
597 3043 816 3076 intervenerit
864 3043 898 3077 G.
923 3045 955 3085 2,
980 3045 1023 3077 24

195 3093 228 3124 si
253 3092 346 3124 tutor
381 3089 435 3123 vel
480 3091 613 3122 curator
643 3088 855 3130 magistratus
891 3090 1021 3121 creatus
1061 3088 1280 3132 appellaverit

194 3179 227 3210 si
249 3160 387 3210 vendito,
405 3176 546 3218 pignore
570 3177 688 3217 agatur
737 3174 771 3208 0.
797 3176 828 3217 8,
853 3177 895 3209 29

194 3224 227 3255 si
250 3221 375 3254 ventris
397 3220 532 3253 nomine
563 3220 703 3253 muliere
727 3220 762 3251 in
786 3220 1022 3262 possessionem
1045 3221 1143 3254 missa
1166 3220 1278 3254 eadem

261 3265 420 3309 possessio
443 3265 520 3298 dolo
544 3265 631 3298 malo
655 3264 697 3296 ad
725 3264 831 3297 alium
863 3265 1022 3298 translata
1051 3277 1118 3300 esse
1147 3266 1278 3300 dicatur

262 3311 308 3344 D.
332 3312 389 3353 25,
412 3312 431 3344 5

195 3359 228 3390 si
249 3366 337 3389 nnus
359 3366 399 3389 ex
422 3354 576 3398 pluribus
599 3353 816 3397 appellaverit
864 3353 898 3387 C.
925 3358 954 3397 7,
980 3357 1021 3390 68

195 3404 227 3434 si
252 3412 340 3434 unus
370 3411 410 3434 ex
445 3399 599 3443 pluribus
628 3399 805 3431 heredibus
835 3399 1008 3432 creditoris
1036 3400 1088 3433 vel
1120 3401 1279 3435 debitoris

262 3448 391 3489 partem
413 3455 506 3478 suam
529 3444 634 3477 debiti
658 3443 795 3476 solverit
826 3444 877 3477 vel
909 3446 1074 3488 acceperit
1120 3446 1154 3479 C.
1178 3448 1210 3489 8,
1234 3448 1272 3480 31

194 3494 227 3524 si
247 3502 326 3524 usus
347 3491 477 3524 fructus
498 3491 631 3533 petatur
656 3488 706 3521 vel
729 3489 772 3521 ad
805 3488 908 3522 alium
938 3490 1105 3532 pertinere
1137 3493 1279 3533 negetur

264 3537 308 3570 D.
333 3538 364 3578 7,
389 3537 410 3570 6

195 3583 226 3613 si
259 3584 298 3614 ut
334 3581 485 3614 omissam
515 3577 733 3612 hereditatem
762 3577 815 3610 vel
845 3578 1007 3612 bonorum
1042 3581 1274 3622 possessionem

262 3626 314 3658 vel
339 3626 421 3668 qnid
443 3624 538 3658 aliud
559 3622 715 3666 adquirat
762 3622 796 3657 C.
822 3624 854 3666 2,
878 3625 921 3658 39

199 3672 226 3702 vi
250 3672 289 3702 ut
311 3680 345 3703 se
368 3669 551 3703 hereditate
574 3669 742 3703 abstineat
790 3670 823 3704 C.
850 3672 880 3712 2,
906 3672 947 3705 38

2109 89 2426 124 TESTAMENTIS

1348 208 1389 243 de
1410 211 1576 243 societate
1621 209 1654 243 J.
1678 211 1711 252 3,
1735 211 1777 244 25

1274 248 1281 255 “
1346 265 1407 297 pro
1428 256 1536 292 socio,
1570 253 1614 287 D.
1641 256 1694 296 ιτ,
1718 255 1738 287 2
1786 253 1821 288 c.
1846 257 1878 297 4,
1902 256 1943 289 37

1346 300 1387 333 de
1408 299 1643 333 solutionibus
1667 301 1700 332 et
1722 298 1978 333 liberationibus
2021 300 2067 334 D.
2090 301 2145 342 46,
2168 300 2189 333 3
2237 295 2272 331 G.
2296 297 2329 340 8,
2352 297 2395 330 42

1346 344 1387 378 (10
1408 344 1645 432 ἳοΙξαῗῧηίὸυε
1667 346 1702 377 et
1724 343 1980 378 liberationibus
1998 344 2187 378 debitorum
2201 341 2349 375 civitatis
2390 339 2426 376 0.

1343 435 1458 468 soluto
1482 434 1696 467 matrimonio
1720 434 1778 467 dos
1801 433 2076 476 quemadmodum
2098 436 2231 477 petatur
2269 433 2313 465 D.
2334 433 2389 474 24,
2405 433 2426 466 3

1346 525 1387 558 (10
1408 505 1617 569 φοοίασαίἰε
1639 525 1674 557 et
1695 524 1854 557 scaenicis
1877 525 1911 557 et
1932 523 2109 557 lenonibus
2157 521 2191 558 C.
2218 524 2271 565 11,
2294 523 2334 557 41

1346 570 1387 603 de
1408 569 1628 614 sponsalibus
1672 569 1716 603 D.
1741 570 1796 612 23,
1824 571 1838 603 1
2197 600 2200 602 ,

1347 615 1387 648 (18
1409 612 1630 658 sponsalibus
1644 616 1678 648 et
1693 614 1778 648 atris
1794 613 2002 657 sponsaliciis
2019 615 2051 647 et
2065 612 2288 655 proxeneticis
2312 611 2348 645 G.
2363 614 2394 653 5,
2410 613 2424 646 1

1347 660 1387 693 (18
1410 660 1590 704 sportulis.
1606 661 1640 693 et
1661 659 1848 702 sumptibus
1878 660 1915 691 in
1944 659 2082 692 diversis
2103 657 2240 691 iudiciis
2269 656 2429 690 faciendis

1415 707 1449 739 et
1471 705 1512 739 de
1536 705 1782 738 exsecutoribus
1804 705 1918 738 litium
1966 703 2001 739 0.
2025 706 2058 747 3,
2081 704 2102 737 2

1347 751 1387 784 (10
1410 750 1579 784 tractoriis
1603 752 1636 783 et
1656 752 1794 783 stativis
1841 749 1876 784 0.
1904 751 1956 792 12,
1980 751 2020 784 51

1347 796 1387 830 (18
1408 795 1700 836 εεαιαᾙοιιιίιιιιιιι
1745 795 1789 829 D.
1817 797 1847 838 1,
1870 798 1890 829 5

1347 841 1386 874 de
1409 842 1536 874 statuis
1558 842 1592 874 et
1613 839 1817 882 imaginibus
1865 839 1900 874 C.
1926 842 1956 883 1,
1980 840 2023 874 24

1346 886 1387 919 de
1408 885 1626 919 statuliberis
1669 885 1715 920 D.
1742 887 1798 928 40,
1822 887 1840 918 7

1346 931 1566 964 stellionatus
1611 930 1656 964 D.
1679 932 1735 972 47,
1761 931 1803 964 20

1347 977 1387 1009 (10
1410 976 1550 1010 crimine
1571 975 1792 1009 stellionatus
1839 974 1874 1009 C.
1899 976 1931 1017 9,
1956 976 2000 1010 34

1347 1021 1388 1054 (18
1411 1020 1638 1055 contrahenda
1661 1023 1694 1054 et
1716 1020 1951 1054 committenda
1972 1019 2202 1063 stipulatione
2249 1018 2284 1053 G.
2309 1020 2342 1061 8,
2362 1019 2403 1052 37

1347 1067 1388 1100 (10
1409 1066 1639 1110 stipulatione
1661 1076 1831 1100 servorum
1877 1066 1908 1099 J.
1933 1068 1964 1108 3,
1993 1068 2029 1099 17
2077 1065 2121 1098 D.
2148 1066 2204 1107 45,
2228 1065 2248 1098 3

1347 1111 1388 1145 (10
1411 1110 1593 1144 inutilibus
1613 1111 1903 1155 stipulationibus
1948 1111 1980 1145 J.
2004 1113 2036 1153 3,
2065 1112 2103 1144 19
2151 1108 2186 1143 0.
2210 1110 2244 1152 8,
2267 1109 2310 1143 38

1347 1157 1387 1190 (18
1409 1156 1699 1200 stipulationibus
1719 1156 1896 1199 praetoriis
1941 1156 1984 1190 D.
2014 1158 2069 1198 46,
2091 1156 2112 1189 5

1348 1202 1388 1236 (18
1411 1201 1574 1236 divisione
1596 1201 1867 1245 stipulationum
1911 1201 1942 1235 J.
1968 1203 2000 1244 3,
2029 1202 2068 1235 18

1349 1247 1390 1280 (10
1411 1248 1625 1281 stratoribus
1673 1246 1707 1281 G.
1735 1248 1787 1291 12,
1811 1248 1854 1281 24

1347 1292 1388 1326 (18
1415 1293 1543 1326 studiis
1570 1291 1767 1325 liberalibus
1795 1292 1889 1325 urbis
1911 1291 2035 1324 Romae
2065 1290 2099 1323 et
2121 1288 2428 1331 Constantinopoli-

1414 1339 1513 1371 tanae
1561 1336 1596 1372 G.
1624 1339 1676 1381 11,
1707 1339 1746 1372 19

1347 1383 1388 1417 (10
1415 1384 1548 1416 suariis
1581 1383 1616 1416 et
1642 1383 1887 1426 susceptoribus
1915 1381 1988 1414 vini
2022 1382 2056 1414 et
2090 1379 2209 1413 ceteris
2246 1378 2429 1420 corporatis

1418 1427 1453 1463 G.
1481 1430 1533 1471 11,
1560 1429 1599 1462 17

1349 1473 1389 1506 (18
1410 1472 1574 1517 pupillari
1594 1473 1841 1506 substitutione
1885 1473 1916 1506 J.
1941 1471 1973 1514 2,
1999 1471 2040 1504 16

1349 1518 1389 1552 (18
1411 1518 1545 1561 vulgari
1566 1519 1815 1552 substitutione
1859 1518 1890 1552 J.
1916 1517 1948 1559 2,
1974 1516 2014 1549 15

1349 1564 1389 1596 (18
1412 1563 1546 1606 vulgari
1569 1565 1603 1597 et
1625 1563 1789 1607 pupillari
1809 1562 2056 1596 substitutione
2099 1560 2144 1594 D.
2169 1561 2224 1604 28,
2247 1561 2272 1593 6.

1349 1609 1390 1642 (10
1411 1608 1623 1651 impuberum
1647 1611 1681 1642 et
1701 1608 1778 1641 aliis
1799 1606 2105 1642 substitutionibus
2152 1604 2187 1640 0.
2211 1607 2244 1648 6,
2267 1606 2310 1640 26

1349 1654 1389 1687 (18
1411 1655 1629 1687 successione
1651 1655 1869 1696 cognatorum
1914 1653 1946 1687 J.
1970 1653 2002 1695 3,
2026 1653 2047 1686 5

1350 1699 1390 1732 (18
1411 1700 1630 1732 successione
1651 1698 1850 1732 libertorum
1894 1698 1926 1733 J.
1951 1699 1984 1740 3,
2007 1698 2026 1730 7

1349 1744 1390 1778 (10
1411 1745 1689 1778 successionibus
1717 1743 1875 1787 sublatis,
1907 1753 1992 1785 quae
2021 1740 2148 1774 fiebant
2174 1751 2235 1784 per
2266 1741 2430 1775 bonorum

1415 1789 1642 1823 venditionem
1666 1791 1700 1823 et
1722 1800 1762 1823 ex
1785 1789 1847 1824 Sc,
1873 1788 2060 1822 Claudiano
2105 1787 2136 1821 J.
2162 1788 2194 1828 3,
2222 1788 2261 1821 12
2288 1811 2297 1814 -

1349 1834 1390 1868 (18
1411 1836 1627 1868 successorio
1651 1835 1760 1868 edicto
1804 1834 1848 1868 D.
1873 1836 1927 1877 38,
1950 1835 1971 1868 9
2021 1831 2055 1866 0.
2082 1833 2115 1875 6,
2141 1832 2182 1866 16

1349 1879 1390 1913 (18
1411 1880 1588 1923 suffragio
1637 1879 1672 1914 G.
1701 1882 1733 1923 4,
1758 1881 1778 1914 3

1349 1925 1390 1958 (10
1412 1925 1533 1958 damno
1555 1925 1680 1958 infecto
1703 1927 1737 1958 et
1759 1925 1800 1958 de
1822 1923 2017 1966 mgr-undis
2040 1924 2073 1957 et
2087 1922 2351 1966 protectionibus
2386 1922 2429 1956 D.

1418 1972 1472 2013 39,
1497 1971 1518 2004 2

1350 2014 1390 2048 de
1411 2017 1486 2048 suis
1508 2016 1543 2049 et
1563 2014 1723 2057 legitimis
1745 2013 1925 2048 heredibus
1969 2013 2014 2047 D.
2038 2014 2093 2055 38,
2120 2014 2161 2047 16

1350 2060 1390 2094 de
1412 2061 1487 2093 suis
1508 2062 1542 2094 et
1562 2059 1724 2102 legitimis
1746 2059 1861 2093 liberis
1891 2060 1925 2092 et
1948 2069 1987 2091 ex
2009 2057 2082 2091 filia
2110 2057 2288 2102 nepotibus
2313 2057 2356 2091 ab
2377 2058 2430 2091 in—

1417 2107 1538 2139 testato
1562 2104 1773 2139 venientibus
1820 2103 1854 2139 0.
1881 2106 1914 2147 6,
1938 2105 1980 2137 55

1350 2151 1390 2184 de
1411 2161 1549 2184 stimma
1571 2151 1725 2184 trinitate
1749 2151 1782 2184 et
1804 2149 1845 2183 (18
1866 2149 1931 2182 fide
1953 2148 2118 2181 catholica
2149 2150 2183 2182 et
2208 2150 2248 2181 ut
2270 2159 2367 2182 nemo
2390 2148 2431 2182 (10

1418 2206 1457 2229 ea
1478 2195 1612 2239 publice
1635 2195 1835 2229 contendere
1857 2194 1979 2228 audeat
2025 2193 2060 2228 0.
2089 2195 2118 2237 1,
2144 2195 2160 2227 1

1350 2241 1498 2274 iniuncti
1520 2242 1669 2275 muneris
1689 2244 1847 2284 sumptus
1877 2240 1920 2274 ad
1948 2249 2062 2273 omnes
2092 2238 2236 2281 collegas
2264 2238 2431 2281 pertinere

1421 2285 1455 2320 0.
1486 2288 1536 2329 11,
1561 2287 1604 2320 38

1351 2331 1391 2365 de
1412 2334 1615 2375 sumptuum
1637 2331 1889 2374 recuperatione
1937 2329 1971 2365 0.
2002 2331 2052 2374 10,
2075 2331 2119 2364 69

1351 2376 1391 2410 (18
1414 2376 1627 2420 supellectile
1647 2376 1759 2419 legata
1803 2377 1847 2410 D.
1873 2377 1927 2418 33,
1955 2377 1995 2409 10

1351 2422 1391 2455 (10
1413 2422 1766 2466 supereoeactionibus
1812 2420 1847 2456 C.
1875 2423 1927 2464 10,
1951 2421 1994 2454 20

1351 2467 1391 2500 (18
1413 2467 1666 2510 superficiebus
1709 2467 1753 2501 D.
1778 2468 1834 2510 43,
1863 2468 1901 2500 18

1351 2512 1392 2545 de
1413 2512 1653 2555 superindicta
1703 2511 1737 2546 0.
1765 2513 1817 2554 10,
1846 2513 1885 2546 18

1351 2557 1392 2591 (18
1413 2558 1672 2601 susceptoribus
1693 2557 1892 2600 praepositis
1914 2557 1948 2589 et
1970 2556 2107 2590 arcariis
2154 2554 2190 2590 G.
2224 2557 2273 2598 10,
2297 2557 2341 2590 72

1351 2602 1392 2636 (18
1413 2603 1583 2681 εὲιφοοίἰε
1605 2602 1773 2636 tutoribus
1797 2604 1831 2636 et
1853 2601 2063 2635 curatoribus
2104 2601 2136 2636 J.
2152 2602 2239 2644 1,26
2261 2601 2305 2636 D.
2318 2602 2431 2644 26,10

1446 2673 1457 2683 .
1481 2650 1516 2691 5,
1537 2648 1580 2682 43

1866 2749 1916 2793 T.

1351 2828 1391 2862 de
1415 2827 1604 2862 tabulariis
1625 2826 1743 2860 scribis
1761 2826 1975 2870 logographis
1993 2828 2027 2861 et
2037 2827 2246 2862 censualibus
2278 2828 2429 2872 0.10,71

1352 2873 1392 2907 (10
1417 2873 1546 2907 tabulis
1569 2872 1763 2906 exhibendis
1806 2872 1851 2907 D.
1875 2873 1931 2915 43,
1956 2874 1975 2906 5
2025 2872 2060 2908 0.
2085 2875 2116 2914 8,
2141 2875 2160 2908 7

1353 2919 1393 2952 (18
1414 2918 1554 2961 paganis
1577 2920 1610 2952 et
1631 2917 1803 2951 sacrificiis
1825 2919 1859 2950 et
1882 2917 2018 2961 templis
2065 2918 2099 2953 G.
2127 2920 2157 2962 1,
2184 2919 2220 2953 11

1353 2964 1394 2998 de
1417 2964 1630 3007 temporibus
1656 2963 1694 2995 in
1722 2963 1892 3005 integrum
1915 2963 2137 2997 restitutionis
2166 2965 2234 2996 tam
2265 2963 2432 2997 minorum

1419 3008 1627 3050 aliarumque
1649 3018 1863 3051 personarum
1893 3018 1978 3050 quae
2008 3009 2141 3042 restitui
2167 3009 2307 3051 possunt
2332 3018 2431 3050 quam

1419 3053 1577 3086 heredum
1602 3063 1716 3086 eorum
1764 3053 1799 3088 0.
1824 3055 1855 3096 2,
1879 3054 1923 3088 52

1352 3098 1392 3132 (18
1416 3099 1629 3142 temporibus
1651 3101 1684 3132 et
1706 3098 1973 3142 reparationibus
1995 3096 2256 3140 appellationum
2278 3105 2431 3132 semeon-

1418 3143 1639 3176 snltationum
1686 3142 1721 3179 0.
1746 3145 1778 3187 7,
1802 3145 1845 3178 63

1352 3188 1392 3222 de
1417 3190 1566 3222 termino
1588 3189 1680 3222 moto
1723 3187 1768 3223 D.
1791 3190 1848 3232 47,
1872 3189 1913 3223 21

1352 3233 1391 3267 (18
1415 3233 1477 3269 SC.
1504 3232 1724 3267 Tertulliano
1769 3233 1801 3268 J.
1826 3235 1858 3276 3,
1882 3234 1903 3268 3

1351 3279 1392 3312 ad
1416 3278 1478 3312 Sc,
1508 3277 1764 3312 Tertullianum
1812 3278 1847 3313 G.
1872 3280 1904 3321 6,
1928 3279 1972 3313 56

1351 3324 1392 3357 ad
1415 3323 1477 3356 80.
1506 3322 1763 3357 Tertullianum
1786 3325 1820 3357 et
1842 3323 2041 3358 Orfitianum
2087 3322 2131 3358 1).
2155 3324 2210 3366 38,
2237 3324 2275 3358 17

1353 3371 1557 3402 testamenta
1587 3367 1863 3411 quemadmodum
1905 3368 2100 3412 aperiantur
2137 3367 2361 3411 inspiciantur
2399 3368 2434 3401 et

1419 3413 1650 3447 describantur
1694 3413 1737 3447 D.
1764 3415 1819 3457 29,
1843 3415 1863 3448 3

1351 3459 1391 3492 (10
1415 3460 1677 3491 testamentaria
1700 3458 1959 3492 manumissione
2005 3457 2040 3493 G.
2065 3460 2097 3500 7,
2121 3459 2142 3492 2

1352 3504 1391 3538 (18
1415 3505 1679 3537 testamentaria
1702 3503 1810 3538 tutela
1853 3503 1899 3537 D.
1923 3504 1978 3547 26,
2002 3503 2023 3537 2
2070 3501 2104 3536 G.
2129 3504 2160 3546 5,
2186 3503 2228 3537 28

1352 3549 1391 3582 (10
1415 3549 1628 3581 testamentis
1650 3548 1845 3582 ordinandis
1890 3547 1921 3582 J.
1946 3549 1978 3591 2,
2005 3549 2046 3582 10

1352 3593 1391 3627 (18
1414 3595 1627 3627 testamentis
1650 3593 1926 3636 quemadmodum
1945 3594 2139 3626 testamenta
2159 3593 2362 3626 ordinantur
2395 3592 2431 3627 α

1419 3640 1451 3680 6,
1477 3639 1518 3672 23

1351 3683 1392 3717 (18
1416 3686 1618 3717 testamento
1642 3682 1759 3717 militis
1804 3683 1848 3718 D.
1873 3683 1927 3726 29,
1954 3684 1967 3717 1
2020 3682 2055 3718 C.
2082 3685 2114 3726 6,
2138 3684 2178 3718 21
