2528 3918
96 108 331 140 uernans
1188 89 1244 139 25

97 219 147 254 rei
171 218 336 263 publicae
355 226 465 252 causa
485 215 593 250 afuit:
619 214 778 256 iniquum
800 218 855 251 est
873 214 1119 251 fideiussorem
1140 215 1186 251 ob

97 263 204 298 alium
228 263 440 298 necessitate
463 260 611 295 sistendi
643 261 839 305 obligatum
871 271 968 304 esse,
1003 272 1084 297 cum
1118 261 1187 306 ipsi

96 309 245 343 liberum
270 312 363 343 esset
386 316 458 341 non
481 305 617 341 sistere.

143 350 192 390 7¹
216 352 376 388 PAULUS
407 351 499 386 libro
532 351 787 397 seoeaqensimo
821 361 918 386 nono
951 351 1001 386 ad
1031 350 1186 386 edictum

96 398 134 434 Si
165 397 244 450 quis
275 407 415 432 servum
444 395 483 430 in
513 395 644 431 iudicio
669 395 748 431 sisti
771 395 976 440 promiserit
997 396 1053 431 vel
1076 396 1187 431 alium

95 443 157 489 qui
179 454 216 478 m
239 441 355 477 aliena
378 443 558 493 potestate
582 444 655 484 est,
679 440 793 476 isdem
817 441 1090 486 exceptionibus
1115 441 1186 476 uti-

94 493 172 530 tur,
205 487 333 533 quibus
365 496 396 522 si
426 496 492 532 pro
523 486 635 521 libero
660 486 716 521 vel
739 490 841 531 patre
864 486 1018 522 familias
1042 486 1187 522 fideius-

94 533 142 568 sit
151 533 177 574 ²,
209 536 462 578 praeterquam
493 531 524 567 si
554 531 607 566 rei
636 531 803 576 publicae
839 542 951 567 causa
982 532 1110 567 abesse
1134 531 1186 566 di-

95 581 234 614 ceretur
257 587 399 613 servus:
424 586 507 611 nam
531 587 655 612 servus
675 577 729 612 rei
747 576 914 622 publicae
934 587 1045 613 causa
1061 578 1188 613 abesse

93 634 165 659 non
188 626 317 668 potest.
349 625 492 668 praeter
513 622 609 657 hanc
628 625 748 657 autem
769 632 855 658 exce
881 622 1014 658 tionem
1034 626 1186 665 ceterae,

94 669 178 714 quia
202 677 406 704 communes
430 670 533 710 sunt,
558 671 632 702 tam
655 667 692 702 in
715 667 828 703 libero
880 668 996 704 omine
1020 678 1127 714 quam
1150 668 1187 703 in

93 724 193 750 servo
216 713 336 749 locum
359 713 505 748 habent.
834 732 837 736 -

139 756 164 796 8
192 758 316 795 mes
335 758 426 793 libro
449 758 642 794 vicensimo
666 768 762 793 nono
787 757 837 792 ad
860 758 1016 794 edictum
1033 759 1186 806 provin-

93 804 184 841 ciale
228 803 280 838 Et
321 804 351 839 si
385 806 469 848 post
500 806 573 838 tres
608 806 673 838 aut
708 803 866 848 quinque
899 804 1064 849 pluresve
1099 803 1185 846 dies,

93 860 200 895 quam
230 848 362 884 iudicio
395 848 473 884 sisti
505 859 544 884 se
573 858 657 883 reus
688 849 870 894 promisit,
905 860 1028 884 secum
1059 849 1186 895 agendi

119 897 309 931 otestatem
339 893 467 929 fecerit
497 904 564 929 nec
596 894 729 929 actoris
753 894 809 930 ius
835 905 879 929 ex
902 905 1004 930 mora
1028 894 1186 930 deterius

92 906 229 976 factum
260 939 324 982 sit,
358 948 579 984 consequens
612 942 667 975 est
691 938 762 974 dici
786 939 929 975 defendi
953 950 1033 976 eum
1057 940 1186 976 debere

92 996 157 1031 per
181 985 439 1030 exceptionem.

139 1028 164 1068 9
196 1029 390 1066 Umfflvs
411 1029 502 1065 libro
525 1030 818 1076 septuaqensimo
841 1031 993 1077 septimo
1017 1033 1067 1066 ad
1089 1030 1184 1067 edic-

93 1080 167 1111 tum
215 1075 253 1110 Si
277 1085 399 1111 servus
423 1074 554 1111 iudicio
580 1085 619 1110 se
642 1075 720 1110 sisti
743 1075 948 1120 promittat,
981 1087 1054 1111 non
1087 1087 1184 1112 com-

92 1121 244 1157 mittitur
267 1120 450 1173 stipulatio
475 1130 590 1166 neque
610 1120 648 1155 in
669 1130 749 1155 eum
768 1131 885 1166 neque
904 1122 941 1156 in
957 1121 1184 1157 fideiussores

97 1170 110 1202 1
161 1166 248 1202 eius.
285 1166 323 1201 S1
340 1166 497 1212 plurium
517 1175 701 1201 servorum
719 1166 862 1202 nomine
881 1167 1013 1203 iudicio
1035 1168 1186 1202 sistendi

92 1222 204 1248 causa
227 1221 301 1246 una
323 1211 555 1256 stipulatione
578 1211 825 1256 promittatur,
857 1222 1011 1257 poenam
1043 1212 1185 1258 quidem

91 1258 266 1302 integram
291 1256 481 1299 committi,
505 1256 591 1291 licet
613 1267 708 1292 unus
732 1259 848 1292 status
873 1268 946 1292 non
970 1258 1034 1300 sit,
1059 1258 1183 1294 Labeo

92 1303 153 1345 ait,
180 1302 263 1348 quia
285 1312 408 1337 verum
431 1302 479 1336 sit
501 1311 624 1337 omnes
649 1305 763 1337 statos
787 1312 861 1338 non
885 1313 981 1338 esse:
1006 1314 1129 1339 verum
1154 1304 1184 1338 si

91 1358 157 1394 pro
181 1350 263 1383 rata
284 1347 391 1382 unius
416 1346 590 1383 offeratur
613 1357 741 1392 poena,
768 1348 977 1393 exceptione
1002 1348 1074 1384 doli
1096 1360 1183 1384 usu-

90 1404 171 1429 rum
196 1403 287 1436 eum,
313 1393 374 1438 qui
398 1402 443 1427 ex
464 1392 535 1427 hac
558 1392 791 1437 stipulatione
816 1394 1034 1429 convenitur.

141 1437 192 1476 10
217 1438 379 1473 Panas
400 1437 490 1473 libro
507 1439 632 1484 primo
658 1438 708 1473 ad
729 1437 916 1473 Plautium
964 1439 1002 1474 Si
1026 1450 1106 1475 eum
1129 1439 1183 1475 iu-

95 1484 187 1519 dicio
212 1483 291 1519 sisti
313 1483 520 1528 promisero,
545 1482 606 1528 qui
629 1483 700 1517 iam
723 1486 885 1528 tempore
907 1484 1081 1520 liberatus
1107 1495 1184 1520 esse

93 1529 298 1571 dicebatur,
331 1528 416 1573 quia
449 1528 520 1563 iam
552 1528 696 1564 actione
729 1528 823 1564 forte
853 1540 927 1565 non
949 1531 1182 1566 tenebaturss:

91 1575 186 1610 actio
209 1575 247 1609 in
270 1584 327 1609 me
350 1573 470 1608 danda
494 1576 559 1616 est,
585 1577 626 1608 ut
648 1574 705 1609 vel
729 1574 915 1610 exhibeam
939 1586 1020 1611 eum
1043 1576 1099 1611 vel
1123 1576 1183 1611 de-

96 1623 109 1655 l
158 1619 321 1662 tendam,
354 1622 395 1654 ut
418 1618 549 1654 veritas
573 1619 786 1664 inquiratur.
834 1620 951 1656 Homo
987 1621 1066 1656 sisti
1099 1632 1183 1673 pro-

91 1665 220 1701 missus
245 1668 328 1699 ante
352 1664 445 1699 diem
469 1663 551 1699 dolo
576 1664 802 1709 promissoris
825 1666 950 1710 periit:
985 1670 1082 1702 certo
1107 1678 1185 1702 1ure

93 1711 224 1746 utimur
247 1720 320 1745 non
344 1713 428 1744 ante
446 1719 599 1755 poenam
619 1710 693 1754 peti
712 1720 829 1755 posse,
856 1722 963 1756 quam
984 1711 1058 1747 dies
1078 1722 1183 1747 vene-

91 1759 111 1791 2
158 1756 222 1791 rit:
237 1758 315 1791 tota
327 1755 419 1790 enim
431 1754 614 1800 stipulatio
627 1755 664 1789 in
678 1755 770 1790 diem
786 1756 917 1791 collata
928 1756 1079 1792 videtur.
1116 1757 1185 1802 Qui

91 1801 301 1837 iniuriarum
321 1803 469 1836 acturus
482 1803 546 1842 est,
572 1800 764 1845 stipulatus
787 1804 865 1836 erat
884 1805 968 1837 ante
987 1802 1085 1837 litem
1097 1813 1182 1838 con-

91 1847 284 1882 testatam⁴
307 1849 348 1880 ut
379 1845 606 1881 adversarius
639 1855 724 1881 suus
760 1846 891 1882 iudicio
925 1847 1048 1882 sistat:
1087 1859 1182 1883 com-

92 1891 202 1927 missa
226 1891 456 1936 stipulatione
479 1894 642 1926 mortuus
668 1895 732 1925 est.
780 1903 853 1926 non
887 1896 1090 1938 competere
1120 1893 1183 1928 he-

92 1937 168 1972 redi
192 1937 267 1972 eius
293 1946 337 1971 ex
368 1936 544 1981 stipulatu
575 1936 754 1971 actionem
784 1937 940 1981 placuit,
977 1938 1061 1983 quia
1092 1939 1183 1974 tales

92 1982 340 2028 stipulationes
364 1984 512 2026 propter
535 1991 608 2016 rem
631 1981 746 2027 ipsam
767 1982 949 2025 darentur,
973 1983 1184 2019 iniuriarum

93 2031 212 2063 autem
235 2027 329 2062 actio
354 2026 477 2061 heredi
500 2037 574 2061 non
594 2027 773 2071 competit.
824 2028 960 2064 uamvis
982 2028 1073 2064 enim
1093 2030 1184 2064 haec

93 2073 274 2118 stipulatio
309 2071 441 2107 iudicio
475 2071 622 2106 sistendi
657 2082 767 2107 causa
819 2076 902 2108 acta
937 2073 984 2108 ad
1017 2074 1183 2109 heredem

91 2121 264 2160 transeat,
288 2120 407 2152 tamen
430 2117 468 2151 iu
491 2117 560 2152 hac
585 2127 696 2152 causa
716 2117 835 2153 danda
854 2129 927 2154 uon
948 2122 1018 2154 est:
1045 2130 1127 2154 nam
1149 2123 1185 2155 et

93 2163 283 2198 defunctus
315 2162 346 2198 si
368 2162 474 2198 vellet
497 2162 628 2198 omissa
651 2162 862 2198 iniuriarum
885 2164 1027 2199 actione
1052 2175 1097 2200 ex
1121 2165 1183 2200 sti-

92 2209 218 2253 pulatu
242 2217 365 2253 agere,
390 2218 463 2242 non
486 2208 754 2252 permitteretur
778 2209 820 2243 ei.
868 2209 962 2244 idem
995 2210 1183 2245 dicendum

93 2263 170 2289 esse
194 2254 253 2288 et⁵
277 2253 308 2288 si
338 2252 388 2294 is,
426 2263 507 2288 cum
540 2263 610 2297 quo
643 2252 853 2288 iniuriarum
877 2265 983 2299 agere
1007 2255 1182 2298 volebam,

92 2298 322 2344 stipulatione
344 2297 409 2332 tali
433 2298 623 2332 commissa
647 2298 856 2334 decesserit:
882 2310 966 2334 nam
990 2311 1063 2335 non
1087 2311 1183 2336 com-

92 2344 182 2389 petit
212 2343 297 2378 mihi
321 2342 491 2378 adversus
514 2342 682 2379 heredem
706 2344 783 2379 eius
808 2354 852 2379 ex
876 2345 921 2380 sti
948 2346 1050 2381 ulatu
1074 2346 1181 2388 actio,

94 2393 129 2424 et
150 2390 220 2424 hoc
243 2388 404 2423 Iulianus
428 2387 563 2423 scribit.
612 2389 811 2424 secundum
843 2401 913 2434 quo
973 2395 1009 2426 et
1041 2390 1072 2426 si
1094 2390 1182 2426 fide-

92 2435 250 2470 iussores
263 2433 338 2469 dati
351 2436 464 2476 erant,
489 2433 632 2468 minime
657 2433 802 2469 dabitur
824 2434 862 2469 in
887 2445 948 2471 eos
973 2436 1067 2472 actio
1088 2447 1183 2472 mor-

92 2483 155 2515 tuo
178 2489 252 2515 reo.
299 2479 392 2514 idem
415 2478 645 2523 Pomponius,
671 2479 702 2514 si
724 2489 798 2515 non
821 2484 905 2524 post
927 2481 1071 2526 longum
1094 2485 1184 2517 tem-

92 2535 160 2570 pus
185 2524 395 2560 decesserit:
429 2524 513 2569 quia
536 2524 567 2559 si
601 2523 648 2559 ad
677 2524 848 2560 iudicium
878 2526 1053 2570 venisset,
1086 2527 1184 2562 litem

94 2580 175 2606 cum
200 2580 240 2605 eo
267 2569 462 2605 contestari
485 2570 613 2604 actor⁰
662 2569 825 2605 otuisset.

142 2613 189 2652 11
225 2615 420 2651 ULPJANUS
437 2614 527 2649 libro
549 2624 623 2659 qua
648 2616 855 2662 raqemimo
876 2617 1028 2663 septimo
1049 2616 1099 2652 ad
1117 2616 1185 2652 Sa-

94 2661 215 2696 binum
262 2659 300 2695 Si
323 2660 402 2705 quis
435 2659 613 2704 quendam
643 2660 682 2695 in
711 2660 842 2696 iudicio
875 2661 954 2697 sisti
984 2662 1150 2706 promisit
1159 2663 1184 2704 ⁷,

93 2706 130 2741 in
155 2705 279 2741 eadem
304 2715 415 2740 causa
446 2715 528 2739 eum
552 2705 659 2740 debet
682 2705 818 2741 sistere.
854 2705 891 2740 in
916 2706 1040 2742 eadem
1064 2711 1185 2742 autem

95 2761 204 2786 causa
227 2750 353 2786 sistere
375 2750 445 2785 hoc
471 2753 525 2785 est
547 2750 600 2785 ita
622 2750 758 2793 sistere,
783 2754 826 2786 ut
848 2752 963 2787 actori
982 2753 1184 2797 persecutio

93 2797 172 2832 loco
197 2795 364 2831 deteriori
387 2806 460 2830 non
479 2795 536 2838 sit,
562 2796 722 2840 quamvis
742 2796 881 2831 exactio
902 2797 955 2832 rei
973 2797 1088 2841 possit
1108 2807 1186 2833 esse

95 2841 284 2876 difficilior.
331 2841 416 2875 licet
448 2840 541 2875 enim
577 2840 756 2876 difficilior
792 2841 932 2877 exactio
965 2842 1029 2884 sit,
1065 2845 1186 2877 tamen

95 2886 284 2922 dicendum
304 2889 358 2921 est
375 2885 486 2921 videri
503 2886 542 2920 in
562 2886 687 2921 eadem
700 2896 811 2922 causa
824 2897 905 2922 eum
918 2887 1078 2922 stetisse:
1102 2898 1185 2922 nam

96 2936 130 2966 et
149 2932 180 2967 si
197 2942 327 2967 novum
347 2941 407 2966 aes
421 2931 575 2966 alienum
588 2932 826 2967 contraxisset
836 2932 892 2967 vel
904 2933 1093 2977 pecuniam
1104 2943 1184 2978 per-

96 2977 251 3019 didisset,
275 2976 414 3011 videtur
425 2977 593 3011 tamenin
606 2977 729 3012 eadem
743 2987 852 3012 causa
865 2978 1024 3013 stetisse:
1048 2988 1130 3022 ergo
1151 2981 1186 3013 et

96 3022 156 3067 qui
168 3022 228 3056 alii
239 3021 419 3057 iudicatus
432 3021 570 3056 sistitur
589 3022 626 3056 in
646 3022 770 3058 eadem
789 3033 900 3058 causa
920 3026 1016 3058 stare
1035 3023 1183 3058 videtur.

144 3065 195 3104 12
219 3066 380 3102 Panas
400 3066 490 3102 libro
514 3067 702 3103 undecimo
727 3068 777 3103 ad
799 3067 974 3104 Sabinum
1021 3068 1089 3113 Qui
1121 3078 1184 3103 au-

96 3116 166 3147 tem
178 3122 268 3148 novo
281 3111 462 3157 privilegio
476 3112 600 3155 utitur,
619 3123 693 3149 non
711 3112 853 3148 videtur
872 3114 910 3148 in
930 3113 1055 3149 eadem
1076 3123 1187 3149 causa

98 3161 114 3192 1
164 3157 252 3193 sisti.
299 3156 394 3192 Illud
405 3156 598 3192 tenendum
611 3161 674 3201 est,
696 3158 793 3204 quod
813 3158 1096 3194 aestimationem
1110 3159 1185 3194 eius

97 3203 192 3248 quod
214 3202 356 3237 intersit
379 3202 516 3246 agentis
538 3203 585 3238 ad
603 3203 692 3238 illud
711 3207 852 3249 tempus
872 3203 1099 3239 referendum
1120 3208 1184 3247 est,

97 3258 165 3293 quo
190 3247 269 3282 sisti
292 3247 426 3290 debuit,
451 3258 524 3283 non
547 3247 594 3283 ad
615 3248 663 3291 id,
689 3259 759 3294 quo
784 3249 912 3294 agitur,
938 3249 1099 3295 quamvis
1124 3248 1184 3284 de-

98 3293 199 3328 sierit
223 3293 297 3328 eius
319 3292 504 3328 interesse.

145 3335 194 3376 13
216 3339 243 3374 Ι
245 3348 409 3374 ULIANUS
425 3338 517 3374 libro
537 3339 625 3385 quin
653 3339 862 3385 uaqensz'mo
883 3339 1009 3385 quinto
1030 3339 1185 3385 diqesto-

98 3395 178 3418 rum
224 3384 396 3429 Quotiens
427 3395 551 3421 servus
581 3384 619 3420 iu
648 3384 713 3420 'cio
738 3384 887 3420 sistendi
911 3394 1022 3420 causa
1044 3387 1085 3420 ut
1107 3384 1186 3429 ipse

103 3461 132 3469 ,-

100 3499 138 3540 (1)
159 3511 244 3542 pars
256 3500 550 3541 redicD.5o,17‚211
619 3500 662 3540 (2)
676 3498 897 3532 fideiussisset
908 3498 993 3532 Hal.
1052 3499 1094 3540 (3)
1109 3498 1189 3540 quia

99 3543 165 3575 iam
178 3554 207 3575 a.
220 3543 243 3577 f.
256 3554 289 3577 n.
305 3545 481 3577 tenebatur
494 3545 557 3578 del.
625 3545 667 3586 (4)
683 3547 761 3576 ante
773 3543 869 3576 litem
882 3545 1104 3576 contestatam
1116 3549 1189 3576 ante

98 3591 248 3621 mortuus
262 3591 312 3621 est
324 3590 545 3623 collocandum
558 3602 625 3623 esse
637 3590 786 3623 indicant
796 3589 832 3622 B
925 3589 968 3630 (5)
983 3590 1070 3621 esset
1081 3588 1190 3621 Smal-

100 3632 233 3675 lenbury
304 3633 347 3675 (6)
372 3635 420 3667 sic
431 3634 469 3675 S,
483 3634 632 3667 constari
645 3636 763 3667 auctor
773 3634 808 3667 F
869 3634 912 3676 (7)
935 3635 984 3667 sic
995 3632 1049 3673 Ρ,
1063 3632 1189 3676 promi-

100 3678 182 3710 serit
192 3677 269 3711 Fas
303 3679 347 3719 (8)
360 3679 446 3710 hanc
456 3680 710 3722 conceptionem
719 3678 810 3721 F³S,
821 3688 859 3711 ac
869 3679 1189 3721 conconceptionem

102 3721 145 3754 F’
218 3723 261 3761 (9)
287 3725 321 3754 et
332 3723 423 3762 F³S‚
437 3733 454 3755 e
466 3723 516 3755 F¹
588 3725 646 3764 (10)
673 3724 846 3757 abstentus
859 3723 950 3762 F³S,
965 3723 1124 3756 absentus
1137 3723 1172 3755 F
1178 3721 1187 3741 ¹

2146 92 2352 135 1111.12

1256 216 1459 261 litigaturus
1491 216 1546 251 vel
1577 216 1622 250 ab
1658 216 1727 250 alio
1761 215 1955 260 stipulatur
1979 214 2034 250 vel
2057 214 2134 260 ipse
2158 215 2351 260 promittit:

1257 273 1323 297 nec
1357 261 1589 297 committitur
1620 261 1803 306 stipulatio
1829 271 1896 296 nec
1919 260 2148 296 fideiussores
2173 264 2352 303 tenentur,

1256 307 1340 352 quia
1364 317 1485 342 servus
1510 306 1691 341 conveniri
1714 306 1773 341 vel
1798 306 1987 341 convenire
2011 316 2083 341 non
2107 309 2237 351 potest.

1306 350 1358 389 14
1382 351 1690 387 Nssfflrwslibro
1702 351 1860 386 secundo
1873 351 2163 387 membranarum
2211 350 2248 385 Si
2267 361 2351 396 pro-

1258 400 1404 432 curator
1426 397 1479 432 ita
1502 396 1696 442 stipulatus
1731 399 1804 438 est,
1836 400 1877 431 ut
1911 397 2016 431 sistat
2047 395 2237 432 dumtaxat
2271 407 2351 431 eum

1257 453 1362 488 quem
1394 442 1645 487 stipularetur,
1678 452 1750 477 non
1775 440 1882 477 etiam
1905 452 2059 486 poenam
2082 441 2113 478 si
2136 444 2254 477 status
2279 452 2350 477 non

1257 492 1352 523 esset
1383 488 1632 532 stipularetur:
1666 486 1924 532 propemodum
1949 487 2080 523 nullius
2104 487 2275 522 momenti
2299 490 2353 522 est

1257 543 1299 568 ea
1319 533 1514 578 stipulatio,
1539 533 1624 578 quia
1643 532 1902 612 procuratori&
1929 532 2025 576 quod
2049 532 2095 567 ad
2117 533 2231 578 ipsius
2255 532 2351 567 utili·

1256 581 1367 614 tatem
1390 578 1556 623 pertinet,
1580 578 1640 613 nih
1692 578 1842 613 interest
1865 577 1953 612 sisti.
2002 578 2065 612 sed
2090 588 2172 613 cum
2196 577 2352 613 alienum

1256 624 1438 669 negotium
1471 624 1509 658 in
1544 623 1748 668 stipulando
1786 622 1914 668 egerit,
1950 626 2070 667 potest
2105 623 2247 658 defendi
2279 633 2352 658 non

1256 669 1519 715 procuratoris,
1554 669 1618 704 sed
1650 669 1725 704 eius
1751 668 1852 704 cuius
1877 668 2058 713 negotium
2083 669 2232 713 gesserit
2255 668 2351 704 utili-

1256 718 1368 750 tatem
1391 715 1429 749 in
1453 724 1496 749 ea
1519 724 1559 749 re
1582 713 1816 767 spectandam
1840 723 1936 748 esse:
1960 716 2002 747 ut
2025 717 2198 758 quantum
2219 713 2354 749 domini

1255 760 1326 795 litis
1346 759 1509 795 interfuit
1528 759 1617 803 sistl,
1638 762 1780 794 tantum
1800 769 1845 794 ex
1865 769 1908 794 ea
1927 758 2159 803 stipulatione
2171 770 2244 795 non
2256 763 2352 795 stato

1255 816 1317 841 reo
1350 805 1579 851 procuratori
1616 805 1800 841 debeatur.
1850 804 1975 839 eadem
2010 807 2046 839 et
2077 803 2206 839 fortius
2233 804 2352 839 adhuc

1256 850 1328 886 dici
1349 854 1512 897 possunt,
1535 851 1566 886 si
1585 853 1800 895 procurator
1820 850 1872 885 ita
1891 849 2084 894 stipulatus
2106 854 2201 885 esset
2214 850 2353 895 ‘quanti

1256 906 1298 932 ea
1317 907 1374 932 res
1395 896 1491 932 erit':
1513 900 1555 931 ut
1573 897 1668 931 hanc
1688 895 1984 940 conceptionem⁸
2002 895 2191 930 verborum
2211 906 2285 930 non
2307 895 2354 930 ad

1253 942 1378 987 ipsius,
1393 941 1457 978 sed
1478 941 1525 977 ad
1545 941 1679 977 domini
1700 941 1891 976 utilitatem
1902 940 2053 976 relatam
2064 940 2350 986 interpretemur.

1304 986 1354 1024 15
1379 987 1627 1022 PAPJNJANUS
1648 987 1739 1023 libro
1762 986 1920 1023 secundo
1946 986 2200 1031 quaestionum
2236 985 2274 1020 Si
2294 989 2351 1020 tu-

1253 1036 1311 1068 tor
1342 1033 1474 1068 iudicio
1507 1032 1585 1068 sisti
1615 1032 1821 1077 promiserit
1844 1032 1904 1067 et⁹
1928 1031 2151 1076 stipulationi
2182 1042 2254 1066 non
2288 1031 2352 1066 ob·

1253 1078 1513 1124 temperaverit,
1540 1081 1575 1113 et
1585 1078 1723 1113 interea
1734 1077 1891 1123 pupillus
1904 1077 2099 1112 adoleverit
2118 1079 2182 1112 aut
2202 1079 2353 1111 mortem

1254 1123 1382 1159 obierit
1404 1127 1469 1159 aut
1492 1123 1599 1159 etiam
1623 1123 1810 1158 abstentus
1823 1124 1851 1144 ¹⁰
1875 1123 1921 1158 sit
1943 1122 2161 1158 hereditate:
2200 1121 2352 1166 denega-

1252 1169 1351 1204 bitur
1390 1179 1434 1204 ex
1466 1168 1640 1214 stipulatu
1672 1168 1779 1204 actio.
1827 1178 1911 1203 nam
1951 1171 1987 1203 et
2024 1168 2138 1213 ipsius
2174 1167 2227 1202 rei
2261 1177 2353 1212 quae

1253 1215 1454 1260 petebatur,
1479 1215 1510 1249 si
1533 1217 1633 1249 tutor
1654 1213 1833 1249 iudicatus
1853 1213 1963 1249 fuerit
1983 1216 2019 1248 et
2040 1223 2164 1248 eorum
2184 1212 2271 1258 quid
2292 1222 2353 1247 ac·

1255 1260 1398 1303 ciderit,
1431 1270 1504 1295 non
1536 1269 1615 1295 esse
1647 1259 1804 1294 dandam
1835 1258 1873 1293 in
1897 1269 1977 1294 eum
2001 1258 2180 1294 actionem
2203 1257 2354 1293 iudicati

1253 1305 1446 1350 probatum
1470 1308 1534 1340 est.

1744 1352 1871 1391 XII¹¹.

1299 1420 1361 1452 DE
1386 1420 1539 1452 FERIIS
1564 1419 1624 1452 ET
1648 1417 1977 1451 DILATIONIBUS
2001 1417 2063 1449 ΕΤ
2086 1412 2303 1450 DIVERSIS

1650 1463 1955 1496 TEMPORIBUS.

1303 1529 1322 1567 1
1358 1529 1554 1566 mmmm
1574 1530 1666 1566 libro
1691 1533 1823 1610 guar-to
1849 1529 1893 1564 de
1917 1529 2081 1564 omnibus
2106 1528 2353 1565 tribunalibus

1252 1576 1309 1611 Ne
1333 1576 1411 1621 quis
1436 1576 1606 1611 messium
1629 1575 1689 1610 vin
1716 1575 1957 1620 emiarumque
1988 1577 2150 1620 tempore
2182 1574 2351 1610 adversa-

1253 1621 1345 1656 rium
1370 1625 1475 1666 cogat
1499 1621 1546 1657 ad
1569 1621 1740 1656 iudicium
1771 1620 1909 1662 venire,
1943 1620 2106 1655 oratione
2140 1619 2211 1655 divi
2234 1619 2353 1655 Marci

1255 1666 1472 1712 exprimitur,
1496 1667 1579 1712 quia
1600 1666 1769 1711 occupati
1790 1666 1886 1701 circa
1905 1675 1980 1700 rem
2000 1665 2172 1700 rusticam
2183 1665 2222 1699 in
2233 1664 2354 1700 forum

1256 1715 1271 1746 1
1323 1712 1546 1756 conpellendi
1581 1721 1654 1746 non
1692 1714 1787 1747 sunt.
1836 1710 1908 1746 Sed
1943 1710 1973 1745 si
2011 1714 2156 1755 praetor
2191 1714 2255 1745 aut
2289 1720 2355 1755 per

1252 1757 1491 1802 ignorantiam
1515 1757 1570 1792 vel
1594 1756 1794 1792 socordiam
1818 1765 1969 1791 evocare
1991 1765 2052 1791 eos
2074 1755 2355 1801 perseveraverit

1252 1802 1361 1847 hique
1385 1806 1514 1847 sponte
1536 1802 1715 1837 venerint:
1749 1802 1780 1836 si
1811 1801 1954 1847 quidem
1987 1801 2201 1836 sententiam
2225 1800 2354 1836 dixerit

1278 1847 1502 1883 raesentibus
1525 1847 1595 1883 illis
1622 1850 1658 1882 et
1681 1850 1809 1892 sponte
1831 1846 2066 1898 litigantibus,
2092 1846 2271 1882 sententia
2291 1855 2353 1881 va-

1268 1893 1357 1935 ebit,
1389 1893 1532 1928 tametsi
1563 1903 1636 1928 non
1666 1895 1765 1927 recte
1795 1891 1922 1927 fecerit
1952 1892 2014 1936 qui
2046 1902 2107 1927 eos
2133 1890 2352 1926 evocaverit:

1254 1938 1308 1974 sin
1327 1948 1421 1980 vero,
1447 1949 1529 1973 cum
1550 1938 1677 1973 abesse
1697 1937 2013 1982 perseveraverint,
2035 1936 2248 1972 sententiam
2269 1947 2353 1982 pro-

1253 1983 1376 2019 tulerit
1399 1983 1505 2018 etiam
1529 1983 1738 2019 absentibus
1762 1983 1850 2025 illis,
1887 1992 2110 2027 consequens
2143 1982 2210 2016 erit
2235 1981 2355 2017 dicere

1254 2028 1468 2064 sententiam
1491 2028 1622 2063 nullius
1648 2038 1726 2063 esse
1758 2027 1929 2063 momenti
1961 2029 2090 2072 (neque
2122 2027 2216 2063 enim
2248 2037 2353 2072 prae-

1252 2074 1341 2110 toris
1365 2073 1502 2109 factum
1526 2074 1596 2108 iuri
1618 2073 1790 2118 derogare
1814 2075 1958 2118 oportet
1971 2073 2030 2115 ¹2):
2058 2076 2093 2108 et
2118 2072 2209 2108 citra
2230 2072 2353 2117 appel-

1254 2122 1274 2154 2
1321 2119 1491 2154 lationem
1514 2119 1620 2163 igitur
1644 2118 1821 2154 sententia
1851 2117 2102 2153 infirmabitur.
2152 2117 2223 2153 Sed
2256 2117 2351 2152 exci-

1253 2165 1401 2209 piuntur
1425 2167 1545 2200 certae
1570 2174 1721 2206 causae,
1755 2174 1799 2199 ex
1832 2163 1961 2209 quibus
1987 2163 2066 2208 cogi
2090 2163 2287 2208 poterimus
2316 2165 2351 2197 et

1253 2220 1317 2255 per
1340 2210 1377 2244 id
1400 2209 1590 2254 temporis,
1625 2219 1705 2245 cum
1729 2219 1861 2244 messes
1885 2208 2154 2253 vindemiaeque
2178 2211 2282 2250 sunt,
2307 2207 2354 2242 ad

1253 2258 1457 2300 praetorem
1470 2256 1497 2276 ¹³
1520 2254 1659 2290 venire:
1696 2254 1834 2290 scilicet
1866 2253 1897 2289 si
1926 2264 1984 2289 res
2008 2257 2170 2298 tempore
2192 2253 2354 2298 peritura

1255 2300 1311 2342 sit,
1335 2301 1405 2335 hoc
1430 2303 1485 2335 est
1509 2300 1539 2335 si
1563 2299 1685 2334 dilatio
1711 2299 1891 2335 actionem
1911 2299 1959 2334 sit
1978 2302 2219 2344 peremptura.
2259 2298 2354 2333 Sane

1255 2345 1418 2390 quotiens
1443 2355 1501 2380 res
1524 2350 1662 2390 urguet,
1689 2345 1839 2390 cogendi
1864 2343 2007 2389 quidem
2031 2354 2155 2380 sumus
2179 2342 2227 2379 ad
2246 2353 2352 2388 prae-

1253 2394 1368 2426 torem
1390 2390 1521 2433 venire,
1544 2400 1668 2426 verum
1692 2390 1740 2425 ad
1762 2390 1832 2425 hoc
1855 2392 1997 2424 tantum
2021 2389 2100 2434 cogi
2124 2399 2278 2441 aequum
2300 2391 2354 2424 est

1253 2439 1295 2470 ut
1317 2435 1360 2470 lis
1386 2439 1627 2478 contestetur,
1663 2439 1698 2470 et
1720 2435 1772 2470 ita
1794 2434 1882 2480 ipsis
1897 2435 1925 2455 ¹⁴
1948 2434 2066 2470 verbis
2091 2433 2265 2469 orationis
2290 2443 2351 2469 ex-

1253 2481 1436 2525 primitur:
1463 2480 1614 2526 denique
1637 2480 1810 2515 alterutro
1831 2483 2022 2515 recusante
2041 2482 2126 2524 post
2146 2478 2245 2514 litem
2266 2488 2352 2514 con-

1254 2529 1423 2561 testatam
1445 2526 1585 2571 litigare
1608 2525 1814 2561 dilationem
1839 2524 1952 2560 oratio
1979 2523 2167 2559 concessit.

1301 2569 1326 2608 2
1351 2571 1460 2606 IDEM
1485 2571 1577 2607 libro
1602 2571 1728 2616 quinto
1753 2570 1804 2605 ad
1825 2570 1979 2605 edictum
2025 2569 2165 2604 Eadem
2189 2568 2353 2605 oratione

1255 2616 1356 2652 divus
1370 2617 1519 2651 Marcus
1530 2616 1568 2651 in
1589 2619 1718 2651 senatu
1737 2615 1889 2651 recitata
1911 2614 2029 2649 effecit
2051 2614 2095 2650 de
2114 2614 2192 2650 aliis
2214 2614 2351 2659 specie-

1254 2662 1322 2697 bus
1347 2665 1550 2706 praetorem
1574 2661 1666 2696 adiri
1690 2660 1797 2696 etiam
1822 2660 1947 2695 diebus
1971 2658 2168 2695 feriaticis:
2198 2663 2241 2695 ut
2288 2663 2353 2695 uta

1255 2710 1296 2742 ut
1318 2710 1457 2742 tutores
1490 2709 1554 2741 aut
1585 2709 1768 2741 curatores
1783 2706 1811 2727 ²⁵
1843 2705 1992 2740 dentur:
2027 2708 2069 2739 ut
2092 2704 2203 2740 officii
2227 2714 2249 2739 a
2275 2715 2351 2740 mo-

1256 2756 1411 2787 neantur
1435 2755 1636 2787 cessantes:
1664 2750 1912 2786 excusationes
1936 2750 2156 2795 allegentur:
2182 2750 2352 2785 alimenta

1257 2797 1540 2832 constituantur:
1566 2799 1703 2831 aetates
1726 2796 1943 2841 probentur:
1976 2796 2109 2831 ventris
2141 2795 2284 2831 nomine
2314 2795 2352 2830 in

1282 2842 1519 2877 ossessionem
1543 2842 1724 2884 mittatur,
1756 2841 1812 2877 vel
1835 2840 1886 2876 rei
1910 2840 2107 2876 servandae
2132 2851 2263 2882 causa,
2296 2840 2352 2876 vel

1270 2891 1453 2931 egatorum
1487 2886 1614 2922 fideive
1646 2886 1933 2929 commissorum,
1966 2886 2022 2921 vel
2054 2885 2175 2921 damni
2208 2883 2350 2919 infecti:

1254 2933 1339 2967 item
1364 2932 1408 2967 de
1431 2931 1653 2967 testamentis
1679 2931 1906 2967 exhibendis:
1931 2934 1973 2966 ut
1993 2934 2140 2967 curator
2161 2930 2266 2966 detur
2284 2931 2350 2966 bo-

1255 2988 1383 3012 norum
1408 2977 1493 3019 eius,
1521 2977 1579 3012 cui
1598 2987 1645 3012 an
1663 2977 1766 3013 heres
1787 2980 1991 3012 exstaturus
2013 2977 2060 3012 sit
2078 2976 2255 3012 incertum
2277 2979 2350 3011 est:

1256 3026 1319 3057 aut
1333 3022 1376 3057 de
1389 3021 1526 3057 alendis
1535 3022 1654 3057 liberis
1671 3022 1880 3067 parentibus
1889 3022 2069 3067 patronis:
2084 3025 2148 3057 aut
2159 3021 2202 3057 de
2214 3021 2350 3056 adeun-

1258 3067 1305 3103 da
1329 3070 1497 3112 suspecta
1519 3067 1733 3102 hereditate:
1767 3070 1832 3103 aut
1854 3071 1896 3103 ut
1918 3070 2069 3112 aspectu
2093 3070 2199 3102 atrox
2220 3066 2352 3101 iniuria

1256 3113 1481 3148 aestimetur:
1502 3112 1558 3148 vel
1576 3112 1907 3149 fideicommissaria
1917 3112 2066 3148 libertas
2078 3111 2297 3157 praestanda
2310 3112 2348 3145 ¹⁶.

1302 3155 1325 3194 3
1351 3157 1459 3192 IDEM
1468 3157 1559 3193 libro
1573 3158 1731 3194 secundo
1745 3158 1795 3194 ad
1806 3158 1959 3194 edictum
1993 3157 2092 3193 Solet
2104 3157 2211 3192 etiam
2223 3156 2349 3191 messis

1255 3203 1582 3247 vindemiarumque
1604 3206 1764 3248 tempore
1787 3203 1843 3238 ius
1864 3203 1935 3237 dici
1954 3203 1998 3237 de
2018 3203 2125 3238 rebus
2149 3212 2241 3247 quae
2260 3205 2349 3236 tem-

1254 3259 1342 3328 gore
1374 3247 1428 3283 vel
1453 3252 1566 3283 morte
1589 3249 1770 3300 periturae
1793 3252 1888 3284 sunt.
1936 3252 2068 3283 morte:
2102 3247 2211 3282 veluti
2242 3246 2348 3282 furti:

1280 3292 1375 3328 amni
1396 3292 1565 3329 iniuriae:
1589 3293 1800 3329 iniuriarum
1820 3293 2013 3328 atrocium:
2039 3292 2100 3338 qui
2120 3292 2164 3327 de
2183 3290 2348 3327 incendio

1254 3338 1358 3373 ruina
1381 3337 1567 3383 naufragio
1590 3342 1669 3374 rate
1693 3349 1783 3374 nave
1808 3341 2011 3383 expugnata
2033 3338 2197 3383 rapuisse
2221 3336 2347 3371 dicun-

1254 3387 1332 3418 tur:
1369 3386 1404 3418 et
1427 3383 1458 3418 si
1482 3394 1574 3429 quae
1597 3384 1728 3420 similes
1754 3387 1847 3419 sunt.
1895 3383 1980 3419 item
2012 3383 2042 3418 si
2065 3393 2122 3417 res
2138 3383 2165 3404 ¹⁷
2188 3385 2349 3425 tempore

1306 3498 1360 3539 (u)
1385 3498 1452 3531 Ed.
1468 3503 1556 3536 2...7;
1579 3497 1659 3531 δαὶ).
1674 3505 1699 3532 1.
1714 3505 1742 3532 s.
1758 3505 1774 3532 9
1786 3508 1794 3537 ς
1816 3498 1903 3540 Pap.
1917 3504 2020 3531 1o.—
2033 3497 2117 3528 Bas.
2133 3496 2163 3534 7,
2177 3501 2218 3527 ιτ.
2233 3512 2278 3517 -
2294 3493 2345 3537 Os:

1264 3543 1341 3576 Cod.
1352 3543 1383 3582 3,
1398 3549 1436 3575 11.
1448 3549 1481 3576 12
1538 3543 1596 3584 (12)
1609 3544 1657 3576 sic
1669 3542 1760 3582 F³S,
1775 3544 1947 3586 opor-taret
1958 3542 1994 3575 F
1999 3541 2009 3561 ¹
2068 3541 2125 3581 (13)
2139 3541 2186 3571 sic
2198 3539 2235 3581 S,
2249 3548 2346 3581 prae·

1259 3589 1346 3619 tores
1356 3588 1391 3620 F
1438 3588 1496 3629 (14)
1510 3587 1615 3631 ipseis
1627 3588 1662 3621 F
1748 3588 1806 3629 (15)
1832 3590 1891 3620 aut
1904 3589 2073 3618 curatores
2087 3583 2178 3624 F³S‚
2192 3586 2346 3615 auctores

1258 3632 1329 3665 F¹:
1343 3635 1514 3666 curatores
1528 3645 1591 3666 non
1606 3633 1726 3666 habent
1742 3632 1866 3667 Graeci
1911 3632 1969 3673 (16)
1988 3629 2040 3661 vel
2054 3629 2093 3661 de
2107 3628 2130 3662 f.
2146 3639 2173 3661 o.
2187 3627 2346 3661 libertate

1258 3677 1460 3721 praestanda
1471 3690 1533 3711 scr.
1629 3678 1686 3720 (17)
1710 3679 1803 3711 sires
1812 3678 1850 3718 S,
1864 3676 1893 3709 si
1905 3686 1940 3708 re
1953 3676 2033 3715 ΓΜ,
2046 3685 2080 3706 re
2095 3673 2124 3706 si
2136 3674 2199 3706 Fue

2053 3772 2074 3804 4
