2528 3918
239 106 356 149 X17

236 227 332 264 eivis
350 225 438 268 fieri,
459 228 522 260 aut
541 224 610 260 alio
630 223 762 260 inferre
783 226 820 260 et
837 227 964 270 postea
982 226 1020 260 ln
1040 224 1176 261 factum
1281 234 1318 260 e:

236 283 300 318 per
350 281 433 306 uam
463 274 700 315 consequetur
727 272 841 312 actor,
865 270 988 315 quanti
1018 270 1094 306 eius
1120 270 1193 305 inte
1229 269 1321 305 uerit

261 317 338 352 rohi
364 316 451 351 itum
480 326 552 350 non
575 324 673 357 esse,
703 314 740 350 in
794 325 877 350 uam
901 315 1200 360 computationem
1224 314 1321 350 cadit

249 363 305 398 oci
324 362 433 405 empti
453 360 605 406 pretium
624 363 689 395 aut
707 369 775 395 000
800 360 873 395 11011
897 370 1045 402 merces,
1071 360 1152 395 item
1176 360 1231 395 sui
1250 359 1320 395 loci

235 407 400 452 pretium,
425 415 529 450 quem
552 404 644 450 quis,
667 404 735 440 nisi
759 409 906 441 coactus
931 409 994 446 est,
1019 405 1220 449 religiosum
1242 403 1319 440 fac-

235 457 337 486 turus
369 460 441 485 nou
473 455 578 485 esset.
613 449 708 486 unde
730 450 856 492 miror,
881 460 990 494 quare
1014 454 1178 485 constare
1201 449 1319 484 videa-

235 501 295 531 tur
331 505 444 540 neque
475 494 597 530 heredi
629 504 743 540 neque
773 495 810 530 in
840 494 1004 529 heredem
1039 494 1191 529 dandam
1225 494 1320 529 hanc

236 540 430 576 actionem:
464 550 548 575 nam
579 543 622 575 ut
652 543 820 585 apparet,
854 539 1080 584 pecuniariae
1111 539 1319 584 quantitatis

235 586 325 621 ratio
349 585 386 620 in
409 594 488 620 eam
511 584 716 621 deducitur:
743 587 839 620 certe
858 587 1029 629 perpetuo
1050 593 1093 618 ea
1110 584 1203 620 inter
1222 584 1319 629 ipsos

237 641 313 666 com
342 630 415 666 etit.

285 674 302 712 1
366 674 560 711 Ulmanus
586 674 678 710 libro
709 675 898 710 vicensimo
930 674 1055 719 quinto
1087 673 1137 709 ad
1166 674 1319 709 edictum

235 721 274 756 Si
297 719 460 756 venditor
482 719 583 755 fundi
607 720 787 764 exceperit
810 719 927 754 locum
950 718 1127 763 sepulchri
1159 719 1207 754 ad
1238 719 1319 761 hoc,

235 771 276 802 ut
307 767 385 818 ipse
415 765 620 811 posterique
652 764 727 799 eius
758 765 818 799 illo
850 763 1085 806 inferrentur,
1118 764 1149 799 si
1179 764 1235 799 via
1267 764 1320 799 uti

235 811 489 855 prohibeatur,
521 814 563 845 ut
585 814 762 845 mortuum
786 820 890 844 suum
913 808 1079 851 inferret,
1113 819 1216 854 agere
1253 820 1316 854 po-

234 862 317 892 test:
334 855 473 891 videtur
496 855 588 891 enim
612 854 717 889 etiam
741 854 810 889 hoc
830 857 1018 898 exceptum
1036 853 1128 889 inter
1147 859 1320 890 ementem

236 906 272 936 et
294 900 514 943 vendentem,
538 904 579 935 ut
601 900 633 935 ei
656 909 720 944 per
743 899 892 934 fundum
916 898 1120 943 sepulturae
1140 909 1250 934 causa
1269 900 1320 934 ire

236 947 371 982 liceret.

284 989 331 1028 11
359 990 518 1026 Pinus
551 990 641 1026 libro
676 989 867 1025 vicensimo
898 989 1050 1035 septimo
1082 989 1133 1025 ad
1165 989 1319 1026 edictum

235 1035 339 1081 Quod
369 1036 400 1071 si
430 1036 531 1071 locus
561 1034 779 1070 monumenti
811 1034 879 1069 hac
910 1034 987 1079 lege
1009 1034 1175 1077 venierit,
1207 1045 1253 1070 ne
1283 1034 1322 1070 in

235 1092 315 1118 eum
338 1080 563 1122 inferrentur,
589 1090 678 1124 quos
701 1079 756 1114 ius
781 1083 835 1114 est
857 1078 990 1121 inferri,
1015 1083 1161 1124 pactum
1180 1079 1321 1125 quidem

234 1126 282 1162 ad
301 1127 370 1162 hoc
391 1137 464 1161 non
483 1124 627 1167 sufficit,
648 1124 709 1160 sed
730 1124 958 1169 stipulatione
976 1124 1013 1159 id
1034 1125 1149 1160 caveri
1167 1129 1318 1170 oportet.

284 1169 334 1209 12
366 1171 561 1208 vamum
589 1170 681 1205 libro
713 1170 903 1205 vicensimo
936 1170 1061 1215 quinto
1093 1170 1144 1205 ad
1165 1170 1320 1206 edictum

234 1217 272 1253 Si
295 1217 373 1262 quis
397 1215 646 1260 sepulchrum¹
671 1215 822 1257 habeat,
854 1215 947 1250 viam
979 1219 1099 1250 autem
1130 1215 1177 1250 ad
1202 1215 1319 1261 sepul-

235 1263 359 1298 chrum
383 1272 455 1296 non
479 1261 611 1295 habeat
635 1263 670 1295 et
693 1270 715 1295 a
746 1259 860 1295 vicino
891 1260 943 1295 ire
973 1260 1224 1305 prohibeatur,
1255 1260 1319 1295 im-

236 1311 381 1353 perator
403 1306 606 1341 Antoninus
639 1315 719 1340 cum
750 1308 853 1349 patre
883 1305 1066 1350 rescripsit
1095 1306 1164 1341 iter
1195 1305 1241 1340 ad
1264 1315 1319 1340 se-

233 1352 420 1398 pulchrum
443 1351 515 1395 peti
539 1350 699 1395 precario
721 1353 756 1384 et
776 1350 922 1385 concedi
941 1351 1066 1393 solere,
1085 1354 1136 1393 01,
1157 1350 1319 1396 quotiens

234 1407 306 1432 non
329 1397 497 1437 debetur,
521 1395 728 1440 impetretur
751 1395 796 1429 ab
822 1406 883 1438 eo,
915 1395 976 1441 qui
998 1395 1149 1431 fundum
1172 1395 1319 1431 adiunc-

234 1447 309 1476 tum
333 1442 474 1476 habeat.
510 1451 582 1475 non
605 1444 723 1475 tamen
747 1440 816 1476 1100
840 1441 1063 1486 rescriptum,
1089 1441 1185 1486 quod
1207 1441 1318 1486 impe-

234 1486 350 1522 trandi
369 1486 430 1521 dat
448 1486 666 1528 facultatem,
691 1485 796 1520 etiam
817 1486 994 1522 actionem
1014 1486 1149 1522 civilem
1170 1486 1319 1528 inducit,

234 1532 297 1568 sed
329 1535 430 1567 extra
453 1530 611 1566 ordinem
633 1531 878 1575 interpelletur
900 1541 1045 1576 praeses
1069 1536 1106 1566 et
1127 1531 1198 1566 iam
1223 1542 1319 1566 com-

232 1577 363 1622 pellere
387 1576 492 1611 debet
513 1576 607 1611 iusto
631 1576 746 1621 pretio
770 1576 837 1611 iter
857 1576 888 1611 ei
909 1577 1095 1621 praestari,
1118 1576 1170 1612 ita
1188 1581 1318 1618 tamen,

233 1626 273 1657 ut
295 1621 401 1657 iudex
426 1621 531 1656 etiam
555 1620 599 1656 de
629 1621 897 1666 opportunitate
926 1621 997 1657 loci
1027 1622 1242 1668 prospiciat,
1274 1632 1320 1656 ne

236 1671 249 1702 1
300 1667 436 1702 vicinus
467 1676 634 1711 magnum
664 1666 823 1711 patiatur
858 1666 1117 1703 detrimentum.
1165 1667 1319 1703 Senatus

234 1712 396 1748 consulto
437 1716 601 1753 cavetur,
633 1722 679 1747 ne
710 1722 797 1746 usus
837 1712 1107 1756 sepulchrorum
1137 1716 1318 1758 permuta-

233 1757 390 1793 tionibus
413 1756 615 1801 polluatur,
638 1756 675 1791 id
699 1760 752 1792 est
774 1767 820 1792 ne
843 1767 880 1792 80
906 1758 1069 1792 ulchrum
1093 1757 1210 1793 aliae²
1234 1768 1318 1792 con-

232 1805 252 1837 2
300 1802 508 1838 versationis
533 1812 636 1836 usum
661 1801 825 1847 accipiat.
903 1806 1024 1838 raetor
1042 1803 1110 1838 ait:
1136 1802 1251 1847 ‘Quod
1261 1802 1318 1837 fu-

233 1848 341 1883 ‘neris
373 1857 483 1882 causa
514 1851 676 1892 sumptus
707 1846 851 1883 factus³
875 1847 960 1891 erit,
992 1847 1067 1883 eius
1098 1848 1319 1894 reciperandi

233 1892 386 1928 ‘nomine
408 1892 445 1927 in
470 1902 568 1935 eum,
601 1892 648 1927 ad
671 1903 776 1937 quem
799 1902 842 1928 ea
863 1903 921 1928 res
944 1893 1118 1938 pertinet,
1149 1893 1319 1929 iudicium

233 1941 252 1973 3
301 1937 430 1972 ‘dabo.’
477 1937 555 1972 Hoc
569 1937 722 1973 edictum
734 1938 829 1973 iusta
842 1948 885 1973 ex
897 1948 1007 1974 causa
1018 1939 1240 1984 propositum
1253 1942 1319 1981 est,

233 1986 273 2018 ut
296 1983 356 2028 qui
378 1982 556 2018 funeravit
584 1987 820 2028 persequatur
851 1982 889 2018 id
919 1983 1015 2028 quod
1046 1984 1234 2029 impendit:
1268 1984 1319 2019 sic

233 2028 324 2063 enim
347 2027 441 2070 fieri,
474 2038 519 2063 ne
548 2028 727 2073 insepulta
759 2038 912 2073 corpora
942 2029 1101 2064 iacerent
1130 2039 1218 2065 neve
1242 2029 1319 2074 quis

233 2076 253 2108 4
300 2072 344 2108 de
377 2073 491 2108 alieno
526 2073 721 2108 funeretur.
770 2073 895 2109 Funus
930 2077 1051 2109 autem
1083 2084 1164 2109 eum
1199 2074 1320 2109 facere

233 2122 392 2163 oportet,
425 2128 528 2163 quem
552 2118 726 2154 decedens
751 2118 872 2163 elegit:
905 2119 968 2154 sed
992 2119 1022 2154 si
1046 2129 1118 2154 non
1141 2119 1200 2154 ille
1221 2119 1318 2161 fecit,

233 2164 366 2198 nullam
390 2173 467 2198 esse
490 2163 595 2198 huius
619 2164 671 2199 rei
694 2173 864 2209 poenam,
889 2164 956 2199 nisi
980 2164 1136 2209 aliquid⁴
1159 2175 1224 2209 pro
1249 2164 1319 2199 1100

234 2209 507 2244 emolumentum
532 2209 563 2243 ei
587 2209 748 2244 relictum
773 2212 844 2244 est:
869 2212 957 2244 tunc
981 2210 1085 2251 enim,
1109 2209 1139 2245 si
1162 2219 1235 2244 non
1254 2219 1318 2254 pa-

232 2254 345 2289 ruerit
367 2253 540 2288 voluntati
564 2253 743 2297 defuncti,
775 2254 820 2289 ab
845 2254 914 2290 hoc
936 2254 1129 2300 repellitur.
1167 2255 1223 2290 sin
1254 2264 1318 2289 au·

231 2303 303 2334 tem
327 2299 371 2334 de
394 2299 463 2334 hac
485 2309 525 2334 re
549 2298 737 2335 defunctus
761 2310 834 2334 non
866 2299 959 2334 cavit
988 2309 1055 2336 nec
1085 2299 1147 2335 ulli
1179 2299 1318 2345 delega-

231 2348 308 2379 tum
331 2343 368 2378 id
390 2354 519 2379 munus
544 2348 610 2387 est,
634 2344 788 2390 scriptos
812 2344 961 2380 heredes
987 2354 1029 2380 ea
1048 2355 1106 2380 res
1127 2344 1317 2390 contingit:

233 2390 263 2424 si
287 2399 388 2424 nemo
413 2389 569 2435 scriptus
589 2393 654 2432 est,
678 2390 850 2434 legitimos
870 2390 924 2425 vel
945 2393 1134 2435 cognatos:
1159 2400 1248 2435 quos
1274 2400 1320 2425 ue

232 2438 252 2468 5
301 2444 365 2469 suo
391 2434 515 2470 ordine
538 2445 608 2480 quo
633 2435 842 2470 succedunt.
891 2434 1061 2480 Sumptus
1073 2435 1209 2470 funeris
1221 2445 1262 2470 ar
1287 2435 1317 2469 i-

232 2482 253 2514 6
300 2483 441 2514 trantur
453 2490 518 2524 pro
531 2480 764 2515 facultatibus
775 2480 830 2515 vel
843 2480 1013 2525 dignitate
1025 2480 1194 2516 defuncti.
1208 2480 1318 2515 Prae-

234 2529 290 2559 tor
319 2525 374 2559 vel
405 2525 632 2570 magistratus
663 2525 887 2570 municipalis
911 2525 958 2560 ad
980 2525 1089 2560 funus
1113 2526 1319 2571 sumptum⁵

234 2570 421 2605 decernere
446 2570 561 2612 debet,
586 2571 616 2606 si
640 2570 781 2616 quidem
805 2575 860 2606 est
882 2571 1035 2615 pecunia
1053 2571 1091 2606 in
1110 2570 1318 2613 hereditate,

233 2615 301 2648 ex⁶
324 2615 494 2658 pecunia:
526 2615 556 2650 si
580 2626 652 2650 non
677 2619 749 2658 est,
782 2615 980 2651 distrahere
1004 2616 1110 2651 debet
1133 2626 1194 2658 ea,
1227 2626 1319 2660 quae

232 2663 391 2703 tempore
413 2660 571 2704 peritura
594 2664 696 2703 sunt,
720 2661 870 2705 querum
893 2661 1043 2696 retentio
1069 2664 1194 2696 onerat
1215 2660 1317 2696 here-

234 2703 396 2739 ditatem:
433 2705 463 2739 si
494 2706 631 2748 minus,
664 2706 694 2741 si
726 2705 810 2751 quid
845 2706 924 2741 auri
958 2706 1164 2751 argentique
1197 2705 1316 2748 fuerit,

233 2748 382 2784 distrahi
405 2754 469 2785 aut
487 2751 663 2795 pignerari
681 2751 828 2793 iubebit,
853 2755 894 2786 ut
913 2752 1067 2796 pecunia
1088 2750 1315 2796 expediatur:

282 2791 331 2831 13
360 2794 481 2830 GAIUS
509 2796 599 2831 libro
630 2807 726 2831 nono
757 2796 893 2832 decimo
925 2796 975 2831 ad
997 2796 1150 2832 edictum
1166 2797 1318 2843 provin-

233 2839 323 2874 ciale
367 2840 421 2874 vel
445 2850 468 2874 a
491 2840 710 2876 debitoribus
735 2841 765 2876 si
789 2840 896 2877 facile
918 2841 1009 2886 exigi
1031 2841 1157 2887 possit.

282 2882 331 2920 14
363 2883 555 2920 memus
583 2886 674 2921 libro
705 2887 895 2922 vicensimo
919 2887 1045 2932 quinto
1069 2886 1119 2922 ad
1140 2886 1317 2922 edictum⁷

233 2929 284 2963 Et
306 2928 336 2964 si
360 2929 438 2974 quis
462 2930 631 2974 impediat
653 2941 734 2966 eum
755 2932 815 2976 qui
836 2932 931 2973 emit,
957 2942 1027 2977 quo
1056 2931 1172 2966 minus
1201 2931 1233 2966 ei
1260 2941 1317 2966 res

233 2973 442 3015 tradantur,
503 2980 676 3011 raetorem
710 2977 922 3012 intervenire
957 2979 1122 3022 oportere
1156 2976 1319 3021 tuerique

233 3018 434 3053 huiusmodi
485 3024 601 3054 actum
638 3022 668 3056 si
704 3021 787 3066 quid
820 3021 991 3067 impediat
1024 3032 1094 3067 quo
1133 3021 1250 3056 minus
1287 3022 1318 3056 ei

237 3067 249 3098 1
300 3073 358 3099 res
380 3063 542 3099 venditae
564 3065 751 3101 tradantur
763 3067 786 3101 ⁸.
835 3066 872 3102 Si
907 3067 1054 3102 colonus
1089 3066 1143 3102 vel
1177 3066 1317 3111 inquili-

233 3118 301 3143 nus
333 3108 380 3143 sit
408 3108 439 3144 is
495 3109 531 3143 ui
563 3115 721 3146 mortuus
754 3115 807 3146 081
838 3122 904 3147 000
936 3112 983 3147 811
1005 3111 1100 3146 unde
1121 3111 1317 3153 funeretur,

233 3164 277 3188 ex
299 3153 447 3189 invectis
472 3154 483 3188 i
510 3154 577 3189 atis
602 3165 680 3190 eum
699 3155 935 3191 funerandum
955 3156 1174 3202 Pomponius
1194 3156 1319 3191 scribit

232 3202 269 3234 et
298 3198 329 3233 si
364 3198 447 3243 quid
483 3199 700 3250 superfluum
735 3202 964 3244 remanserit,
999 3202 1069 3237 hoc
1100 3211 1166 3247 pro
1198 3200 1318 3236 debita

232 3243 402 3288 pensione
424 3247 546 3278 tenen.
584 3244 645 3279 sed
670 3250 705 3279 et
736 3245 764 3280 si
797 3256 853 3281 res
884 3247 1021 3291 legatae
1051 3246 1123 3282 sint
1154 3256 1176 3281 a
1206 3250 1316 3281 testa-

232 3294 310 3324 tore
333 3287 378 3323 de
401 3288 503 3323 cuius
525 3288 650 3324 funere
674 3290 790 3334 agitur
820 3301 886 3326 nec
917 3291 964 3326 sit
996 3291 1091 3327 unde
1120 3290 1317 3332 funeretur‚

233 3333 278 3368 ad
310 3343 372 3368 eas
403 3343 546 3379 quoque
577 3335 728 3368 manus⁹
757 3335 896 3371 mittere
927 3340 1087 3382 oportet:
1119 3335 1233 3371 satius
1264 3339 1319 3371 est

233 3378 325 3413 enim
345 3377 390 3413 de
409 3388 475 3414 suo
495 3382 702 3414 testatorem
723 3379 892 3422 funerari,
917 3391 1023 3426 quam
1045 3381 1184 3427 aliquos
1202 3380 1318 3426 legata

232 3423 414 3468 consequi.
449 3422 513 3459 sed
528 3424 556 3445 ¹⁰
578 3423 608 3459 81
632 3423 730 3458 adita
751 3424 859 3460 fuerit
880 3430 1007 3470 postea
1029 3426 1229 3468 hereditas,
1260 3435 1317 3460 res

232 3468 385 3513 emptori
408 3467 642 3504 auferenda¹¹
667 3478 737 3503 non
762 3473 834 3509 est,
866 3470 950 3514 quia
981 3471 1098 3506 bonae
1128 3470 1211 3506 fidei
1233 3480 1317 3515 pos-

232 3585 271 3624 (1)
297 3592 364 3615 non
377 3584 437 3616 ins.
451 3582 494 3615 F*
619 3584 662 3622 (2)
687 3581 816 3614 alienae
829 3583 903 3615 dett.

236 3630 278 3667 (Δ)
303 3627 439 3669 aliquod
455 3627 535 3661 Hal.
629 3629 672 3669 (5)
697 3630 849 3670 sumptus
862 3627 904 3659 F¹

233 3675 276 3714 (Ἰ)
295 3685 380 3715 para
394 3677 410 3711 5
425 3680 438 3706 1
451 3688 495 3701 =
506 3672 551 3706 D.
566 3673 677 3713 5o,1·1‚
691 3678 741 3708 ¹³7

232 3719 370 3760 repetita
382 3729 421 3751 ez·
428 3729 539 3760 praec.
553 3718 615 3751 del,

1022 3587 1064 3625 (3)
1089 3583 1214 3616 sactum
1227 3583 1307 3617 HaL

1010 3630 1053 3670 (6)
1079 3631 1131 3670 ex]
1144 3638 1184 3661 ex
1197 3639 1236 3661 ea
1247 3641 1310 3662 scr.

754 3717 798 3757 (8)
822 3725 923 3749 manu
934 3718 978 3751 F·
1122 3719 1183 3759 (io)
1206 3721 1241 3751 ot
1251 3719 1312 3752 ins.

1322 98 1399 148 156

1381 3585 1435 3624 (11)
1460 3583 1640 3616 auferendo
1653 3582 1686 3615 F

876 3673 920 3712 (8)
946 3673 974 3704 si
988 3674 1069 3715 quid
1079 3697 1087 3705 .
1097 3698 1104 3705 .
1117 3697 1125 3704 .
1136 3672 1313 3706 tradantur
1380 3641 1518 3716 ἵζ’-10310
1527 3672 1652 3706 mortui
1663 3684 1726 3706 ser.
1743 3701 1771 3723 t
1785 3673 1845 3714 (15)
1868 3671 1968 3704 debet
1978 3671 2104 3704 etenim
2114 3683 2177 3704 scr.

2503 64 2528 85 i,

2132 116 2191 148 ΒΕ
2219 117 2465 153 nummosls

1389 234 1510 261 sessor
1532 226 1589 260 est
1610 227 1647 261 et
1669 225 1860 261 dominium
1885 226 1993 262 habet
2006 226 2051 268 ¹¹,
2085 227 2146 272 qui
2177 230 2324 263 auctore
2352 227 2468 265 iudice

1389 270 1618 315 comparavit.
1652 270 1859 316 legatarium
1878 276 1998 307 tamen
2017 271 2134 317 legato
2148 281 2269 308 carere
2281 282 2352 308 non
2363 283 2466 319 opor·

1388 319 1458 357 tet,
1483 314 1514 350 si
1536 318 1655 359 potest
1676 315 1850 351 indemnis
1875 316 1920 351 ab
1944 316 2074 352 herede
2095 317 2287 362 praestari:
2321 317 2417 363 quod
2438 319 2468 355 si

1388 370 1461 396 non
1485 364 1614 404 potest,
1638 360 1763 396 melius
1787 366 1842 396 081
1865 361 2072 407 legatarium
2095 372 2168 397 non
2190 361 2340 404 lucrari,
2364 372 2469 407 quam

1389 407 1409 439 2
1457 410 1649 449 emptorem
1669 405 1798 442 damno
1819 406 1934 442 adfici.
1983 406 2020 442 Si
2044 407 2102 442 cui
2119 406 2254 442 funeris
2274 407 2329 442 sui
2349 417 2469 443 curam

1388 452 1540 484 testator
1562 449 1782 486 mandaverit
1800 455 1837 486 et
1855 451 1915 486 1110
1933 456 2083 496 accepta
2101 452 2254 497 pecunia
2272 451 2380 488 funus
2398 462 2469 488 non

1389 493 1539 536 duxerit,
1561 494 1605 529 de
1617 494 1697 531 dolo
1711 496 1886 532 actionem
1898 496 1935 531 in
1946 506 2027 532 eum
2039 496 2192 532 dandam
2203 496 2299 531 Mela
2310 497 2467 542 scripsit:

1389 538 1495 575 credo
1527 543 1645 575 tamen
1675 544 1712 575 et
1734 544 1836 576 extra
1858 541 2017 576 ordinem
2041 552 2121 577 eum
2144 552 2167 576 a
2189 546 2352 587 praetore
2376 552 2469 577 com-

1389 586 1409 619 3
1456 583 1657 629 pellendum
1680 584 1789 620 funus
1813 586 1951 621 ducere.
2000 586 2151 622 Funeris
2176 597 2286 622 causa
2309 590 2469 632 sumptus

1390 628 1510 664 factus
1534 629 1672 664 videtur
1694 630 1724 665 is
1749 630 1907 673 demum,
1933 631 1993 676 qui
2015 631 2095 666 ideo
2118 631 2188 666 fuit
2210 635 2251 666 ut
2274 631 2382 666 funus
2405 630 2469 666 du-

1391 675 1554 717 cutm-¹³,
1587 674 1663 710 sine
1687 685 1756 720 quo
1779 675 1888 711 funus
1912 676 1994 711 duci
2017 687 2090 711 non
2112 676 2244 721 possit,
2269 680 2309 712 ut
2356 679 2420 711 uta
2442 676 2471 712 si

1389 719 1474 765 quid
1509 719 1556 754 im
1583 729 1706 755 ensum
1738 724 1794 756 081
1822 721 1860 755 10
1891 721 2078 756 elationem
2101 721 2248 756 mortui:
2281 731 2319 757 se

1413 764 1475 799 uid
1497 764 1533 799 in
1570 775 1674 800 ocum
1696 764 1805 801 fuerit
1828 770 2021 810 erogatum,
2046 767 2083 801 in
2106 776 2210 811 quem
2233 770 2394 802 mortuus
2417 766 2470 802 in-

1405 812 1559 853 erretur,
1594 810 1728 846 funeris
1753 821 1863 846 causa
1885 811 1995 846 videri
2018 811 2214 856 impensum
2238 811 2359 846 Labeo
2385 811 2470 846 scri-

1389 854 1459 896 bit,
1491 854 1576 900 quia
1607 855 1806 891 necessario
1838 856 1938 891 locus
1970 861 2139 900 paratur,
2171 856 2208 891 in
2240 866 2309 901 quo
2342 866 2470 901 corpus

1389 902 1410 934 4
1457 899 1632 935 000(111111·.
1679 900 1845 946 lmpensa
1892 911 2012 953 eregre
2023 901 2153 936 mortui
2165 911 2256 946 quae
2268 900 2366 936 facta
2379 906 2432 935 est
2445 902 2470 921 ¹¹¹

1389 947 1430 979 ut
1449 955 1579 989 corpus
1598 944 1825 990 perferretur,
1850 912 1985 981 ffinens
2004 949 2068 988 est,
2088 946 2171 981 licet
2190 945 2346 981 nondum
2366 945 2470 980 homo

1389 989 1592 1024 funeratur:
1624 989 1787 1035 idemque
1819 994 1855 1025 et
1885 990 1915 1025 si
1938 990 2023 1036 quid
2047 990 2093 1026 ad
2118 1001 2244 1036 corpus
2270 990 2470 1026 custodien-

1390 1034 1474 1070 dum
1489 1035 1543 1070 vel
1565 1034 1670 1070 etiam
1691 1035 2009 1071 commendandum
2027 1035 2163 1071 factum
2183 1037 2240 1077 sit,
2263 1036 2318 1071 vel
2337 1036 2367 1071 si
2387 1035 2470 1080 quid

1390 1083 1409 1114 5
1457 1080 1494 1115 in
1517 1090 1672 1115 marmor
1694 1081 1748 1115 vel
1770 1084 1903 1116 vestem
1935 1081 2191 1116 collocandam.
2239 1081 2322 1117 Non
2353 1085 2470 1116 autem

1390 1128 1530 1204 ofiortet
1564 1129 1772 1160 ornamenta
1803 1136 1883 1161 cum
1916 1126 2124 1171 corporibus
2156 1126 2263 1162 condi
2293 1136 2358 1161 nec
2389 1126 2471 1171 quid

1390 1179 1411 1204 a
1427 1169 1486 1205 ‘ud
1517 1170 1736 1212 huiusmodi,
1769 1170 1864 1215 quod
1886 1171 2046 1206 homines
2069 1171 2299 1216 simpliciores
2323 1170 2470 1206 faciunt.

1390 1218 1410 1250 6
1456 1215 1556 1250 Haec
1580 1215 1673 1251 actio
1698 1226 1790 1260 quae
1812 1215 1994 1251 funeraria
2017 1216 2146 1251 dicitur
2169 1227 2212 1252 ex
2235 1217 2329 1251 bono
2354 1220 2390 1251 et
2413 1226 2471 1251 ae-

1390 1271 1459 1305 quo
1485 1260 1613 1295 oritur:
1640 1261 1797 1295 continet
1820 1265 1937 1296 autem
1961 1261 2096 1296 funeris
2117 1272 2227 1297 causa
2246 1266 2386 1297 tantum
2406 1261 2471 1296 im-

1389 1315 1555 1350 pensam,
1591 1316 1663 1340 non
1699 1306 1804 1340 etiam
1839 1310 2038 1342 ceterorum
2068 1311 2284 1359 sumptuum.
2321 1316 2471 1351 aequum

1390 1354 1508 1385 autem
1532 1351 1708 1395 accipitur
1731 1361 1774 1386 ex
1798 1350 1968 1395 dignitate
1991 1352 2066 1387 eius
2098 1363 2159 1406 qm
2188 1351 2375 1387 funeratus
2406 1355 2472 1392 est,

1390 1405 1433 1430 ex
1457 1405 1577 1437 causa,
1602 1405 1647 1430 ex
1669 1400 1829 1440 tempore
1853 1400 1889 1431 et
1912 1406 1954 1432 ex
1978 1397 2072 1432 bona
2093 1397 2174 1439 fide,
2199 1400 2240 1432 ut
2258 1406 2372 1441 neque
2391 1396 2471 1441 plus

1388 1441 1582 1486 imputetur
1613 1445 1775 1486 sumptus
1808 1441 1948 1477 nomine
1979 1452 2084 1486 quam
2114 1441 2249 1477 factum
2282 1445 2336 1477 est
2359 1451 2473 1486 neque

1388 1490 1527 1520 tantum
1551 1489 1724 1531 quantum
1746 1486 1882 1522 factum
1901 1491 1965 1529 est,
1990 1487 2020 1522 si
2037 1487 2224 1522 immodice
2243 1487 2378 1522 factum
2399 1490 2470 1521 est:

1389 1530 1534 1566 deberet
1554 1531 1646 1566 enim
1660 1532 1690 1575 ¹⁶,
1706 1531 1832 1567 haberi
1850 1532 1940 1567 ratio
1960 1531 2184 1568 facultatium
2205 1532 2291 1574 eius,
2311 1532 2348 1566 in
2369 1541 2470 1576 quem

1388 1576 1524 1611 factum
1555 1580 1626 1619 est,
1663 1579 1699 1612 et
1729 1577 1840 1622 ipsius
1870 1578 1941 1619 rei,
1976 1587 2067 1622 quae
2096 1578 2191 1612 ultra
2222 1577 2364 1613 modum
2396 1576 2472 1611 sine

1390 1631 1500 1656 causa
1533 1622 1762 1657 consumitur.
1800 1622 1884 1667 quid
1915 1632 1953 1657 er
1976 1633 1996 1657 ο
2029 1623 2060 1657 si
2093 1633 2136 1657 ex
2159 1622 2340 1658 voluntate
2362 1625 2471 1657 testa-

1389 1666 1476 1702 toris
1507 1666 1705 1712 impensum
1736 1668 1815 1702 est?
1857 1667 1954 1703 scien
1979 1679 2037 1702 um
2075 1672 2128 1702 est
2158 1677 2225 1703 nec
2256 1667 2471 1703 voluntatem

1388 1712 1624 1757 sequendam,
1655 1712 1686 1747 si
1717 1722 1773 1747 res
1799 1712 2001 1758 egrediatur
2022 1713 2153 1748 iustam
2176 1716 2339 1758 sumptus
2363 1712 2471 1747 ratio-

1389 1767 1487 1800 nem,
1522 1767 1587 1801 pro
1620 1757 1724 1793 modo
1756 1762 1875 1793 autem
1911 1757 2137 1793 facultatium
2172 1768 2249 1793 sum
2276 1762 2351 1793 tum
2383 1756 2470 1792 fleri.

1390 1805 1408 1836 7
1457 1802 1527 1838 Sed
1561 1802 1737 1837 interdum
1771 1803 1820 1845 is,
1856 1803 1916 1855 qui
1951 1807 2130 1848 sumptum
2164 1803 2202 1838 in
2252 1813 2345 1838 unus
2377 1801 2469 1843 fecit,

1389 1851 1568 1893 sumptum
1588 1858 1659 1883 non
1679 1847 1815 1892 recipit,
1840 1858 1870 1883 81
1893 1848 2034 1892 pietatis
2057 1848 2172 1892 gratia
2194 1847 2289 1890 fecit,
2313 1857 2385 1883 non
2403 1847 2471 1882 hoc

1389 1892 1506 1927 animo
1531 1893 1633 1937 quasi
1655 1897 1865 1938 recepturus
1889 1897 2067 1938 sumptum
2092 1903 2196 1938 quem
2218 1892 2322 1928 fecit:
2357 1896 2393 1928 et
2421 1892 2473 1926 ita

1388 1938 1582 1983 imperator
1614 1941 1736 1973 noster
1766 1938 1960 1983 rescripsit.
1997 1938 2104 1983 igitur
2127 1938 2384 1973 aestimandum
2408 1937 2474 1972 erit

1389 1983 1522 2018 arbitro
1548 1987 1584 2018 et
1606 1983 1907 2028 perpendendum,
1931 1993 2001 2028 quo
2026 1983 2142 2018 animo
2167 1987 2330 2028 sumptus
2354 1982 2472 2017 factus

1389 2029 1452 2071 sit,
1487 2031 1606 2063 utrum
1639 2028 1819 2073 negotium
1851 2029 1928 2080 quis
1963 2028 2017 2063 vel
2053 2028 2213 2064 defuncti
2245 2028 2299 2063 vel
2333 2027 2472 2063 heredis

1387 2073 1478 2117 gerit
1506 2073 1563 2108 vel
1591 2073 1703 2118 ipsius
1734 2073 1984 2115 humamtatis,
2020 2083 2066 2108 an
2097 2084 2180 2109 vero
2211 2072 2472 2108 misericordiae

1388 2118 1443 2153 vel
1465 2118 1590 2163 pietati
1613 2118 1773 2153 tribuens
1797 2119 1851 2154 vel
1875 2118 2065 2153 affectioni.
2101 2122 2220 2164 potest
2251 2124 2370 2153 tamen
2401 2117 2470 2152 dis-

1388 2163 1500 2208 tingui
1511 2168 1547 2198 et
1565 2163 1827 2199 misericordiae
1845 2164 1983 2206 modus,
2007 2167 2048 2198 ut
2065 2163 2103 2198 in
2121 2164 2191 2199 hoc
2210 2163 2319 2198 fuerit
2336 2161 2471 2198 miseri-

1390 2218 1469 2244 cors
1492 2208 1546 2243 vel
1568 2209 1650 2261 pius
1674 2208 1734 2254 qui
1757 2208 1951 2251 funeravit,
1975 2212 2015 2244 ut
2039 2219 2119 2244 eum
2142 2209 2326 2254 sepeliret,
2350 2218 2396 2243 ne
2417 2207 2471 2242 in-

1389 2253 1549 2298 sepultus
1572 2258 1716 2295 1000101,
1741 2264 1813 2289 000
1837 2253 1944 2288 etiam
1968 2258 2008 2289 ut
2031 2264 2096 2289 suo
2121 2258 2264 2298 sumptu
2287 2252 2469 2288 fecerit¹⁶z

1380 2298 1484 2343 ,quod
1507 2298 1538 2333 si
1560 2298 1669 2333 iudici
1691 2298 1844 2343 liqueat,
1877 2309 1948 2334 non
1981 2298 2087 2334 debet
2119 2309 2199 2334 eum
2222 2298 2282 2343 qui
2306 2297 2470 2334 conveni-

1387 2348 1447 2379 tur
1470 2343 1671 2379 absolvere:
1697 2344 1775 2389 quis
1800 2343 1891 2378 enim
1915 2344 1991 2379 sine
2032 2343 2149 2380 ietatis
2170 2343 2366 2379 intentione
2385 2342 2470 2378 alie-

1387 2399 1472 2424 num
1497 2388 1650 2424 cadaver
1671 2388 1841 2424 funerat?
1875 2393 2001 2434 oporte
2026 2389 2055 2424 it
2076 2389 2184 2434 igitur
2206 2388 2341 2430 testari,
2367 2398 2469 2433 quem

1388 2444 1458 2479 quo
1483 2434 1600 2469 animo
1623 2433 1786 2476 funerat,
1818 2444 1864 2469 ne
1886 2438 2013 2479 postea
2035 2435 2195 2479 patiatur
2217 2433 2469 2479 quaestionem.

1388 2481 1408 2515 8
1454 2478 1549 2514 Pleri
1574 2489 1620 2514 ue
1642 2479 1705 2514 filii
1729 2489 1811 2514 cum
1832 2484 1998 2524 parentes
2023 2489 2107 2514 8008
2130 2479 2310 2520 funerant,
2333 2478 2388 2514 vel
2412 2477 2470 2512 alii

1387 2524 1447 2570 qui
1469 2524 1554 2559 here
1581 2534 1618 2559 es
1648 2523 1726 2559 fieri
1756 2528 1925 2569 possunt,
1960 2524 2044 2559 licet
2074 2534 2117 2560 ex
2148 2524 2218 2559 hoc
2248 2524 2326 2568 ipso
2357 2532 2471 2568 neque

1386 2579 1451 2615 pro
1476 2569 1604 2604 herede
1625 2569 1738 2614 gestio
1752 2570 1779 2590 ¹⁷
1802 2579 1917 2614 neque
1941 2569 2049 2621 aditio
2073 2569 2329 2614 praesumitur,
2353 2572 2470 2602 tamen
2524 2600 2528 2614 ζ

1386 2624 1432 2650 ne
1454 2614 1510 2649 vel
1533 2614 1717 2650 miscuisse
1741 2615 1820 2650 se¹⁸
1842 2624 2034 2650 0000880111
2057 2614 2111 2649 vel
2137 2613 2244 2649 ceteri
2259 2624 2325 2659 pro
2342 2611 2471 2648 herede

1386 2660 1539 2704 gessisse
1560 2659 1757 2702 videantur,
1782 2660 1896 2695 solent
1914 2660 2038 2694 testari
2057 2659 2198 2704 pietatis
2217 2658 2333 2704 gratia
2351 2657 2471 2693 facere

2375 725 2411 756 et
2441 721 2471 756 si
2525 763 2528 767 Ι

1388 2714 1426 2740 80
1449 2714 1487 2739 80
1513 2704 1678 2739 01101010.
1715 2704 1811 2749 quod
1841 2705 1871 2740 si
1886 2705 1914 2725 ¹⁹
1943 2714 2163 2749 supervacuo
2194 2703 2302 2739 fuerit
2322 2703 2469 2744 factum,
2514 2722 2518 2743 ;

1387 2750 1434 2785 ad
1459 2749 1466 2756 ‘
1495 2749 1542 2784 ud
1566 2759 1605 2785 se
1627 2749 1765 2785 munire
1786 2749 1961 2792 videntur,
1986 2759 2031 2784 ne
2053 2749 2237 2784 miscuisse
2260 2759 2298 2784 se
2321 2747 2468 2784 credan-
2520 2777 2525 2782 .

1386 2799 1455 2837 tur,
1480 2794 1527 2829 ad
1549 2794 1637 2830 illud
1660 2805 1743 2837 non,
1767 2798 1809 2830 ut
1831 2798 2009 2840 sumptum
2034 2798 2314 2839 consequantur:
2330 2793 2470 2846 *quipp-e

1386 2843 1634 2885 protestantur
1656 2839 1799 2885 pietatis
1821 2840 1936 2884 gratia
1957 2839 1994 2874 id
2018 2849 2056 2874 se
2078 2839 2208 2875 facere.
2245 2839 2383 2884 plenius
2405 2847 2468 2882 131-
2514 2839 2515 2843 ’

1386 2889 1447 2920 101
1470 2895 1530 2920 008
1554 2885 1680 2920 1081011
1703 2888 1863 2930 oportet,
1896 2889 1937 2919 ut
1968 2888 2004 2919 et
2033 2888 2211 2929 sumptum
2234 2883 2373 2929 possint
2395 2892 2468 2918 ser-

1387 2933 1408 2965 9
1454 2939 1549 2965 vare.
1597 2929 1778 2965 Fortassis
1803 2929 1881 2975 quis
1905 2929 2020 2974 possit
2042 2929 2160 2964 dicere
2181 2928 2356 2964 interdum
2386 2937 2467 2973 par-

1386 2979 1458 3010 tem
1481 2978 1645 3020 sumptus
1667 2974 1756 3010 facti
1778 2985 1883 3020 posse
1901 2974 2102 3019 reciperari,
2127 2977 2168 3009 ut
2187 2973 2266 3019 quis
2285 2983 2350 3019 pro
2367 2975 2469 3025 parte
2507 2974 2528 3021 j}

1410 3019 1488 3055 uasi
1519 3020 1698 3065 negotium
1719 3030 1863 3065 gerens,
1895 3030 1960 3064 pro
1994 3023 2096 3065 parte
2125 3018 2269 3064 pietatis
2291 3021 2408 3063 gratia
2429 3015 2465 3052 id

1402 3065 1518 3100 aciat:
1544 3064 1640 3110 quod
1664 3068 1718 3100 est
1740 3064 1875 3100 verius:
1906 3068 2044 3110 partem
2056 3063 2173 3116 ‘igitur
2196 3067 2358 3108 sumptus
2383 3072 2466 3098 con·
2507 3073 2528 3104 τ.ᾂλ

1389 3113 1429 3145 10
1476 3114 1662 3155 sequetur,
1688 3120 1791 3154 quem
1815 3119 1887 3145 11011
1910 3109 2066 3145 donandi
2089 3119 2206 3144 ammo
2228 3107 2325 3143 fecit.
2372 3105 2467 3142 Iudi·
2504 3109 2525 3150 j?

1387 3165 1475 3196 cem,
1496 3155 1556 3200 qui
1577 3155 1620 3190 de
1633 3165 1675 3190 ea
1687 3155 1865 3200 aequitate
1882 3154 2074 3200 cognoscit,
2095 3153 2270 3189 interdum
2289 3155 2466 3203 sumptum
2511 3154 2527 3199 {fij

1386 3199 1529 3235 omnino
1560 3210 1633 3235 non
1664 3199 1793 3235 debere
1824 3199 2009 3235 admittere
2043 3198 2218 3234 modicum
2248 3197 2403 3239 factum,
2437 3205 2466 3230 81

1384 3244 1479 3280 forte
1501 3245 1538 3279 in
1563 3245 1812 3280 contumeliam
1836 3244 1994 3280 defuncti
2014 3243 2164 3279 hominis
2183 3243 2369 3295 locupletis
2392 3250 2465 3276 mo·
2499 3245 2523 3284 ·ζ’

1386 3289 1486 3324 dicus
1510 3289 1629 3325 factus
1652 3290 1716 3325 sit:
1749 3300 1831 3324 nam
1853 3300 1925 3325 non
1950 3288 2055 3324 debet
2077 3288 2183 3323 huius
2206 3291 2379 3323 rationem
2401 3286 2465 3321 ha-
2509 3318 2523 3325 ,,

1385 3334 1489 3376 11010,
1514 3345 1595 3369 cum
1619 3334 1867 3370 contumeliam
1891 3333 2058 3369 defuncto
2081 3333 2210 3368 fecisse
2231 3332 2392 3368 videatur
2413 3330 2464 3365 ita

1388 3381 1423 3413 11
1475 3389 1554 3414 eum
1577 3378 1786 3431 funerando.
1835 3378 1981 3431 Siquis,
2004 3377 2088 3413 dum
2108 3388 2146 3429 se
2166 3377 2331 3429 heredem
2350 3378 2464 3429 putat,
2499 3406 2510 3428 ‚³

1384 3427 1522 3469 patrem
1544 3422 1697 3459 familias
1715 3423 1941 3465 funeraverit,
1965 3422 2147 3458 funerans.
2165 3426 2304 3458 actione
2322 3425 2375 3457 uti
2394 3429 2464 3456 non

1386 3468 1527 3513 poterit,
1552 3468 1635 3513 quia
1659 3478 1730 3503 non
1753 3469 1822 3504 hoc
1845 3468 1962 3503 animo
1986 3467 2073 3503 fecit
2102 3467 2205 3513 quasi
2228 3467 2381 3502 alienum
2402 3473 2464 3501 ne-

1542 3630 1601 3670 (18)
1626 3626 1985 3670 quiideo...ducatur
1997 3627 2058 3660 del.
2130 3627 2189 3667 (u)
2214 3636 2299 3668 quae
2311 3626 2403 3659 taeta
2414 3628 2465 3659 est

2247 3672 2307 3713 ((0)
2331 3670 2462 3711 secent]

1385 3717 1543 3761 sepeliret
1553 3729 1616 3752 m.
1681 3717 1740 3759 (ιτ)
1752 3716 1876 3760 gei-itio
1887 3717 1922 3750 F
1980 3718 2040 3757 (18)
2053 3726 2088 3749 se
2100 3728 2159 3749 om.
2171 3716 2215 3750 Ρ
2271 3718 2330 3755 (19)
2342 3715 2393 3749 nio
2401 3716 2462 3749 ine.

1758 3583 1817 3622 (12)
1842 3586 1876 3614 et
1888 3581 2072 3614 dominium
2086 3580 2291 3615 habetabat
2301 3594 2323 3615 a
2333 3582 2380 3615 D.
2395 3581 2462 3615 loeo
2495 3589 2516 3600 ⁶'
