2528 3918
167 140 258 184 1³2

674 265 750 304 11¹.

277 332 340 366 DE
363 331 704 365 DEGURIONIBUS
727 330 789 365 ET
811 330 952 365 FILIIS
976 330 1146 364 EORUM.

217 397 235 437 1
270 398 466 436 vannus
487 397 578 434 libro
598 395 758 433 seoundo
777 397 987 444 opinionum
1022 396 1256 440 Demriones,

167 441 1258 534 “h1⁸⁶⁶¹¹t.m131¹33⁸²3.0⁰2ffini?ffl3¹55550{0¹}52213

894 514 903 531 2

168 535 246 571 ciae
273 534 313 571 in
342 534 499 581 patrium
530 533 647 569 solum
674 542 844 569 revocare
876 536 912 568 et
934 532 1141 568 muneribus
1172 542 1256 567 con-

165 579 376 625 gruentibus
399 579 502 624 fungi
525 579 660 615 curet².

214 622 240 663 2
264 624 372 661 Imm
393 624 483 660 libro
500 624 625 671 primo
649 622 959 677 disputationum⁸
1006 622 1074 667 Qui
1097 622 1145 658 ad
1167 625 1257 658 tem-

167 681 237 717 pus
255 670 435 715 relegatus
457 673 522 713 est,
548 669 579 705 si
598 668 742 705 decurio
763 668 819 712 sit,
844 668 982 703 desinet
1002 678 1081 704 esse
1101 668 1256 703 decurio.

167 725 331 752 reversus
361 715 470 761 plane
499 714 619 750 locum
650 724 754 749 suum
787 713 928 758 quidem
966 724 1039 749 non
1070 713 1257 758 optinebit,

167 761 232 799 sed
254 771 327 797 non
350 770 492 807 semper
513 759 726 806 prohibetur
750 758 892 794 decurio
916 758 1005 794 fieri.
1047 758 1197 812 denique
1221 758 1258 793 in

166 807 287 843 locum
316 816 422 842 suum
452 815 526 841 non
555 804 766 840 restituetur
790 806 885 846 (nam
910 807 945 838 et
974 803 1112 849 sublegi
1142 814 1181 838 1n
1205 803 1257 838 lo-

168 862 251 888 cum
282 851 358 888 eius
387 853 521 897 potest)
553 854 590 885 et
619 850 650 885 si
682 859 850 885 numerus
881 848 1015 885 ordinis
1046 849 1175 894 plenus
1199 849 1257 892 sit,

168 900 378 943 exspectare
417 906 499 932 eum
535 898 694 941 oportet,
742 894 855 929 donec
891 894 981 929 alius
1015 899 1129 930 vacet.
1187 894 1259 929 alia

168 952 280 978 causa
302 945 359 978 est
382 941 470 986 eius,
495 940 557 987 qui
581 940 627 976 ad
649 944 789 984 tempus
810 938 935 975 ordine
954 943 1172 975 removetur:
1199 939 1258 975 hic

167 987 263 1023 enim
290 987 439 1032 impleto
469 990 630 1032 tempore
662 985 807 1021 decurio
831 987 897 1020 est.
946 984 1009 1020 sed
1023 988 1068 1020 -et
1090 984 1128 1020 in
1152 985 1258 1020 huius

167 1032 289 1069 locum
319 1032 457 1078 sublegi
484 1031 632 1077 poterit:
671 1030 735 1065 sed
766 1033 802 1064 et
833 1029 863 1064 si
893 1029 1039 1075 plenum
1062 1030 1180 1066 locum
1203 1030 1258 1065 in-

171 1081 186 1113 1
235 1078 382 1121 venerit,
406 1080 590 1123 exspectet
602 1077 625 1119 ⁴,
651 1075 765 1110 donec
784 1074 887 1110 locus
905 1079 1019 1110 vacet.
1056 1075 1258 1111 Restitutus

168 1126 290 1159 tamen
311 1122 350 1158 in
374 1122 534 1158 ordinem
556 1125 676 1157 utrum
702 1131 782 1156 eum
806 1119 968 1155 ordinem
990 1123 1127 1163 teneat,
1154 1131 1259 1166 quem

168 1168 321 1214 primum
356 1167 502 1209 habuit,
536 1177 583 1202 an
618 1176 701 1201 vero
737 1175 841 1210 quem
874 1176 968 1200 nunc
1003 1169 1156 1202 nanctus
1193 1169 1258 1208 est,

191 1213 292 1249 uaeri
315 1216 445 1259 potest,
470 1212 502 1248 si
524 1212 618 1248 forte
643 1211 687 1246 de
711 1211 835 1246 ordine
859 1210 1116 1246 sententiarum
1139 1211 1258 1247 dicen-

193 1269 294 1294 arum
318 1261 457 1303 agatur.
505 1257 661 1292 arbitror
690 1259 812 1292 tamen
841 1255 992 1291 eundem
1021 1256 1182 1292 ordinem
1206 1260 1259 1291 te-

167 1314 263 1346 nere,
288 1314 394 1349 quem
442 1302 553 1338 ridem
576 1301 712 1337 habuit.
761 1311 834 1336 non
856 1300 949 1337 idem
972 1301 1041 1336 erit
1063 1302 1101 1337 in
1120 1312 1174 1345 eo,
1200 1301 1260 1347 qui

167 1349 347 1394 relegatus
376 1314 441 1384 adp
454 1351 595 1393 tempus
633 1350 689 1382 est
694 1360 705 1398 3
744 1357 828 1382 nam
859 1346 918 1382 hic
948 1346 1047 1382 velut
1077 1358 1190 1383 novus
1221 1347 1259 1381 in

169 1397 189 1429 2
237 1394 397 1430 ordinem
421 1393 525 1429 venit.
573 1392 617 1427 In
640 1391 722 1427 fili1s
747 1391 981 1427 decurionum
1028 1392 1168 1428 uaestio
1194 1396 1259 1434 est,

167 1442 288 1475 utrum
319 1439 349 1475 is
379 1438 478 1475 solus
509 1437 712 1473 decurionis
741 1437 837 1472 filius
870 1447 948 1472 esse
979 1437 1012 1472 vi
1038 1441 1159 1481 eatur,
1201 1437 1261 1482 qui

169 1488 368 1531 conceptus
401 1487 439 1520 et
461 1486 569 1519 natus
593 1486 649 1518 est
672 1492 717 1518 ex
740 1482 952 1525 decurione,
978 1492 1025 1517 an
1048 1493 1131 1519 vero
1157 1486 1193 1518 et
1216 1483 1259 1525 is,

168 1530 230 1577 qui
262 1533 346 1565 ante
376 1532 484 1564 natus
507 1531 579 1571 est,
612 1538 720 1581 quam
752 1531 855 1572 pater
886 1527 1032 1564 decurio
1061 1527 1176 1564 fieret.
1226 1532 1262 1563 et

169 1575 311 1620 quidem
341 1578 515 1620 quantum
545 1576 721 1620 perum-at,
755 1583 800 1608 ne
823 1572 981 1609 fustibus
1006 1573 1201 1619 castigetur
1226 1577 1262 1608 et

168 1631 214 1657 ne
233 1621 273 1662 in
297 1620 480 1656 metallum
505 1618 625 1661 detur,
659 1628 732 1654 non
755 1621 862 1654 nocet
889 1619 1030 1664 plebeio
1054 1623 1158 1665 patre
1182 1629 1262 1655 esse

167 1669 308 1709 natum,
341 1665 372 1701 si
402 1668 532 1711 postea
560 1664 675 1700 honor
699 1663 902 1699 decurionis
926 1664 1023 1709 patri
1045 1675 1170 1700 eorum
1200 1675 1260 1699 ac-

168 1711 327 1748 cesserit.
374 1710 412 1746 in
435 1721 501 1746 avo
526 1719 669 1755 quoque
692 1708 915 1754 Papinianus
945 1709 1040 1745 idem
1063 1709 1259 1762 respondit.

168 1759 189 1792 3
235 1767 283 1793 ne
304 1756 419 1802 patris
442 1759 530 1791 nota
552 1754 649 1790 filius
678 1754 921 1790 macularetur
931 1756 955 1789 ⁶.
1009 1754 1081 1791 Sed
1104 1766 1135 1790 Sl
1158 1758 1262 1801 pater

167 1802 282 1848 ipsius
313 1801 439 1837 ordine
467 1803 588 1837 motus
612 1800 678 1842 sit,
710 1800 741 1835 si
765 1799 907 1845 quidem
939 1802 1023 1835 ante
1056 1811 1166 1836 conce
1192 1800 1260 1835 tio-

168 1858 249 1884 nem
271 1847 349 1883 eius
371 1850 569 1888 moveatur,
594 1845 751 1881 arbitror
775 1855 857 1880 eum
879 1845 983 1891 quasi
1006 1845 1125 1890 plebei
1190 1845 1261 1881 ‘um

167 1893 205 1928 in
236 1892 434 1928 honoribus
465 1891 640 1937 spectari:
680 1890 776 1936 quod
808 1890 840 1926 si
878 1894 962 1936 post
993 1891 1261 1937 conceptionem

167 1941 272 1984 pater
300 1937 415 1983 ipsius
446 1936 653 1982 dignitatem
678 1935 854 1978 amiserit,
888 1936 1076 1972 dicendum
1108 1936 1177 1972 erit
1198 1937 1260 1972 be-

170 1986 190 2018 4
236 1983 342 2028 nigne
371 1986 413 2018 ut
443 1981 647 2018 decurionis
683 1980 796 2016 filium
826 1981 1048 2017 intuendum.
1104 1981 1262 2017 Proinde

167 2028 228 2081 hic
258 2038 420 2081 quoque,
451 2027 512 2073 qui
544 2030 629 2072 post
658 2026 772 2072 patris
795 2026 1048 2080 relegationem
1073 2030 1178 2080 natus
1204 2027 1260 2080 sit,

169 2085 200 2154 ξ’
231 2072 1262 2164 ffissffitussfftssi⁰3352213¹2⁰{oiffssitSffihrSaZZiZ-tssmsffli

167 2167 310 2210 ternpus
346 2162 470 2199 ordine
503 2165 600 2198 moto
644 2165 747 2208 patre
788 2162 897 2197 fuerit
931 2166 1040 2198 natus
1075 2162 1261 2208 medioque

167 2213 328 2255 tempore
360 2212 556 2253 conceptus
587 2214 625 2243 et
660 2207 796 2250 editus,
832 2217 879 2243 an
917 2208 1021 2253 quasi
1059 2207 1262 2243 decurionis

167 2253 264 2291 filius
287 2257 478 2296 nascatur,
510 2253 597 2288 licet
626 2256 730 2298 pater
760 2253 834 2288 eius
864 2256 949 2288 ante
974 2252 1122 2295 obierit,
1155 2263 1262 2298 quam

167 2300 207 2336 in
225 2299 412 2336 ordinem⁶
434 2297 595 2334 venerit?
619 2297 715 2343 quod
733 2297 884 2342 benigne
904 2298 972 2333 erit
990 2298 1259 2334 admittendum.

170 2348 191 2381 6
237 2344 434 2380 Praeterea
464 2344 496 2380 si
528 2346 724 2388 conceptus
756 2343 804 2378 sit
835 2353 858 2378 a
880 2343 1040 2388 plebeio,
1070 2354 1155 2379 mox
1178 2347 1262 2379 ante

168 2389 359 2426 editionem
382 2392 486 2436 pater
509 2389 586 2425 eius
610 2387 882 2424 decurionatum
902 2389 1055 2434 adeptus
1078 2392 1163 2425 ante
1185 2389 1260 2425 edi-

167 2435 302 2472 tionem
342 2434 520 2471 amiserit:
560 2444 633 2469 non
669 2433 953 2469 infavorabiliter
992 2434 1071 2479 quis
1105 2434 1261 2470 medium

167 2484 241 2517 tem
266 2491 310 2516 us
347 2480 400 2516 illi
436 2478 607 2526 prodesse
641 2479 754 2514 veluti
790 2479 862 2514 iam
895 2482 982 2515 nato
1016 2479 1259 2525 respondebit.

169 2529 188 2560 '1
271 2525 384 2562 ullum
404 2525 521 2571 patris
541 2524 711 2560 delictum
733 2523 917 2560 innocenti
935 2524 1009 2560 filio
1031 2535 1169 2570 poenae
1188 2528 1259 2561 est:

167 2570 320 2617 ideoque
342 2580 410 2607 nec
427 2570 552 2607 ordine
575 2569 808 2606 decurionum
829 2573 893 2605 aut
916 2570 1044 2606 ceteris
1063 2570 1261 2606 honoribus

170 2619 191 2652 8
237 2618 387 2670 propter
421 2614 597 2652 eiusmodi
637 2625 785 2651 causam
823 2614 1045 2660 prohibetur.
1101 2616 1260 2651 Maiores

168 2672 273 2698 anms
302 2660 561 2707 quinquaginta
591 2660 750 2706 quinque
781 2660 828 2695 ad
859 2660 1111 2696 decurionatus
1146 2661 1260 2697 hono-

169 2717 244 2743 rem
267 2706 370 2743 inviti
399 2705 522 2742 vocari
553 2705 869 2742 constitutionibus
899 2705 1148 2751 prohibentur.
1198 2705 1261 2742 sed

169 2753 201 2788 si
224 2752 257 2787 ei
279 2752 332 2788 rei
355 2751 612 2794 consenserint,
637 2751 706 2787 etsi
727 2750 881 2787 maiores
905 2750 1009 2786 annis
1034 2751 1262 2796 septuaginta

170 2796 253 2840 sint,
277 2807 427 2832 munera
450 2795 592 2841 quidem
616 2795 732 2831 civilia
755 2795 854 2831 obire
877 2807 950 2831 non
975 2799 1171 2841 coguntur,
1195 2797 1260 2832 ho-

169 2852 276 2879 nores
300 2845 420 2878 autem
443 2851 567 2887 gerere
590 2841 732 2877 debent.

216 2884 242 2925 3
266 2886 374 2923 [ΒΖΜ
405 2887 497 2923 libro
521 2887 626 2922 tertio
650 2885 696 2922 de
717 2886 844 2932 officio
865 2886 1098 2933 proconsulis
1144 2886 1259 2923 Gene-

170 2933 294 2968 raliter
325 2931 363 2968 id
396 2931 466 2967 erit
499 2931 778 2975 defendendum,
819 2934 862 2967 ut
896 2932 958 2977 qui
999 2932 1260 2969 clementiorem

170 2976 384 3014 sententiam
408 2987 538 3030 passus
561 2980 618 3012 est
641 2977 687 3013 ob
710 2977 791 3019 hoc,
827 2977 945 3022 ⁷quod
968 2977 1015 3012 ad
1038 2981 1179 3023 tempus
1203 2989 1259 3014 re-

168 3022 321 3069 legatur,
344 3023 431 3058 bom
453 3021 639 3058 consulere
662 3021 793 3058 debeat
811 3022 1043 3059 humanitatis
1064 3023 1262 3059 sententiae

162 3071 189 3103 ⁴1
239 3078 307 3104 nec
335 3066 610 3103 decurionatum
639 3067 801 3113 recipiat.
849 3067 921 3103 Sed
952 3068 984 3104 si
1013 3068 1092 3113 quis
1123 3069 1168 3104 ob
1192 3068 1260 3104 fal-

171 3114 273 3149 sam·
301 3123 450 3149 causam
472 3112 530 3148 vel
552 3111 660 3147 aliam
683 3112 727 3148 de
758 3112 981 3157 gravioribus
1005 3124 1078 3149 non
1101 3113 1148 3149 ad
1170 3117 1259 3149 tem-

170 3169 239 3205 pus
269 3157 317 3194 sit
343 3158 542 3203 relegatus,
571 3156 637 3193 sed
666 3157 711 3193 ad
735 3160 877 3203 tempus
906 3158 1032 3194 ordine
1055 3162 1191 3201 motus,
1224 3159 1261 3194 in

171 3214 216 3239 ea
239 3207 294 3240 est
317 3213 440 3247 causa,
462 3206 504 3239 ut
526 3202 641 3248 possit
663 3202 701 3237 in
724 3203 884 3238 ordinem
907 3203 1035 3239 redire.
1066 3204 1261 3250 imperator

170 3248 265 3285 enim
298 3248 527 3285 Antoninus⁹
561 3247 678 3284 edicto
713 3248 899 3293 proposito
935 3248 1072 3291 statuit,
1109 3253 1149 3285 ut
1184 3249 1259 3285 cui-

171 3294 365 3338 cumque¹⁰
395 3296 460 3329 aut
493 3302 718 3339 quacumque
751 3303 863 3329 causa
894 3293 942 3329 ad
972 3298 1113 3347 tempus
1137 3294 1260 3330 ordine

169 3338 228 3375 vel
251 3338 546 3376 advocationibus
570 3338 624 3374 vel
657 3348 728 3384 quo
752 3338 822 3374 alio
854 3338 973 3374 officio
997 3338 1126 3375 fuisset
1148 3339 1258 3375 inter-

171 3383 318 3427 dictum,
342 3384 520 3430 completo
545 3387 706 3430 tempore
728 3382 839 3419 nihilo
862 3384 980 3420 minus
1003 3383 1105 3429 fungi
1123 3385 1260 3421 honore

170 3429 227 3465 vel
257 3428 376 3465 officio
405 3429 533 3483 possit.
581 3433 618 3465 et
648 3429 718 3465 hoc
744 3431 861 3464 recte:
897 3439 1013 3473 neque
1036 3430 1129 3466 enim
1152 3440 1259 3475 exag-

170 3474 329 3519 geranda
363 3473 434 3510 fuit
470 3475 667 3519 sententia,
706 3483 798 3519 quae
838 3473 983 3509 modum
1020 3474 1260 3511 interdictioni

172 3522 194 3554 2
240 3518 387 3556 fecerat.
439 3519 589 3566 spurios
618 3529 727 3566 posse
757 3520 795 3555 in
833 3518 993 3555 ordinem
1022 3520 1127 3565 allegi
1162 3520 1261 3556 nulla

217 3636 257 3675 (ι)
281 3634 363 3669 Sab-
377 3641 461 3673 1...⁴;
481 3635 567 3678 Pap.
580 3641 662 3669 omo.
675 3641 726 3673 υς
744 3634 811 3667 Εά.
827 3640 991 3668 ιο...13.-
1003 3632 1059 3716 (ᾗ
1062 3634 1145 3719 )Οοὶ1.
1155 3636 1212 3687 .10,
1224 3641 1267 3712 a}
1325 3643 1466 3675 cumque
1479 3633 1513 3666 F
1582 3634 1636 3674 (11)
1662 3634 1794 3676 oportet
1805 3632 1867 3667 del.

1098 3689 1114 3711 θ
1149 3692 1209 3713 ms.

171 3682 216 3719 (2)
240 3681 337 3712 curat
352 3679 407 3712 ΙΝ
527 3680 573 3721 (3)
599 3679 858 3723 disputationem
878 3679 913 3712 F

171 3727 217 3766 (5)
242 3734 284 3756 ne
295 3724 400 3766 patris
411 3727 492 3758 nota
503 3724 592 3758 iilius
602 3723 827 3757 macularetur
839 3724 902 3758 del.
1002 3724 1047 3765 (6)
1072 3723 1181 3756 denuo
1194 3726 1254 3757 ins.

173 3768 216 3811 (7)
239 3768 282 3802 ob
295 3770 354 3802 ins.
425 3772 471 3810 (8)
495 3769 569 3802 falsi
582 3769 664 3803 Hal.
734 3771 780 3810 (ο)
803 3770 1025 3811 οοᾱ.1ο,οι,ι
1097 3771 1158 3811 (ιο)
1182 3769 1255 3811 qui-

1251 135 1335 183 844

1495 61 1565 106 *fix

1557 106 1563 127 f

1555 129 1618 190 'nn
1647 151 1980 183 Dncumomnus
2008 152 2065 183 ET
2093 152 2235 184 mnus-
2256 150 2410 183 nomm

1326 261 1500 297 dubitatio
1533 264 1604 298 est:
1643 262 1706 298 sed
1737 263 1769 299 si
1798 262 1932 298 habeat
1961 262 2229 308 competitorem
2257 264 2413 310 legitime

1326 307 1537 360 quaesitum,
1586 306 1736 343 raeferri
1758 317 1840 344 eum
1863 310 2055 360 oportet¹²,
2079 308 2150 344 divi
2172 308 2304 346 fratres
2326 309 2415 346 Lol-

1325 352 1422 404 hano
1446 351 1550 388 Avito
1561 318 1764 405 ppithyniae
1786 353 1944 398 praesidi
1966 353 2238 406 rescripserunt.
2269 364 2412 391 cessan-

1325 397 1421 433 t1bus
1444 407 1528 434 vero
1552 397 1608 433 his
1633 401 1739 432 etiam
1757 398 1871 443 spurii
1895 398 1941 434 ad
1965 398 2237 435 decunonatum
2261 403 2297 435 et
2315 410 2355 436 re
2379 404 2415 436 et

1325 442 1399 477 vita
1421 442 1575 478 honesta
1597 442 1832 488 recipientur:
1864 443 1960 488 quod
1983 444 2107 489 utique
2129 454 2203 480 non
2225 444 2324 480 sordi
2346 445 2415 481 erit

1327 487 1452 530 ordini,
1479 498 1560 523 cum
1585 498 1629 523 ex
1648 488 1801 523 utilitate
1825 488 1902 524 eius
1926 488 1973 524 sit
1995 499 2134 534 semper
2157 489 2316 525 ordinem
2338 489 2414 536 ple-

1328 535 1347 568 3
1396 543 1481 567 num
1514 533 1658 568 habere.
1705 533 1789 575 Eis,
1822 534 1882 578 qui
1913 533 2095 570 Iudaicam
2127 545 2170 570 su
2196 535 2414 571 erstitionem

1327 581 1541 622 sequuntur,
1575 577 1644 613 divi
1655 578 1683 599 ¹2
1706 578 1857 614 Severus
1889 582 1925 615 et
1947 580 2150 615 Antoninus
2200 589 2328 616 onores
2351 580 2413 616 ad-

1326 623 1430 668 ipisci
1460 623 1717 668 permiserunt,
1749 623 1812 659 sed
1843 627 1878 659 et
1900 625 2131 661 necessitates
2155 624 2206 661 eis
2235 624 2415 670 imposue-

1326 672 1422 711 runt,
1471 669 1509 703 ui
1533 668 1820 714 superstitionem
1845 679 1966 704 eorum
1989 680 2061 705 non
2084 670 2278 706 laederent.

1375 712 1400 750 4
1476 723 1672 749 ARCIANUS
1713 714 1804 750 libro
1840 714 1962 760 primo
1997 714 2042 750 de
2077 715 2221 751 iudiciis
2255 715 2415 762 publicis

1329 758 1497 802 Decurio,
1523 759 1584 804 qui
1607 759 1817 805 prohibetur
1840 758 2042 795 conducere
2065 760 2257 805 quaedam,
2283 760 2314 796 si
2335 760 2414 796 iure

1328 804 1541 840 successerit
1567 804 1606 839 in
1637 804 1873 840 conductione
1886 805 1926 847 ¹³,
1962 809 2123 840 remanet
2151 805 2188 841 in
2218 815 2272 841 ea.
2320 805 2415 851 quod

1328 854 1363 884 et
1385 849 1422 884 in
1447 849 1612 885 omnibus
1637 849 1810 885 similibus
1834 849 2047 885 servandum
2070 853 2135 886 est.

1374 893 1398 931 5
1435 894 1683 930 Pammnus
1721 895 1811 931 libro
1854 894 2010 930 secundo
2054 896 2303 942 quaestionum
2358 896 2415 932 Ad

1328 943 1469 985 tempus
1498 939 1622 976 ordine
1651 943 1767 976 motos
1800 950 1844 975 ex
1876 940 2040 982 crimine,
2071 940 2166 986 quod
2188 940 2416 986 ignominiam

1327 986 1517 1031 importat,
1547 985 1585 1020 in
1613 989 1827 1031 perpetuum
1850 985 1983 1021 moveri
2036 985 2158 1021 lacuit.
2207 985 2254 1021 ad
2276 990 2416 1032 tempus

1328 1034 1448 1066 autem
1471 1030 1616 1066 exulare
1639 1031 1758 1066 iussos
1788 1041 1833 1066 ex
1857 1030 2002 1066 crimine
2038 1030 2155 1067 eviore
2179 1031 2277 1066 velut
2298 1034 2415 1067 trans-

1329 1080 1409 1111 acto
1434 1076 1575 1121 negotio
1599 1087 1672 1112 non
1695 1086 1775 1112 esse
1798 1076 1891 1111 inter
1913 1075 2064 1112 infames
2087 1076 2282 1112 habendos.

1375 1119 1400 1158 6
1425 1120 1533 1156 IDEM
1557 1121 1648 1157 libro
1699 1122 1790 1156 rimo
1814 1131 2071 1167 responsorum
2108 1121 2228 1167 Spurii
2251 1121 2414 1157 decurio-

1328 1177 1391 1202 nes
1422 1166 1530 1201 fiunt:
1572 1170 1607 1202 et
1643 1166 1656 1201 i
1681 1177 1723 1202 eo
1753 1165 1832 1202 fieri
1868 1166 2002 1211 poterit
2032 1176 2075 1202 ex
2106 1166 2244 1202 incesto
2277 1177 2417 1213 quoque

1330 1216 1454 1247 natus:
1488 1222 1562 1247 non
1593 1212 1687 1247 enim
1717 1211 1943 1258 impedienda
1977 1214 2033 1247 est
2065 1211 2217 1256 dignitas
2248 1212 2324 1248 eius
2356 1212 2416 1257 qui

1333 1261 1347 1292 1
1397 1257 1485 1292 nihil
1509 1257 1661 1292 admisit.
1710 1257 1870 1292 Minores
1902 1256 2027 1301 viginti
2057 1257 2214 1303 quinque
2243 1268 2416 1293 annorum

1330 1302 1541 1338 decuriones
1565 1302 1654 1338 facti
1674 1301 1855 1347 sportulas
1876 1301 2108 1337 decurionum
2128 1302 2329 1348 accipiunt:
2354 1302 2415 1339 sed

1328 1348 1469 1383 interim
1499 1347 1707 1392 suffragium
1739 1347 1832 1382 inter
1862 1350 1999 1383 ceteros
2031 1347 2126 1382 ferre
2149 1358 2222 1383 non
2252 1352 2413 1393 possunt.

1330 1396 1349 1428 2
1397 1393 1554 1428 Decurio
1587 1392 1694 1428 etiam
1727 1403 1814 1428 suae
1846 1392 2000 1428 civitatis
2031 1392 2219 1437 vectigalia
2249 1403 2416 1429 exercere

1330 1441 1349 1473 3
1397 1438 1620 1491 prohibetur.
1663 1438 1732 1482 Qui
1754 1437 1878 1473 iudicii
1900 1437 2035 1483 publici
2059 1438 2302 1483 quaestionem
2327 1439 2418 1474 citra

1329 1493 1467 1518 veniam
1492 1483 1695 1519 abolitionis
1720 1483 1964 1526 deseruerunt,
1990 1483 2221 1519 decurionum
2240 1483 2376 1520 honore
2389 1484 2417 1505 ¹⁴

1330 1528 1494 1564 decorari
1526 1539 1599 1564 non
1627 1532 1798 1574 possunt,
1824 1539 1905 1563 cum
1938 1538 1981 1563 ex
2012 1527 2236 1574 Turpilliano
2269 1532 2415 1565 senatus

1330 1573 1494 1609 consulto
1528 1577 1696 1609 notentur
1727 1573 1921 1618 ignominia
1950 1573 2060 1609 veluti
2083 1574 2282 1610 calumniae
2305 1584 2416 1610 causa

1330 1622 1350 1653 4
1397 1618 1529 1654 iudicio
1553 1619 1697 1664 publico
1731 1619 1899 1654 damnati.
1947 1619 2075 1661 Pater,
2116 1619 2177 1664 qui
2205 1619 2280 1655 filio
2309 1619 2415 1655 decu-

1329 1664 1430 1699 rione
1454 1667 1575 1700 creato
1599 1664 1824 1709 provocavit,
1849 1663 1918 1699 etsi
1940 1664 2224 1710 praescriptione
2246 1665 2416 1711 temporis

1330 1710 1497 1745 exclusus
1533 1709 1658 1753 fuerit,
1706 1710 1737 1745 si
1775 1709 1872 1755 quod
1910 1713 2047 1754 gestum
2086 1714 2141 1745 est
2190 1717 2252 1746 *ton
2291 1710 2415 1745 habuit

1329 1758 1467 1797 ratum,
1499 1755 1707 1790 muneribus
1740 1754 1901 1790 civilibus
1930 1765 1997 1799 pro
2027 1753 2102 1790 filio
2131 1766 2201 1793 no..
2226 1755 2406 1791 tenebitur

1329 1803 1348 1835 5
1398 1800 1593 1846 Privilegiis
1617 1800 1840 1835 cessantibus
1866 1800 1994 1835 ceteris
2019 1810 2142 1835 eorum
2166 1811 2277 1836 causa
2300 1801 2415 1849 potior

1329 1845 1484 1881 habetur
1514 1845 1551 1880 in
1583 1845 1768 1881 sententiis
1799 1844 1975 1888 ferendis,
2007 1845 2069 1899 qui
2099 1845 2262 1891 pluribus
2293 1846 2415 1884 eodem

1329 1895 1489 1936 tempore
1521 1890 1700 1935 suffragiis
1731 1891 1810 1926 iure
1848 1890 2050 1926 decurionis
2064 1892 2091 1912 ¹³
2131 1890 2290 1927 decorati
2322 1896 2413 1927 sunt.

1330 1936 1393 1972 sed
1417 1939 1454 1971 et
1478 1935 1539 1981 qui
1561 1936 1682 1981 plures
1706 1935 1840 1972 liberos
1863 1935 1992 1978 habet,
2020 1936 2059 1972 in
2081 1947 2147 1972 suo
2173 1936 2321 1982 collegio
2369 1937 2416 1973 ri-

1329 1992 1407 2017 mus
1439 1982 1652 2061 εῗΙιιῐοῃιίωιι
1681 1984 1830 2026 rogatur
1867 1984 2077 2026 ceterosque
2117 1982 2263 2017 honoris
2294 1992 2336 2017 or
2360 1982 2418 2017 ine

1355 2037 1459 2062 raece
1487 2027 1525 2061 it.

1329 2037 1353 2072 p
1377 2071 1401 2109 7
1426 2071 1483 2107 ΡΑ
1491 2081 1587 2108 Ubus
1617 2072 1707 2107 libro
1733 2072 1857 2125 primo
1888 2072 2149 2107 sententiarum
2194 2071 2358 2108 Honores
2383 2076 2419 2108 et

1330 2127 1479 2153 munera
1502 2128 1574 2153 non
1599 2117 1822 2153 ordinatione
1832 2118 1871 2159 ¹⁶,
1904 2116 1967 2152 sed
1994 2116 2194 2162 potioribus
2219 2117 2418 2163 quibusque

1335 2166 1347 2197 l
1397 2162 1652 2208 iniungenda¹⁷
1683 2166 1777 2198 sunt.
1825 2161 1962 2197 Surdus
1988 2165 2025 2197 et
2046 2165 2165 2197 mutus
2190 2161 2221 2198 si
2243 2163 2280 2198 in
2302 2166 2416 2199 totum

1330 2219 1403 2243 non
1427 2208 1576 2243 audiant
1599 2211 1662 2243 aut
1685 2219 1757 2243 non
1779 2207 1991 2253 loquantur,
2016 2207 2062 2243 ab
2086 2207 2282 2243 honoribus
2307 2207 2416 2244 civili-

1331 2255 1351 2287 2
1399 2253 1478 2296 bus,
1503 2264 1576 2289 non
1599 2253 1707 2288 etiam
1731 2263 1753 2288 a
1775 2253 1984 2288 muneribus
2009 2256 2237 2288 excusantur.
2284 2253 2332 2296 I's,
2357 2253 2417 2299 qui

1330 2308 1403 2333 non
1442 2299 1489 2333 sit
1525 2298 1685 2342 decurio,
1723 2298 1951 2333 duumviratu
1964 2298 1993 2319 ¹⁸
2023 2298 2078 2334 vel
2110 2298 2189 2334 aliis
2220 2298 2416 2335 honoribus

1330 2342 1394 2378 fun
1420 2343 1428 2350 ‘
1454 2354 1526 2378 non
1549 2347 1680 2388 potest,
1705 2343 1790 2389 quia
1814 2343 2047 2379 decurionum
2066 2343 2264 2380 honoribus
2282 2344 2417 2397 plebeii

1331 2391 1350 2423 3
1395 2354 1498 2434 {dngi
1520 2389 1764 2434 prohibentur.
1813 2388 1870 2423 Ad
1901 2388 2171 2424 decurionatum
2194 2388 2259 2424 filii
2280 2393 2332 2424 ita
2356 2389 2415 2425 de-

1330 2445 1426 2469 mum
1449 2437 1552 2479 pater
1575 2445 1648 2469 non
1679 2434 1873 2476 consentit,
1906 2433 1938 2469 si
1961 2434 2176 2469 contrariam
2199 2434 2417 2470 voluntatem

1329 2479 1385 2514 vel
1408 2479 1504 2525 apud
1527 2483 1609 2514 acta
1631 2479 1804 2524 praesidis
1834 2479 1889 2514 vel
1919 2479 2015 2524 apud
2038 2479 2155 2524 ipsum
2180 2479 2339 2515 ordinem
2362 2479 2418 2515 vel

1330 2535 1400 2569 quo
1425 2524 1495 2560 alio
1519 2524 1624 2560 modo
1650 2527 1871 2560 contestatus
1900 2524 1957 2559 sit.

1377 2568 1401 2607 8
1425 2569 1771 2605 HERMOGENJANUS
1798 2569 1889 2605 libro
1914 2569 2039 2616 primo
2063 2569 2155 2604 iuris
2178 2580 2198 2604 e
2225 2569 2415 2605 itomarum

1330 2615 1593 2651 Decurionibus
1606 2614 1840 2650 facultatibus
1858 2614 1967 2660 lapsis
1988 2614 2157 2650 alimenta
2199 2615 2317 2650 ecerni
2334 2625 2415 2667 per-

1328 2660 1476 2697 missum
1500 2665 1564 2704 est,
1589 2660 1740 2696 maxime
1772 2660 1802 2696 si
1832 2660 1878 2696 ob
1901 2659 2180 2695 munificentiam
2202 2660 2241 2695 in
2262 2663 2416 2705 patriam

1329 2705 1582 2751 patrimonium
1606 2705 1845 2741 exhauserint.

1375 2749 1401 2789 9
1426 2751 1586 2787 ΡΑυιυε
1615 2751 1706 2787 libro
1731 2751 1854 2797 primo
1887 2750 2111 2786 decretorum
2165 2749 2317 2786 Severus
2341 2750 2415 2786 Au-

1328 2800 1454 2841 gustus
1474 2796 1580 2831 dixit:
1607 2796 1687 2832 ‘etsi
1704 2796 1918 2841 probaretur
1932 2795 2048 2832 Titius
2060 2795 2099 2831 in
2116 2795 2286 2832 servitute
2302 2796 2416 2842 patris

1330 2842 1399 2878 ‘sui
1421 2845 1545 2884 natus,
1578 2845 1715 2884 tamen,
1748 2852 1830 2877 cum
1860 2851 1905 2876 ex
1934 2841 2049 2876 libera
2076 2841 2225 2877 muliere
2255 2841 2303 2878 sit
2331 2852 2415 2887 pro-

1330 2889 1498 2931 ‘creatus‚
1523 2897 1596 2923 non
1638 2886 1823 2923 rohibetur
1842 2886 1988 2922 decurio
2007 2886 2086 2922 fieri
2108 2887 2146 2922 in
2165 2896 2232 2922 sua
2249 2886 2415 2922 civitate’.

1331 2936 1347 2967 1
1397 2932 1481 2968 Non
1499 2942 1577 2968 esse
1620 2931 1843 2974 ubitandum,
1864 2932 1950 2976 quin
1967 2931 2177 2967 navicularii
2192 2942 2265 2967 non
2286 2931 2417 2968 debent

1330 2977 1540 3014 decuriones
1565 2977 1690 3013 creari.

1378 3021 1428 3060 10
1453 3022 1707 3058 Moousmvvs
1727 3021 1818 3058 libro
1838 3022 1959 3068 primo
1983 3031 2239 3068 responsorum
2277 3021 2414 3057 Heren-

1329 3068 1410 3103 nius
1450 3067 1676 3104 Modestinus
1714 3067 1898 3112 respondit
1933 3067 2011 3102 sola
2050 3066 2124 3102 albi
2153 3065 2415 3112 proscriptione

1329 3113 1471 3149 minime
1495 3112 1720 3148 decurionem
1743 3112 1890 3155 factum,
1915 3112 1974 3158 qui
1998 3111 2195 3148 secundum
2217 3111 2329 3156 legem
2354 3111 2414 3147 de-

1329 3159 1428 3194 curio
1453 3161 1592 3194 creatus
1617 3168 1690 3193 non
1714 3158 1771 3193 sit.

1378 3202 1426 3241 11
1465 3203 1749 3239 &ursmarus
1777 3203 1869 3239 libro
1895 3203 2018 3249 primo
2042 3202 2287 3249 coquitionum
2332 3201 2413 3237 Non

1328 3252 1469 3284 tantum
1498 3247 1560 3293 qui
1590 3251 1734 3283 tenerae
1764 3247 1912 3290 aetatis,
1945 3247 2008 3283 sed
2037 3246 2145 3282 etiam
2172 3246 2233 3292 qui
2259 3246 2413 3299 grandes

1328 3298 1417 3329 natu
1448 3296 1533 3329 sunt
1562 3292 1772 3329 decuriones
1807 3293 1886 3329 fieri
1924 3292 2169 3338 prohibentur.
2221 3291 2274 3327 illi
2311 3292 2413 3337 quasi

1327 3338 1504 3375 inhabiles
1527 3348 1603 3373 rem
1626 3338 1806 3383 publicam
1829 3338 1923 3374 tueri
1952 3337 1997 3373 ad
2019 3341 2160 3383 tempus
2184 3341 2412 3380 excusantur,

1328 3384 1366 3419 hi
1388 3394 1472 3420 vero
1495 3383 1533 3418 in
1557 3387 1768 3429 perpetuum
1791 3387 2016 3419 amoventur:
2041 3392 2114 3418 non
2134 3382 2223 3418 alias
2244 3382 2412 3424 seniores,

1329 3440 1373 3465 ne
1397 3429 1573 3466 seniorum
1599 3429 1828 3465 excusatione
1855 3428 2013 3464 iuniores
2042 3431 2234 3463 onerentur
2262 3427 2309 3463 ad
2337 3438 2411 3463 om-

1329 3474 1390 3510 nia
1419 3484 1568 3509 munera
1598 3474 1742 3519 publica
1771 3473 1999 3519 suscipienda
2029 3472 2097 3509 soli
2125 3472 2251 3508 relicti.
2297 3483 2321 3508 n
2366 3483 2413 3508 ue

1329 3520 1422 3556 enim
1444 3519 1598 3555 minores
1622 3519 1746 3564 viginti
1768 3519 1924 3565 quinque
1947 3518 2050 3554 annis
2075 3517 2283 3554 decuriones
2357 3517 2412 3563 egi

1943 3635 2002 3673 (η)
2028 3632 2097 3665 divi
2110 3632 2173 3666 del.

1722 3679 1782 3722 (14)
1805 3677 1925 3711 honori
1948 3677 1980 3709 F

1758 3724 1817 3766 (ιτ)
1841 3722 2065 3764 iniungendae
2086 3723 2120 3756 F

2249 3634 2307 3674 (13)
2331 3643 2410 3666 con·

2085 3679 2143 3719 (15)
2169 3677 2363 3712 decuriones
2382 3677 2416 3710 F

2203 3724 2265 3764 (ιε)
2291 3722 2408 3756 duum-

1326 3678 1515 3712 ductiouem
1537 3679 1609 3712 edd.

1326 3724 1387 3766 (16)
1412 3722 1618 3756 ordinationi
1638 3724 1671 3758 F

1326 3769 1433 3801 vix-ato
1451 3768 1486 3801 F
