2528 3918
141 157 198 186 ΕΤ
226 153 585 186 rmnlconffllssls

142 267 255 302 minus
279 265 443 302 testati-ix
468 266 588 300 volens
613 264 726 309 primo
744 265 823 299 loco
848 263 1004 299 scribere
1028 275 1107 299 eam
1123 265 1228 300 here-

141 311 220 347 dem
242 314 492 347 testamentum
515 313 678 352 mutaret,
705 319 770 344 nec
795 308 967 353 optinuit:
995 320 1147 354 quaero,
1179 319 1229 346 an

140 355 246 401 legati
260 355 545 400 persecutionem
564 355 698 390 salvam
714 354 874 389 haberet.
914 355 1082 399 respondi
1098 365 1229 391 secun·

140 405 159 436 5
207 401 291 436 dum
314 411 357 436 ea
381 411 472 444 quae
489 403 775 445 proponerentur
798 399 930 451 salvam
950 400 1093 435 habere.
1137 400 1228 436 Tes-

139 449 234 482 tator
256 446 373 490 legata
396 449 479 480 ante
504 444 782 489 quinquennium
805 448 916 480 vetult
940 445 1013 489 peti
1032 445 1227 490 praestari-

139 501 216 536 que,
233 490 296 526 sed
312 491 415 526 heres
432 490 606 535 quaedam
623 500 689 525 sua
704 494 832 535 sponte
847 493 930 524 ante
948 490 1228 535 quinquennium

138 535 260 572 solvit:
285 536 485 581 quaesitum
509 539 574 579 est,
600 545 647 570 an
671 535 761 579 cius,
798 534 894 579 quod
929 539 1012 571 ante
1041 535 1134 571 diem
1163 546 1223 571 ex-

137 581 320 616 sistentem
343 581 500 616 solutum
528 584 598 624 est,
635 580 999 625 repraesentationem
1026 581 1064 615 in
1088 581 1225 625 reliqua

138 626 313 662 solutione
337 626 445 671 legati
463 628 651 671 reputare¹
677 626 801 670 possit.
849 626 1019 670 respondi
1031 637 1103 661 non
1115 637 1223 671 prop-

137 676 235 706 terea
257 671 373 707 minus
397 671 560 707 relictum
585 670 706 709 deberi
714 671 738 714 ²,
764 670 860 715 quod
883 671 1018 715 aliquid
1037 675 1120 706 ante
1132 671 1224 706 diem

138 720 157 751 6
203 716 250 752 sit
274 717 442 752 solutum.
489 716 625 752 Lucius
652 716 767 752 Titius
791 720 1005 752 testamento
1037 717 1089 752 ita
1114 716 1222 752 cavit:

138 761 369 806 ‘praediolum
391 771 509 797 meum
522 761 600 797 dari
613 762 691 797 volo
705 761 843 797 libertis
855 762 1124 806 libertabusque
1135 761 1223 797 meis

138 809 184 842 ‘et
207 817 296 851 quos
319 807 388 842 hoc
411 810 624 843 testamento
648 807 839 843 manumisi
873 810 910 843 et
933 807 1036 843 Seiae
1060 807 1224 842 alumnae

137 854 257 895 ‘meae,
281 853 333 887 ita
356 862 400 887 ne
424 851 469 888 de
492 852 633 887 nomine
656 851 813 887 familiae
836 863 937 888 meae
963 856 1077 896 exeat,
1110 852 1224 888 donec

137 896 194 932 ‘ad
216 907 328 933 unum
350 897 552 942 proprietas
576 897 782 942 perveniat'.
831 908 981 942 quaero,
1014 908 1061 933 an
1086 897 1168 933 Seia
1186 897 1224 931 in

137 942 382 978 communione
406 953 487 977 cum
515 942 652 979 libert1s
681 943 814 978 habeat
842 943 1042 988 portionem
1071 953 1119 978 an
1141 953 1223 978 vero

136 987 203 1023 sibi
226 991 366 1032 partem
389 987 569 1023 dimidiam
593 988 669 1023 eius
694 988 868 1034 praedioli
891 988 1074 1024 vindicare
1097 987 1221 1033 possit.

135 1032 303 1078 respondi
326 1033 553 1086 perspicuam
576 1043 654 1069 esse
678 1033 843 1069 testantis
868 1034 1089 1069 voluntatem
1101 1043 1222 1069 omnes

136 1082 151 1112 Ἰ
202 1077 249 1113 ad
272 1078 391 1114 viriles
414 1082 535 1123 partes
559 1079 732 1114 vocantis.
780 1079 832 1114 Im
859 1080 1005 1115 uberem
1022 1079 1135 1114 filium
1158 1079 1220 1114 he-

135 1122 254 1158 redem
276 1123 447 1159 instituit:
473 1124 576 1159 uxori
600 1124 719 1160 dotem
741 1134 829 1169 prae
844 1125 960 1169 egavit
968 1126 992 1168 3,
1017 1125 1103 1160 110111
1116 1133 1220 1159 orna-

134 1172 253 1203 menta
277 1173 312 1203 et
335 1179 457 1204 servos
481 1172 517 1204 et
540 1179 669 1205 aureos
694 1169 831 1206 decem:
863 1174 900 1206 et
928 1170 959 1206 si
983 1170 1135 1215 inpubes
1160 1168 1220 1204 de-

136 1213 311 1257 cessisset,
330 1213 527 1255 substituit,
553 1225 574 1250 a
589 1215 717 1259 quibus
729 1215 781 1250 ita
792 1215 938 1260 legavit:
966 1217 1221 1259 ‘quaecumque

136 1258 269 1303 ‘primis
292 1259 425 1295 tabulis
450 1259 541 1302 dedi,
566 1259 690 1295 eadem
714 1261 832 1296 omnia
857 1261 902 1296 ab
915 1260 1108 1296 heredibus
1133 1270 1220 1304 quo-

135 1306 216 1347 ‘que
243 1303 384 1340 heredis
412 1304 482 1340 mei
509 1305 546 1339 in
576 1305 723 1350 duplum
759 1305 837 1341 dari
865 1306 971 1341 volo'.
1025 1305 1219 1350 quaeritur,

134 1359 180 1383 an
210 1358 253 1384 ex
282 1349 551 1393 substitutione,
582 1350 765 1395 impubere
793 1354 935 1387 mortuo
984 1350 1048 1386 dos
1080 1360 1220 1395 quoque

134 1394 262 1428 iterum
285 1394 469 1430 debeatur.
516 1395 686 1440 respondi
698 1406 770 1432 non
792 1396 904 1431 videri
928 1378 972 1432 (10
997 1395 1090 1431 dotis
1102 1396 1219 1440 legato

133 1438 348 1483 duplicando
377 1442 585 1476 testatorem
619 1441 785 1477 sensisse.
832 1442 917 1476 item
952 1451 1102 1486 quaero,
1139 1451 1221 1476 cum

133 1494 285 1528 corpora
308 1484 426 1529 legata
448 1485 555 1520 etiam
578 1496 673 1522 nunc
698 1497 743 1522 ex
770 1486 946 1522 lucrativa
971 1486 1220 1567 causadpossi-

132 1528 293 1572 deantur,
318 1539 365 1564 an
389 1540 411 1564 a
434 1530 636 1566 substitutis
660 1531 735 1576 peti
757 1532 907 1577 possint.
954 1543 1086 1577 respon
1112 1543 1124 1566 1
1148 1543 1221 1567 non

132 1576 152 1608 8
199 1585 316 1627 posse.
367 1574 521 1611 ‘Civibus
550 1577 637 1612 meis
661 1576 707 1612 do
731 1577 810 1622 lego
840 1577 1115 1622 chirographum
1140 1577 1221 1612 Gaii

132 1619 242 1654 ‘Sei1':
274 1623 402 1664 postea
434 1620 607 1657 codicillis
630 1622 744 1657 vetuit
766 1633 789 1657 a
812 1622 894 1658 Seio
918 1622 1011 1668 exigi
1034 1626 1070 1658 et
1092 1622 1139 1659 ab
1158 1623 1219 1658 he-

130 1663 214 1717 rede
230 1665 337 1717 petit,
362 1669 402 1700 ut
426 1676 471 1701 ex
494 1666 640 1703 alterius
665 1666 836 1703 debitoris
868 1667 999 1712 debito,
1030 1678 1136 1712 quem
1160 1678 1220 1704 co-

131 1709 259 1745 dicillis
281 1710 486 1755 nominavit,
512 1712 661 1747 eandem
685 1723 859 1748 summam
888 1713 941 1748 rei
964 1713 1131 1758 publicae
1155 1713 1219 1749 da-

131 1758 195 1791 ret.
245 1756 446 1800 quaesitum
469 1761 539 1800 est,
570 1757 602 1792 si
625 1758 803 1802 posterior
830 1757 980 1794 idoneus
1010 1769 1084 1794 non
1113 1762 1219 1803 esset,

130 1810 177 1835 an
198 1800 374 1845 integram
398 1802 633 1846 quantitatem
657 1803 805 1839 heredes
840 1807 1026 1848 praestare
1055 1803 1218 1839 debeant.

131 1846 298 1890 respondi
321 1846 469 1883 heredes
493 1848 547 1883 rei
570 1848 737 1892 publicae
750 1848 920 1884 adversus
940 1859 1020 1884 eum
1034 1848 1221 1884 dumtaxat

131 1890 337 1935 debitorem,
363 1892 424 1937 qui
435 1893 636 1929 novissimis
654 1893 839 1938 codicillis,
857 1898 898 1929 ut
934 1894 1132 1939 roponitur,
1158 1894 1219 1930 de-

131 1939 151 1971 9
197 1937 357 1981 signatus
381 1941 452 1981 est,
484 1938 661 1974 actionem
691 1943 876 1984 praestare
925 1939 1042 1975 ebere.
1091 1940 1220 1975 Filiam

129 1991 173 2017 ex
202 1992 283 2017 asse
310 1982 466 2018 instituit
494 1983 661 2019 heredem
695 1985 798 2029 eique
834 1984 1020 2021 substituit
1054 1989 1219 2030 nepotem

128 2036 233 2062 suum
262 2030 298 2063 et
326 2027 378 2063 ita
408 2028 516 2064 cavit:
549 2029 607 2073 ‘si,
639 2030 735 2073 quod
758 2030 960 2074 abominor,
995 2040 1110 2075 neque
1145 2029 1219 2065 filia

130 2075 220 2107 ‘mea
243 2083 357 2117 neque
383 2084 495 2119 nepos
519 2085 620 2110 meus
633 2074 783 2111 heredes
808 2075 877 2111 mei
895 2078 1010 2119 erunt,
1035 2079 1122 2111 tunc
1134 2086 1218 2120 por-

130 2117 272 2153 ‘tionem
293 2129 410 2154 meam
432 2120 545 2164 partis
571 2120 736 2156 dimidiae
754 2120 856 2156 fundi
879 2120 976 2156 illius
1000 2121 1047 2156 ad
1070 2121 1218 2156 libertos

130 2165 238 2199 ‘meos
261 2164 440 2208 pertinere
464 2165 568 2200 volo'.
618 2166 817 2210 quaeritur,
852 2177 932 2201 cum
961 2169 1044 2201 ante
1068 2169 1217 2202 testato-

131 2219 202 2244 rem
225 2212 261 2244 et
284 2209 357 2244 filia
382 2214 417 2245 et
445 2221 556 2255 nepos
587 2210 819 2247 decesserunt
846 2215 883 2246 et
909 2211 1092 2246 intestati⁴
1122 2211 1218 2247 bona

128 2254 376 2298 pertinuerunt
399 2254 447 2290 ad
469 2259 702 2301 pronepotem
726 2256 814 2301 eius,
840 2267 887 2291 an
904 2255 1217 2292 fideicommissum

128 2299 173 2334 ad
197 2299 344 2335 libertos
368 2300 575 2345 pertineret.
628 2301 798 2346 respondi
827 2301 1023 2337 secundum
1053 2312 1096 2337 ea
1125 2313 1216 2347 quae

127 2348 427 2389 proponerentur,
457 2346 489 2381 si
511 2346 631 2382 nullus
661 2347 754 2382 alius
782 2347 885 2383 heres
915 2347 1101 2383 institutus
1131 2348 1215 2383 sub-

128 2389 344 2434 stitutusque
367 2394 462 2426 esset
486 2402 592 2435 quam
614 2391 689 2427 filia
713 2395 749 2428 et
771 2403 893 2437 nepos,
920 2392 1031 2428 videri
1042 2392 1216 2438 legitimo-

133 2438 170 2469 10
205 2446 285 2470 rum
295 2435 380 2470 fidei
392 2436 618 2472 commissum
629 2447 718 2481 esse,
738 2441 778 2472 ut
789 2440 1068 2482 praestaretur5.
1101 2437 1216 2482 ‘Quis-

128 2480 217 2524 ‘quis
241 2480 328 2515 mihi
351 2481 454 2517 heres
478 2482 560 2525 erit,
591 2482 683 2518 sciat
706 2482 835 2518 debere
865 2493 921 2518 me
944 2483 1127 2519 Demetrio
1152 2494 1216 2528 pa-

129 2527 220 2561 ‘truo
245 2536 323 2561 meo
348 2525 495 2562 denaria
518 2527 589 2562 tria
609 2530 645 2562 et
662 2527 825 2573 deposita
839 2527 936 2573 apud
953 2539 1009 2564 me
1026 2539 1048 2563 a
1065 2528 1215 2564 Seleuco

128 2572 267 2615 ‘patruo
292 2581 369 2606 meo
395 2572 542 2607 denaria
564 2572 644 2616 tria,
676 2583 768 2617 quae
791 2573 899 2609 etiam
926 2573 1090 2618 protinus
1115 2574 1216 2609 reddi

128 2618 175 2651 ‘et
197 2615 288 2651 solvi
311 2616 362 2651 eIs
386 2616 520 2652 iubeo’:
554 2617 754 2662 quaesitum
778 2622 841 2662 est,
867 2628 923 2661 an,
957 2618 988 2654 si
1012 2630 1084 2654 non
1109 2618 1214 2655 debe-

126 2664 260 2704 rentur,
286 2662 380 2696 actio
392 2665 497 2697 esset.
545 2663 723 2707 respondi,
749 2663 779 2698 si
802 2675 874 2698 non
886 2663 1110 2707 deberentur,
1136 2665 1215 2699 nul-

126 2705 198 2740 lam
222 2707 325 2750 quasi
349 2718 393 2742 ex
417 2707 537 2743 debito
562 2708 740 2743 actionem
764 2718 852 2752 esse,
879 2708 942 2744 sed
966 2719 1010 2744 ex
1033 2709 1214 2745 fideicom-

131 2754 165 2785 11
217 2751 337 2787 misso.
385 2752 521 2788 Lucius
546 2753 663 2788 Titius
687 2753 840 2788 Damam
863 2757 898 2789 et
921 2753 1148 2798 Pamphilum
1172 2755 1214 2789 li-

127 2796 246 2832 bertos
271 2807 356 2833 suos
381 2801 463 2833 ante
487 2798 669 2833 biennium
697 2799 821 2834 mortis
845 2809 933 2834 suae
963 2798 1006 2834 de
1031 2799 1138 2835 domu
1162 2799 1214 2834 (11-

125 2841 221 2877 misit
249 2845 286 2877 et
315 2842 451 2878 cibaria
487 2854 577 2887 quae
613 2843 723 2878 dabat
756 2847 941 2889 praestare
976 2844 1096 2879 desiit:
1132 2856 1215 2880 mox

127 2885 223 2922 facto
247 2890 460 2923 testamento
484 2888 535 2923 ita
552 2889 697 2933 legavit:
724 2889 996 2934 ‘quisquismihi
1018 2890 1123 2925 heres
1136 2890 1213 2933 erit,

128 2931 302 2967 ‘omnibus
318 2932 454 2969 libertis
467 2934 565 2977 meis,
587 2945 677 2978 quos
689 2934 759 2970 hoc
778 2937 990 2970 testamento
1003 2935 1215 2971 manumisi⁰

127 2978 173 3011 ‘et
197 2988 286 3021 quos
310 2981 393 3013 ante
417 2978 527 3014 habui
551 2990 711 3023 quosque
734 2983 775 3015 ut
797 2980 1094 3016 manumittantur
1116 2980 1213 3024 petii,

127 3021 387 3058 ‘alimentorum
410 3024 551 3059 nomine
574 3024 612 3058 in
635 3035 774 3061 menses
804 3025 964 3070 singulos
995 3028 1128 3060 certam
1151 3036 1213 3070 pe-

127 3067 280 3102 ‘cuniam
308 3067 416 3103 dato’.
471 3069 672 3113 quaesitum
701 3073 771 3114 est,
802 3081 849 3105 an
877 3070 1015 3105 Damae
1045 3074 1081 3106 et
1108 3071 1214 3106 Pam-

126 3112 223 3156 philo
247 3112 559 3149 fideicommissum
588 3114 772 3150 debeatur.
819 3115 988 3160 respondi
1017 3115 1213 3151 secundum

126 3166 170 3192 ea
193 3167 285 3210 quae
313 3163 598 3203 proponerentur
626 3160 677 3194 ita
706 3159 844 3204 deberi,
875 3161 906 3196 si
934 3160 972 3195 hi
1003 3161 1063 3205 qui
1091 3164 1215 3206 petent

126 3202 312 3238 mamfeste
337 3203 506 3239 docerent
530 3215 571 3240 eo
591 3204 708 3240 animo
735 3205 831 3241 circa
854 3216 892 3241 se
904 3209 1105 3250 patronum,
1133 3217 1212 3241 cum

125 3250 377 3283 testamentum
406 3248 556 3292 faceret,
594 3260 673 3285 esse
704 3250 882 3295 coepisse,
914 3254 954 3286 ut
983 3251 1040 3287 his
1072 3262 1212 3296 quoque

125 3291 280 3336 legatum
304 3292 402 3328 dari⁷
426 3294 545 3330 vellet:
577 3295 736 3339 alioquin
764 3296 853 3331 nihil
879 3295 968 3341 ipsis
997 3300 1212 3341 praestetur.

130 3339 169 3371 12
210 3337 346 3373 Damae
359 3342 394 3373 et
404 3338 602 3384 Pamphilo,
618 3351 707 3384 quos
719 3344 932 3376 testamento
946 3342 1212 3386 manumiserat,

127 3380 276 3417 fundum
304 3382 402 3419 dedit
429 3383 496 3428 ita,
533 3388 574 3419 ut
602 3388 686 3430 post
713 3389 863 3421 mortem
892 3396 996 3422 suam
1023 3386 1108 3422 filiis
1138 3387 1212 3423 suis

127 3426 369 3479 restituerent:
405 3429 530 3465 eodem
563 3433 776 3466 testamento
807 3431 909 3476 petiit
938 3432 983 3467 ab
1019 3432 1212 3468 heredibus

127 3481 218 3515 suis,
248 3476 288 3507 ut
315 3472 539 3519 Pamphilam
567 3476 873 3520 manum1tterent,
905 3487 996 3521 quae
1024 3477 1213 3522 Pamphila

129 3587 167 3626 (1)
191 3586 367 3628 repudiare
379 3587 432 3619 F2
517 3590 560 3629 (2)
584 3590 631 3621 εἰσ
641 3588 704 3630 F2,
718 3589 871 3622 videriF
878 3590 886 3609 ¹
981 3590 1024 3632 (3)
1049 3590 1213 3632 relegavit

130 3642 191 3664 scr.
267 3631 310 3671 (4)
334 3631 561 3665 intestataeF
631 3634 675 3675 (5)
699 3635 997 3676 praestarentur-F
1072 3637 1116 3677 (ὃ)
1142 3646 1210 3668 ma-

130 3674 315 3708 numisitF
402 3678 444 3715 (Ί)
469 3677 548 3709 dare
559 3676 614 3710 F²
706 3680 752 3719 (8)
778 3680 891 3712 idest:
912 3679 998 3711 Volo
1019 3683 1130 3713 autem
1151 3681 1209 3713 do-

128 3729 201 3751 mus
214 3730 303 3752 meas
315 3731 376 3753 nee
395 3721 590 3754 venumdari
610 3721 651 3754 ab
669 3723 849 3756 heredibus
868 3724 951 3757 meis
971 3735 1080 3768 neque
1102 3726 1208 3769 hypo-

130 3765 244 3796 thecae
257 3765 326 3797 dari
354 3765 410 3798 sod
423 3766 569 3809 integras
583 3777 715 3800 manere
728 3768 813 3812 ipsis
825 3772 858 3801 et
870 3769 950 3802 filiis
962 3771 1208 3815 nepotibusque

1220 139 1302 187 441

2236 142 2382 184 XXXI

1296 264 1371 299 filia
1400 264 1574 300 naturalis
1603 267 1682 299 erat
1709 264 1901 308 Pamphili:
1944 265 2036 300 idem
2064 264 2152 300 Pam
2177 264 2272 300 hilus
2301 269 2384 318 post

1297 309 1390 345 diem
1414 310 1522 355 legati
1545 308 1602 345 sui
1626 308 1809 344 cedentem
1821 312 2034 346 testamento
2054 310 2138 345 here
2163 320 2218 346 em
2229 309 2384 346 instituit

1295 355 1474 390 Maevium
1486 355 1634 399 eiusque
1646 353 1729 389 fidei
1756 354 1939 398 commisit,
1965 359 2006 390 ut
2024 355 2258 391 hereditatem
2270 365 2381 399 suam,

1295 399 1333 435 id
1361 404 1416 436 est
1445 399 1548 435 fundi
1576 409 1687 444 supra
1717 398 1842 444 scripti
1876 403 2015 444 partem
2044 400 2240 444 dimidiam,
2277 411 2383 445 quam

1296 445 1409 481 solam
1431 445 1470 480 in
1492 444 1596 481 bonis
1620 454 1664 480 ex
1688 447 1900 480 testamento
1924 448 2097 489 patronae
2115 456 2202 482 suae
2214 446 2381 489 habebat,

1294 490 1504 535 Pamphilae
1537 489 1632 525 filiae
1669 499 1773 533 suae,
1810 500 1891 525 cum
1920 490 2072 534 primum
2102 491 2215 526 libera
2244 490 2381 534 fuisset,

1295 536 1509 571 restitueret.
1558 545 1689 579 quaero
1714 534 1903 579 Pamphila
1926 535 2159 579 manumissa,
2190 540 2309 571 utrum
2338 546 2381 571 ex

1294 583 1506 616 testamento
1532 580 1715 625 superiore
1739 579 1852 624 patris
1878 579 1933 614 sui
1957 583 2130 624 patronae
2155 592 2233 616 eam
2243 584 2381 626 partem

1293 630 1415 670 petere
1438 625 1554 670 possit
1578 636 1624 660 an
1647 635 1731 661 vero
1756 635 1800 660 ex
1823 628 2035 660 testamento
2070 626 2182 669 patris
2206 626 2380 662 naturalis

1293 681 1337 706 ex
1362 681 1474 706 causa
1496 669 1761 706 fideicommissi
1784 670 1909 705 habita
1927 670 2065 706 ratione
2090 671 2175 715 legis
2190 671 2379 707 FalcidIae.

1292 715 1461 760 respondi
1491 726 1535 751 ex
1570 716 1625 751 his
1657 726 1748 760 quae
1783 719 2070 761 proponerentur
2100 716 2248 768 probari
2276 717 2380 752 Pam-

1292 761 1427 806 philam
1457 761 1644 796 dumtaxat
1673 771 1717 796 ex
1745 763 1959 796 testamento
1990 770 2173 805 superlore
2201 761 2380 798 fideicom-

1291 806 1439 842 missum
1463 810 1584 851 petere
1608 816 1726 851 posse.
1777 805 1849 841 Cra
1858 815 1979 841 volas.
2028 806 2113 850 quia
2136 806 2293 842 creditur
2316 818 2379 859 ap-

1291 851 1485 896 pellatione
1514 850 1669 887 filiorum
1704 854 1741 886 et
1769 851 1954 886 naturales
1989 850 2137 895 liberos,
2173 851 2211 887 id
2239 856 2308 896 est,
2345 864 2379 887 111

1295 899 1334 931 13
1382 896 1552 932 servitute
1576 900 1764 941 susceptos
1790 895 1975 932 contineri.
2023 895 2238 932 Seuerou.
2276 897 2379 933 Codi-

1292 941 1383 978 cillis
1408 941 1498 977 Gaio
1511 941 1592 977 Seio
1618 945 1761 977 centum
1784 941 1913 986 legavit
1935 941 2084 986 eiusque
2101 940 2185 977 fidei
2197 943 2379 986 commisit,

1291 991 1331 1022 ut
1354 987 1506 1022 ancillae
1523 987 1707 1023 testatoris
1732 997 1775 1022 ea
1787 986 1905 1022 daret:
1931 997 2075 1031 quaero,
2101 997 2149 1022 an
2171 987 2257 1022 utile
2280 986 2378 1023 fidei-

1292 1032 1520 1068 commissum
1554 1032 1616 1076 sit,
1654 1031 1751 1077 quod
1783 1031 1977 1077 legatarius
2012 1032 2165 1068 ancillae
2198 1034 2379 1068 testatoris

1291 1077 1377 1114 dare
1400 1078 1520 1114 iussus
1551 1081 1616 1113 est.
1664 1077 1835 1123 respondi
1864 1088 1937 1113 non
1965 1087 2055 1113 esse.
2102 1078 2203 1122 item,
2234 1078 2265 1113 si
2294 1078 2380 1114 utile

1290 1134 1363 1158 non
1387 1128 1451 1167 est,
1477 1134 1524 1159 an
1547 1123 1586 1169 le
1604 1123 1741 1159 atarius
1765 1122 1897 1166 heredi,
1930 1122 2032 1158 cuius
2056 1123 2187 1159 ancilla
2209 1127 2274 1167 est,
2305 1134 2379 1159 res-

1290 1168 1420 1204 tituere
1445 1179 1569 1214 compe
1598 1172 1691 1203 atur.
1739 1168 1911 1213 respondi
1933 1179 2006 1203 non
2031 1168 2212 1214 compelliz
2238 1169 2302 1204 sed
2313 1180 2379 1205 nec

1297 1217 1333 1249 14
1381 1215 1500 1259 ipsum
1524 1214 1735 1259 legatarium
1747 1213 1903 1259 legatum
1925 1217 2048 1258 petere
2065 1224 2183 1259 posse.
2220 1214 2379 1250 Insulam

1289 1259 1426 1295 libertis
1451 1259 1639 1304 utriusque
1662 1269 1770 1295 sexus
1795 1258 1924 1304 legavit
1944 1259 2004 1302 ita,
2030 1263 2071 1294 ut
2094 1269 2138 1295 ex
2162 1258 2279 1294 reditu
2302 1260 2380 1296 eius

1288 1304 1440 1340 masculi
1463 1305 1622 1350 duplum,
1648 1304 1801 1340 feminae
1813 1304 1980 1349 simplum
1992 1303 2090 1349 perci
2117 1304 2204 1349 iant,
2229 1315 2378 1350 eamque

1289 1350 1438 1385 alienari
1451 1350 1579 1386 vetuit:
1605 1360 1650 1386 ex
1664 1360 1843 1386 consensu
1860 1349 2016 1385 omnium
2030 1350 2076 1385 ab
2115 1349 2220 1385 erede
2235 1360 2378 1386 venum-

1289 1395 1374 1430 data
1397 1399 1469 1432 est:
1495 1406 1641 1440 quaero,
1666 1405 1713 1431 an
1729 1398 1766 1431 et
1779 1406 1823 1431 ex
1840 1395 1957 1440 pretio
1979 1394 2118 1431 insulae
2138 1394 2287 1440 duplum
2303 1406 2379 1431 ma-

1288 1451 1356 1485 res,
1383 1441 1549 1485 simplum
1568 1440 1720 1476 feminae
1735 1444 1915 1486 caperent.
1963 1439 2132 1486 respondi
2156 1441 2202 1477 ob
2225 1442 2378 1486 pretium

1290 1486 1423 1521 nullam
1434 1485 1699 1522 fideicommissi
1710 1486 1996 1531 persecutionem
2014 1495 2103 1530 esse,
2128 1485 2199 1522 nisi
2208 1496 2252 1522 ea
2262 1490 2379 1522 mente

1290 1531 1483 1567 venditioni
1507 1535 1774 1575 consenserunt,
1807 1534 1847 1566 ut
1870 1531 2033 1567 similiter
2055 1541 2101 1567 ex
2123 1531 2239 1576 pretio
2262 1542 2378 1568 mares

1289 1577 1430 1621 quidem
1442 1576 1600 1622 duplum,
1615 1576 1767 1612 feminae
1785 1580 1905 1613 autem
1919 1576 2086 1621 simplum
2101 1580 2379 1621 consequantur.

1293 1626 1330 1657 15
1378 1622 1547 1658 Instituto
1577 1621 1651 1658 filio
1677 1621 1808 1658 herede
1837 1625 1872 1657 et
1895 1632 1940 1657 ex
1963 1632 2005 1658 eo
2037 1621 2229 1667 nepotibus
2258 1632 2379 1657 eman-

1290 1667 1416 1712 cipatis
1441 1671 1592 1703 testator
1620 1667 1672 1702 ita
1702 1667 1812 1703 cavit:
1840 1664 2031 1712 “βούλομαι
2055 1665 2095 1701 δὲ
2122 1666 2185 1702 τὰς
2208 1666 2292 1712 ἐμὰς
2321 1669 2374 1702 οὶ-

1287 1709 1377 1748 ῐκιάς
1406 1712 1455 1757 μὴ
1484 1711 1693 1747 πωλεῖσθαι
1719 1709 1790 1748 ὑπὸ
1823 1713 1900 1746 τῶν
1929 1709 2163 1760 κληρονόμων
2189 1726 2259 1757 μου
2287 1711 2376 1757 μηδὲ

1286 1755 1540 1798 (δανείζεσθαι
1563 1753 1646 1792 κατ’
1672 1753 1801 1798 αὐτῶν,
1828 1753 1917 1792 ἀλλὰ
1938 1760 2061 1803 μένειν
2083 1754 2191 1793 αὐτὰς
2209 1753 2378 1805 ἀκεραίοις

1286 1798 1422 1838 (αὐτοῖς
1446 1806 1506 1837 καὶ
1529 1802 1619 1839 υἱοῖς
1643 1806 1703 1836 καὶ
1727 1801 1887 1850 ἐκγόνοις
1912 1803 1959 1838 εἰς
1981 1801 2048 1838 ’τὸν
2070 1798 2216 1838 ἅπαντα
2233 1802 2376 1849 χρόνον.

1285 1845 1363 1883 (ἐὰν
1387 1846 1428 1883 δέ
1447 1861 1501 1884 τις
1523 1846 1690 1894 βουληθῇ
1721 1843 1841 1882 αὐτῶν
1869 1846 2039 1891 πωλῆσαι
2067 1846 2110 1882 τὸ
2137 1850 2243 1895 μέρος
2273 1844 2379 1884 αὐτοῦ

1287 1890 1322 1937 ’ἢ
1348 1892 1592 1928 δανείσασθαι
1616 1889 1699 1928 κατ’
1726 1889 1848 1935 αὐτοῦ,
1881 1892 2048 1932 ἐξουσίαν
2075 1896 2181 1936 ἐχέτω
2212 1893 2377 1937 πωλῆσαι

1286 1935 1353 1982 ’τῷ
1386 1937 1514 1986 συγκλη
1539 1938 1663 1983 ονόμῳ
1695 1934 1804 1973 αὐτοῦ
1833 1941 1894 1973 καὶ
1924 1936 2161 1979 δανείζεσθαι
2188 1936 2280 1994 παρ’
2313 1935 2376 1973 αὗ-

1286 1981 1372 2019 ‘wa
1421 1983 1484 2019 ἐὰν
1514 1952 1557 2019 Se'
1581 1996 1634 2020 τις
1657 1983 1757 2028 παρὰ
1786 1985 1902 2018 ταῦτα
1925 1982 2073 2030 ποιήσῃ,
2099 1985 2202 2018 ἔσται
2223 1997 2267 2019 το
2289 1997 2377 2030 χρη-

1285 2026 1543 2073 (ματιζομενον
1569 2028 1749 2075 ἄχρηστον
1772 2032 1832 2063 καὶ
1851 2024 1994 2077 &mqov'
2004 2030 2028 2064 ⁸.
2101 2029 2272 2074 uaeritur,
2298 2040 2379 2065 cum

1290 2075 1383 2110 filius
1413 2073 1574 2111 defuncti
1603 2078 1763 2110 mutuam
1791 2074 1982 2119 pecuniam
2011 2084 2034 2109 a
2057 2074 2088 2109 F
2103 2074 2183 2110 avia
2205 2074 2377 2121 Dionysia

1289 2121 1469 2165 acceperit
1492 2124 1528 2156 et
1550 2120 1678 2156 locatis
1703 2119 1853 2155 aedibus
1877 2130 1942 2165 pro
1966 2123 2069 2165 parte
2099 2129 2166 2155 sua
2188 2120 2378 2164 pensiones

1287 2165 1356 2201 sibi
1380 2165 1518 2202 debitas
1545 2165 1725 2201 creditrici
1748 2164 1974 2210 delegaverit,
2006 2175 2054 2200 an
2078 2164 2242 2201 condicio
2267 2169 2376 2201 testa-

1287 2211 1396 2246 menti
1420 2211 1601 2247 exstitisse
1629 2210 1809 2254 vidcatur‚
1841 2213 1882 2245 ut
1911 2209 1992 2246 filiis
2016 2209 2092 2246 suis
2115 2209 2376 2247 fideicommissi

1287 2257 1428 2292 nomine
1452 2260 1626 2292 teneatur.
1677 2256 1846 2301 respondi
1875 2255 2071 2291 secundum
2100 2266 2143 2291 ea
2173 2266 2264 2300 quae
2292 2267 2375 2301 pro-

1292 2306 1329 2335 16
1377 2305 1597 2346 ponerentur
1619 2312 1692 2337 non
1715 2301 1906 2337 exstitisse.
1954 2300 2073 2336 Matre
2091 2304 2126 2336 et
2150 2311 2262 2336 uxore
2275 2301 2375 2337 here-

1287 2347 1391 2383 dibus
1415 2347 1588 2383 institutis
1612 2347 1663 2382 ita
1688 2346 1796 2382 cavit:
1824 2348 1857 2382 ‘a
1879 2349 1926 2390 te,
1951 2356 2044 2381 uxor
2061 2345 2256 2390 carissima,
2280 2350 2375 2391 peto,

1287 2395 1342 2428 ‘ne
1368 2392 1453 2437 quid
1475 2396 1558 2437 post
1580 2396 1730 2428 mortem
1754 2395 1854 2427 tuam
1883 2391 2055 2426 fratribus
2080 2391 2152 2426 tuis
2176 2391 2374 2436 relinquas:

1286 2438 1408 2474 ‘habes
1432 2437 1525 2474 filios
1550 2449 1714 2474 sororum
1738 2441 1891 2480 tuarum,
1917 2436 2047 2481 quibus
2072 2436 2263 2480 relinquas.
2305 2437 2375 2472 scis

1286 2485 1408 2518 ‘unum
1429 2483 1577 2519 fratrem
1595 2487 1697 2518 tuum
1716 2482 1830 2517 filium
1847 2485 2011 2517 nostrum
2031 2481 2215 2525 occidisse,
2241 2481 2325 2517 dum
2343 2483 2375 2517 ei

1286 2528 1459 2574 ‘rapinam
1496 2528 1599 2564 facit:
1635 2528 1700 2563 sed
1734 2531 1770 2563 et
1805 2527 1897 2562 alius
1931 2525 2018 2561 mihi
2053 2525 2231 2562 deteriora
2265 2526 2374 2562 fecit’.

1285 2584 1429 2618 quaero,
1462 2585 1543 2609 cum
1566 2584 1658 2609 uxor
1681 2573 1852 2608 intestata
1876 2571 2029 2607 decessit
2058 2574 2094 2606 et
2116 2571 2273 2616 legitima
2297 2572 2373 2608 eius

1284 2619 1464 2655 hereditas
1489 2619 1535 2654 ad
1560 2618 1707 2654 fratrem
1731 2617 1922 2662 pertineat,
1954 2627 2001 2651 an
2024 2616 2158 2652 sororis
2187 2616 2253 2652 filii
2275 2617 2374 2653 fidei-

1285 2665 1511 2700 commissum
1541 2665 1587 2700 ab
1623 2674 1666 2699 eo
1695 2666 1818 2708 petere
1852 2664 2014 2707 possunt.
2067 2661 2236 2707 respondi
2295 2673 2375 2699 osse

1288 2713 1326 2744 17
1377 2710 1518 2746 defendi
1547 2708 1861 2745 fideicommissum
1891 2706 2024 2742 deberI.
2079 2707 2226 2743 ‘Lucius
2289 2708 2374 2744 itius

1285 2755 1365 2791 ‘hoc
1389 2766 1507 2791 meum
1530 2757 1785 2790 testamentum
1816 2752 1966 2797 scripsi⁹
1990 2751 2066 2788 sine
2095 2751 2170 2788 ullo
2194 2752 2282 2788 iuris
2311 2764 2374 2798 pe·

1285 2800 1375 2844 ι1110,
1400 2801 1575 2836 rationem
1599 2799 1709 2835 animi
1720 2798 1789 2834 mei
1806 2797 1927 2843 potius
1939 2800 2086 2834 secutus
2110 2807 2218 2843 quam
2230 2798 2374 2834 nimiam

1285 2848 1332 2880 ‘et
1354 2846 1521 2881 miseram
1544 2845 1778 2890 diligentiam:
1809 2846 1845 2878 et
1867 2842 1899 2878 si
1921 2842 2038 2878 minus
2062 2842 2197 2888 aliquid
2220 2843 2374 2888 legitime

1285 2890 1455 2926 ‘minusve
1467 2890 1582 2936 perite
1600 2890 1730 2934 fecero,
1751 2899 1819 2935 pro
1831 2888 1910 2924 iure
1921 2887 2076 2933 legitimo
2087 2887 2214 2924 haberi
2227 2890 2256 2910 ¹⁰
2269 2888 2375 2924 debet

1284 2935 1448 2971 ‘hominis
1489 2935 1569 2971 sani
1607 2935 1801 2973 voluntas’:
1852 2932 1979 2969 deinde
2017 2933 2167 2969 heredes
2206 2933 2372 2970 instituit.

1284 2981 1485 3033 quaesitum
1509 2983 1565 3016 est
1586 2980 1746 3016 intestati
1770 2980 1846 3015 eius
1872 2979 2048 3016 bonorum
2059 2979 2287 3024 possessione
2311 2989 2372 3023 pe-

1282 3029 1358 3069 tita,
1384 3036 1430 3061 an
1453 3026 1636 3071 portiones
1662 3025 1865 3070 adscriptae
1895 3036 1940 3061 ex
1970 3034 2081 3060 causa
2109 3023 2372 3059 fideicommissi

1282 3071 1357 3116 peti
1379 3074 1543 3115 possunt.
1590 3070 1759 3117 respondi
1784 3070 1981 3107 secundum
2004 3079 2049 3107 ea
2079 3079 2172 3117 quae
2195 3080 2370 3117 propone·

1282 3124 1407 3151 rentur
1429 3126 1546 3161 posse.

1329 3158 1382 3199 89
1412 3161 1553 3196 ulma
1573 3161 1663 3196 libro
1690 3164 1821 3207 quarto
1838 3172 2094 3208 responsorum
2141 3162 2369 3197 Testamento

1282 3206 1394 3241 filium
1417 3210 1453 3242 et
1476 3216 1623 3242 uxorem
1647 3217 1750 3241 suam
1772 3206 1921 3243 heredes
1937 3206 2108 3243 instituit:
2160 3209 2259 3242 ostea
2276 3206 2368 3250 epis-

1282 3252 1395 3287 tulam
1418 3251 1606 3296 scripsisse
1635 3251 1781 3295 dicitur,
1813 3262 1884 3296 qua
1907 3255 1944 3288 et
1967 3217 2157 3297 quidquidp
2167 3251 2204 3286 in
2228 3250 2368 3295 peculio

1282 3297 1408 3332 habuit
1431 3296 1537 3340 filius,
1562 3296 1595 3332 ei
1619 3296 1763 3332 donavit
1776 3301 1812 3333 et
1835 3297 1967 3333 adiecit
1977 3296 2172 3342 praecipua
2184 3296 2274 3331 haec
2288 3306 2367 3331 eum

1280 3342 1408 3386 suique
1419 3341 1508 3378 iuris
1522 3345 1559 3377 et
1569 3345 1653 3386 post
1664 3345 1815 3378 mortem
1828 3352 1930 3378 suam
1942 3343 2074 3377 habere
2086 3341 2186 3376 velle.
2223 3350 2366 3384 quaero,

1282 3397 1364 3422 cum
1387 3390 1601 3422 testamento
1625 3386 1887 3432 significaverit,
1912 3387 1944 3422 si
1967 3386 2053 3431 quid
2076 3385 2300 3430 obsignatum
2311 3395 2366 3420 re-

1282 3432 1489 3477 cepisset¹2,
1523 3431 1562 3467 id
1595 3432 1672 3467 vice
1708 3432 1952 3468 codicillorum
1986 3431 2173 3473 valeret¹³,
2215 3429 2367 3474 epistula

1281 3480 1402 3513 autem
1426 3488 1499 3513 non
1522 3476 1570 3513 sit
1588 3477 1788 3522 obsignata,
1814 3487 1860 3512 an
1873 3487 1964 3521 quae
1976 3475 2129 3520 epistula
2141 3474 2367 3510 continentur

1281 3591 1317 3623 in
1330 3590 1579 3632 sempiternum.
1614 3591 1704 3634 quod
1716 3591 1744 3624 si
1759 3591 1835 3633 quis
1848 3600 1960 3622 eorum
1974 3590 2103 3630 partem
2117 3598 2209 3620 suam
2222 3587 2365 3621 vendere

1280 3635 1371 3667 volet
1383 3635 1434 3668 vel
1447 3636 1655 3679 hypothecae
1669 3636 1758 3676 dare,
1781 3635 1883 3668 liceat
1895 3635 1926 3666 ei
1939 3634 2080 3666 vendere
2101 3643 2170 3665 eam
2194 3632 2245 3665 vel
2258 3632 2365 3676 hypo·

1280 3681 1395 3713 thecae
1408 3680 1485 3714 dare
1497 3682 1653 3715 coheredi
1663 3692 1732 3714 suo.
1759 3681 1788 3713 si
1801 3680 1876 3722 quis
1885 3682 2003 3712 contra
2011 3678 2137 3718 fecerit,
2153 3678 2241 3720 quod
2253 3681 2364 3710 actum

1279 3729 1330 3758 est
1342 3725 1464 3759 inutile
1477 3729 1548 3760 esto
1561 3730 1595 3760 et
1607 3728 1752 3759 irritum.
1807 3726 1850 3765 (9)
1869 3724 2006 3767 scripsit
2020 3723 2070 3757 F²
2131 3724 2188 3762 (¹0)
2203 3723 2325 3755 habere
2336 3723 2369 3755 F

1280 3771 1334 3814 (11)
1351 3772 1557 3815 §3·—=D.36,
1568 3779 1590 3815 1,
1603 3779 1640 3806 80
1649 3784 1701 3818 pr.
1737 3772 1794 3813 (12)
1809 3769 2000 3811 reliquisset
2013 3781 2074 3802 scr.
2123 3770 2179 3810 (¹33
2192 3767 2300 3801 valere
2315 3767 2365 3803 F²

2047 3826 2090 3860 56
