2528 3918
135 89 195 121 DE
223 89 561 123 ADOPTIONIBUS

639 205 695 244 XI
706 204 716 225 ¹

462 274 523 306 DE
549 272 889 305 ADOPTIONIBUS.

181 342 296 378 ²'Non
327 341 439 376 solum
472 343 591 375 tamen
622 339 803 375 naturales
835 339 936 374 liberi
961 340 1156 376 secundum
1182 350 1223 375 ea

137 389 238 434 'quae
262 387 412 422 diximus
437 386 473 420 in
497 389 676 431 potestate
700 389 824 420 nostra
850 389 944 429 sunt,
970 397 1091 421 verum
1116 385 1221 421 etiam

138 437 150 468 1
202 433 236 468 'ii
266 442 356 478 quos
379 431 603 476 adoptamus.
651 430 813 476 Adoptio
838 435 958 466 autem
983 432 1123 467 duobus
1147 442 1220 466 mo-

134 476 197 514 'dis
221 478 272 520 fit,
298 480 362 513 aut
384 477 573 522 principali
595 477 768 522 rescripto
786 479 850 511 aut
868 477 1014 522 imperio
1035 477 1220 522 magistra-

134 524 212 559 'tus.
256 522 480 569 imperatoris
520 522 735 557 auctoritate
768 522 980 566 adoptamus
1013 533 1073 558 eos
1107 532 1220 564 easve,

134 569 142 583 ⁵
166 569 202 604 ui
226 578 359 614 quaeve
390 568 445 603 sui
476 568 562 603 iuris
594 571 687 603 sunt.
726 578 818 612 quae
849 568 987 612 species
1019 567 1221 612 adoptionis

134 581 273 650 'dicitur
284 614 479 659 adrogatio.
512 613 659 657 imperio
680 614 907 658 magistratus
930 614 1143 658 adoptamus
1161 623 1221 648 eos

133 661 265 703 ’easve,
290 660 351 705 qui
375 669 509 704 quaeve
532 658 569 693 in
593 662 771 703 potestate
795 660 995 703 parentium
1021 662 1123 701 sunt,
1150 659 1221 694 sive

133 705 139 719 '
166 706 292 741 rimum
315 705 464 750 gradum
487 704 678 739 liberorum
695 704 892 749 optineant,
918 705 1032 750 qualis
1054 708 1108 740 est
1127 704 1220 739 filius

132 718 230 793 ’Elian
263 751 336 786 sive
359 750 580 792 inferiorem,
637 750 728 785 ualis
754 753 808 785 est
832 761 943 795 nepos
968 750 1103 795 neptis,
1136 761 1219 795 pro-

131 800 150 832 2
197 806 309 842 nepos
341 795 546 841 proneptis.⁴
596 795 610 816 ³
645 795 687 830 ed
718 795 824 831 hodie
857 806 900 830 ex
931 799 1055 831 nostra
1087 796 1219 830 consti-

130 842 285 882 tutione,
319 852 399 876 cum
430 841 524 876 filius
555 840 708 876 familias
741 851 763 876 a
793 845 897 886 patre
921 841 1078 877 naturali
1101 845 1219 876 extra-

129 898 217 923 neae
240 897 414 932 personae
437 887 475 921 in
507 886 734 932 adoptionem
765 886 889 929 datur,
921 887 1000 922 iura
1029 887 1219 932 potestatis

129 933 301 968 naturalis
337 932 450 978 patris
482 932 623 967 minime
655 932 898 967 dissolvuntur
929 943 995 968 nec
1027 932 1218 978 quidquam

128 979 174 1014 ad
197 983 337 1024 patrem
369 977 574 1023 adoptivum
604 977 734 1013 transit
765 988 832 1013 nec
863 978 901 1012 in
930 981 1111 1023 potestate
1143 978 1218 1013 eius

128 1028 199 1067 est,
235 1024 319 1059 licet
350 1024 395 1059 ab
427 1023 597 1059 intestato
628 1023 708 1058 iura
741 1024 979 1059 successionis
1012 1023 1045 1059 ei
1069 1034 1091 1059 a
1113 1024 1217 1059 nobis

127 1070 263 1105 tributa
286 1073 381 1105 sunt.
420 1068 451 1104 si
473 1079 557 1104 vero
589 1072 693 1114 pater
724 1069 898 1105 naturalis
931 1080 1004 1105 non
1036 1073 1216 1111 extraneo,

127 1115 190 1151 sed
214 1126 279 1150 avo
304 1114 367 1149 filii
391 1114 447 1150 sui
470 1118 651 1157 materno,
683 1115 738 1150 vel
762 1114 792 1150 si
815 1115 893 1160 ipse
943 1118 1020 1150 ater
1044 1116 1217 1150 naturalis

126 1161 235 1196 fuerit
259 1160 524 1205 emancipatus,
550 1160 656 1195 etiam
679 1163 850 1205 paterno,
875 1171 917 1196 ve
954 1171 1088 1206 proavo
1114 1160 1218 1196 simili

126 1206 231 1242 modo
263 1209 413 1251 paterno
449 1205 504 1241 vel
538 1209 697 1241 materno
736 1206 847 1241 filium
879 1217 983 1242 suum
1015 1206 1151 1242 dederit
1180 1206 1218 1241 in

126 1252 370 1297 adoptionem:
407 1250 443 1286 in
477 1251 547 1286 hoc
580 1261 667 1286 casu
700 1252 783 1296 quia
813 1252 850 1286 in
881 1262 990 1287 unam
1026 1262 1216 1297 personam

127 1300 347 1333 concurrunt
377 1300 413 1332 et
443 1297 623 1331 naturalia
655 1299 691 1332 et
722 1297 925 1342 adoptionis
957 1298 1055 1340 iura,
1095 1301 1216 1333 manet

125 1343 253 1378 stabile
283 1343 340 1378 ius
371 1342 486 1395 patris
518 1342 676 1387 adoptivi
700 1346 735 1377 et
759 1343 914 1378 naturali
937 1343 1078 1379 vinculo
1104 1354 1213 1389 copu-

124 1389 236 1424 latum
259 1392 296 1424 et
318 1387 471 1433 legitimo
497 1387 699 1433 adoptionis
724 1388 829 1424 modo
855 1389 1099 1431 constrictum,
1125 1393 1166 1424 ut
1182 1393 1216 1424 et

124 1434 160 1469 in
184 1434 318 1469 familia
341 1437 378 1468 et
399 1434 436 1468 in
467 1436 647 1478 potestate
678 1433 883 1469 huiusmodi
914 1435 1027 1479 patris
1059 1434 1215 1480 adoptivi

125 1483 144 1515 3
193 1480 249 1515 sit.
298 1479 387 1514 Cum
410 1483 528 1514 autem
541 1479 701 1524 impubes
713 1490 778 1524 per
789 1480 988 1525 principale
1000 1480 1214 1526 rescriptum

124 1524 328 1570 adrogatur,
354 1535 465 1560 causa
490 1525 631 1569 cognita.
655 1524 839 1569 adrogatio
860 1525 1078 1570 permittitur
1099 1530 1134 1562 et
1154 1537 1213 1562 ex-

124 1571 275 1616 quiritur
299 1581 410 1606 causa
434 1570 674 1615 adrogationis
685 1571 710 1613 ⁴,
736 1581 783 1606 an
799 1572 950 1606 honesta
966 1572 1012 1607 sit
1029 1571 1213 1617 expediat-

124 1627 192 1662 que
221 1616 375 1662 pupillo,
410 1619 446 1651 et
470 1626 551 1651 cum
575 1615 790 1661 quibusdam
815 1616 1084 1653 condicionibus
1109 1617 1213 1652 adro-

122 1662 216 1707 gatio
241 1662 300 1704 fit,
332 1661 369 1697 id
393 1665 448 1697 est
469 1665 511 1696 ut
534 1665 659 1697 caveat
681 1661 875 1707 adrogator
898 1672 1075 1707 personae
1098 1664 1214 1708 publi-

123 1718 205 1751 cae,
237 1708 307 1743 hoc
332 1710 387 1743 est
409 1707 605 1750 tabulario,
638 1707 668 1743 si
691 1707 787 1742 intra
810 1708 1034 1752 pubertatem
1059 1709 1214 1754 pupillus

122 1753 326 1796 decesserit,
350 1752 599 1788 restituturum
623 1763 662 1788 se
685 1753 781 1788 bona
803 1753 891 1795 illis,
917 1754 989 1799 qui,
1015 1755 1045 1790 si
1069 1754 1213 1799 adoptio

121 1798 220 1835 facta
243 1809 317 1835 non
340 1801 444 1841 esset,
469 1798 517 1833 ad
540 1799 802 1835 successionem
828 1799 902 1835 eius
922 1800 1063 1835 venturi
1083 1803 1213 1836 essent.

121 1845 206 1880 item
229 1855 302 1880 non
326 1845 415 1879 alias
440 1844 665 1890 emancipare
689 1855 750 1880 eos
774 1848 895 1890 potest
918 1845 1121 1890 adrogator‚
1146 1846 1215 1881 nisi

123 1900 234 1926 causa
257 1890 400 1935 cognita
431 1890 527 1935 digni
557 1890 840 1935 emancipatione
870 1890 1006 1927 fuerint
1037 1895 1073 1926 et
1104 1893 1215 1927 tunc⁵

121 1946 188 1972 sua
210 1936 307 1971 bona
330 1935 380 1971 eis
403 1935 541 1971 reddat.
578 1935 642 1971 sed
671 1940 708 1971 et
738 1936 769 1971 si
799 1935 975 1972 decedens
1007 1941 1111 1982 pater
1134 1947 1215 1973 eum

122 1981 390 2017 exheredaverit
411 1981 467 2017 vel
490 1981 590 2017 vivus
614 1981 690 2016 sine
712 1981 808 2017 iusta
832 1991 942 2018 causa
962 1993 1042 2018 eum
1060 1983 1214 2019 emanci-

120 2027 274 2073 paverit,
298 2027 439 2063 iubetur
463 2030 627 2072 quartam
650 2030 789 2072 partem
814 2027 846 2063 ei
869 2038 1014 2064 suorum
1038 2029 1214 2065 bonorum

120 2074 338 2118 relinquere,
369 2072 533 2108 videlicet
556 2076 699 2118 praeter
723 2073 837 2116 bona,
871 2084 963 2118 quae
995 2074 1043 2109 ad
1074 2078 1213 2120 patrem

121 2118 326 2164 adoptivum
356 2118 543 2154 transtulit
576 2121 612 2153 et
643 2129 794 2163 quorum
827 2120 1053 2155 commodum
1086 2121 1118 2156 ei
1149 2120 1212 2156 ad-

121 2167 142 2200 4
188 2164 332 2210 quisivit
354 2167 490 2210 postea.
539 2163 714 2199 Minorem
747 2167 835 2200 natu
866 2175 939 2200 non
971 2176 1078 2210 posse
1102 2166 1211 2201 maio-

120 2221 194 2246 rem
218 2209 390 2256 adoptare
413 2209 549 2255 placet:
575 2209 721 2255 adoptio
747 2209 841 2245 enim
863 2214 1031 2246 naturam
1053 2211 1214 2247 imitatur

120 2260 157 2291 et
179 2266 244 2302 pro
268 2259 427 2291 monstro
453 2258 525 2298 est,
558 2258 600 2290 ut
631 2255 745 2290 maior
776 2255 824 2291 sit
846 2255 941 2292 fflius
966 2267 1072 2302 quam
1096 2261 1209 2303 pater.

121 2301 228 2337 debet
250 2301 302 2336 ita
326 2302 398 2336 uess
420 2301 463 2344 is,
488 2301 549 2346 qui
573 2300 642 2336 sibi
665 2311 730 2346 per
754 2301 1023 2346 adrogationem
1046 2303 1101 2338 vel
1125 2303 1210 2338 ado-

120 2348 278 2393 ptionem
328 2347 413 2382 lium
436 2346 543 2390 facit,
576 2346 682 2391 plena
705 2347 912 2392 pubertate,
944 2348 981 2383 id
1012 2351 1067 2383 est
1091 2349 1212 2384 decem

120 2396 140 2427 5
189 2396 226 2429 et
248 2396 330 2428 octo
356 2392 457 2428 annis
481 2392 706 2437 praecedere.
754 2392 858 2428 Licet
889 2397 1008 2429 autem
1041 2397 1076 2429 et
1098 2394 1135 2429 in
1159 2394 1210 2429 lo-

120 2449 201 2474 cum
232 2438 372 2491 nepotis
403 2438 459 2474 vel
482 2437 597 2483 neptis
621 2438 675 2473 vel
698 2438 735 2472 in
759 2438 877 2474 locum
900 2450 1013 2484 prone
1041 2440 1132 2475 otis⁷
1157 2440 1211 2475 vel

119 2487 305 2530 proneptis
328 2484 384 2519 vel
409 2483 574 2529 deinceps
599 2483 785 2537 adoptare,
811 2485 970 2529 quamvis
995 2485 1020 2520 fi
1038 2485 1107 2520 'um
1133 2485 1210 2530 quis

120 2534 140 2566 6
187 2540 260 2566 non
282 2530 426 2565 habeat.
474 2529 524 2564 Et
554 2532 628 2564 tam
659 2529 771 2564 filium
802 2530 957 2566 alienum
988 2531 1066 2576 quis
1097 2531 1135 2566 in
1158 2531 1210 2567 lo-

121 2586 201 2611 cum
225 2575 366 2621 nepotis
389 2578 509 2620 potest
532 2574 716 2620 adoptare,
767 2585 850 2610 uam
865 2580 1031 2621 nepotem
1044 2577 1210 2613 inlocum

122 2624 140 2656 7
189 2620 263 2656 filii.
312 2619 383 2656 Sed
415 2620 445 2655 si
501 2619 556 2655 uis
588 2620 728 2665 nepotis
743 2586 833 2656 ίἲοοο
859 2621 1007 2667 adoptet
1029 2622 1084 2657 vel
1109 2623 1211 2667 quasi

120 2677 164 2702 ex
188 2677 229 2702 eo
254 2665 339 2709 filio,
364 2675 469 2712 quem
519 2666 602 2701 abet
624 2666 695 2700 iam
719 2665 941 2711 adoptatum,
965 2667 1019 2702 vel
1044 2668 1146 2713 quasi
1168 2679 1211 2703 ex

120 2712 179 2747 illo
193 2738 202 2754 ,
234 2721 339 2757 quem
370 2710 570 2746 naturalem
593 2711 630 2746 in
655 2721 722 2746 sua
744 2715 924 2757 potestate
946 2713 1075 2749 habet:
1106 2714 1144 2748 in
1168 2723 1209 2748 eo

121 2768 207 2793 casu
230 2761 266 2792 et
289 2756 383 2792 filius
408 2756 608 2793 consentire
635 2756 752 2799 debet,
777 2767 823 2792 ne
847 2758 880 2793 ei
902 2758 1011 2794 invito
1036 2768 1124 2794 suus
1147 2759 1209 2793 he-

120 2813 176 2839 res
201 2802 443 2848 adgnascatur
454 2802 475 2836 ⁸.
518 2802 581 2838 sed
614 2812 658 2837 ex
690 2803 870 2838 contrario
903 2803 934 2838 si
958 2813 1044 2839 avus
1069 2814 1113 2839 ex
1136 2803 1208 2839 filio

121 2852 286 2894 nepotem
310 2848 372 2883 dat
394 2848 431 2884 in
455 2847 524 2883 ado
551 2847 704 2890 tionem,
737 2858 811 2883 non
843 2851 896 2884 est
928 2859 1074 2884 necesse
1098 2849 1210 2884 filium

121 2896 141 2930 8
189 2893 400 2929 consentire.
448 2894 490 2928 In
514 2905 536 2938 p
552 2893 674 2928 urimis
699 2897 819 2928 autem
844 2894 962 2930 causis
987 2894 1210 2930 adsimilatur

119 2940 170 2983 is,
201 2939 263 2985 qui
285 2939 477 2985 adoptatus
501 2938 556 2974 vel
579 2939 771 2983 adrogatus
796 2942 868 2982 est,
902 2940 934 2974 ei
965 2940 1026 2985 qui
1058 2951 1101 2975 ex
1123 2940 1209 2984 legi-

121 2986 204 3021 timo
229 2984 453 3020 matrimonio
478 2987 585 3019 natus
607 2988 670 3020 est.
707 2988 742 3020 et
753 2985 832 3020 ideo
848 2984 878 3020 si
890 2984 968 3029 quis
983 2995 1046 3031 per
1058 2985 1209 3030 impera—

120 3035 234 3067 torem
265 3030 338 3066 sive
361 3030 458 3076 apud
481 3032 683 3075 praetorem
706 3031 761 3065 vel
784 3031 880 3076 apud
902 3031 1103 3076 praesidem
1126 3041 1208 3076 pro-

120 3076 258 3112 vinciae
289 3086 361 3111 non
397 3079 604 3110 extraneum
635 3075 876 3121 adoptaverit,
907 3079 1028 3122 potest
1059 3076 1210 3112 eundem

121 3125 141 3157 9
189 3121 249 3157 alii
271 3121 308 3156 in
333 3121 559 3166 adoptionem
584 3120 680 3156 dare.
730 3121 833 3157 ⁹*Sed
857 3125 893 3157 et
915 3122 1002 3158 illud
1025 3122 1211 3167 utriusque

120 3166 331 3213 ’adoptionis
356 3177 542 3202 commune
567 3170 638 3209 est,
671 3166 766 3212 quod
799 3171 834 3202 et
864 3167 919 3210 hi,
952 3167 1012 3213 qui
1042 3177 1211 3212 generare

120 3215 203 3249 'non
226 3216 396 3259 possunt,
430 3212 553 3257 quales
586 3215 669 3247 sunt
692 3212 890 3258 spadones,
923 3213 1097 3258 adoptare
1126 3223 1208 3258 pos-

126 3262 164 3294 10
212 3258 316 3301 'sunt‚
338 3258 485 3293 castrati
505 3260 623 3292 autem
636 3268 708 3293 non
720 3262 881 3304 possunt.
930 3258 1100 3294 Feminae
1121 3268 1208 3311 quo-

124 3308 201 3350 ‘que
224 3303 399 3348 adoptare
422 3314 493 3339 non
518 3306 688 3347 possunt,
714 3304 799 3349 quia
822 3314 889 3338 nec
913 3304 1095 3339 naturales
1119 3303 1207 3339 hbe-

166 3420 206 3461 (1)
235 3418 285 3463 Os.
300 3419 377 3454 Gai.
392 3421 418 3459 1,
431 3426 542 3453 9¹1..10·1
563 3419 645 3463 Diy.
659 3420 688 3459 1,
701 3426 715 3452 7
741 3419 818 3452 Cod.
831 3420 862 3459 8,
873 3426 906 3453 47
918 3420 979 3460 (4⁸)
1059 3420 1102 3460 (2)
1131 3418 1208 3452 Gai.

124 3465 153 3506 1,
163 3471 262 3498 oms
273 3465 366 3508 (Diy.
381 3466 408 3504 1,
420 3471 447 3504 7,
458 3467 488 3506 2)
555 3468 597 3502 (3)
614 3469 629 3504 5
642 3471 659 3498 2
669 3476 707 3497 ex
720 3464 797 3497 Cod.
809 3465 840 3504 8,
851 3471 884 3498 47
895 3465 970 3506 (48),
981 3471 1014 3498 10
1075 3465 1115 3505 (4)
1129 3463 1207 3495 ado-

122 3509 293 3552 ptionisB
386 3510 429 3549 (5)
456 3510 550 3550 tunc]
569 3509 709 3550 Wtuno
718 3511 757 3541 ut
770 3510 838 3543 ΒΕ
907 3512 951 3551 (6)
977 3509 1149 3551 itaque]E
1160 3509 1205 3550 W,

123 3567 182 3588 om.
192 3554 228 3587 B
354 3555 396 3596 (7)
422 3555 536 3597 neptis
545 3554 596 3587 vel
605 3554 642 3587 in
650 3554 762 3587 locum
772 3558 824 3594 (ex
839 3554 914 3587 loco
926 3555 997 3595 W⁶J
1014 3553 1204 3596 pronepotis]

132 3597 266 3633 W‘cum
276 3600 317 3641 Θ,
327 3599 481 3632 inlocum
499 3599 586 3643 (loco
595 3600 641 3641 E)
659 3601 772 3642 neptis
782 3601 861 3640 BE,
879 3612 938 3633 om.
956 3600 1039 3632 inter
1056 3600 1126 3633 alia
1143 3599 1208 3632 Wa

124 3646 168 3686 (8)
192 3646 240 3679 sic
249 3645 292 3686 E,
301 3648 505 3687 agnoscatur
522 3646 785 3686 W‚naseaturB
878 3647 921 3687 (9)
951 3644 1028 3678 Gai.
1041 3647 1206 3686 1,103.104

121 3690 218 3745 (Diq.
231 3692 298 3731 1,·1,
309 3692 373 3730 2,1)
467 3692 527 3732 (ιο)
555 3690 841 3733 Gai.1‚1o·1(D1·q.
856 3691 998 3732 1,·1,2,2)
1078 3690 1132 3731 (ιι)
1158 3690 1206 3722 sic

130 3735 203 3770 G'az.
215 3736 307 3779 Diq„
317 3735 352 3767 in
363 3737 528 3778 potestate
539 3737 617 3770 libri
707 3738 766 3778 (12)
793 3737 840 3768 sic
851 3736 940 3767 enim
951 3737 995 3776 et]
1006 3736 1048 3776 E,
1059 3736 1106 3767 sic
1117 3734 1205 3767 enim

2004 76 2152 119 INST.
2184 78 2216 131 Ι,
2256 84 2395 124 11.12
2448 55 2471 63 ‘⁴

1295 202 1363 239 ’ros
1376 203 1412 238 in
1432 206 1611 248 potestate
1632 215 1698 240 sua
1718 205 1877 240 habent‘:
1904 205 1967 241 sed
1986 215 2029 240 ex
2048 203 2268 250 indulgentia
2287 203 2384 248 prin-

1294 249 1382 294 cipis
1407 249 1454 284 ad
1477 249 1644 284 solatium
1664 251 1855 286 liberorum
1876 251 2086 286 amissorum
2106 249 2282 295 adoptare
2301 260 2384 295 pos-

1298 297 1332 328 11
1385 298 1479 330 sunt.
1534 296 1560 315 ¹⁰
1570 295 1669 330 'Illud
1682 297 1863 341 proprium
1876 301 1931 332 est
1942 297 2035 331 illius
2056 295 2270 348 adoptionis,
2293 305 2386 341 quae

1294 339 1367 385 *per
1390 350 1533 376 sacrum
1557 341 1742 376 oraculum
1767 342 1817 384 tit,
1844 342 1939 387 quod
1962 342 2003 384 is,
2052 341 2089 377 ui
2113 341 2242 376 hberos
2263 341 2300 376 in
2320 352 2384 386 po-

1294 385 1433 421 'testate
1456 386 1582 428 habet,
1608 386 1638 421 si
1663 397 1701 421 se
1725 387 1969 431 adrogandum
1994 387 2036 422 de
2064 387 2149 429 erit,
2175 397 2247 422 non
2272 387 2385 422 solum

1293 431 1378 476 'ipse
1397 432 1568 477 potestati
1581 433 1607 452 ¹¹
1628 432 1851 476 adrogatoris
1872 433 2058 476 subicitur,
2072 432 2135 468 sed
2156 432 2264 467 etiam
2283 432 2386 467 liberi

1293 476 1377 512 ‘eius
1410 476 1446 512 in
1478 477 1634 512 eiusdem
1665 477 1758 512 fiunt
1789 482 1966 522 potestate
1998 482 2180 524 tamquam
2213 478 2385 523 nepotes:

1291 522 1343 557 sic
1379 522 1472 557 enirn
1507 526 1542 557 et
1555 523 1583 544 ¹²
1618 523 1719 558 divus
1754 524 1937 568 Augustus
1974 535 2046 559 non
2082 527 2165 559 ante
2202 523 2386 558 Tiberium

1291 567 1493 613 adoptavit,
1519 578 1626 613 quam
1649 568 1680 603 is
1706 568 1957 604 Germanicum
1981 569 2182 614 adoptavit:
2209 573 2250 603 ut
2272 569 2385 614 proti-

1291 623 1357 648 nus
1382 613 1576 659 adoptione
1598 614 1698 649 facta
1720 614 1869 659 incipiat
1893 614 2126 650 Germanicus
2146 614 2300 660 Augusti
2324 625 2384 649 ne-

1296 661 1333 693 12
1380 670 1448 704 pos
1473 670 1561 694 esse.
1609 659 1719 704 Apud
1746 660 1917 695 Catonem
1949 660 2040 695 bene
2073 660 2245 705 scriptum
2277 660 2385 696 refert

1291 704 1508 749 antiquitas,
1541 705 1632 741 servi
1655 705 1684 740 si
1709 715 1731 739 a
1758 705 1900 741 domino
1927 705 2089 750 adoptati
2114 707 2203 748 sint,
2238 717 2282 742 ex
2314 705 2382 741 hoc

1290 750 1368 794 ipso
1398 761 1509 802 posse
1539 750 1694 786 liberari.
1739 751 1835 787 unde
1867 754 1902 786 et
1933 761 2000 786 nos
2033 751 2161 785 eruditi
2192 752 2228 786 in
2262 754 2386 786 nostra

1292 796 1548 832 constltutione
1561 797 1587 817 ¹³
1624 797 1730 831 etiam
1767 807 1847 832 eum
1884 807 2044 839 servum,
2082 807 2186 848 quem
2222 797 2385 832 dominus

1290 841 1380 877 actis
1403 841 1719 877 intervenientibus
1744 842 1856 877 filium
1880 853 1985 878 suum
2010 843 2262 884 nonunaverit,
2296 842 2383 877 libe-

1288 898 1369 922 rum
1389 897 1469 923 esse
1488 888 1751 931 constituimus,
1776 888 1859 924 licet
1877 888 1945 924 hoc
1966 888 2013 923 ad
2036 887 2092 923 ius
2117 887 2181 922 filii
2205 888 2383 933 accipien-

1290 932 1374 968 dum
1399 933 1431 969 ei
1455 944 1528 968 non
1553 933 1698 969 sufficit.

1780 1026 1895 1066 XII¹⁴

1319 1092 1486 1129 QUIBUS
1511 1093 1652 1125 Moms
1677 1093 1750 1125 ms
1776 1093 2050 1126 Porss'rAris
2077 1093 2302 1126 SOLVITUR
2318 1093 2353 1125 ¹⁵.

1339 1159 1579 1195 ¹⁶*Videamus
1604 1170 1711 1203 nunc,
1738 1160 1867 1206 quibus
1892 1159 2006 1195 modis
2030 1159 2065 1203 ii,
2091 1160 2151 1205 qui
2175 1160 2290 1196 alieno
2315 1160 2383 1197 iuri

1288 1204 1450 1241 'subiecti
1482 1209 1585 1248 sunt,
1620 1216 1661 1241 eo
1694 1205 1772 1241 iure
1804 1206 2012 1241 liberantur.
2051 1209 2086 1241 et
2118 1206 2260 1251 quidem
2294 1207 2383 1241 servi

1288 1251 1596 1297 ‘quemadmodum
1609 1254 1790 1297 potestate
1809 1252 2018 1294 liberantur,
2040 1262 2083 1286 ex
2104 1252 2160 1287 his
2181 1252 2385 1297 intellegere

1288 1296 1509 1342 possumus,
1543 1307 1636 1343 quae
1668 1297 1712 1332 de
1744 1298 1854 1333 servis
1889 1297 2180 1333 manumittendis
2217 1297 2382 1343 superius

1288 1342 1538 1388 'exposuimus
1576 1343 1613 1377 hi
1637 1354 1733 1384 vero,
1759 1343 1819 1389 qui
1842 1343 1880 1378 in
1898 1346 2084 1423 (potestate
2105 1343 2265 1388 parentis
2288 1347 2382 1385 sunt,

1287 1387 1436 1425 'mortuo
1462 1399 1504 1424 eo
1529 1389 1585 1424 sui
1608 1388 1695 1424 iuris
1721 1388 1823 1423 fiunt.
1857 1399 1895 1424 se
1945 1389 2014 1424 hoc
2039 1389 2303 1425 distinctionem
2327 1400 2381 1424 re-

1286 1433 1392 1480 'cipit.
1429 1445 1512 1470 nam
1536 1438 1676 1470 mortuo
1701 1438 1804 1479 patre
1828 1445 1915 1470 sane
1939 1434 2142 1470 omnimodo
2163 1434 2227 1469 filii
2247 1434 2383 1470 filiaeve

1286 1478 1351 1515 'sui
1374 1481 1461 1515 iuris
1487 1479 1701 1515 efficiuntur.
1734 1484 1874 1515 mortuo
1895 1490 1978 1515 vero
2001 1490 2066 1515 avo
2087 1491 2159 1516 non
2179 1480 2382 1516 omnimodo

1286 1525 1443 1571 'nepotes
1469 1529 1664 1578 neptesque
1689 1525 1744 1560 sui
1775 1525 1862 1561 iuris
1894 1525 2005 1568 fiunt,
2037 1525 2101 1561 sed
2131 1526 2201 1569 ita,
2239 1526 2269 1561 si
2300 1530 2383 1571 post

1286 1571 1444 1608 ‘mortem
1475 1582 1532 1606 av1
1562 1571 1599 1606 in
1631 1574 1846 1616 potestatem
1879 1571 1992 1617 patris
2025 1571 2082 1606 sui
2113 1572 2273 1607 recasuri
2310 1582 2381 1607 non

1286 1616 1398 1653 'suntz
1423 1618 1545 1662 itaque
1569 1617 1599 1652 si
1622 1617 1796 1652 moriente
1820 1627 1886 1652 avo
1911 1621 2015 1662 pater
2039 1627 2161 1652 eorum
2187 1620 2223 1652 et
2246 1617 2330 1652 vivit
2348 1621 2380 1653 et

1285 1662 1330 1697 ‘in
1354 1666 1534 1708 potestate
1558 1662 1670 1707 patris
1696 1663 1751 1698 sui
1776 1666 1847 1705 est,
1880 1666 1967 1697 tunc
1998 1666 2082 1708 post
2106 1663 2242 1698 obitum
2267 1663 2322 1698 avi
2346 1663 2381 1699 in

1289 1708 1412 1753 *patris
1437 1705 1492 1744 sui
1516 1710 1698 1752 potestate
1716 1708 1824 1743 fiunt:
1859 1708 1889 1743 si
1920 1719 2002 1743 vero
2035 1708 2084 1751 is,
2119 1719 2189 1753 quo
2221 1711 2381 1754 tempore

1285 1755 1381 1790 'avus
1405 1755 1573 1796 moritur,
1600 1757 1664 1789 aut
1686 1754 1758 1789 iam
1781 1757 1944 1790 mortuus
1970 1757 2024 1789 est
2048 1756 2112 1789 aut
2137 1754 2223 1789 exiit
2247 1754 2291 1789 de
2315 1764 2379 1799 po-

1285 1799 1425 1836 'testate
1448 1800 1579 1846 patris,
1614 1803 1701 1835 tunc
1724 1799 1780 1842 hi,
1814 1800 1897 1852 quia
1919 1800 1957 1834 in
1981 1802 2195 1846 potestatem
2222 1799 2295 1835 eius
2321 1810 2380 1834 ca-

1288 1849 1300 1880 1
1354 1846 1447 1882 'dere
1469 1856 1543 1881 non
1566 1848 1729 1891 possunt,
1756 1845 1812 1880 sui
1830 1845 1917 1880 iuris
1938 1844 2038 1880 fiunt.
2089 1844 2178 1880 Cum
2198 1848 2317 1880 autem
2338 1845 2380 1887 is,

1285 1892 1356 1937 'qui
1391 1892 1437 1927 ob
1474 1890 1620 1936 aliquod
1654 1890 1869 1926 maleficium
1900 1891 1938 1925 in
1969 1890 2124 1926 insulam
2156 1891 2380 1936 deportatur,

1285 1937 1475 1973 ‘civitatem
1492 1936 1632 1979 amittit,
1658 1936 1818 1982 sequitur
1841 1939 1894 1978 ut,
1920 1935 2036 1980 quia¹⁷
2057 1947 2098 1972 eo
2120 1936 2226 1972 modo
2249 1947 2292 1971 ex
2314 1948 2380 1971 nu-

1285 1982 1390 2019 ‘mero
1417 1983 1545 2018 civium
1570 1982 1816 2018 Romanorum
1840 1982 1988 2024 tollitur,
2014 1982 2160 2027 perinde
2184 1982 2260 2017 acsi
2284 1993 2379 2016 mor-

1285 2029 1355 2065 'tuo
1388 2039 1429 2064 eo
1462 2028 1628 2064 desinant
1659 2027 1761 2062 liberi
1791 2028 1837 2079 ἰῐιΧ
1860 2030 2040 2072 potestate
2072 2028 2147 2063 eius
2174 2038 2262 2063 esse.
2299 2027 2379 2073 pari

1283 2074 1430 2110 ‘ratione
1455 2078 1490 2109 et
1513 2074 1543 2109 si
1566 2074 1615 2117 is,
1641 2073 1702 2119 qui
1725 2073 1762 2108 in
1786 2076 1966 2119 potestate
1990 2073 2149 2118 parentis
2174 2073 2238 2116 sit,
2263 2073 2300 2108 in
2324 2073 2377 2107 in-

1284 2121 1407 2155 *sulam
1432 2120 1642 2165 deportatus
1672 2118 1799 2161 fuerit,
1832 2118 2004 2154 desinit¹⁸
2033 2119 2071 2153 in
2102 2122 2282 2164 potestate
2314 2129 2378 2163 pa-

1283 2166 1403 2201 *rentis
1428 2166 1526 2201 esse.⁴
1564 2165 1627 2200 sed
1651 2164 1681 2199 si
1706 2175 1750 2199 ex
1773 2164 1992 2209 indulgentia
2015 2164 2206 2210 principali
2224 2164 2380 2199 restituti

1282 2214 1302 2247 2
1349 2211 1492 2254 fuerint,
1503 2221 1567 2256 per
1576 2210 1695 2246 omnia
1702 2210 1892 2263 pristinum
1903 2214 2035 2245 statum
2043 2210 2231 2255 recipiunt.
2272 2210 2300 2231 ¹⁹
2308 2209 2378 2244 Re-

1281 2257 1387 2302 legati
1411 2260 1531 2292 autem
1555 2260 1676 2302 patres
1699 2267 1737 2290 1n
1760 2255 1912 2291 insulam
1936 2255 1973 2290 in
1997 2259 2176 2301 potestate
2202 2266 2268 2291 sua
2291 2255 2378 2290 libe-

1281 2313 1341 2338 ros
1373 2303 1545 2338 retinent:
1581 2306 1616 2338 et
1650 2312 1669 2336 e
1694 2301 1873 2337 contrario
1899 2301 2002 2336 liberi
2025 2301 2172 2347 relegati
2195 2301 2232 2336 in
2283 2304 2376 2336 otes-

1282 2352 1301 2383 3
1349 2352 1425 2384 tate
1448 2351 1638 2393 parentum
1662 2350 1859 2386 remanent.
1907 2347 2051 2382 Poenae
2082 2357 2204 2382 servus
2231 2357 2249 2381 e
2279 2350 2377 2381 ectus

1281 2393 1372 2429 filios
1396 2394 1433 2429 in
1457 2396 1637 2439 potestate
1656 2393 1790 2428 habere
1812 2392 1951 2427 desinit.
1989 2392 2080 2428 servi
2100 2396 2219 2427 autem
2240 2402 2375 2437 poenae

1282 2439 1499 2481 efficiuntur,
1524 2439 1585 2484 qui
1608 2439 1645 2474 in
1669 2438 1852 2474 metallum
1877 2438 2093 2473 damnantur
2117 2441 2153 2473 et
2174 2438 2234 2482 qui
2255 2437 2377 2472 bestiis

1282 2488 1303 2520 4
1350 2485 1586 2521 subiciuntur.
1634 2484 1748 2519 Filius
1771 2483 1927 2519 familias
1953 2483 1983 2518 si
2006 2483 2227 2525 militaverit,
2260 2483 2315 2518 vel
2348 2482 2378 2518 si

1282 2534 1428 2567 senator
1450 2531 1505 2566 vel
1530 2530 1656 2566 consul
1680 2529 1789 2564 fuerit
1812 2528 1943 2571 factus,
1967 2532 2088 2563 manet
2111 2529 2148 2563 in
2173 2528 2286 2573 patris
2310 2538 2375 2573 po-

1280 2579 1421 2612 testate.
1457 2576 1582 2610 militia
1606 2575 1698 2610 enim
1721 2575 1777 2609 vel
1809 2573 2013 2609 consularia
2022 2574 2053 2595 ²⁰
2078 2574 2230 2619 dignitas
2262 2573 2376 2619 patris

1279 2625 1460 2667 potestate
1495 2620 1607 2655 filium
1642 2630 1717 2655 non
1752 2619 1892 2654 liberat.
1942 2619 2004 2654 sed
2042 2629 2085 2655 ex
2121 2619 2377 2655 constitutione

1280 2668 1442 2703 nostra²¹
1475 2676 1613 2702 summa
1643 2664 1856 2710 patriciatus
1887 2664 2040 2710 dignitas
2071 2664 2152 2700 ilico
2185 2665 2231 2700 ab
2263 2665 2375 2709 impe-

1279 2713 1428 2748 rialibus
1453 2711 1623 2747 codicillis
1648 2710 1828 2756 praestitis
1853 2720 1875 2745 a
1895 2711 2016 2763 patria
2035 2713 2215 2755 potestate
2234 2710 2373 2745 liberat.

1281 2758 1358 2803 quis
1385 2757 1475 2793 enim
1499 2758 1657 2803 patiatur
1680 2759 1820 2800 patrem
1845 2755 1986 2801 quldem
2018 2765 2126 2801 posse
2156 2766 2222 2801 per
2254 2765 2374 2790 eman-

1280 2803 1468 2849 cipationis
1501 2802 1646 2837 modum
1677 2811 1764 2837 suae
1795 2801 1984 2846 potestatis
2009 2801 2160 2837 nexibus
2184 2801 2296 2836 filium
2319 2810 2374 2835 re-

1278 2849 1419 2891 laxare,
1451 2847 1717 2893 imperatoriam
1740 2850 1860 2882 autem
1885 2847 2131 2883 celsitudinem
2156 2857 2230 2882 non
2254 2846 2375 2882 valere

1279 2904 1359 2930 eum
1392 2904 1497 2939 quem
1528 2893 1596 2928 sibi
1627 2895 1767 2938 patrem
1792 2892 1896 2938 elegit
1920 2892 1966 2928 ab
1992 2892 2109 2928 aliena
2133 2892 2285 2928 eximere
2308 2902 2373 2937 po-

1279 2943 1298 2974 5
1346 2939 1502 2975 testate?
1550 2938 1638 2973 22'Si
1662 2938 1707 2973 ab
1731 2938 1895 2974 hostibus
1930 2942 2057 2983 captus
2089 2937 2198 2973 fuerit
2229 2947 2374 2983 parens,

1279 2985 1447 3030 'quamvis
1471 2994 1594 3020 servus
1618 2983 1774 3019 hostium
1797 2983 1880 3026 fiat,
1905 2987 2025 3019 tamen
2048 2983 2182 3028 pendet
2203 2984 2260 3019 ius
2284 2983 2372 3018 libe·

1280 3031 1408 3065 'rorum
1433 3032 1580 3075 propter
1603 3029 1659 3064 ius
1682 3028 1909 3074 postliminii:
1936 3030 2019 3075 quia
2041 3029 2089 3072 hi,
2115 3029 2176 3074 qui
2195 3030 2240 3064 ab
2260 3028 2372 3064 hosti-

1281 3076 1356 3110 'bus
1379 3075 1475 3120 capti
1495 3078 1589 3117 sunt,
1616 3075 1646 3110 si
1664 3075 1797 3110 reversi
1816 3074 1961 3117 fuerint,
1986 3075 2106 3111 omnia
2125 3074 2276 3119 pristina
2295 3074 2373 3109 iura

1280 3121 1476 3165 ’recipiunt
1514 3120 1649 3156 idcirco
1673 3130 1835 3156 reversus
1861 3124 1898 3156 et
1921 3120 2052 3156 liberos
2076 3120 2224 3155 habebit
2246 3120 2284 3155 in
2307 3130 2371 3164 po-

1281 3167 1439 3209 'testate,⁴
1465 3165 1548 3211 quia
1572 3165 1827 3211 postliminium
1852 3165 1953 3211 fingit
1977 3176 2056 3201 eum
2081 3166 2141 3211 qui
2165 3169 2292 3211 captus
2319 3167 2372 3199 est

1279 3222 1418 3257 semper
1440 3212 1478 3247 in
1502 3211 1643 3247 civitate
1665 3211 1794 3247 fuisse:
1831 3212 1861 3247 si
1885 3222 1967 3247 vero
1992 3211 2042 3247 ibi
2067 3211 2277 3253 decesserit,
2311 3220 2371 3245 ex-

1274 3257 1376 3301 inde,
1415 3267 1458 3292 ex
1482 3266 1552 3302 quo
1577 3260 1704 3302 captus
1729 3260 1784 3292 est
1806 3260 1928 3302 pater,
1953 3256 2047 3292 filius
2071 3256 2127 3292 sui
2149 3256 2236 3292 iuris
2260 3255 2370 3291 fuisse

1277 3302 1423 3339 videtur.
1464 3301 1552 3348 'ipse
1583 3313 1725 3348 quoque
1755 3302 1849 3338 filius
1882 3313 2035 3348 neposve
2066 3302 2096 3338 si
2128 3302 2173 3337 ab
2205 3301 2369 3336 hostibus

1286 3416 1353 3458 13⁷⁶,
1363 3417 1421 3450 sed
1431 3419 1465 3450 et
1473 3417 1519 3459 B,
1530 3418 1578 3450 sie
1590 3417 1715 3451 etenim
1725 3419 1763 3449 ut
1781 3417 1845 3452 W‘

1324 3465 1380 3504 (ιιι)
1410 3463 1460 3506 Cf.
1476 3463 1886 3506 Gai.1,124..141Di9.1‚·1
1902 3462 1980 3496 Cod.
1992 3463 2023 3502 8,
2034 3468 2070 3496 48
2081 3462 2144 3503 (49)
2239 3460 2296 3501 (15)
2321 3460 2370 3493 sic

1277 3509 1345 3542 ind.
1356 3509 1393 3550 V,
1405 3508 1601 3542 dissolvitur
1609 3509 1716 3542 ABE
1763 3509 1822 3550 (16)
1841 3507 2151 3548 Gai.l,124.126..128
2200 3506 2258 3546 (17)
2274 3505 2367 3546 quia]

1277 3554 1356 3594 ΒΕ,
1367 3554 1466 3596 quiA
1477 3554 1605 3588 WGai.
1730 3554 1789 3595 (18)
1813 3554 1862 3586 sic
1879 3550 1936 3587 W⁶
1950 3552 2025 3586 Gai.
2041 3552 2080 3591 Θ,
2091 3551 2255 3590 desintE',
2265 3549 2368 3583 desiit

1276 3598 1345 3631 ΑΒ
1357 3601 1420 3634 W⁰
1542 3600 1602 3641 (19)
1631 3603 1646 3638 §
1658 3606 1674 3632 2
1685 3601 1727 3632 in.
1740 3611 1779 3631 ex
1787 3597 1961 3632 Marciani
1969 3598 1987 3630 l.
2000 3605 2015 3631 2
2026 3598 2099 3630 inst.
2110 3597 2202 3639 (Diq.
2214 3596 2268 3635 48,
2279 3602 2326 3636 22,
2337 3598 2366 3635 ⁴)

1276 3645 1339 3685 (20)
1364 3646 1411 3678 sic
1418 3645 1518 3678 APE
1528 3645 1575 3684 W,
1585 3643 1772 3678 consularis
1782 3644 1817 3677 B
1896 3644 1955 3684 (21)
1983 3646 1998 3681 §
2011 3642 2093 3682 4fin.
2106 3653 2145 3675 ex
2158 3641 2235 3675 cod.
2248 3642 2300 3681 12,
2310 3647 2336 3679 3,
2349 3649 2364 3673 5

1277 3690 1338 3731 (22)
1368 3689 1444 3725 Gai.
1458 3692 1548 3732 1‚129

1937 3417 1996 3458 (13)
2027 3417 2104 3450 Cod.
2116 3417 2146 3458 7,
2158 3423 2185 3456 a,
2196 3422 2218 3455 1,
2231 3422 2264 3449 10
