2528 3918
158 105 304 151 ms'r.
335 107 391 162 11,
423 109 534 150 4-6

160 232 422 278 permutatione
444 227 703 276 quodammodo
728 227 952 274 extinguitur.
997 229 1060 265 sed
1084 228 1247 265 utilitatis

162 288 272 313 causa
291 279 438 313 senatus
458 275 596 311 censuit
614 284 720 319 posse
739 273 846 310 etiam
865 284 987 310 earum
1005 286 1123 311 rerum
1143 285 1247 310 usum

161 322 317 358 fructum
341 320 519 363 constitui,
543 323 584 355 ut
606 323 727 355 tamen
748 329 790 355 eo
810 319 953 356 nomine
971 320 1093 356 heredi
1113 319 1248 355 utiliter

162 372 340 404 caveatur.
376 367 495 411 itaque
519 365 550 401 si
572 364 747 410 pecuniae
770 375 855 401 usus
874 364 1013 401 fructus
1032 366 1169 410 legatus
1190 365 1246 407 sit,

159 413 212 449 ita
234 413 340 448 datur
363 411 545 457 legatario,
570 413 612 445 ut
634 410 710 446 eius
729 409 804 453 fiat,
829 413 865 446 et
884 410 1076 455 legatarius
1096 409 1248 446 satisdat

159 458 281 494 heredi
305 457 349 492 de
372 460 474 491 tanta
497 455 650 501 pecunia
672 455 912 498 restituenda,
937 456 967 491 si
990 456 1161 492 morietur
1185 459 1248 490 aut

160 504 278 549 capite
313 502 500 537 minuetur.
546 503 685 537 ceterae
716 511 857 547 quoque
887 511 944 536 res
975 502 1026 536 ita
1056 500 1248 536 traduntur

159 548 342 594 legatario,
366 550 407 581 ut
431 545 507 582 eius
531 546 638 582 fiant:
663 546 727 582 sed
751 546 945 582 aestimatis
965 547 1019 581 his
1041 545 1246 588 satisdatur‚

159 598 217 636 ut,
249 594 280 629 si
303 592 474 628 morietur
496 595 560 627 aut
584 591 701 637 capite
732 592 928 634 minuetur,
963 595 1065 626 tanta
1094 590 1248 637 pecunia

159 638 387 679 restituatur,
419 637 544 683 quanti
575 647 639 673 eae
669 637 804 672 fuerint
826 637 1045 672 aestimatae.
1083 647 1166 681 ergo
1192 646 1245 671 se-

159 688 265 719 natus
297 694 369 718 non
400 682 488 718 fecit
510 682 652 728 quidem
676 693 799 718 earum
822 692 939 717 rerum
964 692 1067 717 usum
1090 681 1246 717 fructum

160 733 238 770 (nee
262 728 354 763 onim
378 731 552 773 poterat),
585 728 648 764 sed
705 738 743 763 er
774 727 975 762 cautionem
1009 727 1111 772 quasi
1142 738 1246 762 usum

159 777 177 809 3
225 773 383 809 fructum
415 773 611 810 constituit.
698 772 807 808 initur
839 776 958 807 autem
989 783 1076 807 usus
1106 771 1246 807 fructus

158 823 270 854 morte
304 818 492 854 fructuarii
526 822 563 854 et
597 818 737 854 duabus
772 817 900 863 capitis
936 817 1246 859 deminutionibus,

157 864 311 899 maxima
334 867 371 899 et
393 864 519 907 media,
545 867 581 899 et
604 875 676 899 non
699 863 831 899 utendo
857 872 920 908 per
939 862 1081 898 modum
1102 866 1138 898 et
1158 867 1245 898 tem-

183 921 236 945 us.
273 920 365 955 quae
395 910 535 946 omnia¹
567 913 692 945 nostra
723 908 850 943 statuit
882 908 1090 944 constitutio
1101 909 1126 943 ².
1164 908 1246 943 item

157 921 279 990 'finitur
302 966 388 990 usus
411 955 572 997 fructus,
604 954 634 989 si
666 953 807 989 domino
839 953 1067 998 proprietatis
1092 953 1137 989 ab
1161 964 1246 989 usu-

156 1000 354 1036 fructuario
387 999 536 1036 cedatur
567 1004 661 1042 (nam
686 1002 854 1034 extraneo
880 998 1038 1034 cedendo
1063 999 1149 1034 nihil
1174 999 1245 1043 agi-

156 1049 246 1085 tur):
271 1045 326 1081 vel
350 1057 394 1081 ex
418 1045 596 1081 contrario
622 1045 652 1080 si
675 1044 895 1079 fructuarius
919 1044 1172 1089 proprietatem
1196 1044 1247 1079 rei

159 1090 375 1136 adquisierit,
401 1101 492 1136 quae
515 1101 573 1126 res
599 1089 830 1126 consolidatio
856 1089 1068 1134 appellatur.
1106 1100 1146 1125 eo
1171 1100 1245 1124 am-

156 1136 248 1183 plius
272 1140 435 1179 constat,
468 1136 497 1172 si
529 1135 635 1171 aedes
666 1134 831 1170 incendio
857 1138 1092 1180 consumptae
1113 1134 1248 1170 fuerint

156 1182 211 1218 vel
235 1182 341 1218 etiam
365 1187 481 1217 terrae
504 1186 603 1217 motu
627 1183 691 1216 aut
721 1180 805 1215 vitio
837 1190 902 1216 suo
935 1180 1152 1223 corruerint,
1186 1190 1245 1215 ex-

155 1227 268 1272 tingui
280 1227 552 1262 usumfructum
566 1230 602 1262 et
614 1237 658 1261 ne
678 1236 784 1262 areae
804 1225 945 1271 quidem
966 1236 1070 1261 usum
1089 1225 1246 1261 fructum

156 1275 176 1307 4
226 1272 357 1308 deberi.
407 1273 495 1308 Cum
534 1275 653 1307 autem
683 1271 805 1306 finitus
836 1270 945 1306 fuerit
975 1281 1063 1306 usus
1094 1270 1245 1313 fructus,

155 1318 342 1354 revertitur
373 1318 510 1353 scilicet
539 1317 586 1353 ad
615 1317 870 1362 proprietatem
894 1320 930 1352 et
953 1326 997 1351 ex
1021 1327 1062 1352 eo
1087 1319 1247 1362 tempore

155 1363 273 1399 nudae
295 1363 524 1409 proprietatis
549 1363 713 1399 dominus
737 1361 862 1407 incipit
885 1361 1028 1408 plenam
1051 1362 1185 1398 habere
1210 1362 1247 1398 in

154 1419 194 1444 re
217 1412 442 1455 potestatem.

669 1499 729 1540 V'

394 1568 455 1601 DE
481 1568 568 1601 USU
593 1568 653 1601 ET
675 1567 999 1601 HABITATIONE.

199 1635 314 1671 Isdem
338 1635 415 1670 istis
439 1634 565 1678 modis,
590 1635 719 1680 quibus
738 1645 825 1670 usus
843 1634 985 1670 fructus
1005 1633 1246 1677 constituitur,

154 1681 260 1717 etiam
284 1680 400 1715 nudus
424 1691 511 1715 usus
537 1680 706 1716 constitui
731 1680 823 1715 solet
842 1679 1024 1725 isdemque
1044 1679 1111 1715 illis
1131 1680 1245 1715 modis

158 1730 171 1761 1
222 1725 355 1768 finitur,
381 1725 509 1771 quibus
534 1729 570 1761 et
592 1736 679 1761 usus
703 1725 845 1760 fructus
869 1725 1009 1761 desinit.
1046 1725 1167 1761 Minus
1180 1736 1244 1760 au-

154 1775 224 1806 tem
261 1771 399 1807 scilicet
432 1771 519 1806 iuris
551 1770 588 1806 in
619 1782 688 1806 usu
720 1774 774 1806 est
805 1781 912 1816 quam
942 1770 980 1805 in
1011 1781 1079 1806 usu
1110 1770 1243 1806 fructu.

154 1828 236 1852 nam
262 1827 307 1852 ue
329 1817 371 1859 is,
396 1816 457 1862 qui
479 1816 581 1851 fundi
605 1817 740 1852 nudum
763 1827 866 1852 usum
891 1816 1018 1859 habet,
1042 1816 1129 1851 nihil
1153 1816 1244 1851 ulte-

154 1862 227 1897 rius
278 1862 385 1897 abere
407 1861 640 1907 intellegitur,
666 1872 772 1907 quam
795 1865 837 1897 ut
860 1861 1015 1897 oleribus
1038 1861 1154 1906 pomis
1177 1861 1242 1897 flo-

153 1908 252 1943 ribus
287 1907 370 1943 feno
406 1907 609 1943 stramentis
644 1908 667 1942 li
719 1907 746 1942 's
782 1907 828 1942 ad
863 1917 967 1942 usum
1011 1907 1244 1942 cottidianum

153 1956 294 1989 utatur:
321 1953 381 1988 “in
405 1963 446 1988 eo
473 1963 518 1988 ue
540 1952 651 1988 fundo
701 1956 850 1988 actenus
875 1953 907 1988 ei
930 1952 1061 1988 morari
1083 1952 1179 1995 licet,
1203 1955 1245 1987 ut

153 2008 268 2044 neque
291 1997 432 2034 domino
473 1997 557 2033 undi
580 1999 746 2033 molestus
771 1998 817 2033 sit
840 2007 954 2043 neque
978 1997 1046 2040 his,
1071 2008 1135 2050 per
1154 2009 1244 2051 quos

153 2053 265 2090 opera
287 2043 424 2079 rustica
446 2042 548 2087 fiunt,
572 2043 821 2089 impedimento
846 2043 910 2078 sit:
935 2053 1002 2078 nec
1025 2043 1089 2078 ulli
1104 2043 1169 2096 ‘alii
1188 2044 1244 2079 ius

153 2088 675 2180 323333353212?⁰5u3211¹3¹531
697 2089 1246 2179 ἶὲζιὲοεῖῗιὶἳυᾝὶὲἱῖῗζὲἵθὲι

154 2183 173 2216 2
219 2180 310 2215 haec
342 2179 461 2215 omnia
490 2179 621 2215 facere.
668 2180 758 2215 Item
787 2179 838 2222 is,
875 2180 936 2225 qui
968 2179 1110 2215 aedium
1140 2190 1246 2228 usum

153 2225 272 2267 habet,
296 2225 470 2260 hactenus
494 2224 580 2260 iuris
604 2225 737 2261 habere
759 2225 985 2270 intellegitur,
1011 2228 1052 2259 ut
1069 2225 1147 2270 ipse
1163 2228 1244 2261 tan-

153 2275 228 2306 tum
251 2270 399 2313 habitet,
425 2280 490 2306 nec
514 2270 584 2306 hoc
607 2269 662 2306 ius
687 2270 733 2306 ad
757 2270 866 2306 alium
888 2269 1083 2306 transferre
1106 2273 1243 2316 potest:

153 2319 189 2352 et
210 2315 269 2352 vix
291 2319 474 2362 receptum
498 2315 654 2359 videtur,
685 2319 727 2351 ut
756 2316 934 2361 hospitem
965 2315 997 2350 ei
1019 2315 1179 2361 recipere
1201 2316 1244 2351 li-

153 2364 244 2398 ceat.
281 2364 318 2396 et
340 2372 421 2397 cum
445 2371 557 2397 uxore
580 2371 647 2396 sua
669 2361 860 2414 liberisque
884 2361 977 2403 suis,
1002 2361 1086 2396 item
1109 2361 1243 2397 libertis

153 2418 218 2443 nec
230 2417 303 2442 non
323 2406 402 2442 aliis
421 2406 540 2442 liberis
560 2407 734 2452 personis,
759 2407 888 2452 qulbus
908 2417 981 2442 non
1000 2406 1116 2442 minus
1137 2417 1243 2452 quam

157 2452 266 2488 servis
290 2452 422 2495 utitur,
454 2451 639 2488 habitandi
662 2452 719 2488 ius
743 2452 892 2487 habeat:
927 2455 963 2487 et
995 2452 1244 2488 convenienter

153 2498 182 2533 si
206 2497 253 2533 ad
276 2497 458 2533 mulierem
480 2507 567 2533 usus
600 2497 741 2533 aedium
771 2498 967 2542 pertineat,
1001 2508 1082 2532 cum
1114 2498 1242 2533 marito

153 2546 173 2578 3
219 2543 407 2578 habitare⁵
430 2542 546 2578 liceat.
594 2543 683 2578 Item
713 2543 787 2585 isss,
819 2543 866 2578 ad
898 2553 1003 2588 quem
1033 2543 1125 2578 servi
1155 2553 1243 2578 usus

153 2588 324 2634 pertinet,
356 2588 433 2633 ipse
464 2591 604 2623 tantum
635 2588 778 2634 operis⁷
803 2591 911 2634 atque
940 2587 1134 2624 ministerio
1166 2589 1242 2624 eius

152 2633 205 2668 uti
224 2636 361 2678 potest:
387 2633 434 2668 ad
453 2633 560 2668 alium
579 2644 660 2670 vero
681 2634 779 2670 nullo
801 2633 905 2669 modo
925 2633 981 2669 ius
1001 2644 1106 2669 suum
1123 2637 1242 2670 trans-

152 2678 247 2714 ferre
270 2678 303 2713 ei
326 2688 535 2714 concessum
559 2682 623 2714 est.
658 2679 753 2714 idem
775 2679 914 2715 scilicet
934 2678 1023 2714 iuris
1055 2682 1110 2714 est
1140 2683 1176 2714 et
1204 2679 1242 2714 in

154 2727 175 2758 4
221 2723 389 2758 iumento.
439 2723 532 2759 Sed⁸
556 2724 586 2759 si
609 2725 750 2770 pecoris
773 2724 830 2760 vel
853 2724 971 2760 ovium
993 2734 1080 2760 usus
1102 2724 1241 2770 legatus

152 2768 278 2811 fuerit,
310 2778 426 2814 neque
456 2769 550 2805 lacte
581 2779 625 2804 ne
650 2780 695 2805 ue
726 2770 827 2816 agnis
858 2779 973 2815 neque
1003 2770 1088 2805 lana
1121 2773 1243 2806 utetur

153 2814 339 2856 usuarius,
372 2814 458 2859 quia
488 2824 532 2849 ea
561 2814 598 2849 in
643 2818 750 2851 ructu
773 2818 868 2851 sunt.
904 2815 1012 2861 plane
1036 2814 1083 2851 ad
1105 2818 1241 2851 sterco-

152 2859 305 2895 randum
328 2869 454 2905 agrum
478 2869 580 2895 suum
603 2861 792 2905 pecoribus
816 2860 869 2896 uti
891 2863 1020 2913 potest.

153 2908 174 2940 5
267 2903 338 2940 Sed
369 2904 400 2939 si
435 2904 493 2939 cui
523 2905 696 2941 habitatio
728 2906 846 2951 legata
877 2916 950 2942 swe
985 2905 1104 2951 aliquo
1135 2905 1241 2942 modo

154 2950 350 2986 constituta
373 2950 430 2992 sit,
454 2959 570 2995 neque
588 2961 674 2986 usus
692 2951 831 2987 videtur
850 2962 965 2996 neque
983 2961 1070 2987 usus
1088 2950 1242 2995 fructus,

154 2994 217 3031 sed
242 2995 345 3041 quasi
366 2994 550 3040 proprium
574 2995 719 3041 aliquod
742 2997 808 3032 ius.
847 3007 953 3041 quam
983 2996 1242 3032 habitationem

153 3039 369 3076 habentibus
400 3043 548 3093 propter
571 3051 689 3076 rerum
712 3042 902 3077 utilitatem
925 3041 1120 3078 secundum
1142 3041 1241 3078 Mar-

154 3086 235 3122 celli
257 3088 470 3121 sententiam
492 3089 618 3121 nostra
642 3085 849 3122 decisione⁹
871 3087 1097 3133 promulgata
1111 3088 1139 3109 ¹⁰
1161 3097 1241 3133 per-

153 3131 311 3167 misimus
334 3141 408 3168 non
430 3130 546 3167 solum
569 3131 606 3167 in
630 3141 673 3167 ea
696 3131 837 3178 degere,
870 3132 933 3168 sed
957 3132 1064 3169 etiam
1088 3132 1166 3168 aliis
1189 3132 1242 3169 lo-

154 3186 247 3212 care.

155 3224 176 3258 6
266 3220 368 3257 Haec
399 3219 444 3256 de
474 3220 703 3257 servitutibus
738 3225 774 3257 et
804 3232 872 3258 usu
903 3222 1025 3258 fructu
1056 3225 1093 3258 et
1115 3232 1185 3258 usu
1208 3226 1244 3257 et

153 3266 375 3303 habitatione
406 3265 537 3302 dixisse
569 3265 738 3302 sufficiat.
776 3266 819 3302 de
843 3267 1042 3304 hereditate
1065 3270 1185 3304 autem
1208 3271 1244 3303 et

154 3311 200 3348 de
222 3311 496 3356 obligationibus
521 3311 595 3347 suis
618 3311 706 3347 locis
726 3323 981 3357 proponamus.
1014 3313 1242 3359 exposuimus

154 3356 375 3400 summatim,
399 3356 528 3402 quibus
552 3357 665 3392 modis
689 3357 766 3392 iure
787 3358 943 3402 gentium
967 3369 1023 3394 res
1048 3358 1242 3404 adquirun-

159 3471 201 3510 (1)
223 3479 310 3510 quae
321 3468 446 3509 omnis]
465 3467 537 3509 To,
553 3467 643 3509 quod
656 3466 692 3500 B

200 3519 243 3559 (3)
267 3517 350 3561 Βίᾳ.
365 3517 397 3558 ’1,
411 3523 447 3556 83
460 3517 516 3556 33,
531 3523 548 3550 2
576 3516 653 3550 Cod.
669 3517 700 3556 3,
715 3523 750 3549 33

155 3575 216 3596 rer.
231 3569 301 3596 con.
316 3563 414 3606 (Diq.
425 3563 457 3604 7,
471 3568 500 3602 8,
513 3566 555 3596 ιι)

155 3608 197 3649 (7)
222 3608 269 3641 sic
285 3607 374 3650 1¹¹0,
387 3617 488 3650 opere
500 3604 584 3640 BT*

156 3654 202 3694 (9)
231 3653 309 3686 Cod.
322 3654 355 3694 3,
368 3659 413 3692 33,
429 3659 460 3686 13
556 3652 616 3694 (ιο)
642 3651 887 3694 promulgatam
902 3653 937 3685 Β

203 3699 257 3739 (ιι)
286 3698 363 3731 Gai.
379 3698 410 3738 2,
424 3703 512 3732 «iaci
547 3697 628 3741 Diq.
641 3698 696 3737 41,
709 3704 803 3737 3..ιο;
818 3699 872 3738 44,
886 3704 902 3731 ³
938 3698 1015 3731 cod.
1030 3699 1061 3736 7,
1075 3705 1172 3731 20..4o

158 3743 216 3784 (¹².)
240 3743 288 3776 sic
299 3742 402 3783 ATC',
415 3742 661 3785 antiquissimis
677 3742 710 3775 B
780 3743 838 3781 (13)
863 3743 910 3775 εἰς
926 3743 967 3782 R,
981 3743 1140 3775 resederit
1157 3740 1239 3781 Tc),

785 3467 830 3510 (2)
858 3467 934 3501 Cod.
950 3470 982 3509 3,
995 3474 1042 3508 33,
1055 3474 1088 3501 ιθ
1161 3519 1182 3527 ..

681 3562 723 3598 (5)
749 3561 781 3593 ei
795 3519 886 3595 imi-⁴)
915 3521 930 3556 ξ
946 3517 1244 3604 ¹‘ll-(2²5.)‘ait13JG13‘i‘ziz-r}

751 3607 797 3648 (8)
821 3606 892 3647 sed]
907 3605 1033 3648 Boe,
1047 3607 1104 3640 sed
1117 3611 1150 3641 et
1166 3608 1242 3642 w

1262 100 1310 148 14

1303 3643 1483 3677 sessoribus
1506 3645 1552 3677 Ἠ

1305 3689 1384 3722 add.
1405 3687 1489 3722 ΒΤο

1304 3747 1344 3768 ea.-
1361 3734 1442 3768 Gaii
1453 3735 1474 3768 1.
1489 3742 1505 3768 2
1519 3746 1581 3768 rer.
1596 3741 1669 3767 con.
1683 3733 1778 3777 (Diq.
1792 3735 1846 3773 41,
1860 3741 1887 3774 3,
1901 3734 1953 3774 38)

1802 121 1865 153 DE
1893 121 1979 154 Usu
2006 121 2065 154 ΕΤ
2092 123 2399 157 ΗΑΒΙΤΑἸῚΟΝΕ
2497 0 2528 165 ἒ

1314 232 1390 266 tur:
1423 215 1527 267 modo
1551 230 1752 276 videamus,
1784 232 1914 278 quibus
1937 232 2050 270 modis
2073 233 2227 280 legitimo
2250 236 2288 271 et
2309 234 2400 271 civili

1312 274 1390 311 iure
1413 274 1661 322 adquiruntur.

1810 369 1902 410 VIss

1383 434 1445 468 DE
1470 434 1827 470 USUCAPIONIBUS
1852 436 1912 470 ΕΤ
1935 437 2078 471 LONGI
2101 438 2332 474 TEMPORIS

1666 481 2050 516 POSSESSIONIBUS.

1360 547 1442 582 Iure
1455 546 1547 582 civili
1559 546 1791 583 constitutum
1803 548 1932 592 fuerat,
1946 552 1997 592 ut,
2014 549 2075 595 qui
2085 549 2182 586 bona
2192 550 2263 587 fide
2280 551 2326 587 ab
2347 562 2401 595 eo,

1316 592 1377 638 qui
1401 591 1565 628 dominus
1589 603 1662 628 non
1686 597 1774 636 erat,
1799 604 1880 630 cum
1905 594 2094 630 crediderit
2117 606 2197 631 eum
2220 596 2400 632 dominum

1316 647 1413 680 esse,
1444 648 1520 672 rem
1551 637 1675 672 emerit
1704 638 1760 674 vel
1791 649 1836 675 ex
1861 639 2054 676 donatione
2076 639 2190 676 aliave
2212 651 2285 686 qua
2307 642 2404 677 iusta

1316 691 1428 718 causa
1451 682 1648 735 acceperit,
1680 682 1710 718 is
1735 694 1814 719 eam
1837 696 1930 728 rem,
1964 685 1993 721 si
2017 685 2156 722 mobilis
2181 689 2276 729 erat,
2308 697 2402 723 anno

1316 727 1468 773 ubique,
1493 727 1523 763 si
1546 727 1754 772 immobilis,
1785 730 1929 766 biennio
1954 734 2094 766 tantum
2116 730 2154 766 in
2177 731 2302 768 Italico
2326 733 2402 768 solo

1315 783 1430 809 usuca
1455 772 1525 815 iat,
1557 783 1602 808 ne
1632 783 1751 810 rerum
1782 774 1936 810 dominia
1965 775 2003 811 in
2033 775 2170 812 incerto
2202 780 2332 813 essent.
2367 781 2404 813 et

1316 829 1397 854 cum
1429 784 1499 854 Boc
1530 818 1702 863 placitum
1734 824 1828 863 erat,
1861 821 2072 873 putantibus
2103 821 2362 867 antiquioribus
2375 824 2403 844 ¹²

1316 864 1467 900 dominis
1499 863 1667 899 sufficere
1699 864 1745 900 ad
1775 865 2004 911 inquirendas
2034 876 2092 902 res
2122 877 2208 903 suas
2238 867 2403 913 praefata

1315 913 1488 955 tempora,
1513 908 1616 944 nobis
1640 909 1764 946 melior
1787 911 1965 946 sententia
1987 911 2120 947 resedit
2132 912 2178 955 ¹³,
2202 923 2248 948 ne
2271 913 2403 948 domini

1316 955 1490 990 maturius
1522 954 1596 990 suis
1626 955 1734 991 rebus
1767 955 2023 992 defraudentur
2053 967 2168 1003 neque
2201 961 2298 994 certo
2321 958 2401 994 loco

1315 999 1527 1036 beneficium
1550 999 1619 1036 hoc
1639 1000 1884 1037 concludatur.
1918 1005 1954 1038 et
1972 1001 2052 1038 ideo
2072 1002 2363 1039 constitutionem
2376 1005 2402 1025 ¹⁴

1315 1048 1424 1098 super
1445 1045 1516 1081 hoc
1567 1045 1864 1097 ‘romulgavimuffi
1897 1058 1968 1092 qua
1996 1050 2141 1083 cautum
2171 1051 2244 1091 est,
2274 1052 2315 1084 ut
2346 1059 2403 1085 res

1315 1090 1456 1136 quidem
1481 1101 1537 1126 mo
1564 1090 1628 1126 iles
1658 1101 1724 1136 per
1753 1092 1943 1128 triennium
1974 1093 2248 1139 usucapiantur,
2279 1094 2402 1130 immo-

1315 1136 1404 1171 biles
1434 1146 1517 1171 vero
1549 1145 1614 1180 per
1644 1136 1739 1182 longi
1768 1138 1936 1183 temporis
1969 1139 2246 1183 possessionem,
2281 1139 2318 1175 id
2349 1143 2403 1175 est

1315 1182 1407 1216 inter
1430 1184 1636 1226 praesentes
1656 1181 1840 1225 decennio,
1864 1183 1956 1219 inter
1975 1183 2141 1220 absentes
2160 1184 2192 1220 vi
2218 1184 2281 1220 'nti
2300 1185 2401 1221 annis

1316 1226 1576 1272 usucapiantur
1599 1229 1636 1262 et
1657 1227 1714 1263 his
1737 1228 1850 1264 modis
1874 1239 1946 1264 non
1977 1229 2093 1264 solum
2123 1229 2161 1264 in
2202 1230 2307 1273 talia,
2340 1230 2403 1266 sed

1315 1272 1351 1307 in
1376 1272 1472 1308 omni
1495 1275 1610 1315 terra,
1635 1283 1727 1325 quae
1750 1277 1874 1309 nostro
1898 1274 2044 1319 imperio
2067 1274 2306 1320 gubernatur,
2338 1275 2400 1311 do-

1315 1318 1480 1399 mdiniumt
1491 1328 1610 1353 rerum
1639 1321 1735 1354 iusta
1767 1329 1878 1354 causa
1907 1319 2143 1365 possessionis
2167 1320 2404 1366 praecedente

1315 1373 1337 1399 a
1387 1374 1465 1398 uira
1482 1374 1535 1398 ur.

1320 1411 1332 1444 l
1363 1375 1386 1409 q
1433 1407 1540 1444 ¹⁵Sed
1563 1408 1756 1454 aliquando
1782 1409 1920 1445 etiamsi
1944 1409 2094 1446 maxime
2117 1409 2196 1455 quis
2216 1410 2312 1446 bona
2330 1410 2402 1447 fide

1314 1464 1390 1490 rem
1413 1453 1622 1499 possederit,
1647 1465 1719 1490 non
1741 1457 1861 1491 tamen
1883 1455 1935 1490 illi
1959 1455 2132 1500 usucapio
2152 1455 2225 1492 ullo
2243 1459 2403 1502 tempore

1314 1499 1494 1545 procedit,
1529 1499 1637 1535 veluti
1669 1499 1699 1535 si
1730 1500 1808 1545 quis
1839 1500 1989 1536 liberum
2024 1500 2202 1536 hominem
2236 1501 2291 1537 vel
2329 1512 2403 1537 rem

1315 1554 1455 1580 sacram
1478 1544 1533 1580 vel
1555 1545 1757 1590 religiosam
1776 1546 1831 1581 vel
1849 1556 1988 1582 servum
2007 1546 2191 1598 fugitivum
2210 1547 2401 1592 possideat.

1316 1593 1335 1626 2
1383 1590 1554 1626 Furtivae
1578 1601 1719 1636 quoque
1749 1601 1807 1626 res
1839 1594 1876 1626 et
1906 1602 1999 1636 quae
2027 1603 2061 1627 vi
2091 1602 2279 1637 possessae
2307 1596 2402 1635 sunt,

1315 1646 1382 1671 nec
1406 1635 1436 1671 si
1459 1635 1642 1681 praedicto
1666 1636 1772 1682 longo
1796 1639 1956 1682 tempore
1986 1637 2082 1672 bona
2112 1636 2184 1673 fide
2214 1648 2402 1683 possessae

1314 1681 1466 1723 fuerint,
1491 1681 1642 1726 usucapi
1665 1685 1832 1726 possunt:
1865 1692 1947 1717 nam
1971 1681 2182 1718 furtivarum
2205 1693 2323 1718 rerum
2346 1683 2403 1719 lex

1314 1726 1501 1762 duodecim
1520 1726 1722 1762 tabularum
1742 1730 1779 1763 et
1794 1726 1852 1762 lex
1871 1727 1994 1763 Atinia
2004 1728 2032 1749 ¹⁶
2053 1728 2189 1763 inhibet
2210 1729 2401 1774 usucapio-

1314 1775 1334 1808 3
1382 1782 1473 1814 nem,
1498 1772 1532 1807 vi
1555 1782 1802 1817 possessarum
1825 1773 1883 1808 lex
1898 1772 1988 1808 Iulia
2011 1776 2048 1808 et
2061 1772 2215 1808 Plautia.
2255 1773 2402 1819 ¹⁷'Quod

1314 1817 1443 1853 'autem
1467 1817 1602 1853 dictum
1622 1821 1677 1853 est
1692 1817 1901 1854 furtivarum
1919 1822 1955 1853 et
1972 1818 2006 1854 vi
2023 1828 2270 1864 possessarum
2285 1829 2402 1855 rerum

1315 1863 1579 1908 'usucapionem
1610 1873 1675 1908 per
1702 1863 1855 1909 legem¹⁸
1886 1863 2102 1909 prohibitam
2133 1873 2228 1907 esse,
2258 1875 2331 1901 non
2359 1875 2401 1900 eo

1315 1908 1489 1954 'pertinen
1513 1911 1555 1943 ut
1578 1919 1623 1943 ne
1646 1908 1723 1954 ipse
1745 1908 1806 1944 fur
1828 1909 1931 1955 quive
1953 1919 2019 1954 per
2040 1908 2110 1944 vim
2132 1909 2292 1955 possidet
2313 1920 2399 1946 usu-

1315 1954 1454 1999 'capere
1485 1953 1616 1999 possit:
1652 1963 1736 1989 nam
1766 1954 1822 1990 his
1854 1954 1924 1990 alia
1955 1954 2094 1990 ratione
2123 1955 2297 2001 usucapio
2330 1966 2401 1991 non

1315 1999 1510 2045 'competit,
1541 1999 1626 2044 quia
1649 1999 1786 2036 scilicet
1807 2000 1902 2035 mala
1924 1999 1997 2036 fide
2026 1999 2229 2046 possident:
2262 2001 2326 2037 sed
2357 2011 2402 2037 ne

1315 2045 1418 2081 'ullus
1450 2044 1558 2087 alius,
1589 2045 1749 2090 quamvis
1773 2045 1820 2081 ab
1845 2045 1895 2081 eis
1919 2046 2016 2081 bona
2039 2045 2110 2081 fide
2132 2046 2257 2082 emerit
2278 2045 2333 2082 vel
2358 2056 2402 2082 ex

1315 2090 1396 2126 'alia
1420 2100 1531 2126 causa
1554 2100 1640 2125 acce
1667 2090 1744 2133 erit,
1768 2101 1881 2127 usuca
1905 2090 2001 2126 iendi
2023 2090 2078 2126 ius
2098 2091 2281 2127 habeat¹⁹.
2307 2091 2402 2127 unde

1314 2136 1359 2171 'in
1369 2136 1399 2157 2⁰
1423 2136 1531 2171 rebus
1554 2136 1636 2171 mob
1663 2135 1744 2172 ibus
1768 2147 1841 2172 non
1888 2136 1978 2172 acile
2006 2136 2185 2182 procedit,
2216 2140 2258 2172 ut
2285 2137 2402 2173 bonae

1314 2181 1406 2216 'fidei
1429 2180 1669 2227 possessori2¹
1695 2181 1867 2227 usucapio
1893 2185 2080 2227 competat.
2125 2192 2208 2217 nam
2231 2182 2292 2227 qui
2315 2182 2399 2218 alie-

1314 2227 1405 2262 'nam
1429 2237 1503 2262 rem
1525 2225 1684 2262 vendidit
1705 2227 1761 2262 vel
1784 2237 1828 2262 ex
1851 2227 1923 2262 alia
1947 2237 2057 2263 causa
2080 2227 2239 2270 tradidit,
2262 2227 2398 2263 furtum

1312 2275 1333 2307 4
1380 2272 1464 2307 'eius
1490 2271 1688 2307 committit.
1736 2271 1808 2308 Sed
1830 2275 1950 2308 tamen
1973 2272 2010 2307 id
2030 2272 2220 2318 aliquando
2242 2273 2346 2308 aliter
2362 2284 2401 2309 se

1312 2317 1439 2353 ‘habet
1475 2327 1558 2352 nam
1582 2316 1613 2353 si
1635 2317 1737 2352 heres
1761 2327 1836 2353 rem
1859 2317 2028 2354 defuneto
2054 2317 2313 2354 commodatam
2337 2322 2401 2354 aut

1314 2363 1474 2398 'locatam
1514 2363 1569 2399 vel
1608 2362 1709 2409 apud
1742 2373 1822 2398 eum
1846 2362 2043 2408 depositam
2067 2363 2271 2399 existimans
2295 2363 2398 2399 here-

1314 2408 1486 2443 'ditariam
1511 2417 1589 2443 esse
1615 2414 1707 2443 bona
1726 2407 1797 2443 fide
1815 2408 1893 2444 acci
1919 2408 2004 2444 ienti
2024 2407 2229 2444 vendiderit·
2254 2412 2318 2444 aut
2335 2409 2398 2445 do·

1311 2453 1449 2489 naverit
1472 2456 1536 2488 aut
1558 2452 1650 2488 dotis
1673 2453 1815 2489 nomine
1838 2453 1882 2489 de
1909 2454 1994 2496 erit,
2026 2453 2111 2499 quin
2141 2454 2172 2490 is
2203 2453 2264 2499 qui
2296 2465 2398 2491 acce·

1310 2499 1404 2545 perit
1427 2508 1624 2543 usucapere
1648 2499 1780 2543 possit,
1813 2498 1960 2534 dubium
1983 2510 2056 2534 non
2087 2501 2160 2542 est,
2192 2498 2275 2544 quip
2303 2510 2323 2535 e
2353 2510 2397 2536 ea

1310 2555 1367 2586 res
1391 2545 1428 2579 in
1451 2543 1537 2579 furti
1558 2542 1684 2578 vitium
1706 2555 1779 2579 non
1803 2544 1987 2587 ceciderit,
2020 2555 2101 2579 cum
2133 2544 2255 2589 utique
2311 2555 2398 2587 eres,

1312 2589 1372 2635 qui
1395 2590 1492 2624 bona
1514 2588 1584 2624 fide
1609 2590 1789 2634 tamquam
1809 2599 1911 2624 suam
1930 2589 2146 2632 alienaverit,
2169 2588 2305 2625 furtum
2324 2601 2397 2626 non

1311 2637 1331 2670 5
1380 2634 1576 2671 committit.
1625 2633 1657 2654 ²²
1668 2634 1765 2670 'Item
1789 2636 1819 2670 si
1842 2634 1892 2677 is,
1924 2634 1971 2670 ad
2001 2645 2106 2680 quem
2136 2634 2287 2671 ancillae
2309 2646 2396 2672 usus

1311 2679 1461 2715 'fructus
1485 2678 1656 2725 pertinet,
1686 2683 1829 2732 partum
1860 2690 1964 2715 suum
1995 2690 2074 2716 esse
2105 2680 2252 2716 credens
2274 2680 2395 2716 vendi-

1311 2725 1413 2760 'derit
1436 2728 1500 2760 aut
1529 2724 1731 2768 donaverit,
1762 2724 1896 2767 furtum
1928 2735 1998 2761 non
2029 2725 2232 2761 committit:
2264 2725 2397 2762 furtum

1311 2774 1331 2806 6
1379 2770 1481 2806 'enim
1505 2769 1580 2806 sine
1604 2771 1736 2806 affectu
1758 2769 1901 2806 furandi
1925 2780 1997 2806 non
2021 2770 2260 2806 committitur.
2307 2771 2397 2807 Aliis

1311 2817 1462 2861 'quoque
1480 2815 1594 2850 modis
1619 2815 1781 2851 accidere
1799 2819 1928 2861 potest,
1952 2819 1993 2851 ut
2011 2816 2090 2861 quis
2110 2815 2187 2851 sine
2206 2816 2290 2851 vitio
2310 2815 2396 2851 furti

1312 2862 1394 2896 'rem
1419 2861 1570 2896 alienam
1594 2861 1640 2896 ad
1665 2861 1819 2906 aliquem
1841 2860 2034 2895 transferat
2058 2864 2092 2895 et
2116 2860 2267 2903 efficiat,
2301 2865 2341 2896 ut
2374 2872 2396 2897 a

1312 2910 1329 2940 7
1380 2908 1594 2951 'possessore
1618 2906 1872 2951 usucapiatur.⁴
1919 2905 2023 2950 Quod
2042 2909 2160 2941 autem
2180 2906 2226 2941 ad
2247 2916 2307 2941 eas
2327 2917 2395 2949 res,

1313 2961 1405 2996 quae
1438 2951 1514 2988 solo
1548 2952 1829 2995 continentur²³,
1864 2951 2064 2997 expeditius
2098 2951 2278 2997 procedit,
2315 2951 2395 2986 ut²⁴

1311 2997 1390 3043 quis
1425 2997 1496 3032 loci
1530 2997 1691 3032 vacantis
1725 2996 1987 3041 possessionem
2017 2999 2168 3049 propter
2198 2997 2396 3033 absentiam

1311 3046 1375 3078 aut
1404 3042 1658 3087 neglegentiam
1689 3040 1842 3084 domini,
1874 3044 1937 3076 aut
1968 3052 2051 3087 quia
2082 3042 2158 3077 sine
2188 3051 2397 3078 successore

1312 3087 1522 3129 decesserit,
1554 3087 1630 3122 sine
1661 3086 1694 3122 vi
1718 3086 1958 3122 nanciscatur.
1995 3087 2026 3108 ²⁵
2035 3086 2095 3132 qui
2130 3087 2289 3132 quamvis
2319 3088 2396 3133 ipse

1310 3132 1404 3168 mala
1426 3131 1497 3167 fide
1520 3131 1689 3177 possidet,
1714 3131 1798 3177 quia
1819 3131 1990 3176 intellegit
2013 3142 2052 3167 se
2075 3131 2227 3168 alienum
2245 3132 2395 3168 fundum

1311 3187 1528 3223 occupasse,
1553 3180 1691 3219 tamen,
1723 3176 1754 3211 si
1777 3176 1837 3212 alii
1860 3177 1956 3212 bona
1978 3176 2049 3212 fide
2072 3177 2150 3212 acci
2176 3177 2262 3212 ienti
2285 3178 2394 3213 tradi-

1312 3223 1419 3265 derit,
1477 3222 1583 3258 oterit
1607 3222 1638 3258 ei
1661 3222 1767 3267 longa
1789 3221 2013 3274 possessione
2035 3231 2093 3257 res
2122 3231 2145 3257 a
2171 3222 2280 3274 quiri,
2336 3222 2396 3258 uia

1283 3298 1286 3300 .
1312 3277 1426 3313 neque
1465 3267 1618 3303 urtivum
1641 3277 1757 3312 neque
1778 3277 1814 3302 vi
1835 3276 2040 3312 possessum
2071 3270 2219 3319 acceplt·
2260 3267 2328 3303 abo
2345 3268 2394 3302 'ta

1312 3317 1366 3348 est
1391 3313 1483 3349 enim
1531 3312 1729 3348 uorundam
1747 3315 1904 3348 veterum
1923 3311 2100 3348 sententia
2119 3312 2392 3348 existimantium

1312 3358 1418 3394 etiam
1441 3357 1505 3393 fun
1532 3358 1539 3365 '
1564 3357 1677 3394 locive
1698 3357 1834 3393 furtum
1855 3355 1934 3392 fieri
1983 3356 2057 3392 et²⁶
2081 3366 2220 3399 eorum,
2253 3357 2312 3402 qui
2337 3368 2392 3392 res

1301 3462 1424 3496 sederit
1435 3464 1519 3498 Ao·
1565 3464 1626 3506 (14)
1644 3463 1722 3498 God.
1733 3465 1841 3506 7‚si,1
1887 3463 1950 3507 (ιε)
1969 3467 1986 3503 9
2001 3470 2014 3498 1
2029 3465 2072 3498 in.
2085 3465 2201 3498 similate
2217 3463 2304 3499 Gaio
2314 3465 2388 3506 2⁴⁵

1302 3509 1364 3552 (¹6)
1386 3504 1534 3542 Ἀτίλιος
1550 3505 1658 3552 νόμος
1671 3509 1702 3542 Θ
1771 3510 1829 3550 (17)
1858 3508 1934 3542 Gai.
1949 3510 1981 3551 2,
1994 3516 2041 3542 49.
2056 3516 2092 3543 50

1302 3552 1463 3598 perleges
1476 3553 1606 3595 BCT0,
1621 3563 1681 3596 per
1693 3553 1827 3595 lege[m]
1841 3553 1913 3586 XII
1926 3553 2115 3587 tabularum
2132 3555 2207 3588 Gai.
2263 3555 2325 3596 (19)
2339 3555 2388 3588 εἰσ

2163 3511 2210 3550 18)
2234 3510 2282 3543 eie
2293 3509 2387 3550 AF,

1306 3598 1510 3640 Gai.,habet
1525 3600 1602 3633 libri
1662 3599 1728 3641 (2ο)
1751 3599 1800 3639 ἰιι]
1815 3599 1913 3634 ATC
1924 3599 2013 3640 Gai„
2033 3599 2113 3631 etin
2128 3600 2164 3632 B
2229 3601 2289 3641 (21)
2311 3609 2386 3642 pos*

1639 3644 1704 3686 (22)
1730 3644 1807 3678 Gai.
1823 3644 1842 3677 l.
1858 3656 1885 3677 c.
1972 3644 2037 3686 (23)
2060 3645 2109 3677 εἰσ
2127 3645 2222 3682 ΑΡ,
2241 3645 2387 3686 pertinet

1563 3688 1624 3732 (24)
1649 3690 1700 3729 ut]
1713 3689 1755 3729 A,
1768 3691 1806 3721 ut
1819 3688 1847 3721 si
1863 3688 1933 3722 BT
2001 3689 2066 3730 (25)
2090 3689 2300 3730 qui..furtum
2313 3689 2385 3722 fleri

2033 3734 2099 3776 (26)
2123 3736 2167 3775 ct]
2181 3734 2260 3770 AB.
2283 3747 2341 3768 οιιι.
2355 3732 2388 3766 T

2512 155 2528 228 ’ξ
