2528 3918
216 103 443 147 XXXX5

266 223 285 262 1
292 221 316 261 7
327 224 391 260 Ex
404 224 494 260 libro
505 224 824 276 vicmsbnoprim0
835 224 1055 271 diqestorum
1062 223 1304 277 8088708415.

219 269 292 306 Cu
299 278 426 305 vom-s:
458 268 558 304 ‘Cum
579 268 648 305 tibi
669 280 786 306 visum
807 269 917 306 fuerit
939 269 1201 305 manumittere’
1234 272 1305 305 uti-

216 315 298 350 liter
320 313 428 349 datur
450 313 721 351 fideicommissa
742 314 903 351 libertas.

265 355 316 397 18
340 359 543 394 semrom
582 358 674 395 libro
714 360 904 396 vicensimo
932 360 1045 394 >tertio
1084 358 1304 406 diqestorum

217 404 447 440 Testamento
470 403 524 438 ita
541 402 653 440 cavit:
678 403 908 450 ‘Pamphilus,
933 404 963 440 si
984 404 1076 439 bene
1099 414 1139 439 se
1156 404 1305 448 gesserit

215 448 427 485 ‘rationibus
464 448 570 491 meis,
609 448 701 486 liber
735 450 841 486 esto':
882 449 1082 495 quaesitum
1112 453 1185 493 est,
1224 459 1304 484 011111

216 497 381 530 manente
400 493 523 529 eodem
545 497 758 531 testamento
782 498 867 539 post
885 494 1021 539 aliquot
1044 504 1157 530 annos
1181 493 1303 530 (10008-

214 538 303 575 serit
336 549 403 574 nec
438 538 532 574 ullae
563 539 744 586 querellae
774 540 875 575 locus
914 539 957 574 de
990 539 1177 584 Pamphilo
1209 539 1305 574 circa

215 584 374 620 rationes
404 583 550 629 patroni
583 585 650 627 sit,
690 595 737 620 an
770 594 814 620 ex
853 587 1067 620 testamento
1104 584 1304 620 libertatem

215 629 264 665 sit
288 633 515 710 consgzsutus.
562 630 748 675 respondit
770 629 858 665 nihil
880 629 1050 674 proponi,
1076 640 1140 664 cur
1163 640 1234 665 non
1258 630 1305 665 sit

216 684 371 710 001180011
433 700 443 710 .

263 717 315 756 19
339 718 446 755 Iesu
465 719 556 757 libro
569 720 734 756 vicesimo
759 721 890 765 quarto
910 718 1131 766 diqestorum
1163 719 1305 755 Herede

214 764 378 800 instituto
401 764 530 801 marito
553 775 619 810 per
638 764 950 800 fideicommissum
973 764 1175 800 libertatem
1193 764 1303 800 servis

214 809 330 852 dedit,
361 809 399 844 in
421 810 552 855 quibus
584 814 620 845 et
645 809 769 844 Sticho
793 809 908 844 actori
931 809 1068 845 mariti:
1103 810 1303 855 quaesitum

215 858 287 897 est,
319 865 401 890 cum
423 855 574 890 absente
604 855 746 890 domino
776 854 836 889 isti
866 854 1067 899 praesidem
1095 855 1304 908 provinciae

213 899 379 942 adierint,
403 903 445 935 ut
467 900 616 936 libertas
642 899 709 934 sibi
731 902 990 945 praestaretur,
1015 910 1118 945 quasi
1142 910 1186 936 ex
1208 900 1305 935 iusta

214 955 324 980 081188
346 945 452 981 lieres
475 945 636 986 abesset,
669 948 706 979 et
732 954 881 990 praeses
909 945 1114 990 provinciae
1144 956 1303 991 pronun-

212 989 356 1025 tiaverit
377 990 579 1025 libertatem
604 989 743 1033 deberi,
769 1000 817 1025 an
840 990 900 1035 agi
924 1001 1006 1025 cum
1029 990 1154 1026 Sticho
1178 992 1303 1035 possit,

213 1039 255 1071 111
276 1035 452 1071 rationem
475 1039 578 1070 actus
602 1045 627 1070 a
649 1045 688 1070 se
711 1035 950 1070 administrati
975 1035 1124 1071 reddere
1149 1037 1302 1081 compel-

216 1084 231 1115 1
281 1080 388 1116 latur.
423 1080 608 1126 respondit
630 1091 703 1115 non
725 1090 843 1125 posse.
880 1080 993 1116 Uxori
1016 1081 1134 1116 dotem
1158 1085 1195 1116 et
1213 1082 1304 1118 alias

212 1135 270 1161 res
294 1125 414 1170 plures
445 1125 576 1170 legavit
606 1129 643 1161 et
674 1125 749 1160 eius
772 1124 855 1160 fidei
880 1126 1072 1168 commisit,
1104 1129 1144 1161 ut
1166 1127 1303 1172 Aquili-

212 1181 298 1206 num
321 1181 460 1206 servum
517 1171 675 1215 roprium
707 1170 865 1205 mulieris
894 1171 992 1215 apud
1017 1171 1204 1206 consilium
1228 1182 1302 1206 ma-

196 1215 435 1251 ·numitteret:
466 1182 515 1251 ici)
534 1219 641 1260 negat
671 1225 711 1251 se
741 1215 862 1251 facere
887 1215 1033 1258 debere,
1066 1216 1161 1261 quod
1191 1217 1304 1262 ipsius

213 1261 382 1306 proprius
406 1264 518 1296 esset:
544 1271 688 1306 quaero,
713 1271 760 1295 an
783 1260 932 1296 libertas
956 1261 988 1296 ei
1012 1261 1195 1297 debeatur.
1228 1273 1303 1298 res-

211 1305 339 1351 pondit
360 1316 528 1348 uxorem,
561 1306 591 1340 si
614 1316 659 1341 ex
681 1308 895 1341 testamento
927 1317 1001 1342 non
1029 1307 1144 1342 solum
1174 1307 1303 1352 dotem,

212 1351 276 1387 sed
307 1350 413 1386 etiam
445 1355 565 1386 cetera
595 1350 715 1395 legata
744 1350 923 1396 praestari
952 1351 1022 1387 sibi
1051 1352 1172 1396 vellet,
1206 1363 1303 1388 com-

211 1396 412 1442 pellendam
444 1406 488 1431 ex
517 1406 628 1431 causa
657 1395 921 1432 fideicommissi
944 1396 1149 1449 Aquilinum
1178 1408 1303 1433 manu·

212 1442 354 1522 11111)11(ἷι·0
377 1451 546 1486 eumque,
580 1452 662 1477 cum
696 1441 787 1477 liber
810 1442 894 1484 erit,
925 1446 1121 1487 petiturum
1145 1453 1189 1478 ea
1213 1453 1305 1488 quae

211 1497 242 1522 si
268 1498 280 1521 1

258 1529 312 1569 20
374 1541 567 1567 οΜΡοΜυε
600 1532 692 1568 libro
726 1532 878 1579 septimo
913 1532 1151 1579 epistularum
1197 1533 1305 1579 Apud

211 1576 389 1612 Iulianum
412 1576 466 1612 ita
488 1577 662 1623 scriptum
685 1580 758 1613 est:
791 1578 834 1613 ‘si
856 1577 961 1613 heres
990 1582 1138 1623 rogatus
1162 1588 1305 1614 servum

211 1622 479 1675 ‘manumittere‘
504 1632 549 1658 ex
566 1622 806 1675 „Trebelliano
838 1626 986 1658 senatus
1015 1623 1177 1676 consulto
1201 1624 1303 1676 here-

212 1667 371 1703 ‘ditatem
394 1671 608 1710 resument,
634 1667 714 1713 cogi
737 1668 883 1703 debebit
905 1672 1172 1713 manumittere,
1198 1673 1250 1712 et,
1275 1679 1305 1704 si

212 1712 382 1748 ‘latitabit
402 1713 459 1748 vel
482 1713 514 1749 si
534 1712 633 1748 iusta
657 1723 701 1748 ex
725 1723 836 1749 causa
859 1713 992 1756 aberit,
1050 1718 1171 1750 raetor
1194 1724 1305 1750 causa

213 1757 370 1803 ‘cognita
400 1757 598 1794 secundum
628 1762 774 1794 senatus
807 1759 972 1796 consulta
1003 1769 1025 1794 a
1081 1769 1142 1796 eas
1175 1770 1304 1796 causas

211 1803 439 1849 ‘pertinentia
483 1803 715 1848 pronuntiare
758 1803 911 1839 debebit.
969 1803 1000 1839 si
1036 1814 1120 1840 vero
1164 1815 1304 1840 servum

212 1848 450 1894 ‘usuceperit¹
473 1848 524 1891 is,
557 1849 615 1884 cui
637 1848 818 1884 hereditas
840 1848 1009 1884 restituta
1031 1848 1158 1893 fuerit,
1186 1850 1304 1895 ipsum

211 1893 418 1939 ι0011190111,2
444 1893 694 1929 manumittere
725 1897 762 1930 et
793 1894 916 1929 eadem
945 1894 982 1929 in
1011 1904 1203 1940 personam
1227 1895 1304 1931 eius

211 1938 407 1975 ‘observari
437 1939 642 1981 conveniet,
675 1949 768 1984 quae
799 1939 896 1975 circa
926 1943 1106 1985 emptores
1131 1940 1305 1977 custodiri

211 1985 363 2020 ‘solent’.
411 1994 458 2019 811
480 1984 571 2020 haec
594 1994 678 2020 vera
700 1985 832 2029 putes?
861 1994 945 2019 nam
967 1994 1033 2029 ego
1057 1985 1217 2021 discendi
1241 1996 1302 2021 cu-

210 2029 378 2075 piditate,
410 2039 517 2074 quam
547 2029 661 2065 solam
689 2028 828 2065 vivendi
858 2029 1034 2065 rationem
1065 2031 1235 2075 optimam
1266 2031 1304 2066 in

211 2078 378 2110 octavum
400 2078 439 2110 et
460 2074 762 2119 septuagesimum
785 2085 918 2110 annum
942 2075 1071 2111 aetatis
1096 2075 1197 2119 duxi,
1229 2086 1302 2112 me-

211 2130 290 2155 mor
313 2130 393 2155 sum
416 2118 492 2155 eius
517 2119 727 2164 sententiae,
752 2120 813 2165 qui
836 2119 968 2156 dixisse
991 2120 1122 2156 fertur:
1149 2120 1217 2155 κᾶν
1238 2120 1305 2156 τὸν

212 2167 336 2211 ἕτερον
357 2162 458 2199 πόδα
482 2167 522 2198 ἐν
542 2167 587 2211 τῇ
612 2166 710 2210 σορῷ
735 2168 815 2207 ἔχω,
842 2165 1076 2210 προσμαθεῖν
1097 2179 1135 2199 τι
1156 2165 1302 2210 βουλοί-

210 2222 283 2255 μην
292 2210 318 2245 ³.
353 2209 546 2245 bellissime
568 2210 690 2246 Aristo
715 2214 752 2245 et
775 2209 978 2246 Octavenus
1002 2211 1182 2255 putabant
1205 2212 1302 2248 hunc

211 2265 367 2297 servum,
401 2254 446 2290 de
470 2266 540 2300 quo
565 2258 811 2301 quaereretur,
844 2254 1140 2292 fideicommissae
1162 2257 1302 2293 heredi-

210 2300 295 2336 tatis
327 2310 400 2336 non
428 2309 508 2336 esse
522 2326 531 2343 ,
564 2299 649 2346 quia
679 2303 833 2336 testator
862 2300 1022 2346 rogando
1045 2301 1229 2345 heredem,
1262 2306 1304 2337 ut

211 2356 292 2381 eum
326 2345 612 2388 manumitteret,
650 2355 724 2381 non
753 2345 894 2381 videtur
925 2346 968 2381 de
1006 2356 1049 2382 eo
1080 2347 1302 2384 restituendo

211 2389 382 2427 sensisse:
407 2390 439 2426 si
458 2394 578 2426 tamen
595 2400 662 2436 per
673 2401 830 2426 errorem
849 2391 896 2427 ab
916 2391 1047 2427 herede
1060 2391 1165 2428 datus
1182 2392 1301 2436 fuerit,

211 2446 256 2472 ea
280 2435 431 2471 dicenda
454 2439 539 2471 sunt
562 2445 654 2481 quae
676 2435 841 2475 Iulianus
861 2436 996 2471 scribit.

258 2479 308 2518 21
341 2480 589 2517 Papmaws
624 2481 715 2517 libro
744 2492 842 2517 nono
876 2481 1015 2517 decimo
1052 2483 1301 2528 quaestionum

217 2526 278 2562 *Ro
305 2537 346 2569 o,
386 2535 431 2561 ne
462 2525 608 2562 Stichus
646 2526 794 2562 alterius
831 2527 1035 2563 servitutem
1073 2528 1300 2573 experiatur'.

210 2572 284 2607 inte
298 2571 367 2616 legi
411 2571 532 2607 datam
572 2571 883 2608 fideicommissam
924 2572 1124 2608 libertatem
1165 2573 1303 2618 placuit

211 2616 382 2662 principi:
422 2616 507 2661 quid
547 2616 639 2652 enim
677 2620 751 2652 tam
789 2617 1008 2653 contrarium
1046 2621 1103 2653 est
1139 2618 1301 2654 servituti

236 2661 614 2742 ἒῗῖὶεὲἒθῑῗὲῖζηῖἰῗ
644 2665 764 2742 ‘²1:¹32ss
777 2662 1008 2743 318εέΥέἷὲἓῖ
1026 2666 1178 2743 ωιῗῗθῒὲ
1199 2664 1300 2745 '5533

213 2762 293 2787 eum
314 2752 528 2794 alienaverit,
555 2718 742 2787 00111οἒ1181
765 2719 910 2788 libariae
930 2735 1077 2798 petatur
1098 2736 1165 2788 neo
1187 2754 1301 2799 prosit

213 2797 260 2832 ad
288 2796 546 2841 impediendam
577 2797 754 2833 libertatis
790 2798 1015 2842 petitionem,
1051 2799 1081 2834 si
1112 2798 1302 2834 redemerit

213 2852 314 2883 eum,
340 2841 442 2876 cuius
467 2842 575 2877 semel
600 2842 761 2878 condicio
786 2843 912 2878 extitit.
961 2843 1054 2878 idem
1077 2844 1300 2888 probandum

213 2891 269 2922 est
299 2889 336 2921 et
363 2886 395 2922 si
424 2897 496 2921 non
526 2887 730 2923 voluntaria
761 2887 927 2924 alienatio
957 2889 1003 2923 ab
1039 2888 1170 2924 herede
1201 2889 1301 2925 facta

931 2944 970 2969 er
992 2934 1108 2979 ipsum
1132 2934 1299 2970 alienatio

925 2979 988 3014 ber
1016 2982 1054 3014 et
1076 2989 1300 3025 quacumque

360 1489 420 1522 ata
443 1490 538 1522 sunt.

213 2935 285 2967 est:
310 2941 376 2967 nec
400 2931 654 2976 refragabitur,
686 2933 782 2978 quod
810 2943 882 2968 non

213 2977 312 3012 facta
334 2979 400 3011 est.
446 2976 516 3011 fuit
545 2977 637 3012 enim
669 2978 772 3023 quasi
800 2982 872 3014 stat

213 3022 352 3057 ratione
376 3020 538 3057 condicio
560 3021 707 3067 impleta
728 3026 794 3059 est.

259 3064 314 3103 22
338 3065 444 3102 [osu
464 3066 555 3102 libro
579 3069 770 3103 vicensimo
793 3068 948 3104 secundo
973 3070 1220 3114 quaestionum
1262 3069 1300 3105 Si

214 3111 385 3157 legatario
421 3110 524 3146 fundi
553 3111 674 3147 decem
705 3113 810 3158 pretii
839 3114 980 3149 nomine
1010 3113 1136 3149 relicta
1167 3114 1240 3150 sint
1262 3115 1300 3150 111

213 3158 299 3199 hoc,
331 3158 393 3191 111*
425 3166 566 3192 servum
596 3168 700 3192 suum
730 3159 974 3201 manumittat,
1007 3159 1166 3204 quamvis
1198 3159 1300 3195 fundi

213 3202 369 3247 legatum
386 3200 432 3236 ad
483 3201 605 3243 evei-it,
630 3202 661 3237 si
684 3207 803 3238 tamen
826 3203 1000 3248 pecuniae
1024 3215 1089 3248 pro
1117 3204 1298 3240 101111101-

214 3250 357 3282 ventum
386 3246 441 3282 Fa
457 3245 570 3282 cidiae
599 3257 672 3282 non
709 3248 932 3292 adgnoverit,
969 3260 1080 3302 cogen
1108 3260 1149 3285 118
1179 3255 1233 3284 081
1265 3254 1300 3285 ct

214 3292 402 3338 pecuniam
436 3292 599 3337 accipere
628 3292 751 3327 habita
779 3293 866 3338 legis
890 3294 1071 3330 Falcidiae
1102 3295 1241 3330 ratione
1263 3300 1300 3330 ct

215 3347 316 3373 servo
345 3336 707 3372 fideicommissariam
738 3337 938 3373 libertatem
974 3343 1176 3384 praestare,
1217 3350 1298 3374 cum

220 3386 233 3416 1
283 3381 392 3417 semel
421 3381 523 3416 fundi
552 3381 706 3427 legatum
737 3382 915 3426 adgnovit.
961 3386 994 3419 A
1025 3384 1165 3419 duobus
1196 3385 1297 3420 here-

215 3427 318 3462 dibus
341 3426 403 3472 qui
426 3431 497 3462 tres
522 3436 642 3462 servos
674 3427 830 3463 habebat
858 3429 962 3473 petit,
995 3432 1036 3464 ut
1059 3429 1148 3465 duos
1173 3439 1219 3464 ex
1242 3430 1298 3465 his

215 3482 305 3516 quos
338 3471 534 3508 voluissent
562 3472 829 3507 manumittant:
866 3473 979 3509 altero
1013 3474 1181 3510 heredum
1216 3474 1297 3509 lati-

1295 98 1380 148 622

1509 19 1514 41 1

1517 40 1618 152 ἿΧ

1374 223 1445 259 (1101
1467 223 1544 260 fieri
1567 224 1711 268 liberos,
1741 230 1782 261 ut
1802 226 1951 271 perinde
1972 226 2120 264 libertas
2143 231 2332 275 competat,
2360 240 2404 267 ac
2425 232 2457 268 si

1374 278 1544 314 praesens
1574 269 1674 306 solus
1710 271 1960 307 manumittere
1989 272 2176 317 potuisset.
2229 274 2325 319 quod
2355 275 2387 312 si
2413 286 2458 312 ex

1374 313 1485 349 servis
1509 324 1601 350 unus
1622 314 1826 359 decesserit,
1850 317 1923 352 sive
1938 316 2036 352 iusta
2052 327 2099 353 ex
2115 327 2227 354 081188
2245 319 2340 355 absit
2355 320 2459 358 heres

1374 358 1447 394 sive
1476 358 1546 394 fari
1582 370 1654 395 non
1681 361 1797 406 possit
1825 371 1849 396 a
1878 372 1948 406 quo
1971 361 2123 406 petitum
2145 368 2219 406 est,
2250 363 2460 402 decernente

1374 407 1540 448 praetore
1565 403 1667 456 ‘duos
1700 406 1763 451 qui
1792 411 1985 451 supersunt
2014 406 2094 442 fieri
2121 407 2253 444 liberos
2285 411 2458 446 convenit.

1374 451 1394 482 2
1443 448 1532 483 Cum
1562 459 1596 484 is
1630 448 1691 495 qui
1718 450 2026 487 fideicommissam
2053 452 2252 488 libertatem
2276 459 2460 499 praestare

1374 492 1480 529 debet
1510 493 1605 530 iusta
1639 504 1685 530 ex
1714 505 1825 532 causa
1848 497 1951 532 abest
1973 500 2037 532 aut
2058 497 2193 533 latitat:
2224 504 2289 534 aut
2316 499 2463 545 quidam

1373 542 1582 618 fflesentes
1609 543 1704 582 sunt,
1729 540 1790 576 alii
1813 551 1858 576 ex
1880 541 1976 576 iusta
1999 552 2110 577 081188
2132 542 2275 587 absunt,
2299 546 2461 581 nonnulli

1386 583 1405 634 ¹·
1433 583 1571 618 strandi
1604 585 1718 628 gratia
1747 584 2011 622 fideicommissi
2042 587 2182 632 copiam
2211 588 2267 624 sui
2299 599 2373 625 non
2405 590 2459 625 fa-

1375 632 1491 680 ciunt:
1525 631 1587 663 aut
1616 629 1667 671 ei,
1699 629 1761 675 qui
1782 630 1983 667 libertatem
2006 631 2146 676 debuit,
2178 633 2280 669 heres
2303 645 2375 670 non
2399 645 2459 670 ex-

1373 672 1463 708 titit:
1489 677 1552 708 aut
1580 684 1665 710 suus
1687 674 1791 711 heres
1814 676 2012 712 hereditate
2035 687 2074 713 se
2097 678 2287 714 abstinuit:
2341 684 2461 716 raetor

1373 718 1607 770 pronuntiare
1633 719 1739 755 debet
1759 730 1803 756 ex
1821 725 2033 758 testamento
2053 722 2157 758 Lucii
2175 723 2262 758 Titii
2280 723 2305 758 fi
2331 723 2459 760 0100111-

1372 773 1516 798 1111888111
1537 764 1738 800 libertatem
1758 770 1971 812 competere.
2006 767 2114 811 idque
2134 772 2279 804 senatus
2299 770 2460 806 consulto

1374 807 1659 844 demonstratum
1682 814 1748 852 est,
1779 821 1850 856 quo
1874 815 2019 847 senatus
2043 812 2205 849 consulto
2230 814 2460 858 comprehen-

1373 863 1453 888 sum
1476 858 1549 896 est,
1574 864 1622 889 ne
1646 855 1793 890 dubium
1816 860 1853 891 et
1877 856 2067 892 obscurum
2088 862 2199 900 esset,
2229 859 2331 894 cuius
2354 859 2460 895 liber-

1373 902 1431 933 tus
1450 897 1563 942 fieret,
1586 904 1791 944 praetorem
1812 901 2043 946 pronuntiare
2061 901 2201 945 debere,
2225 903 2286 947 qui
2303 904 2461 940 exiusta

1375 953 1488 979 causa
1512 948 1548 979 et
1571 944 1635 988 qui
1658 944 1915 981 detractandae
1938 946 2114 982 libertatis
2135 948 2253 993 gratia
2275 948 2381 984 absit.

1419 986 1472 1027 23
1504 989 1613 1024 IDEM
1640 990 1732 1026 libro
1763 1002 1858 1026 nono
1887 1002 2144 1038 responsorum
2195 992 2459 1031 Fideicommis-

1373 1034 1471 1070 saria
1505 1034 1655 1070 libertas
1690 1039 1879 1080 praetextu
1914 1036 2126 1081 compilatae
2158 1037 2364 1076 hereditatis
2398 1044 2463 1076 aut

1376 1084 1391 1114 1
1442 1079 1591 1116 rationis
1614 1086 1739 1125 gestae
1766 1092 1839 1116 non
1863 1081 2034 1117 differtur.
2082 1081 2461 1120 Fideicommissariam

1373 1124 1574 1160 libertatem
1609 1126 1657 1161 ab
1693 1126 1823 1161 herede
1858 1137 1931 1162 non
1959 1127 2167 1172 praestitam
2199 1129 2379 1173 cogendus
2407 1135 2462 1166 est

1373 1169 1516 1206 heredis
1546 1170 1668 1214 heres,
1710 1171 1772 1215 qui
1800 1172 1956 1207 restituit
1985 1182 2030 1207 ex
2060 1172 2286 1210 Trebelliano
2315 1179 2461 1211 senatus

1375 1215 1538 1250 consulto
1569 1215 1821 1260 hereditatem,
1858 1220 2062 1262 praestare,
2097 1217 2129 1253 si
2163 1218 2240 1254 eius
2270 1229 2460 1264 personam

1375 1262 1394 1294 2
1442 1260 1550 1305 eligat
1591 1261 1651 1306 qui
1687 1261 1992 1298 manumittendus
2028 1266 2093 1298 est.
2148 1262 2296 1299 Servum
2329 1265 2461 1310 peculii

1374 1306 1586 1350 castrensis,
1620 1316 1726 1351 quem
1753 1310 1857 1352 pater
1878 1306 2141 1343 fideicommissi
2162 1309 2280 1344 verbis
2304 1319 2327 1344 a
2348 1309 2460 1356 legiti-

1373 1351 1440 1386 mis
1464 1351 1550 1387 filiis
1573 1351 1767 1388 heredibus
1790 1352 1935 1388 liberari
1957 1353 2081 1395 voluit,
2104 1353 2216 1389 filium
2238 1354 2384 1391 militem
2406 1357 2461 1392 vel

1374 1396 1435 1441 qui
1464 1396 1647 1439 militavit,
1687 1397 1717 1433 si
1778 1397 1866 1433 atris
1900 1398 2004 1434 lieres
2039 1398 2175 1441 extitit,
2214 1400 2461 1437 manumittere

1374 1442 1570 1486 cogendum
1608 1453 1740 1488 respon
1770 1443 1799 1485 ',
1837 1443 2003 1488 quoniam
2041 1443 2226 1488 proprium
2267 1447 2459 1482 manumis-

1374 1487 1463 1522 sisse
1487 1487 1677 1523 defunctus
1700 1492 1784 1533 post
1814 1488 2042 1524 donationem
2072 1489 2109 1523 in
2138 1488 2249 1524 filium
2273 1490 2461 1527 collatam⁵

1374 1531 1604 1567 existimavit:
1630 1533 1829 1578 portionem
1853 1533 1945 1568 enim
1969 1543 1992 1568 a
2014 1533 2126 1569 fratre
2150 1533 2291 1571 domino
2315 1535 2460 1572 tratrem

1373 1577 1595 1622 eundemque
1619 1578 1830 1613 coheredem
1855 1579 1946 1614 citra
1966 1578 2135 1614 damnum
2153 1579 2346 1617 voluntatis
2366 1582 2459 1617 redi-

1374 1632 1470 1657 mere
1492 1633 1566 1657 non
1589 1623 1798 1668 cogendum.
1834 1634 1901 1659 nec
1920 1623 1966 1658 ob
1986 1623 2135 1659 eundem
2154 1634 2310 1660 errorem
2328 1630 2459 1671 cetera,

1374 1677 1465 1712 quae
1476 1672 1581 1712 pater
1598 1668 1635 1702 in
1652 1668 1813 1703 militiam
1824 1670 1838 1690 ⁶
1857 1668 2063 1714 profecturo
2081 1668 2153 1705 filio
2170 1669 2325 1713 donavit,
2343 1671 2459 1716 fratri,

1374 1713 1435 1757 qui
1457 1713 1589 1748 mansit
1611 1713 1648 1748 in
1671 1717 1850 1757 potestate
1860 1715 1884 1756 ⁷,
1916 1713 2148 1759 conferenda,
2178 1724 2260 1750 cum
2281 1717 2460 1761 peculium

1374 1761 1556 1793 castrense
1578 1758 1673 1794 filius
1705 1758 1813 1794 etiam
1834 1758 1928 1794 inter
1949 1758 2125 1811 legitimos
2147 1759 2297 1796 heredes
2321 1764 2458 1807 praeci-

1374 1806 1394 1837 3
1441 1813 1553 1848 puum
1570 1803 1734 1839 retineat.
1771 1804 1892 1839 Etiam
1915 1803 2244 1841 fideicommissaria
2266 1805 2414 1844 libertas
2437 1819 2460 1844 a

1373 1847 1445 1883 filio
1469 1851 1554 1893 post
1577 1852 1713 1884 certam
1735 1853 1890 1885 aetatem
1913 1849 1990 1885 eius
2013 1849 2115 1892 data,
2145 1850 2177 1886 si
2199 1850 2247 1886 ad
2268 1861 2347 1887 eam
2394 1863 2460 1889 uer

1373 1903 1446 1928 non
1476 1893 1654 1938 pervenit,
1686 1894 1732 1929 ab
1764 1894 1894 1930 herede
1923 1894 1988 1930 filii
2015 1895 2230 1947 praestituta
2252 1895 2309 1932 die
2331 1908 2350 1932 r
2442 1919 2457 1926 -

1373 1938 1474 1973 tur⁸:
1517 1949 1625 1984 quam
1652 1940 1865 1975 sententiam
1895 1940 1973 1976 iure
2003 1940 2174 1985 singulari
2203 1945 2383 1987 receptam
2413 1944 2457 1980 ad

1374 1986 1494 2019 cetera
1532 1983 1830 2020 fideicommissa⁹
1867 1985 1994 2020 relicta
2032 1985 2166 2030 porrigi
2200 1996 2272 2022 non
2310 1988 2456 2032 placuit.

1372 2032 1395 2064 4
1442 2028 1588 2064 Servum
1611 2039 1634 2064 a
1656 2029 1730 2065 filio
1753 2034 1837 2075 post
1860 2030 2015 2076 quinque
2038 2040 2163 2073 annos,
2187 2030 2219 2067 si
2238 2041 2279 2067 00
2299 2036 2458 2080 tempore

1371 2073 1569 2110 mercedem
1593 2074 1757 2110 diurnam
1780 2074 1853 2111 filio
1883 2075 2136 2120 praestitisset,
2168 2077 2370 2114 manumitti
2396 2090 2456 2115 vo-

1371 2119 1457 2154 luit:
1483 2119 1625 2155 biennio
1648 2120 1810 2165 proximo
1833 2124 1981 2165 vagatus
2004 2131 2077 2156 non
2099 2121 2347 2166 praestiterat:
2371 2134 2456 2160 con·

1373 2164 1513 2200 dicione
1537 2164 1699 2201 defectus
1722 2165 1920 2201 videbatur.
1957 2165 1987 2201 si
2007 2169 2128 2202 tamen
2146 2166 2361 2204 heresiilius
2382 2173 2457 2210 (aut

1371 2212 1508 2245 tutores
1522 2210 1611 2253 eius)
1626 2210 1860 2246 ministerium
1873 2211 1965 2246 servi
1965 2221 2040 2291 ίἒ101·
2051 2211 2232 2247 biennium
2244 2213 2406 2258 elegisset
2417 2216 2455 2257 ¹⁰,

1371 2264 1450 2290 eam
1474 2265 1565 2297 rem,
1598 2265 1641 2291 ex
1669 2256 1862 2301 praeterito
1893 2267 1962 2301 quo
2010 2267 2075 2302 per
2097 2256 2263 2293 heredem
2286 2258 2455 2303 stetisset,

1371 2299 1622 2382 impedimento
1655 2300 1819 2337 residuae
1849 2301 2050 2337 condicioni
2078 2312 2150 2338 non
2179 2312 2258 2339 esse
2285 2305 2454 2341 constitit.

1417 2347 1428 2360 ⁴
1447 2344 1472 2382 4
1503 2345 1698 2381 ULPI-iiws
1718 2347 1809 2382 libro
1833 2347 1959 2392 quinto
1980 2346 2337 2391 fideicommissorum
2384 2350 2454 2386 Ge·

1371 2391 1541 2426 neraliter
1564 2390 1722 2426 dicemus
1745 2401 1807 2430 eos
1831 2401 1937 2437 posse
1959 2390 2321 2429 fideicommissariam
2349 2393 2454 2431 liber-

1370 2439 1483 2472 tatem
1513 2435 1733 2479 adscribere,
1770 2436 1831 2482 qui
1865 2435 2176 2473 fideicommissum
2209 2439 2454 2483 pecuniarium

1374 2484 1389 2515 1
1432 2482 1822 2535 *possunt-relinquere.
1869 2481 2111 2562 Ε1ἇ11111011118
2134 2492 2236 2519 servo
2262 2484 2318 2520 vel
2339 2486 2454 2521 muni-

1372 2526 1454 2572 cipu
1487 2530 1522 2562 et
1552 2528 1696 2562 0111118ιι
1728 2527 1875 2562 alterius
1905 2526 1929 2562 fi
1955 2526 2177 2563 eicommissa
2209 2528 2356 2566 libertas
2389 2531 2453 2566 ad-

1371 2575 1390 2606 2
1438 2571 1574 2616 scripta
1598 2572 1702 2607 valet.
1749 2572 1916 2607 Hostium
1947 2581 2048 2608 servo
2076 2572 2108 2608 si
2129 2572 2455 2611 fideicommissaria

1368 2617 1516 2653 libertas
1530 2618 1558 2638 ¹²
1585 2616 1697 2652 fuerit·
1725 2617 1923 2663 adscripta,
1955 2621 2076 2669 potest
2104 2618 2269 2661 tractari,
2303 2630 2350 2656 811
2380 2631 2453 2657 11011

1369 2663 1416 2698 811
1438 2661 1618 2697 inefficax.
1665 2666 1702 2698 et
1723 2662 1888 2698 fortassis
1913 2673 1991 2708 quis
2015 2662 2146 2698 dixerit
2167 2663 2348 2709 indignum
2374 2676 2454 2703 esse

1370 2707 1481 2743 civem
1511 2707 1714 2742 Romanum
1750 2708 1828 2744 fieri
1865 2707 2020 2744 hostium
2056 2718 2215 2744 servum:
2253 2710 2317 2746 sed
2350 2711 2382 2746 si
2414 2712 2452 2747 in

1370 2763 1494 2788 casum
1516 2752 1749 2798 relinquatur,
1773 2753 1811 2788 in
1835 2763 1938 2798 quem
1961 2756 2084 2789 noster
2105 2763 2185 2790 esse
2206 2754 2342 2808 incipit,
2368 2757 2451 2801 quid

1370 2803 1389 2832 3
1436 2797 1603 2843 prohibet
1618 2798 1736 2833 dicere
1754 2798 1951 2833 libertatem
1967 2798 2112 2834 valere?
2141 2798 2179 2834 Si
2192 2799 2327 2836 homini
2338 2801 2450 2838 libero

1368 2843 1478 2878 fuerit
1500 2843 1646 2878 libertas
1669 2854 1734 2888 per
1756 2843 2065 2879 fideicommissum
2088 2843 2269 2890 adscripta
2296 2850 2333 2881 et
2359 2845 2391 2882 is
2414 2847 2450 2882 in

1368 2888 1575 2924 servitutem
1598 2887 1765 2924 redactus
1789 2892 2029 2934 proponatur,
2060 2892 2181 2933 petere
2250 2893 2322 2926 teet
2343 2891 2449 2928 liber-

1368 2937 1493 2977 tatem,
1526 2933 1557 2968 si
1580 2933 1685 2968 modo
1709 2933 1833 2969 mortis
1857 2938 2016 2979 tempore
2037 2934 2092 2969 vel
2116 2944 2183 2969 con
2223 2934 2333 2972 cionis
2357 2937 2449 2973 exis-

1369 2982 1390 3014 4
1436 2977 1544 3014 tentis
1567 2978 1767 3013 inveniatur
1789 2989 1924 3014 servus.
1964 2978 2071 3014 Servo
2096 2978 2183 3021 eius,
2208 2981 2267 3032 qui
2292 2981 2449 3017 nondum

1367 3024 1405 3059 in
1428 3023 1535 3059 rebus
1558 3023 1722 3059 humanis
1745 3027 1810 3067 est,
1835 3024 1980 3059 libertas
2004 3027 2101 3059 recte
2119 3034 2184 3068 per
2202 3024 2447 3063 fideicommis-
2525 3051 2528 3068 ;

1368 3072 1388 3104 5
1436 3079 1515 3103 sum
1549 3068 1771 3113 relinquitur.
1826 3068 1864 3104 Si
1898 3078 2020 3104 servus
2055 3068 2093 3103 in
2125 3069 2307 3106 metallum
2341 3071 2449 3107 fuerit
2520 3073 2528 3119 'J

1369 3114 1568 3155 damnatus,
1591 3113 1792 3149 libertatem
1816 3124 1960 3159 sperare
1982 3123 2054 3148 non
2096 3114 2211 3149 oterit.
2248 3115 2334 3160 quid
2350 3127 2446 3162 ergo,
2522 3121 2528 3131 ¹

1367 3159 1399 3194 si
1429 3158 1756 3193 fideicommissario.
1787 3159 1935 3194 libertas
1965 3158 1998 3194 ei
2028 3169 2067 3193 re
2083 3158 2154 3194 'cta
2187 3159 2236 3195 sit
2266 3164 2302 3195 et
2330 3171 2448 3206 poena

1366 3203 1498 3239 metalli
1522 3202 1740 3247 indulgentia
1763 3204 1932 3249 principis
1956 3203 2003 3238 sit
2022 3202 2222 3240 liberatus?
2255 3208 2292 3240 et
2313 3210 2368 3241 est
2390 3217 2445 3242 re·

1367 3248 1540 3293 scriptum
1570 3248 1616 3282 ab
1651 3249 1862 3293 imperatore
1896 3252 2018 3283 nostro
2053 3249 2148 3283 hunc
2182 3250 2219 3284 in
2254 3249 2443 3286 dominium

1366 3293 1520 3374 {333in
1527 3292 1675 3373 (1011111ἐῖἑο
1690 3304 1786 3373 ῃ00111111
1792 3293 2105 3373 Υἳῗειξὶιίυίέἱίὶὲξθξὲιιῗι·
2121 3295 2334 3383 tasiggparsgt,
2353 3307 2446 3377 0ιίἓεῖ

1523 3365 1530 3372 ·
2113 3366 2122 3382 1

1367 3387 1388 3419 θ
1433 3382 1795 3419 fideicommissariam
1815 3383 2026 3418 libertatem.
2058 3383 2116 3418 Ex
2133 3383 2301 3420 damnata
2317 3351 2354 3421 111
2371 3396 2443 3422 1110-

1926 117 1989 148 DE
2016 117 2063 148 13⁸1
2070 117 2459 154 Dmcomsulms

1365 3427 1489 3463 tallum
1511 3432 1683 3472 concepto
1704 3432 1740 3463 et
1757 3431 1841 3463 nato
1861 3427 2187 3464 fideicommissaria
2204 3429 2350 3466 libertas
2368 3431 2443 3466 dari

1364 3473 1513 3518 poterit:
1539 3472 1624 3517 quid
1642 3473 1780 3516 mirum,
1801 3483 1881 3508 cum
1898 3473 2005 3508 etiam
2022 3473 2227 3509 venumdari
2242 3484 2321 3510 eum
2336 3486 2443 3521 posse

215 3519 315 3552 tante
337 3517 429 3552 alter
451 3516 626 3560 declarat,
657 3527 746 3563 quos
769 3517 853 3553 velit
875 3518 1131 3555 manumittere.
1179 3522 1298 3564 potest
1365 3521 1384 3553 '1
1433 3518 1535 3562 quasi
1558 3528 1697 3554 servum
1720 3518 1821 3554 divus
1840 3517 1925 3553 Pius
1948 3518 2155 3563 rescripsit?
2188 3518 2226 3555 Si
2247 3520 2398 3565 petitum
2421 3531 2444 3557 a

215 3632 256 3672 (1)
279 3631 327 3665 tic
338 3643 398 3664 sec.
413 3631 459 3671 Β,
470 3631 651 3674 susceperit
664 3632 699 3666 F·

216 3683 282 3709 est:
306 3674 386 3709 licet
398 3686 502 3709 unum
518 3677 633 3719 pedem
652 3677 686 3709 in
706 3676 857 3719 sepulcro
876 3676 1028 3717 habeam,
1048 3677 1214 3710 addiscere
1233 3676 1294 3710 ali·

217 3720 298 3760 quid
317 3720 426 3754 velim.
543 3726 586 3761 (Δ)
610 3724 648 3753 ut
668 3735 724 3754 om.
747 3722 779 3754 F
887 3724 929 3758 (51
953 3731 1012 3760 per
1030 3722 1238 3753 donationem
1259 3721 1291 3753 in

802 3633 847 3673 (2)
871 3632 1028 3674 competit
1040 3632 1103 3666 del.
1192 3633 1234 3674 (³)
1260 3633 1298 3666 id
1362 3631 1470 3665 filium
1482 3631 1640 3665 collatum
1652 3645 1713 3666 scr.
1791 3633 1837 3674 (6)
1862 3630 1983 3664 militia
1996 3632 2032 3665 F'
2091 3633 2132 3674 (7)
2157 3631 2366 3676 inpete-tm
2377 3634 2440 3668 «101.

1364 3677 1408 3716 (8)
1433 3676 1591 3710 reddetur
1603 3678 1683 3711 Hal.

1363 3722 1463 3762 gissct
1479 3723 1508 3753 F
1594 3725 1648 3762 (ιι)
1673 3722 1816 3754 cuiusvis
1829 3723 1900 3755 edd.

1793 3680 1837 3719 (a)
1862 3676 2108 3710 fideicommisso
2119 3690 2180 3712 scr.

1990 3724 2050 3762 (¹2)
2074 3722 2115 3755 ad
2129 3723 2188 3756 ins.
2204 3724 2239 3755 P

2293 3680 2356 3720 (ιο)
2379 3678 2438 3712 eli·
