2528 3918
117 125 478 176 siemmm'riomz

165 250 218 291 49
248 251 442 289 Unmms
461 251 552 288 libro
566 250 901 332 ffuinquaqensimo
921 260 1016 285 nono
1040 248 1090 285 ad
1108 248 1200 284 edic-

120 303 192 333 tum
239 298 443 334 ‘Bonorum'
473 307 566 342 appe
593 297 666 331 atio
695 299 759 331 aut
790 294 964 330 naturalis
997 299 1060 330 aut
1090 293 1201 329 civilis

119 347 182 380 est.
230 343 442 379 naturaliter
473 343 569 378 bona
596 352 642 377 ex
672 351 714 376 eo
747 340 928 383 dicuntur,
961 340 1057 385 quod
1080 339 1200 380 beant,

120 389 188 424 hoc
211 392 266 425 est
288 389 414 424 beatos
438 387 591 424 faciunt:
613 387 724 422 ‘beare
747 389 803 422 est
824 385 1006 431 prodesse.
1056 384 1112 419 ¹in
1136 384 1200 419 bo-

119 435 174 470 nis
206 437 325 470 autem
354 432 485 469 nostris
519 432 718 477 computari
748 431 931 467 sciendum
961 434 1018 466 est
1046 440 1118 465 non
1143 440 1200 464 so-

119 480 208 522 lum,
240 489 332 533 quae
354 477 498 514 dominii
523 477 636 512 nostri
660 479 761 519 sunt,
793 476 857 512 sed
886 480 922 512 et
953 475 986 511 si
1013 476 1110 511 bona
1132 474 1203 509 fide

119 536 142 560 a
177 524 281 560 nobis
318 523 570 570 possideantur
597 521 653 557 vel
684 521 930 567 superficiaria
958 520 1040 556 sint.
1090 529 1203 564 aeque

118 569 221 605 bonis
245 567 536 605 adnumerabitur
560 568 676 610 etiam,
703 567 734 603 si
757 566 843 610 quid
867 569 921 602 est
943 566 981 601 in
1001 565 1202 601 actionibus

119 614 351 660 petitionibus
415 612 716 649 ersecutionibus:
760 622 843 647 nam
885 611 975 647 haec
1012 610 1132 647 omnia
1165 610 1203 645 in

120 661 222 696 bonis
248 670 326 696 esse
347 659 382 695 vi
408 662 522 695 entur.

166 704 219 743 50
251 705 358 740 IDEM
391 704 481 739 libro
519 703 773 749 seoeaqensimo
806 702 930 748 primo
967 701 1016 737 ad
1049 700 1203 736 edictum

121 750 265 830 ‘Nuruis’
296 748 490 795 appellatio
522 748 628 784 etiam
652 747 699 783 ad
721 758 918 793 pronurum
942 750 978 782 et
1002 746 1098 782 ultra
1121 756 1203 791 por-

119 797 215 831 ritren
242 806 264 830 a
286 798 352 831 est.

150 825 214 877 ‘³51
246 840 369 876 Gaws
397 840 487 878 libro
511 839 700 875 vicensimo
726 838 830 873 tercio
861 837 911 872 ad
938 837 1091 872 edictum
1118 847 1205 883 pro-

120 886 271 922 vz‘nciale
322 884 571 930 Appellatione
602 883 782 929 ‘parentis‘
815 893 888 918 non
918 886 1059 918 tantum
1089 885 1204 927 pater,

121 931 183 967 sed
211 931 318 967 etiam
347 941 434 966 avus
464 933 500 965 et
521 939 676 975 proavus
701 932 737 964 et
759 927 927 973 deinceps
952 938 1074 964 omnes
1098 936 1203 971 supe-

121 977 232 1012 riores
257 975 501 1012 continentur:
535 974 597 1010 sed
627 977 664 1010 et
686 976 800 1019 mater
825 977 860 1009 et
883 973 963 1009 avia
986 976 1023 1009 et
1044 972 1203 1018 proavia.

166 1019 219 1059 52
251 1021 445 1057 Uzmivzss
474 1020 564 1056 libro
596 1020 851 1066 sexaqensimo
876 1020 1000 1065 primo
1033 1018 1083 1053 ad
1113 1017 1204 1053 edio-

120 1073 194 1102 tum
241 1066 410 1102 ‘Patroni’
435 1064 676 1111 appellatione
700 1067 735 1100 et
758 1069 912 1110 patrona
937 1063 1149 1099 continetur.

165 1109 217 1150 53
242 1111 402 1147 Panas
431 1111 522 1147 libro
553 1110 878 1157 quinquagensimo
908 1120 1003 1145 nono
1034 1108 1084 1144 ad
1111 1107 1205 1143 edic-

120 1163 193 1192 tum
241 1157 356 1202 Saepe
385 1156 438 1192 ita
468 1159 711 1201 comparatum
744 1158 816 1197 est,
849 1158 890 1190 ut
919 1154 1110 1190 coniuncta
1138 1164 1203 1198 pro

119 1202 305 1238 disiunctis
342 1201 566 1247 accipiantur
607 1204 642 1236 et
678 1200 857 1236 disiuncta
892 1211 959 1245 pro
995 1199 1204 1241 coniunctis,

118 1247 295 1283 interdum
333 1247 451 1283 soluta
485 1257 550 1291 pro
588 1246 763 1291 separatis
773 1246 798 1281 ².
846 1255 929 1281 nam
961 1255 1042 1280 cum
1074 1243 1206 1280 dicitur

120 1293 216 1338 apud
245 1296 379 1328 veteres
412 1292 657 1337 ‘adgnatorum
688 1291 964 1336 gentihumque',
1002 1300 1069 1335 pro
1101 1299 1203 1342 sepa-

120 1339 257 1374 ratione
291 1337 475 1383 accipitur.
530 1341 568 1372 at
605 1348 685 1372 cum
722 1336 852 1372 dicitur
882 1338 1002 1381 ‘super
1031 1344 1205 1380 pecuniae

121 1384 307 1419 ‘tutelaeve
331 1383 427 1419 suae’
438 1384 463 1426 ³,
493 1386 590 1418 tutor
619 1382 811 1428 separatim
844 1381 920 1418 sine
949 1380 1103 1427 pecunia
1127 1379 1206 1415 dari

121 1441 191 1465 non
221 1432 357 1474 potest:
390 1431 427 1464 et
450 1439 530 1464 cum
555 1427 705 1463 dicimus
731 1426 836 1473 ‘quod
861 1426 942 1462 dedi
965 1429 1030 1462 aut
1053 1426 1204 1469 donavi',

119 1479 270 1519 utraque
294 1473 526 1510 continemus.
575 1484 657 1508 cum
679 1483 762 1508 vero
787 1472 936 1507 dicimus
962 1471 1093 1517 ‘quod‘
1124 1481 1205 1507 eum

120 1520 216 1555 ‘dare
240 1519 359 1555 facere
384 1519 549 1573 oportet',
574 1518 721 1563 quodvis
741 1528 865 1553 eorum
883 1516 1019 1553 sufficit
1038 1517 1202 1562 probare.

119 1576 200 1602 cum
231 1575 314 1600 vero
347 1564 435 1600 dicit
464 1567 626 1610 praetor,
669 1563 712 1599 ‘si
747 1563 880 1598 donum
916 1573 1045 1598 munus
1077 1571 1204 1607 operas

120 1610 338 1654 ‘redemerit’‚
363 1610 394 1646 si
412 1609 531 1645 omnia
548 1608 715 1654 imposita
735 1611 829 1652 sunt,
855 1611 992 1644 certum
1013 1610 1069 1643 est
1089 1607 1206 1643 omnia

118 1655 323 1693 redimenda
346 1665 435 1698 esse,
460 1665 505 1690 ex
528 1665 567 1690 re
590 1664 674 1700 ergo
698 1664 764 1699 pro
789 1653 1204 1690 coniunctishabentur:

123 1705 135 1736 1
187 1701 219 1737 si
241 1700 417 1746 quaedam
439 1699 487 1736 im
514 1699 607 1736 osita
635 1703 737 1742 sunt,
770 1702 890 1735 cetera
921 1709 993 1734 non
1025 1698 1205 1734 desidera-

120 1751 139 1782 2
186 1747 330 1783 buntur.
374 1746 463 1782 Item
511 1746 698 1787 ubitatum‚
723 1745 786 1780 illa
808 1745 917 1781 verba
941 1746 1021 1789 ‘ope
1045 1743 1205 1779 consilio'

120 1791 415 1838 quemadmodum
438 1790 646 1836 accipienda
671 1793 769 1831 sunt,
803 1790 1026 1826 sententiae⁵
1058 1788 1204 1825 coniun-

117 1838 274 1883 gentium
303 1839 367 1872 aut
396 1836 649 1881 separantium.
698 1835 761 1872 sed
791 1835 908 1871 verius
940 1838 1012 1878 est,
1045 1834 1141 1880 quod
1171 1838 1207 1870 et

118 1883 242 1919 Labeo
266 1882 334 1924 ait,
368 1881 560 1927 separatim
584 1880 810 1926 accipienda,
844 1880 927 1925 quia
950 1879 1048 1915 aliud
1070 1879 1207 1915 factum

118 1932 175 1965 est
197 1928 274 1965 eius
298 1927 360 1973 qui
384 1937 462 1972 ope,
486 1926 584 1962 aliud
603 1926 680 1962 eius
698 1927 759 1971 qui
779 1926 927 1962 consilio
947 1925 1080 1961 furtum
1099 1925 1204 1961 facit:

120 1974 171 2010 sic
194 1973 287 2010 enim
311 1972 373 2008 alii
397 1971 536 2008 condici
559 1975 695 2018 potest,
728 1971 788 2007 alii
817 1982 890 2007 non
920 1974 1048 2016 potest.
1099 1972 1207 2007 ‘sane

120 2022 202 2066 post
217 2022 375 2054 veterum
395 2017 646 2053 auctoritatem
666 2027 707 2052 eo
726 2020 934 2062 perventum
955 2019 1019 2059 est,
1044 2019 1085 2051 ut
1101 2026 1206 2052 nemo

119 2075 188 2110 ope
211 2063 373 2100 videatur
395 2062 534 2106 fecisse,
563 2062 633 2098 nisi
658 2065 692 2098 et
716 2062 902 2098 consilium
925 2061 1118 2106 malignum
1141 2062 1205 2096 ha-

120 2109 247 2152 buerit,
271 2119 338 2145 nec
361 2108 548 2144 consilium
572 2107 743 2144 habuisse
763 2112 902 2150 noceat,
927 2106 997 2143 nisi
1016 2110 1053 2142 et
1069 2107 1206 2142 factum

120 2158 280 2191 secutum
304 2153 422 2190 fuerit.

167 2198 220 2237 54
253 2199 446 2235 ULPJANUS
467 2198 557 2235 libro
581 2197 836 2244 sexaqensimo
858 2196 1017 2233 secundo
1041 2196 1091 2232 ad
1113 2196 1207 2233 edic-

122 2250 194 2281 tum
243 2244 527 2280 ‘condicionales
552 2243 757 2279 creditores’
792 2242 959 2278 dicuntur
983 2245 1020 2278 et
1042 2242 1096 2286 hi,
1129 2242 1207 2287 qui-

122 2291 188 2326 bus
212 2290 370 2326 nondum
401 2288 570 2334 competit
593 2288 707 2331 actio,
737 2291 793 2324 est
816 2292 933 2323 autem
959 2287 1206 2334 competitura,

121 2336 176 2372 vel
199 2335 259 2380 qui
283 2346 382 2381 spem
406 2335 550 2377 habent,
574 2337 614 2370 ut
638 2336 828 2379 competat.

168 2380 220 2418 55
247 2380 301 2416 ΡΑ
309 2390 404 2416 vivs
423 2380 514 2416 libro
536 2383 642 2415 sexto
666 2379 802 2415 decimo
826 2378 942 2414 brevis
968 2378 1077 2415 edicti
1122 2379 1206 2414 Cre-

121 2427 214 2462 ditor
238 2429 356 2462 autem
379 2425 410 2461 is
433 2428 507 2468 est,
538 2424 599 2470 qui
623 2424 831 2470 exceptione
853 2427 1029 2470 perpetua
1052 2435 1207 2460 summo-

120 2472 194 2508 veri
217 2483 288 2508 non
311 2474 448 2516 potest:
479 2469 541 2516 qui
564 2473 685 2506 autem
706 2469 939 2514 temporalem
962 2469 1207 2516 exceptionem

121 2517 232 2560 timet,
257 2516 381 2553 similis
406 2519 461 2552 est
484 2515 721 2552 condicionali
745 2514 923 2550 creditori.

168 2560 221 2600 56
253 2560 447 2598 ULPIANUS
467 2561 558 2597 libro
581 2560 835 2606 sexaqensimo
859 2559 1018 2596 secundo
1042 2559 1092 2596 ad
1114 2559 1208 2596 edic-

122 2613 195 2642 tum
237 2607 473 2652 ‘Cognoscere
495 2605 742 2641 instrumenta’
767 2608 823 2641 est
845 2605 1002 2650 relegere
1025 2608 1060 2641 et
1083 2615 1207 2650 recog-

121 2663 286 2690 noscere:
321 2651 555 2698 ‘dispungere’
585 2654 641 2687 est
672 2649 835 2686 conferre
867 2653 1016 2696 accepta
1045 2653 1082 2686 et
1109 2650 1206 2686 data.

128 2703 138 2734 1
190 2697 423 2734 ‘Liberorum’
456 2695 695 2741 appellatione
719 2696 948 2731 continentur
971 2706 1042 2732 non
1066 2699 1207 2732 tantum

122 2743 180 2788 qui
201 2742 338 2779 suntin
360 2745 549 2787 potestate,
575 2741 660 2777 sed'1
683 2751 805 2776 omnes
829 2740 891 2786 qui
915 2740 971 2777 sui
997 2740 1086 2777 iuris
1112 2745 1206 2786 sunt,

121 2790 194 2825 sive
222 2788 333 2824 virilis
357 2786 432 2823 sive
461 2786 622 2823 feminini
651 2796 759 2823 sexus
791 2786 899 2822 sunt⁸
931 2795 1017 2823 exve
1048 2786 1207 2823 feminini

122 2844 227 2871 sexus
251 2831 518 2869 descendentes.

168 2876 221 2916 57
241 2878 401 2914 vaws
417 2877 508 2913 libro
527 2877 851 2924 quinquaqensimo
871 2887 967 2912 nono
986 2876 1036 2913 ad
1053 2876 1207 2914 edictum

122 2924 211 2960 Cui⁹
240 2922 436 2968 praecipua
467 2932 554 2958 cura
584 2932 703 2958 rerum
731 2922 907 2958 incumbit
937 2925 974 2958 et
1004 2922 1065 2967 qui
1094 2922 1207 2968 magis

123 2980 226 3015 quam
253 2968 364 3004 ceteri
395 2967 455 3003 dili
478 2967 610 3003 entiam
632 2971 668 3003 et
699 2966 973 3003 sollicitudinem
996 2968 1104 3003 rebus
1129 2968 1206 3012 qui-

122 3015 190 3051 bus
213 3016 388 3060 praesunt
411 3012 455 3048 de
480 3015 551 3055 ent,
574 3011 613 3048 hi
637 3016 705 3048 ‘ma
730 3013 817 3049 'stri’
842 3013 1080 3058 appellantur.
1122 3013 1207 3058 quin

121 3060 227 3095 etiam
259 3058 328 3112 ipsi
358 3057 586 3103 magistratus
617 3068 682 3103 per
731 3058 959 3094 erivationem
983 3068 1006 3093 a
1029 3057 1207 3103 magistris

122 3106 428 3150 cognominantur.
490 3102 586 3139 unde
621 3103 726 3138 etiam
765 3102 957 3139 cuiuslibet
998 3103 1208 3148 disciplinae

121 3153 372 3195 praeceptores
392 3147 588 3200 magistros·
600 3148 774 3201 appellari
793 3158 816 3184 a
836 3148 1013 3184 monendo
1032 3148 1087 3184 vel
1107 3159 1207 3184 mon·

127 3198 139 3229 1
190 3194 349 3230 strando.
409 3193 602 3238 ‘Persequi’
631 3192 770 3229 videtur
792 3197 829 3229 et
859 3193 920 3238 qui
943 3193 1032 3229 satis
1057 3193 1206 3239 accepit.

169 3237 222 3277 58
249 3239 373 3275 Gaws
393 3238 484 3275 libro
504 3238 694 3274 vicensimo
718 3242 849 3284 quarto
873 3238 923 3274 ad
945 3239 1099 3274 edictum
1117 3249 1207 3285 pro-

122 3284 274 3320 vinciale
318 3283 424 3319 Licet
445 3284 539 3319 inter
562 3283 683 3327 ‘gesta’
716 3286 753 3318 et
784 3282 904 3319 ‘facta’
934 3283 1074 3319 videtur
1098 3293 1207 3329 quae-

123 3329 203 3365 dam
221 3338 300 3365 esse
315 3329 456 3374 suptilis
473 3327 682 3372 differentia,
702 3331 859 3364 attamen
878 3329 1166 3375 καταχρηστικῶς
1180 3330 1208 3350 ¹⁰

126 3378 138 3409 1
190 3373 277 3409 nihil
307 3373 401 3409 inter
430 3373 567 3409 factum
597 3376 634 3409 et
665 3376 803 3418 gestum
825 3373 983 3409 interest.
1032 3374 1207 3409 Paternos

123 3419 269 3455 libertos
292 3422 390 3454 recte
421 3419 579 3454 videmur
608 3417 726 3454 dicere
749 3421 891 3454 nostros
915 3418 1081 3454 libertos:
1116 3418 1206 3454 libe-

123 3464 283 3499 rorum¹¹
313 3463 461 3500 libertos
484 3474 557 3500 non
580 3466 678 3499 recte
701 3466 844 3499 nostros
872 3463 1021 3499 libertos
1045 3463 1205 3499 dicimus.

1192 119 1275 169 859

2230 134 2349 177 L16

1318 244 1371 284 59
1403 246 1598 283 ULPJANUS
1627 249 1717 286 libro
1746 254 1997 298 sexaqensz'mo
2027 258 2151 290 octavo
2184 255 2233 290 ad
2260 257 2352 292 edic-

1272 296 1345 346 fum
1402 294 1555 328 ‘Portus’
1590 296 1788 339 appellatus
1820 302 1874 333 est
1906 299 2094 335 conclusus
2127 300 2242 343 locus,
2283 313 2352 347 quo

1270 341 1510 391 importantur
1546 349 1679 376 merces
1719 346 1753 376 et
1789 342 1911 378 inde¹²
1947 348 2198 389 exportantur:
2239 357 2353 391 eaque

1271 383 1381 435 nihilo
1406 383 1523 419 minus
1547 384 1653 419 statio
1679 390 1732 420 est
1755 388 1924 424 conclusa
1947 393 2054 435 atque
2078 391 2225 426 munita.
2271 392 2352 427 inde

1273 429 1523 473 ‘angiportum'
1549 428 1685 464 dictum
1709 435 1772 466 est.

1318 471 1371 511 60
1397 473 1505 508 IDEM
1524 473 1614 509 libro
1634 478 1884 521 seaeaqensz’mo
1903 489 1996 513 nono
2016 479 2065 514 ad
2083 481 2236 516 edictum
2272 482 2353 517 ‘Lo-

1273 518 1362 554 ‘cus'
1388 522 1443 554 est
1466 529 1543 571 non
1561 519 1714 562 fundus,
1739 522 1801 556 sed
1824 523 1941 575 portio
1966 523 2084 569 aliqua
2107 524 2226 561 fundi:
2262 527 2352 561 ‘fun-

1273 563 1364 617 ‘dus'
1390 566 1511 599 autem
1533 568 1709 617 integrum
1733 566 1866 611 aliquid
1889 572 1954 603 est.
1991 573 2027 604 et
2050 570 2254 615 plerumque
2278 572 2355 607 sine

1272 610 1356 644 villa
1380 610 1521 662 ‘locumj
1546 610 1759 655 accipimus:
1797 616 1953 648 ceterum
1977 614 2063 650 adeo
2089 615 2208 660 opinio
2233 620 2355 652 nostra

1272 658 1309 689 et
1333 658 1539 691 constitutio
1565 655 1684 690 locum
1708 667 1730 690 a
1752 656 1862 692 fundo
1888 663 2049 702 separat,
2075 664 2115 694 ut
2138 664 2173 695 et
2195 661 2355 697 modicus

1272 700 1374 735 locus
1399 700 1514 745 possit
1537 699 1670 736 fundus
1695 701 1782 743 dici,
1808 703 1836 737 si
1860 702 1962 738 fundi
1985 704 2100 740 animo
2126 715 2205 740 eum
2228 706 2354 741 habui-

1273 756 1363 780 mus.
1396 755 1468 780 non
1489 746 1596 780 etiam
1609 747 1636 767 ¹³
1660 747 1863 791 magnitudo
1889 748 2005 783 locum
2030 759 2051 783 a
2074 749 2183 785 fundo
2202 755 2355 796 separat,

1274 790 1337 843 sed
1360 789 1669 844 nostra-affectio:
1702 796 1737 826 et
1762 793 1940 836 quaelibet
1962 794 2078 837 portio
2102 795 2203 829 fundi
2226 796 2358 840 poterit

1275 835 1407 870 fundus
1433 835 1521 877 dici,
1554 847 1585 871 si
1608 847 1677 871 iam
1702 837 1771 872 hoc
1796 839 2090 873 constituerimus.
2139 850 2204 875 nec
2228 851 2299 875 non
2323 845 2359 875 et

1273 881 1407 934 fundus
1436 881 1537 933 locus
1568 881 1738 916 constitui
1770 887 1905 927 potest:
1940 894 2021 917 nam
2053 884 2083 918 si
2108 895 2186 919 eum
2211 885 2270 920 alii
2294 885 2356 920 ad-

1277 930 1287 961 1
1341 936 1561 962 iunxerimus
1592 926 1723 969 fundo,
1760 928 1859 963 locus
1897 928 2000 963 fundi
2031 929 2215 964 efficietur.
2268 931 2358 966 Loci

1273 971 1550 1017 appellationem
1568 982 1640 1007 non
1657 973 1772 1008 solum
1788 973 1833 1007 ad
1857 973 2001 1015 rustica,
2022 984 2143 1009 verum
2159 975 2205 1010 ad
2220 976 2359 1011 urbana

1275 1020 1295 1052 2
1343 1027 1484 1070 quoque
1509 1017 1656 1062 praedia
1679 1018 1856 1062 pertinere
1877 1018 1998 1054 Labeo
2024 1019 2154 1054 scribit.
2187 1020 2257 1056 Sed
2276 1020 2357 1055 fun-

1275 1062 1341 1097 dus
1375 1061 1517 1107 quidem
1547 1073 1633 1098 suos
1657 1063 1766 1098 habet
1789 1063 1897 1105 fines,
1929 1064 2030 1099 locus
2054 1075 2136 1100 vero
2160 1065 2271 1100 latere
2294 1076 2357 1111 po·

1273 1111 1355 1150 test,
1380 1111 1556 1153 quatenus
1581 1107 1835 1143 determinetur
1858 1113 1895 1144 et
1918 1108 2106 1145 definiatur
2119 1110 2156 1145 ¹⁴.

1320 1150 1371 1190 61
1398 1152 1559 1188 Pavws
1588 1153 1679 1189 libro
1711 1155 1962 1199 sexaqensz'mo
1988 1155 2111 1199 quinto
2136 1154 2186 1190 ad
2207 1155 2358 1191 edictum

1274 1197 1551 1251 ‘Satisdationis'
1593 1198 1838 1250 ‘appellatione
1876 1199 2053 1234 interdum
2094 1199 2200 1235 etiam
2238 1211 2359 1246 repro-

1274 1254 1396 1279 misSio
1422 1244 1672 1286 continebitur,
1707 1254 1779 1289 qua
1803 1248 1991 1280 contentus
2015 1244 2084 1280 fuit
2107 1245 2148 1287 is,
2174 1245 2232 1281 cui
2256 1245 2359 1281 satis-

1275 1289 1372 1324 datio
1398 1289 1608 1325 debebatur.

1321 1331 1374 1371 62
1403 1334 1526 1370 GAIUS
1554 1334 1646 1370 libro
1671 1335 1862 1369 vicensimo
1893 1339 1998 1370 sexto
2029 1334 2079 1370 ad
2101 1335 2252 1370 edictum
2272 1346 2357 1381 pro-

1274 1379 1427 1416 vinciale
1474 1379 1602 1425 ‘Tigni'
1627 1379 1866 1426 appellatione
1890 1380 1926 1415 in
1950 1380 2026 1425 lege
2050 1380 2235 1416 duodecim
2256 1381 2360 1415 tabu-

1273 1425 1390 1506 laruffi
1410 1435 1514 1505 Oitnne
1529 1435 1641 1470 genus
1653 1425 1835 1468 materiae,
1857 1436 1901 1461 ex
1922 1436 1992 1471 qua
2010 1425 2171 1461 aedificia
2184 1429 2361 1468 constant,

1274 1482 1304 1507 Sl
1329 1482 1352 1506 n
1392 1481 1436 1506 ca
1452 1481 1507 1506 ur.

1306 1481 1373 1554 g63
1407 1515 1602 1552 ULPJANUS
1627 1516 1718 1552 libro
1742 1516 2030 1562 septuaqensimo
2050 1517 2173 1562 primo
2197 1515 2246 1551 ad
2268 1515 2361 1551 edic-

1275 1565 1349 1596 tum
1398 1561 1523 1597 ‘Penes
1554 1562 1601 1597 te'
1635 1561 1788 1606 amplius
1819 1564 1874 1597 est
1904 1572 2010 1606 quam
2044 1561 2151 1607 ‘apud
2182 1561 2246 1596 te':
2280 1571 2360 1595 nam

1274 1607 1372 1653 apud
1403 1610 1439 1642 te
1477 1610 1550 1651 est,
1587 1607 1683 1651 quod
1718 1607 2023 1652 qualiterqualiter
2062 1617 2085 1641 a
2121 1610 2156 1642 te
2187 1609 2361 1648 teneatur,

1273 1662 1383 1698 penes
1408 1656 1445 1688 te
1467 1656 1533 1695 est,
1559 1652 1654 1697 quod
1678 1652 1832 1697 quodam
1845 1654 1872 1674 ¹⁵
1895 1652 2000 1687 modo
2024 1651 2238 1697 possidetur.

1322 1696 1376 1736 64
1397 1697 1505 1733 ΡΑυι,
1513 1707 1557 1733 vs
1578 1697 1669 1733 libro
1689 1698 1942 1743 sexaqensimo
1966 1698 2117 1744 septimo
2141 1697 2191 1732 ad
2208 1697 2362 1732 edictum

1276 1743 1494 1779 ‘Intestatus’
1535 1746 1590 1778 est
1629 1753 1701 1779 non
1737 1746 1876 1778 tantum
1916 1743 1977 1787 qui
2008 1745 2258 1779 testamentum
2290 1752 2362 1777 non

1275 1788 1380 1831 fecit,
1405 1788 1470 1824 sed
1494 1788 1601 1824 etiam
1626 1788 1727 1824 cuius
1753 1798 1798 1824 ex
1822 1791 2037 1824 testamento
2061 1787 2241 1824 hereditas
2265 1786 2363 1822 adita

1276 1845 1347 1870 non
1372 1837 1437 1870 est.

1322 1878 1374 1917 65
1423 1879 1620 1916 Uzmzws
1660 1879 1750 1915 libro
1790 1879 2080 1925 septuaqensimo
2120 1878 2274 1914 secundo
2314 1876 2364 1912 ad

1276 1925 1430 1961 edictum
1479 1924 1651 1960 ‘Heredis’
1685 1924 1878 1969 appellatio
1910 1935 1982 1960 non
2014 1924 2130 1960 solum
2159 1923 2205 1959 ad
2241 1923 2361 1968 proxi-

1276 1981 1372 2006 mum
1396 1970 1573 2014 heredem,
1599 1969 1662 2005 sed
1686 1974 1722 2005 et
1745 1969 1791 2005 ad
1815 1969 2002 2005 ulteriores
2026 1968 2197 2005 refertur:
2222 1979 2304 2004 nam
2328 1971 2364 2002 et

1274 2015 1415 2096 heredis
1445 2016 1548 2051 heres
1580 2018 1616 2050 et
1646 2015 1813 2061 deinceps
1842 2014 1983 2051 heredis
2015 2013 2254 2060 appellatione
2277 2024 2361 2049 con-

1274 2062 1348 2097 tine
1366 2072 1421 2097 ur.

1322 2104 1376 2145 66
1408 2105 1514 2142 IDEM
1554 2106 1645 2142 libro
1682 2106 1971 2152 septuaqensimo
2036 2107 2141 2140 uario
2184 2104 2233 2140 ad
2270 2103 2362 2139 edio-

1277 2155 1366 2232 tumt
1400 2151 1554 2188 ‘Mercis'
1582 2151 1774 2197 appellatio
1799 2150 1846 2187 ad
1869 2160 1926 2186 res
1950 2161 2007 2186 mo
2033 2150 2097 2186 iles
2120 2152 2261 2185 tantum
2283 2158 2363 2194 per-

1275 2198 1349 2234 tine
1369 2224 1377 2232 .

1322 2240 1375 2281 67
1407 2242 1515 2278 Imm
1550 2242 1642 2278 libro
1672 2245 1801 2288 septua
1828 2241 1962 2276 ensimo
1993 2243 2097 2276 sexto
2131 2240 2181 2275 ad
2209 2239 2361 2275 edictum

1277 2288 1506 2324 ‘Alienatum’
1531 2298 1604 2323 non
1627 2287 1771 2333 proprie
1820 2286 1942 2328 icitur,
1974 2285 2068 2331 quod
2098 2285 2215 2321 adhuc
2237 2284 2275 2320 in
2299 2284 2361 2319 do-

1276 2334 1383 2370 minio
1412 2333 1606 2369 venditoris
1638 2336 1773 2368 manet:
1807 2331 2007 2367 ‘venditum’
2039 2335 2158 2366 tamen
2186 2333 2283 2365 recte
2308 2328 2360 2363 di-

1281 2383 1294 2414 1
1347 2382 1457 2415 cetur.
1508 2378 1743 2414 ‘Donationis’
1776 2377 1920 2413 verbum
1950 2376 2156 2421 simpliciter
2186 2373 2361 2420 loquendo

1277 2435 1416 2461 omnem
1438 2424 1667 2460 donationem
1685 2421 1996 2476 comprehendisse
2014 2421 2162 2464 videtur,
2183 2420 2256 2456 sive
2268 2429 2361 2455 mor·

1276 2471 1322 2506 tis
1347 2480 1457 2506 causa
1481 2469 1555 2505 sive
1577 2480 1649 2504 non
1672 2471 1798 2504 mortis
1824 2477 1934 2503 causa
1957 2466 2076 2502 fuerit.

1323 2512 1376 2554 68
1401 2514 1509 2551 IDEM
1536 2514 1626 2551 libro
1651 2513 1939 2560 septuaqensimo
1963 2512 2112 2558 septimo
2137 2510 2187 2546 acl
2208 2509 2362 2545 edictum

1276 2561 1343 2596 Illa
1366 2560 1475 2596 verba
1507 2559 1696 2595 ‘arbitratu
1723 2558 1828 2594 Lucii
1851 2557 1937 2593 Titii
1960 2556 2047 2593 fieri'
2079 2556 2135 2592 ius
2159 2554 2362 2600 significant

1277 2610 1314 2642 et
1337 2606 1375 2641 in
1398 2616 1539 2641 servum
1563 2615 1636 2640 non
1660 2604 1804 2640 cadunt.

1323 2648 1377 2690 69
1405 2650 1509 2686 IDEM
1535 2650 1626 2686 libro
1655 2648 1944 2695 septuaqensimo
1976 2650 2101 2683 octavo
2132 2645 2182 2681 ad
2196 2644 2361 2698 ‘edictum

1276 2697 1376 2733 Haec
1400 2696 1510 2731 verba
1534 2694 1605 2731 ‘cui
1627 2694 1679 2730 rei
1702 2693 1806 2730 dolus
1823 2693 1938 2729 malus
1960 2691 2075 2728 aberit
2092 2690 2232 2726 afuerit'
2255 2699 2360 2734 gene-

1276 2742 1401 2778 raliter
1426 2740 1730 2787 comprehendunt
1754 2749 1892 2775 omnem
1917 2737 2056 2779 dolum,
2090 2736 2303 2788 quicumque
2324 2734 2360 2769 in

1276 2788 1371 2823 hanc
1394 2797 1469 2822 rem
1493 2785 1669 2822 admissus
1693 2788 1766 2829 est,
1799 2784 1843 2820 de
1874 2793 1945 2828 qua
1968 2781 2150 2828 stipulatio
2176 2783 2229 2816 est
2251 2782 2358 2815 inter-

1303 2833 1405 2869 osita.

1276 2844 1300 2879 p
1323 2875 1375 2916 70
1402 2876 1458 2912 ΡΑ
1467 2886 1561 2912 vsvs
1582 2875 1673 2911 libro
1696 2873 1987 2922 septuaqensae'mo
2009 2872 2112 2907 tertio
2137 2870 2187 2906 acl
2208 2870 2360 2906 edictum

1277 2922 1467 2959 Sciendum
1490 2925 1545 2957 est
1564 2920 1730 2956 heredem
1754 2919 1860 2955 etiam
1883 2928 1948 2964 per
1965 2917 2096 2953 multas
2117 2914 2359 2952 successiones

1276 2968 1404 3014 accipi.
1464 2977 1547 3002 nain
1579 2966 1707 3019 paucis
1742 2964 1931 3010 speciebus
1969 2961 2131 2998 ‘heredis'
2167 2958 2358 3011 appellatio

1276 3013 1476 3060 proximum
1493 3014 1660 3054 continet,
1680 3010 1788 3046 veluti
1803 3010 1841 3045 in
1857 3007 2109 3060 substitutione
2120 3006 2148 3028 ¹⁶
2167 3003 2358 3056 impuberis

1277 3059 1368 3104 ‘quis
1393 3058 1449 3093 uis
1472 3057 1558 3092 mihi
1580 3056 1685 3091 heres
1709 3055 1792 3097 erit,
1825 3053 1918 3090 idem
1940 3053 2014 3088 filio
2038 3052 2140 3087 heres
2164 3048 2358 3100 eston-ubi

1276 3104 1362 3140 here
1390 3103 1418 3139 's
1441 3103 1543 3137 heres
1567 3112 1639 3136 non
1660 3101 1872 3142 continetur,
1898 3098 1980 3142 quia
2003 3098 2159 3132 incertus
2178 3097 2241 3130 est.
2274 3096 2358 3127 item

1275 3149 1312 3184 in
1351 3148 1428 3193 lege
1459 3146 1562 3182 Aelia
1595 3145 1718 3181 Sentia
1756 3144 1850 3180 filius
1882 3144 1985 3179 heres
2022 3140 2204 3186 proximus
2239 3141 2359 3190 potest

1276 3194 1442 3229 libertum
1464 3189 1653 3237 paternum
1676 3192 1718 3226 ut
1739 3190 1918 3234 ingratum
1941 3195 2128 3238 accusare,
2157 3194 2229 3219 non
2251 3185 2357 3217 etiam

1277 3239 1308 3275 si
1331 3237 1453 3273 heredi
1477 3237 1582 3272 heres
1606 3235 1790 3271 exstiterit.
1842 3234 1934 3268 idem
1958 3232 2086 3266 dicitur
2109 3240 2146 3264 in
2169 3237 2356 3273 operarum

1277 3283 1473 3326 exactione,
1496 3285 1539 3317 ut
1560 3280 1654 3316 filius
1678 3280 1782 3316 heres
1805 3275 2088 3328 exigere-possit,
2114 3284 2185 3309 non
2208 3283 2252 3307 ex
2275 3282 2355 3307 suc-

1278 3328 1438 3364 cessione
1469 3326 1628 3362 effectus.
1675 3325 1783 3360 verba
1812 3324 1900 3358 haec
1939 3325 1979 3356 ‘is
2017 3319 2062 3355 ad
2096 3328 2198 3363 quem
2229 3326 2271 3351 ea
2299 3326 2355 3350 res

1278 3372 1454 3418 ‘pertinet’
1487 3371 1539 3407 sic
1567 3370 1837 3415 intelleguntur,
1862 3370 1903 3402 ut
1926 3366 1984 3411 qui
2008 3366 2044 3399 in
2069 3363 2267 3398 universum
2292 3360 2354 3411 do-

1276 3418 1420 3452 minium
1457 3416 1512 3452 vel
1547 3416 1623 3451 iure
1656 3414 1747 3450 civili
1778 3413 1831 3448 vel
1862 3412 1939 3446 iure
1969 3407 2149 3455 praetorio
2183 3405 2353 3446 succedit,

1278 3463 1513 3499 contineatur.

130 3524 2350 3546 M

123 3579 164 3619 (1)
189 3578 376 3611 exciderunt
393 3578 495 3611 talia.-
518 3576 664 3610 civiliter
683 3576 770 3609 bona
789 3578 902 3609 nostra
914 3579 993 3610 sunt
1004 3588 1043 3611 ea
1054 3587 1139 3620 quae
1150 3578 1209 3609 ha-

124 3622 237 3655 bemus
326 3623 372 3664 (2)
397 3621 566 3655 interdum
584 3621 693 3655 soluta
709 3632 772 3665 pro
789 3622 959 3665 separatis]
977 3622 1089 3656 soluta
1104 3623 1208 3655 inter-

123 3667 202 3700 dum
212 3677 275 3710 pro
287 3667 485 3710 coniunctis,
501 3667 670 3700 interdum
686 3676 748 3710 pro
760 3667 919 3710 separatis
930 3680 993 3702 scr.
1086 3669 1129 3709 (3)
1155 3668 1209 3699 de-

125 3714 193 3746 buit
213 3725 280 3746 esee
295 3722 395 3755 super
413 3712 555 3756 pecunia
573 3711 719 3745 tutelave
737 3721 816 3746 suae
834 3712 885 3745 rei

128 3755 277 3801 Krueyei·
341 3758 385 3800 (5)
409 3757 574 3791 sententia
585 3757 662 3792 dett.
725 3757 771 3800 (6)
795 3758 829 3791 et
841 3758 902 3793 ins.
915 3756 970 3791 F2
1032 3760 1076 3799 (7)
1101 3758 1134 3790 et
1147 3756 1207 3791 ins.

1279 3579 1324 3618 (8)
1350 3586 1388 3608 ex
1401 3574 1509 3607 virilis
1520 3572 1738 3607 sexuslibcris
1752 3572 1809 3603 ius.
1888 3571 1932 3608 (9)
1957 3566 2077 3608 quibus
2090 3566 2161 3598 edd.
2235 3564 2296 3605 (10)
2321 3563 2358 3595 id

1279 3628 1343 3654 est.-
1367 3619 1502 3653 abusive
1567 3620 1621 3658 ¹⁴1¹)
1647 3618 1833 3648 nostrorum
1846 3614 1904 3646 ins.
1922 3610 1972 3645 F²
2038 3611 2096 3650 (12)
2122 3608 2209 3641 unde
2225 3609 2357 3641 Cramer

1279 3667 1337 3707 (13)
1363 3665 1451 3698 enim
1472 3665 1546 3697 edd.
1653 3663 1711 3701 (14)
1737 3658 1912 3692 definietur
1928 3657 1962 3690 F
2065 3656 2124 3697 (15)
2148 3653 2280 3695 quodan
2302 3651 2351 3685 F²

975 3714 1020 3756 (4)
1044 3710 1210 3754 quidquid
1279 3711 1340 3753 (16)
1364 3709 1633 3743 substitutionem
1652 3704 1703 3739 F²

2000 3798 2086 3835 108⁸
