2528 3918
0 1251 30 1375 umam.
8 1182 24 1198 η
10 1154 15 1164 ,.
12 1115 35 1132 Ἴ,κ
20 1039 28 1047 .

499 813 649 850 LIBER
673 813 866 850 PRIMUS.

261 884 279 917 1
314 884 364 917 ΒΘ
388 883 524 917 iustitia
547 885 582 916 et
604 884 688 917 iure.

243 930 279 962 II
313 930 363 963 De
387 929 461 962 iure
484 928 632 962 naturali
656 931 689 963 et
710 930 864 974 gentium
887 933 921 964 et
944 930 1049 964 civili.

226 975 279 1007 111
313 975 364 1008 De
389 975 462 1008 iure
486 985 714 1018 personarum.

207 1018 279 1052 1111
314 1021 364 1053 De
389 1020 557 1063 ingenuis.

250 1065 278 1098 V
314 1066 364 1099 De
387 1066 568 1099 libertinis.

231 1111 280 1143 VI
315 1110 383 1147 Qui
403 1119 442 1142 ex
467 1111 589 1152 quibus
612 1111 723 1144 causis
743 1111 980 1144 manumittere
995 1123 1061 1144 non
1075 1114 1228 1154 possunt.

211 1156 278 1188 VII
314 1156 364 1189 De
387 1157 462 1199 lege
484 1157 580 1189 Fufia
607 1156 750 1190 Ganinia
775 1157 917 1189 sublata.

193 1202 278 1234 VIII
313 1201 364 1235 De
386 1202 441 1235 his
466 1201 526 1244 qui
549 1203 603 1234 sui
627 1202 680 1234 vel
704 1202 809 1235 alieni
833 1202 918 1234 iuris
943 1204 1032 1234 sunt.

177 1247 278 1280 VIIII
313 1247 362 1280 De
386 1248 498 1290 patria
521 1250 697 1290 potestate.

245 1291 278 1325 X
314 1293 363 1326 ΒΘ
387 1293 530 1336 nuptiis.

226 1337 278 1370 Xl
312 1338 362 1371 De
386 1337 636 1381 adoptionibus.

209 1383 277 1416 XII
312 1383 443 1420 Quibus
466 1383 574 1416 modis
599 1384 652 1416 ius
676 1383 855 1426 potestatis
880 1383 1031 1416 solvit-ur.

184 1428 276 1462 XIII
312 1429 362 1462 De
387 1429 514 1462 tutelis.

169 1473 276 1507 XIIII
312 1473 378 1511 Qui
405 1475 478 1507 dari
503 1476 631 1507 tutores
656 1476 856 1507 testamento
881 1476 1031 1516 possunt.

210 1519 275 1552 XV
310 1520 361 1553 ΒΘ
384 1520 538 1562 legitima
561 1520 785 1562 adgnatorum
809 1519 926 1552 tutela.

192 1564 275 1598 XVI
313 1566 362 1598 De
387 1565 511 1608 capitis
535 1565 734 1599 minutione.

177 1610 277 1643 XVII
312 1611 362 1644 De
385 1611 540 1654 legitima
564 1614 784 1653 patronorum
806 1610 922 1643 tutela.

159 1655 277 1688 XVIII
312 1657 362 1689 De
386 1656 542 1699 legitima
566 1656 758 1699 parentium
783 1655 901 1691 tutela.

142 1701 276 1734 XVIIII
311 1702 361 1735 De
384 1702 560 1735 fiduciaria
584 1703 702 1736 tutela.

209 1746 275 1780 XX
310 1748 360 1780 ΒΘ
385 1747 537 1780 Atiliano
562 1750 673 1780 tutore
697 1747 751 1779 vel
774 1758 813 1780 eo
837 1747 896 1790 qui
921 1758 961 1780 ex
986 1747 1059 1790 lege
1083 1747 1173 1780 Iulia
1198 1750 1231 1780 et

352 1793 445 1826 Titia
469 1791 623 1827 dabatur.

194 1837 278 1870 XXI
314 1839 364 1871 De
388 1838 590 1871 auctoritate
615 1840 773 1871 tutorum.

177 1882 280 1916 XXII
315 1883 446 1920 Quibus
471 1884 581 1916 modis
606 1883 712 1916 tutela
738 1883 864 1916 finitur.

159 1928 280 1961 XXIII
315 1929 365 1962 ΒΘ
390 1928 612 1963 curatoribus.

137 1973 280 2005 XXIIII
315 1975 365 2007 De
389 1974 612 2008 satisdatione
637 1977 788 2007 tutorum
809 1976 842 2007 et
867 1978 1072 2010 curatorum.

183 2018 280 2052 XXV
314 2019 364 2052 De
388 2020 672 2054 excusationibus.

162 2063 278 2097 XXVI
313 2065 363 2098 De
388 2066 556 2108 suspectis
581 2064 750 2098 tutoribus
775 2067 809 2098 et
834 2065 1058 2099 curatoribus.

463 2165 613 2200 LIBER
638 2165 900 2202 SECUNDUS.

260 2234 278 2266 Ι
313 2234 363 2267 ΒΘ
386 2245 499 2267 rerum
524 2234 704 2268 divisione.

241 2280 276 2312 11
312 2280 363 2313 ΒΘ
386 2280 487 2313 rebus
511 2280 793 2323 incorporalibus.

222 2325 277 2357 111
313 2326 362 2358 De
386 2324 617 2358 servitutibus.

206 2370 276 2402 1111
311 2371 362 2403 ΒΘ
385 2382 450 2404 usu
473 2370 596 2404 fructu.

246 2415 276 2448 V
312 2416 363 2449 ΒΘ
386 2427 450 2449 usu
475 2419 509 2449 et
531 2416 753 2449 habitatione.

229 2460 278 2494 VI
313 2462 363 2494 ΒΘ
386 2461 656 2505 usucapionibus
681 2465 714 2495 et
737 2462 832 2505 longi
859 2462 1020 2505 temporis
1044 2464 1227 2506 possessio-

358 2507 470 2541 nibus.

209 2551 275 2584 VII
311 2553 361 2585 De
386 2552 638 2586 donationibus.

191 2597 277 2630 VIII
313 2597 444 2634 Quibus
468 2598 617 2630 alienare
641 2598 723 2631 licet
746 2598 798 2631 vel
822 2609 901 2632 non.

116 2681 118 2683 ,
173 2643 277 2675 VIIII
313 2644 376 2676 Per
400 2654 484 2686 quas
507 2654 670 2686 personas
694 2643 792 2676 nobis
818 2644 1021 2686 adquiritur.

244 2687 278 2720 X
312 2689 362 2721 De
387 2689 598 2721 testamentis
622 2688 830 2721 ordinandis.

230 2733 276 2766 XI
312 2734 362 2767 ΒΘ
385 2734 529 2767 militari
553 2736 764 2767 testamento.

207 2778 278 2811 XII
313 2779 444 2816 Quibus
468 2778 537 2812 non
561 2782 612 2812 est
635 2779 835 2822 permissum
860 2780 1062 2813 testamenta
1085 2781 1203 2815 facere.

183 2823 272 2857 XIII
308 2825 358 2858 De
381 2825 639 2858 exheredatione
662 2824 856 2858 liberorum.

170 2868 274 2903 XIIII
308 2870 359 2903 ΒΘ
383 2870 562 2903 heredibus
586 2869 817 2903 instituendis.

210 2914 274 2948 XV
310 2916 361 2949 ΒΘ
384 2915 516 2958 vulgari
541 2914 794 2949 substitutione.

194 2959 278 2993 XVI
311 2961 361 2994 De
385 2960 550 3004 pupillari
573 2959 825 2994 substitutione.

176 3005 278 3039 XVII
314 3005 446 3042 Quibus
470 3006 578 3039 modis
602 3009 803 3039 testamenta
826 3005 1051 3040 infirmantur.

159 3051 280 3084 XVIII
314 3052 364 3084 De
388 3051 578 3085 inofficioso
601 3054 811 3086 testamento.

141 3096 280 3130 XVIIII
316 3097 366 3129 ΒΘ
389 3096 550 3130 heredum
573 3097 737 3140 qualitate
761 3100 796 3130 et
820 3097 1020 3131 differentia.

210 3140 277 3174 XX
312 3142 362 3175 ΒΘ
385 3142 518 3185 legatis.

194 3186 279 3219 XXI
314 3187 364 3221 ΒΘ
388 3187 602 3231 ademptione
624 3187 824 3230 legatorum.

179 3231 282 3265 XXII
315 3233 365 3266 ΒΘ
388 3231 462 3275 lege
484 3232 648 3266 Falcidia.

160 3277 281 3310 XXIII
315 3278 366 3311 De
389 3278 707 3311 fideicommissariis
730 3278 986 3312 hereditatibus.

142 3322 281 3356 XXIIII
315 3323 366 3356 ΒΘ
389 3323 535 3366 singulis
558 3322 658 3357 rebus
682 3334 743 3366 per
765 3323 1058 3358 fideicommissum
1089 3322 1227 3357 relictis.

182 3367 280 3402 XXV
315 3368 365 3402 ΒΘ
389 3368 567 3402 codicillis.

1649 812 1800 847 LIBER
1825 789 2047 848 risimus.

1455 883 1471 915 1
1507 882 1558 915 De
1574 881 1820 915 hereditatibus
1839 892 1923 924 quae
1940 882 1981 914 ab
1998 882 2162 915 intestato
2181 883 2390 918 deseruntur.

1436 929 1473 960 II
1509 928 1558 960 De
1583 927 1737 970 legitima
1761 927 1983 969 adgnatorum
2007 929 2228 962 successione.

1420 974 1474 1005 III
1510 974 1559 1006 De
1585 975 1720 1006 senatus
1745 973 1899 1005 consulto
1925 973 2135 1006 Tertulliano

1402 1020 1475 1051 IIII
1511 1019 1561 1051 De
1587 1021 1725 1051 senatus
1750 1018 1904 1051 consulto
1930 1018 2092 1050 Orfitiano

1444 1065 1474 1096 V
1512 1065 1562 1097 De
1588 1064 1799 1097 successione
1824 1067 2056 1106 cognatorum.

1429 1110 1477 1142 VI
1513 1110 1563 1143 De
1587 1110 1750 1153 gradibus
1776 1110 1999 1151 cognationis.

1409 1156 1476 1188 VII
1513 1156 1562 1188 De
1587 1154 1796 1188 successione
1820 1155 2032 1189 libertorum.

1392 1202 1476 1233 VIII
1512 1202 1562 1234 De
1587 1201 1824 1243 adsignatione
1848 1200 2056 1233 libertorum.

1374 1247 1477 1280 VIIII
1514 1247 1562 1279 De
1585 1246 1751 1279 bonorum
1776 1246 2056 1288 possessionibus.

1445 1292 1479 1324 X
1513 1293 1562 1325 De
1586 1291 1814 1334 adquisitione
1840 1303 1900 1334 per
1923 1292 2188 1335 adrogationem.

1427 1337 1478 1370 XI
1513 1338 1563 1370 ΒΘ
1588 1348 1626 1370 eo
1651 1338 1707 1369 cui
1731 1336 1902 1370 libertatis
1927 1348 2029 1370 causa
2060 1338 2149 1371 bona
2174 1338 2389 1374 addicuntur.

1409 1383 1478 1416 XII
1514 1383 1564 1416 De
1588 1383 1858 1415 successionibus
1883 1382 2037 1424 sublatis,
2064 1394 2148 1426 quae
2174 1384 2300 1417 fiebant
2333 1395 2390 1427 per

1556 1429 1721 1461 bonorum
1738 1428 1968 1461 venditionem
1982 1432 2014 1462 et
2032 1440 2070 1462 ex
2090 1432 2226 1462 senatus
2236 1430 2390 1463 consulto

1560 1473 1757 1506 Claudiano.

1391 1519 1480 1551 XIII
1519 1521 1568 1552 De
1592 1519 1871 1561 obligationibus.

1376 1564 1483 1597 XIIII
1520 1565 1652 1602 Quibus
1676 1564 1786 1597 modis
1809 1576 1845 1597 re
1871 1566 2084 1598 contrahitur
2108 1567 2284 1610 obligatio.

1421 1610 1484 1643 XV
1521 1612 1570 1644 De
1594 1610 1771 1643 verborum
1796 1609 2016 1652 obligatione.

1403 1656 1485 1688 XVI
1521 1657 1570 1689 De
1594 1656 1725 1689 duobus
1749 1656 1816 1688 reis
1841 1656 2031 1699 stipulandi
2056 1660 2090 1690 et
2114 1658 2333 1700 promittendi

1384 1702 1485 1733 XVII
1521 1703 1570 1734 De
1596 1701 1820 1744 stipulatione
1845 1712 2025 1735 servorum.

1364 1746 1483 1779 XVIII
1520 1748 1570 1780 ΒΘ
1595 1747 1763 1779 divisione
1787 1747 2057 1789 stipulationum.

1341 1793 1478 1825 XVIIII
1514 1794 1564 1825 De
1588 1792 1771 1825 inutilibus
1796 1793 2078 1835 stipulationibus

1412 1837 1478 1870 XX
1513 1839 1563 1871 De
1587 1838 1853 1871 fideiussoribus.

1392 1884 1477 1917 XXI
1513 1884 1562 1916 De
1586 1883 1777 1916 litterarum
1802 1883 2023 1926 obligatione.

1374 1929 1477 1962 XXII
1513 1930 1562 1962 De
1587 1939 1752 1962 consensu
1776 1928 1995 1971 obligatione.

1356 1975 1477 2007 XXIII
1514 1975 1564 2007 De
1589 1975 1761 2017 emptione
1786 1977 1820 2007 et
1843 1975 2049 2008 venditione.

1336 2020 1477 2053 XXIIII
1513 2021 1562 2053 De
1586 2019 1754 2052 locatione
1780 2022 1814 2053 et
1838 2021 2072 2054 conductione.

1378 2066 1476 2098 XXV
1512 2066 1563 2099 De
1588 2066 1756 2099 societate.

1360 2111 1473 2144 XXVI
1511 2112 1560 2144 De
1584 2112 1751 2143 mandato.

1338 2156 1473 2189 XXVII
1511 2157 1560 2189 De
1586 2155 1854 2199 obligationibus
1879 2157 1978 2198 quasi
2002 2167 2042 2190 ex
2067 2160 2254 2192 contractu.

1318 2202 1472 2235 XXVIII
1507 2204 1573 2235 Per
1597 2212 1679 2244 quas
1704 2212 1865 2245 personas
1886 2202 1984 2235 nobis
2003 2202 2169 2245 obligatio
2189 2204 2387 2247 adquiritur.

1299 2247 1469 2281 XXVIIII
1507 2246 1639 2284 Quibus
1664 2247 1772 2280 modis
1797 2246 1963 2290 obligatio
1988 2248 2131 2281 tollitur.

1636 2347 1788 2383 LIBER
1812 2347 2047 2397 QUARTUs.

1453 2418 1470 2449 I
1507 2417 1555 2449 De
1580 2417 1850 2459 obligationibus
1875 2427 1960 2459 quae
1986 2429 2025 2450 ex
2050 2418 2175 2452 delicto
2193 2421 2391 2453 nascuntur.

1436 2463 1471 2494 II
1508 2462 1551 2495 Vi
1575 2463 1741 2495 bonorum
1766 2465 1951 2505 raptorum.

1418 2509 1472 2540 III
1508 2509 1558 2540 De
1582 2508 1656 2550 lege
1682 2508 1834 2550 Aquilia.

1400 2554 1473 2586 IIII
1510 2554 1560 2586 De
1585 2553 1736 2586 iniuriis.

1445 2599 1474 2631 V
1511 2599 1560 2631 De
1584 2597 1853 2640 obligationibus
1879 2609 1963 2640 quae
1988 2599 2084 2641 quasi
2110 2610 2150 2632 ex
2171 2599 2294 2633 delicto
2313 2611 2389 2634 nas-

1558 2646 1690 2676 cuntur.

1434 2689 1480 2722 VI
1514 2689 1564 2722 De
1590 2688 1795 2722 actionibus.

1414 2735 1482 2768 VII
1518 2734 1616 2771 Quod
1641 2745 1715 2767 cum
1741 2744 1799 2775 e0,
1832 2734 1893 2776 qui
1924 2734 1960 2766 in
1993 2734 2105 2767 aliena
2136 2737 2303 2778 potestate
2328 2740 2389 2779 est,

1557 2780 1730 2822 negotium
1754 2781 1886 2821 gestum
1910 2789 1981 2812 esse
2005 2780 2143 2814 dicitur.

1390 2826 1477 2859 VIII
1514 2825 1564 2858 De
1588 2824 1767 2857 noxalibus
1791 2825 1994 2858 actionibus.

1378 2872 1478 2905 VIIII
1514 2870 1552 2903 Si
1576 2870 1766 2913 quadrupes
1790 2870 1988 2913 pauperiem
2012 2870 2132 2905 fecisse
2157 2872 2295 2906 dieitur.

1442 2915 1476 2948 X
1511 2915 1561 2948 De
1584 2915 1638 2948 his
1663 2926 1723 2958 per
1746 2925 1830 2958 quos
1854 2926 1953 2958 agere
1977 2927 2164 2959 possumus.

1423 2961 1474 2993 XI
1510 2961 1561 2993 De
1584 2960 1875 2994 satisdationibu-s.

1403 3006 1475 3039 XII
1509 3006 1559 3038 De
1576 3006 1749 3049 perpetuis
1759 3009 1792 3039 et
1808 3007 2051 3049 temporalibus
2060 3007 2252 3042 actionibus
2261 3010 2295 3042 et
2304 3019 2387 3052 quae

1557 3051 1599 3084 ad
1622 3052 1761 3085 heredes
1785 3051 1837 3084 vel
1861 3052 1898 3084 in
1923 3053 2061 3087 heredes
2086 3056 2272 3089 transeunt.

1388 3096 1478 3129 XIII
1514 3097 1564 3130 De
1588 3096 1855 3140 exceptionibus.

1373 3141 1480 3183 XIIII
1518 3142 1568 3175 De
1592 3142 1885 3185 replicationibus.

1418 3186 1482 3220 XV
1517 3187 1567 3220 De
1590 3187 1792 3232 interdictis.

1399 3232 1482 3265 XVI
1516 3233 1567 3266 De
1590 3243 1701 3276 poena
1725 3236 1850 3267 temere
1873 3233 2097 3277 litigantium.

1381 3277 1482 3311 XVII
1515 3278 1566 3311 ΒΘ
1591 3279 1702 3312 officio
1726 3278 1863 3312 iudicis.

1362 3323 1481 3358 XVIII
1516 3323 1565 3357 De
1589 3323 1735 3367 publicis
1760 3324 1909 3358 iudiciis.
