2528 3918
132 152 192 183 DE
222 151 312 182 nm.
342 151 399 182 ET
426 151 558 182 FAOTI
585 150 679 183 IGN-

183 260 231 298 13
262 260 503 295 Pamrfflws
531 259 622 295 libro
648 259 772 306 primo
796 259 841 293 de
863 259 1052 295 adulteriis
1097 258 1214 304 Quae-

133 305 237 341 situm
263 304 348 347 scio,
373 314 420 338 an
442 304 480 339 in
503 304 654 349 publicis
676 303 814 338 iudiciis
839 303 1036 339 calumniae
1057 304 1216 340 damnati

132 349 372 385 testimonium
395 348 524 384 iudicio
548 349 691 394 publico
723 347 907 393 perhibere
936 354 1088 393 possunt
1106 351 1126 384 ¹.
1152 348 1215 385 sed

133 404 248 439 neque
271 394 347 439 lege
364 393 525 428 Remmia
547 393 780 438 prohibentur
803 395 839 427 et
862 392 954 427 Iulia
976 394 1033 428 lex
1057 393 1101 428 de
1123 393 1158 429 vi
1181 397 1216 429 et

133 438 407 483 repetendarum
433 442 468 473 et
490 438 676 483 peculatus
708 448 769 472 eos
792 437 951 472 homines
975 438 1215 474 testimonium

132 483 252 521 dicere
273 494 344 518 non
363 486 561 518 vetuerunt.
586 486 827 518 verumtamen
847 481 942 526 quod
961 481 1096 526 legibus
1109 483 1214 518 omis-

133 539 212 564 sum
247 531 322 570 est,
357 538 429 563 non
472 527 654 563 omittetur
694 527 862 571 religione
902 526 1134 562 iudicantium
1169 527 1216 563 ad

133 583 287 618 quorum
298 572 456 608 officium
475 572 629 618 pertinet
648 571 722 607 eius
736 581 877 623 quoque
895 572 1087 607 testimonii
1098 572 1215 615 fidem,

133 617 229 663 quod
252 618 408 662 integrae
430 617 558 652 frontis
581 617 686 652 homo
711 616 848 658 dixerit,
873 616 1101 661 perpendere.

182 661 232 699 14
256 662 365 697 IDEM
382 662 472 698 libro
492 662 674 708 sinqulari
691 661 735 697 de
755 661 943 696 adulteriis
973 660 1054 696 Scio
1076 661 1216 706 quidem

133 710 326 742 tractatum
349 717 438 749 esse,
463 717 509 741 an
533 706 579 742 ad
602 709 853 741 testamentum
882 705 1085 741 faciendum
1116 706 1216 741 adhi-

133 752 209 788 beri
239 752 354 797 possit
383 751 546 787 adulterii
578 751 784 786 damnatus:
818 755 853 786 et
883 761 970 786 sane
1000 750 1094 786 iuste
1116 750 1215 786 testi-

133 796 241 832 monii
279 796 397 832 officio
436 797 468 832 ei
512 796 751 831 interdicetur.
788 795 949 831 existimo
985 805 1067 841 ergo
1103 805 1218 841 neque

132 842 210 877 iure
241 841 332 877 civili
364 844 615 876 testamentum
646 841 775 882 valere,
807 840 855 875 ad
890 840 985 886 quod
1015 840 1218 876 huiusmodi

132 886 234 921 testis
258 887 442 931 processit,
467 896 581 931 neque
604 886 682 921 iure
705 885 894 938 praetorio,
919 885 1015 931 quod
1038 885 1094 921 ius
1118 885 1218 921 civile

132 931 372 975 subsequitur,
396 935 437 966 ut
455 941 570 976 neque
592 930 771 966 hereditas
793 930 883 965 adiri
906 940 1021 976 neque
1044 931 1218 966 bonorum

133 976 311 1021 possessio
337 976 414 1011 dari
435 976 560 1021 possit.

182 1019 232 1057 15
257 1019 417 1056 PAULUs
453 1021 544 1057 libro
584 1020 689 1056 tertio
719 1020 974 1055 sententiarum
1033 1020 1216 1065 Repetun-

133 1065 259 1100 darum
284 1065 474 1101 damnatus
505 1075 571 1101 nec
603 1065 649 1100 ad
671 1068 922 1100 testamentum
957 1075 1023 1100 nec
1047 1065 1094 1100 ad
1116 1064 1216 1100 testi-

136 1113 150 1145 1
200 1110 358 1145 monium
382 1110 543 1146 adhiberi
572 1113 700 1155 potest.
756 1109 1076 1154 Hermaphroditus
1100 1120 1148 1145 an
1171 1108 1218 1145 ad

131 1158 382 1191 testamentum
412 1155 570 1191 adhiberi
600 1155 730 1201 possit,
755 1155 906 1200 qualitas
938 1164 1043 1190 sexus
1065 1155 1217 1191 incales-

133 1200 246 1236 centis
271 1199 435 1236 ostendit.

182 1242 233 1282 16
259 1244 366 1280 Imm
385 1245 476 1280 libro
525 1245 625 1280 uinta
647 1245 904 1280 sententiarum
940 1244 1031 1289 Qui²
1050 1244 1142 1280 falso
1162 1244 1217 1279 vel

132 1289 228 1325 varie
252 1290 455 1325 testimonia
512 1290 654 1325 ixerunt
684 1290 739 1325 vel
768 1289 911 1335 utrique
934 1289 1029 1334 parti
1051 1289 1216 1335 prodide-

132 1338 225 1376 runt,
250 1344 273 1369 a
294 1334 470 1370 iudicibus
490 1338 733 1380 competenter
751 1334 948 1380 puniuntur
957 1335 981 1369 ³.

182 1377 231 1416 17
264 1378 459 1415 ULPJANUS
486 1379 576 1415 libro
607 1379 790 1426 sinqulari
817 1379 1053 1426 reqularum⁴
1109 1378 1218 1414 Pater

131 1428 170 1460 et
192 1424 311 1460 filius⁵
334 1424 394 1469 qui
424 1424 461 1459 in
483 1427 661 1470 potestate
685 1424 759 1460 eius
783 1428 854 1467 est,
878 1425 962 1460 item
993 1423 1063 1459 duo
1088 1423 1217 1459 fratres

130 1469 193 1515 qui
215 1469 252 1504 in
283 1469 439 1505 eiusdem
469 1469 581 1514 patris
612 1473 789 1549 potestate
812 1473 897 1505 sunt
919 1473 1029 1504 testes
1051 1469 1217 1514 utrique⁶

131 1515 168 1549 in
192 1514 314 1549 eodem
337 1517 549 1550 testamento
573 1524 614 1550 ve
640 1514 763 1549 eodem
781 1514 920 1559 negotio
940 1513 1018 1549 fieri
1029 1518 1181 1559 possunt
1191 1515 1216 1557 ⁷,

131 1559 317 1604 quoniam⁸
337 1559 424 1594 nihil
443 1563 548 1594 nocet
568 1569 611 1594 ex
630 1570 703 1594 una
716 1559 818 1595 domo
831 1559 952 1604 plures
972 1563 1082 1594 testes
1101 1559 1215 1595 alieno

132 1615 157 1639 n
201 1604 273 1639 otio
298 1603 468 1639 adhiberi.

209 1645 233 1686 8
258 1648 315 1684 PA
323 1658 417 1684 ULUS
444 1649 535 1685 libro
566 1649 722 1684 secundo
754 1649 798 1684 de
829 1648 1018 1684 adulteriis
1069 1649 1130 1684 Ex
1161 1659 1215 1692 eo,

130 1693 228 1774 guod
261 1694 425 1739 prohibet
458 1694 516 1729 lex
549 1694 640 1729 Iulia
674 1694 718 1730 de
752 1694 933 1729 adulteriis
975 1694 1217 1730 testimonium

155 1739 257 1774 icere
279 1738 548 1774 condemnatam
579 1739 777 1782 mulierem,
810 1739 986 1784 colligitur
1009 1739 1116 1774 etiam
1139 1750 1216 1774 mu-

131 1783 234 1819 lieres
258 1784 448 1820 testimonii
471 1784 508 1819 in
531 1784 662 1820 iudicio
687 1784 827 1820 dicendi
850 1784 906 1819 ius
929 1784 1072 1819 habere.

181 1826 232 1866 19
262 1828 457 1865 vamum
484 1830 574 1865 libro
605 1832 730 1865 octavo
761 1829 806 1864 de
836 1840 858 1864 o
877 1829 963 1874 ficio
981 1828 1217 1875 proconsulis

137 1874 238 1909 inviti
260 1874 500 1909 testimonium
529 1885 603 1909 non
633 1873 756 1909 dicunt
778 1874 851 1919 pub
868 1874 970 1916 ’cani,
995 1875 1079 1909 item
1101 1874 1133 1909 is
1157 1874 1218 1919 qui

132 1929 204 1954 non
228 1918 451 1954 detractandi
474 1919 665 1954 testimonii
689 1919 823 1955 causa⁹
846 1919 971 1961 aberit,
994 1919 1078 1955 item
1101 1919 1132 1954 is
1156 1919 1217 1965 qui

135 1967 149 1998 1
200 1963 285 2016 quid
308 1964 479 2016 exercitui
512 1963 758 2017 praebendum
787 1964 1007 1999 conduxerit.
1056 1963 1126 1999 Sed
1149 1974 1217 2000 nec

131 2008 1034 2106 pussgl''isfvessffl'ssffltbffznffiaeffdg⁰32⁸}'udiais
1056 2054 1218 2106 publicis

131 2098 173 2133 In
196 2102 436 2134 testlmomum
460 2102 650 2134 accusator
673 2102 783 2134 citare
806 2109 878 2134 non
903 2098 1010 2134 debet
1033 2109 1131 2141 eum,
1157 2110 1217 2144 qu1

131 2143 261 2179 iudicio
274 2143 417 2189 publico
430 2154 511 2179 reus
525 2143 592 2179 erit
603 2147 667 2179 aut
678 2144 738 2189 qui
750 2144 864 2179 minor
882 2144 1003 2189 viginti
1022 2144 1124 2179 annis
1137 2144 1214 2179 erit.

178 2186 227 2226 21
256 2190 457 2224 ARcADva
477 2189 542 2234 qui
563 2194 598 2223 et
624 2188 835 2224 szmszvs
855 2189 946 2225 libro
969 2189 1153 2235 sinqulari
1173 2189 1217 2224 de

133 2234 282 2269 testibus
327 2233 381 2269 Ob
407 2244 549 2269 carmen
579 2233 755 2269 famosum
786 2233 974 2269 damnatus
1004 2233 1216 2269 intestabilis

136 2282 149 2313 1
201 2278 252 2313 fit.
289 2278 381 2313 Illud
405 2289 545 2324 quoque
563 2278 803 2314 incunctabile
816 2280 844 2300 ¹⁰
861 2283 925 2321 est,
944 2282 995 2321 ut,
1016 2278 1047 2314 si
1065 2288 1123 2314 res
1142 2278 1215 2314 exi-

131 2327 203 2368 gat,
228 2333 300 2358 non
323 2327 462 2358 tantum
485 2323 624 2368 privati,
649 2323 712 2359 sed
737 2323 842 2359 etiam
865 2323 1102 2369 magistratus,
1127 2324 1158 2359 si
1180 2324 1216 2358 in

131 2368 310 2413 praesenti
332 2368 414 2411 sint,
438 2368 676 2404 testimonium
701 2368 831 2404 dicant.
856 2369 940 2404 item
964 2372 1109 2404 senatus
1133 2378 1215 2403 cen-

131 2413 204 2448 suit
259 2416 432 2448 raetorem
463 2413 703 2449 testimonium
743 2413 828 2449 dare
859 2413 988 2449 debere
1018 2413 1055 2448 in
1085 2413 1215 2448 iudicio

132 2460 152 2492 2
200 2468 222 2492 a
247 2458 363 2493 ulterii
387 2468 508 2494 causa.
554 2458 592 2493 Si
616 2468 658 2493 ea
681 2458 734 2494 rei
757 2458 918 2494 condicio
943 2459 1000 2501 sit,
1025 2458 1087 2493 ubi
1111 2459 1215 2493 hare-

132 2503 270 2537 narium
293 2506 420 2538 testem
442 2502 497 2538 vel
521 2503 667 2538 similem
698 2513 888 2548 personam
911 2503 1098 2539 admittere
1122 2503 1215 2548 cogi-

132 2558 222 2590 mur,
256 2547 332 2583 sine
355 2548 540 2583 tormentis
571 2548 772 2584 testimonio
806 2549 880 2583 eius
905 2548 1120 2584 credendum
1144 2558 1216 2583 non

133 2595 152 2627 3
200 2595 265 2628 est.
313 2592 351 2628 Si
373 2596 482 2628 testes
504 2603 624 2628 omnes
645 2593 800 2628 eiusdem
819 2594 1016 2629 honestatis
1041 2597 1076 2628 et
1095 2592 1215 2628 existi-

132 2637 298 2673 mationis
333 2638 404 2672 sint
436 2642 471 2673 et
500 2638 631 2683 negotii
694 2638 821 2674 ualitas
860 2649 903 2674 ac
940 2638 1067 2674 iudicis
1098 2641 1215 2673 motus

133 2693 214 2717 cum
238 2682 292 2718 his
318 2682 508 2725 concurrit,
532 2693 664 2728 sequen
690 2693 712 2718 a
735 2687 820 2718 sunt
853 2684 972 2719 omnia
994 2682 1214 2719 testimonia:

132 2727 163 2762 si
182 2738 265 2763 vero
287 2738 330 2762 ex
342 2728 396 2763 his
409 2728 588 2773 quidam¹¹
602 2738 723 2763 eorum
741 2727 838 2764 aliud
858 2728 1020 2771 dixerint,
1044 2728 1128 2763 licet
1149 2727 1214 2762 im-

131 2772 210 2816 pari
221 2782 379 2815 numero,
402 2772 614 2808 credendum
635 2776 689 2808 est
703 2772 740 2808 id
751 2773 780 2794 ¹2
799 2773 895 2819 quod
915 2777 1066 2808 naturae
1085 2772 1215 2824 negotii

134 2817 298 2852 convenit
329 2821 364 2852 et
396 2817 491 2863 quod
521 2817 725 2853 inimicitiae
755 2821 818 2853 aut
846 2818 983 2863 gratiae
1014 2818 1215 2862 suspicione

134 2865 244 2905 caret,
269 2862 561 2908 confirmabitque
583 2862 691 2897 iudex
713 2866 849 2898 motum
873 2863 980 2898 animi
1011 2863 1067 2898 sui
1090 2872 1134 2897 ex
1157 2871 1214 2896 ar-

131 2906 306 2950 gumentis
332 2910 368 2942 et
389 2907 598 2942 testimoniis
623 2912 660 2942 et
694 2918 786 2953 quae
816 2908 868 2943 rei
899 2908 1040 2953 aptiora
1073 2910 1108 2941 et
1131 2916 1213 2942 vero

132 2951 348 2996 proximiora
371 2962 449 2987 esse
473 2952 702 2997 compererit:
735 2963 808 2988 non
832 2953 925 2988 enim
949 2953 995 2988 ad
1018 2951 1214 2986 multitudi-

133 3006 213 3030 nem
235 2997 366 3042 respici
389 3000 540 3042 oportet,
572 2997 635 3032 sed
667 2996 714 3032 ad
737 2997 911 3034 sinceram
935 2997 1216 3033 testimoniorum

132 3040 239 3093 fidem
262 3045 298 3076 et
320 3042 567 3084 testimoniaffl,
592 3041 721 3087 quibus
743 3043 864 3088 potius
887 3043 949 3078 lux
971 3041 1129 3078 veritatis
1153 3041 1214 3076 ad-

134 3088 237 3183 ΒΙΒΞΞ
267 3130 504 3183 VENULEIUS·
513 3131 604 3167 libro
637 3131 794 3168 secundo
836 3131 880 3167 de
904 3131 1030 3177 officio
1056 3141 1215 3183 procon-

133 3175 224 3210 sulis
260 3175 393 3211 Curent
415 3179 641 3220 magistratus
662 3177 833 3221 cuiusque
855 3176 926 3212 Ioci
949 3179 1074 3211 testari
1096 3175 1215 3210 volen-

132 3220 228 3256 tibus
253 3223 289 3256 et
311 3230 350 3255 se
372 3220 469 3266 ipsos
502 3225 537 3256 et
561 3221 649 3256 alios
682 3225 790 3256 testes
813 3222 868 3256 vel
891 3222 1088 3265 signatores
1111 3229 1214 3264 prae-

1210 136 1295 186 293

2126 147 2364 189 XXII56

1283 260 1384 302 bere,
1421 272 1490 306 quo
1526 260 1666 312 facilius
1702 263 1842 307 negotia
1876 266 2097 310 explicentur
2130 271 2166 302 et
2199 268 2363 313 probatio

1283 315 1401 340 rerum
1424 306 1522 341 salva
1545 309 1602 342 sit.

1330 348 1381 402 233
1407 349 1512 403 JDEM
1528 350 1619 386 libro
1632 351 1812 403 primo-de
1831 353 1972 389 iudiciis
1988 355 2147 400 publicis
2174 357 2363 393 ¹⁴Produci

1283 398 1383 446 testis
1405 405 1439 474 {is
1460 405 1532 474 nen
1555 398 1685 440 potest,
1711 406 1771 440 qu1
1802 401 1884 432 ante
1914 398 1950 432 in
1974 409 2052 434 eum
2082 411 2181 436 reum
2204 403 2361 438 testimo-

1285 450 1384 521 mu2¹2
1407 450 1566 520 Pliny—svs
1581 484 1672 520 libro
1692 485 1816 530 quinto
1828 488 2079 522 sententiarum
2094 490 2120 511 ¹³
2155 490 2277 526 Testes
2291 501 2363 534 eos,

1285 532 1586 608 qffcsffiacgusator
1609 528 1654 564 de
1677 529 1780 564 domo
1804 530 2028 574 produxerit,
2060 534 2267 580 interrogari
2290 547 2362 572 non

1285 584 1308 618 p
1331 616 1384 655 25
1409 601 1610 654 AR'oADws
1630 619 1697 670 qui
1716 621 1752 653 et
1778 617 1987 655 CHARJSIUS
2007 621 2095 657 libro
2118 624 2298 670 sinqulari
2319 626 2363 661 de

1287 663 1433 699 testibus
1485 663 1666 715 Mandans
1698 667 1860 715 cavetur,
1892 668 1933 698 ut
1964 666 2142 709 praesides
2167 669 2362 712 attendant,

1286 718 1331 743 ne
1359 711 1504 759 patrom
1536 719 1581 760 in·
1608 717 1718 743 causa
1753 718 1810 743 cm
1845 710 2078 760 patrocinium
2112 714 2362 756 praestiterunt

1286 756 1524 788 test1mon1um
1548 753 1677 788 dicant.
1712 753 1808 797 quod
1839 757 1875 788 et
1904 764 1940 788 m
1971 757 2232 793 exsecutoribus
2256 768 2361 803 nego-

1286 797 1416 832 tiorum
1440 797 1697 832 observandum
1721 801 1784 832 est.

1762 980 1814 1017 VI
1827 978 1864 1018 ¹⁷.

1445 1044 1505 1076 DE
1532 1044 1652 1077 IURIS
1678 1044 1737 1076 ET
1760 1043 1892 1076 FACTI
1917 1045 2205 1079 IGNORANTIA.

1334 1109 1352 1146 1
1381 1109 1437 1144 ΡΑ
1445 1119 1540 1145 vsvs
1560 1110 1650 1145 libro
1700 1110 1952 1156 uadraqesimo
1976 1115 2105 1157 quarto
2136 1115 2185 1147 ad
2214 1114 2364 1150 edictum

1289 1158 1302 1189 1
1354 1155 1559 1206 Ignorantia
1589 1155 1643 1190 vel
1691 1155 1762 1190 acti
1792 1155 1846 1190 vel
1876 1155 1963 1190 iuris
1996 1161 2059 1192 est.
2118 1157 2210 1192 Nam
2234 1159 2265 1193 si
2288 1160 2364 1204 quis

1289 1204 1426 1235 nesciat
1449 1200 1643 1235 decessisse
1666 1210 1756 1242 eum,
1783 1200 1882 1235 cuius
1906 1201 2080 1236 bonorum
2103 1203 2280 1247 possessio
2307 1204 2364 1238 de-

1285 1244 1410 1286 fertur,
1434 1255 1507 1280 non
1531 1245 1624 1280 cedit
1648 1245 1680 1280 ei
1702 1248 1859 1290 tempus:
1886 1245 1949 1280 sed
1971 1246 2001 1281 si
2032 1247 2123 1282 sciat
2145 1247 2283 1292 quidem
2307 1248 2365 1283 de-

1286 1289 1450 1325 functum
1483 1300 1560 1325 esse
1592 1293 1799 1335 cognatum,
1833 1291 1968 1325 nesciat
1991 1295 2109 1326 autem
2132 1292 2366 1337 proximitatis

1286 1335 1427 1370 nomine
1458 1335 1631 1370 bonorum
1662 1335 1920 1380 possessionem
1953 1336 2020 1370 sibi
2050 1336 2196 1379 deferri,
2229 1341 2293 1372 aut
2327 1348 2366 1373 se

1286 1380 1378 1415 sciat
1402 1380 1572 1424 scriptum
1595 1379 1771 1422 heredem,
1796 1380 1932 1415 nesciat
1956 1385 2073 1416 autem
2106 1382 2201 1426 quod
2224 1382 2366 1427 scriptis

1284 1424 1473 1460 heredibus
1505 1425 1677 1460 bonorum
1708 1424 1977 1477 possessionem.
1998 1430 2143 1471 praetor
2181 1427 2365 1471 promittit,
2419 1435 2423 1438 ⁴

1286 1469 1380 1505 cedit
1404 1470 1436 1504 ei
1458 1473 1607 1514 tempus,
1633 1470 1715 1514 quia
1737 1480 1774 1504 1n
1797 1469 1873 1505 iure
1897 1474 2000 1505 errat.
2026 1471 2117 1506 idem
2142 1476 2206 1513 est,
2239 1472 2270 1507 si
2291 1471 2365 1506 fra·

1285 1518 1341 1550 ter
1365 1515 1647 1559 consanguineus
1682 1514 1839 1549 defuncti
1864 1515 1987 1549 credat
2017 1520 2163 1551 matrem
2193 1517 2366 1568 potiorem

1286 1563 1306 1595 2
1354 1570 1442 1595 esse.
1491 1559 1528 1594 Si
1551 1560 1630 1639 guis
1654 1559 1790 1594 nesciat
1814 1570 1852 1594 se
1873 1564 2060 1604 cognatum
2079 1571 2166 1603 esse,
2190 1561 2365 1596 interdum

1285 1605 1322 1640 in
1345 1604 1433 1646 iure,
1457 1604 1549 1639 inter
1576 1616 1633 1639 um
1656 1605 1693 1639 in
1723 1604 1820 1639 facto
1855 1609 1959 1639 errat.
1996 1616 2077 1640 nam
2107 1605 2136 1641 si
2160 1610 2195 1640 et
2217 1606 2365 1641 liberum

1286 1659 1324 1685 se
1348 1660 1426 1685 esse
1449 1653 1485 1684 et
1508 1660 1551 1684 ex
1574 1649 1702 1694 quibus
1722 1653 1826 1684 natus
1851 1649 1897 1684 sit
1920 1649 2019 1692 sciat,
2043 1650 2122 1685 iura
2141 1654 2259 1685 autem
2283 1661 2364 1695 cog-

1286 1695 1439 1730 nationis
1463 1695 1594 1730 habere
1617 1705 1656 1730 se
1679 1694 1824 1736 nesciat,
1848 1694 1886 1729 in
1909 1694 1986 1729 iure
2017 1699 2128 1729 errat:
2159 1699 2197 1730 at
2227 1696 2257 1730 si
2286 1696 2364 1740 quis

1287 1739 1391 1781 (forte
1433 1739 1626 1784 expositus)
1664 1749 1813 1784 quorum
1847 1740 2047 1783 parentium
2083 1744 2175 1775 esset
2215 1740 2362 1785 ignoret,

1284 1784 1438 1820 fortasse
1468 1788 1504 1819 et
1535 1784 1665 1820 serviat
1695 1784 1801 1819 alicui
1832 1788 1961 1828 putans
1992 1795 2031 1820 se
2055 1795 2191 1820 servum
2215 1795 2303 1827 esse,
2327 1785 2363 1819 in

1286 1833 1305 1865 3
1352 1829 1449 1864 facto
1473 1830 1583 1874 magis
1607 1839 1714 1874 quam
1736 1829 1773 1863 in
1803 1829 1879 1863 iure
1909 1833 2013 1863 errat.
2068 1830 2156 1865 Item
2187 1829 2217 1864 si
2246 1830 2324 1874 quis
2338 1830 2365 1850 ¹⁸

1286 1875 1378 1910 sciat
1395 1874 1535 1920 quidem
1555 1874 1614 1909 alii
1635 1874 1789 1909 delatam
1809 1884 1885 1909 esse
1904 1874 2077 1909 bonorum
2094 1874 2364 1919 possessionem,

1286 1919 1423 1955 nesciat
1445 1923 1564 1954 autem
1589 1919 1621 1954 ei
1643 1923 1780 1964 tempus
1804 1919 2014 1963 praeterisse
2038 1919 2211 1954 bonorum
2222 1929 2363 1963 posses-

1286 1965 1406 2007 sionis,
1430 1963 1467 1999 in
1490 1964 1587 1999 facto
1613 1967 1718 1999 errat.
1752 1963 1844 1998 idem
1877 1967 1948 2006 est,
1973 1964 2004 1999 si
2026 1967 2127 2008 putet
2150 1974 2229 1999 eum
2253 1964 2363 1999 bono-

1285 2020 1364 2044 rum
1396 2009 1657 2054 possessionem
1688 2008 1879 2053 accepisse.
1914 2008 1976 2043 sed
2007 2009 2038 2043 si
2069 2008 2159 2043 sciat
2179 2019 2269 2044 eum
2292 2019 2364 2043 non

1285 2055 1418 2100 petisse
1440 2058 1651 2099 tempusque
1675 2054 1707 2088 ei
1730 2053 1958 2099 praeterisse,
1991 2053 2128 2098 ignoret
2158 2057 2275 2088 autem
2299 2053 2365 2088 sibi

1286 2109 1329 2134 ex
1353 2099 1574 2134 successorio
1601 2099 1717 2143 capite
1740 2101 1940 2142 competere
1962 2098 2137 2133 bonorum
2167 2098 2363 2142 possessio-

1285 2147 1306 2179 4
1353 2154 1444 2186 nem,
1470 2143 1573 2179 cedet
1604 2144 1636 2178 ei
1666 2147 1817 2187 tempus,
1842 2143 1925 2187 quia
1956 2143 1993 2177 in
2016 2143 2092 2178 iure
2116 2147 2219 2177 errat.
2267 2142 2364 2177 Idem

1285 2189 1453 2231 dicemus,
1478 2189 1508 2224 si
1532 2199 1575 2224 ex
1598 2198 1678 2224 asse
1701 2188 1803 2223 heres
1826 2187 2006 2222 institutus
2027 2198 2097 2222 non
2117 2190 2218 2232 putet
2239 2197 2278 2222 se
2301 2187 2363 2221 bo·

1284 2244 1411 2269 norum
1433 2234 1692 2278 possessionem
1715 2236 1836 2277 petere
1858 2242 1964 2276 posse
1987 2237 2069 2267 aute
2092 2236 2233 2276 apertas
2257 2231 2360 2266 tabu-

1285 2279 1358 2314 las:
1417 2278 1489 2314 uod
1513 2279 1543 2314 si
1565 2279 1702 2313 nesciat
1726 2287 1803 2312 esse
1825 2277 1977 2318 tabulas,
2002 2276 2039 2311 in
2061 2276 2158 2311 facto
2184 2279 2286 2311 errat.

1332 2321 1357 2360 2
1420 2333 1587 2358 ERATIUS
1607 2323 1698 2358 libro
1723 2323 1847 2367 quinto
1872 2321 2157 2356 membranarum
2203 2321 2244 2354 ln
2268 2320 2361 2354 omni

1284 2371 1388 2414 parte
1412 2379 1512 2404 error
1542 2368 1577 2402 in
1609 2368 1686 2402 iure
1709 2377 1780 2402 non
1804 2365 1925 2401 eodem
1957 2366 2035 2400 loco
2061 2375 2129 2410 quo
2153 2365 2239 2399 facti
2262 2365 2360 2409 igno-

1284 2413 1402 2448 rantia
1425 2413 1548 2448 haberi
1572 2412 1725 2454 debebit,
1751 2422 1829 2446 cum
1853 2410 1907 2445 ius
1931 2410 2067 2444 finitum
2091 2413 2126 2444 et
2148 2409 2261 2454 possit
2284 2418 2361 2444 esse

1285 2461 1321 2494 et
1340 2458 1479 2499 debeat,
1498 2457 1586 2493 facti
1604 2455 1847 2502 interpretatio
1867 2455 2073 2500 plerumque
2085 2454 2188 2489 etiam
2207 2453 2359 2498 pruden-

1284 2503 1440 2538 tissimos
1463 2502 1576 2537 fallat.
2255 2542 2263 2548 ι

1331 2545 1355 2585 3
1381 2547 1610 2582 Poupomvs
1629 2545 1719 2581 libro
1744 2544 1847 2579 tertio
1872 2543 1920 2578 ad
1943 2542 2114 2578 Sabinum
2167 2541 2360 2576 Plurimum

1283 2592 1443 2635 interest,
1468 2595 1586 2627 utrum
1619 2590 1696 2635 quis
1729 2589 1771 2624 de
1801 2588 1944 2623 alterius
1970 2597 2079 2622 causa
2110 2590 2145 2621 et
2166 2586 2263 2621 facto
2288 2596 2359 2620 non

1287 2641 1302 2672 1
1353 2638 1460 2673 sciret
1483 2646 1528 2671 an
1553 2636 1597 2671 de
1619 2636 1695 2670 iure
1719 2643 1782 2668 suo
1805 2633 1954 2677 ignorat.
2003 2631 2072 2666 Sed
2097 2631 2238 2666 Cassius
2262 2631 2359 2674 igno-

1283 2682 1435 2718 rantiam
1460 2681 1629 2717 Sabinum
1658 2679 1710 2714 ita
1739 2677 1980 2722 accipiendam
2004 2676 2221 2711 existimasse
2251 2675 2360 2710 refert

1283 2738 1355 2763 non
1380 2726 1554 2771 deperditi
1577 2729 1613 2760 et
1635 2723 1779 2759 nimium
1803 2722 1917 2757 securi
1940 2721 2100 2756 hominis.
2254 2763 2262 2770 ⁶
2308 2763 2315 2770 ⁶

1328 2770 1354 2809 4
1378 2771 1484 2806 IDEM
1503 2770 1593 2806 libro
1618 2769 1720 2803 tertio
1744 2767 1879 2802 decimo
1903 2766 1952 2801 ad
1974 2765 2144 2801 Sabinum
2192 2764 2282 2798 Iuris
2305 2774 2356 2807 ig-

1283 2816 1481 2852 norantiam
1504 2815 1541 2850 in
1560 2812 1776 2857 usucapione
1794 2814 1942 2855 negatur
1964 2810 2148 2855 prodesse:
2173 2807 2260 2843 facti
2276 2817 2358 2842 vero

1282 2861 1515 2906 ignorantiam
1537 2858 1706 2904 prodesse
1730 2859 1881 2891 constat.

1329 2905 1353 2942 5
1384 2906 1605 2939 TERENTIUS
1638 2901 1815 2937 CLEMENs
1847 2900 1937 2935 libro
1973 2898 2128 2934 secundo
2164 2897 2214 2933 ad
2247 2897 2356 2942 leqem

1282 2950 1414 2986 Iuliam
1446 2953 1480 2984 et
1509 2948 1663 2994 Papiam
1723 2945 1983 2990 Iniquissimum
2026 2943 2163 2978 videtur
2197 2941 2357 2993 cuiquam

1283 2994 1465 3030 scientiam
1490 2992 1634 3027 alterius
1658 2999 1763 3035 quam
1783 2999 1883 3025 suam
1903 2998 2032 3024 nocere
2049 2988 2103 3023 vel
2126 2987 2356 3032 ignorantiam

1283 3039 1428 3075 alterius
1453 3038 1512 3072 alii
1535 3035 1768 3082 profuturam.
2295 3074 2301 3080 ι

1329 3081 1353 3121 6
1384 3083 1576 3118 ULPJANUS
1595 3080 1687 3116 libro
1711 3082 1834 3115 octavo
1859 3078 1994 3113 decimo
2019 3076 2068 3112 ad
2090 3076 2201 3121 leqem
2225 3073 2355 3108 Iuliam

1283 3132 1318 3164 et
1341 3127 1495 3173 Papiam
1541 3124 1618 3160 Nec
1648 3124 1777 3169 supina
1806 3122 2007 3168 ignorantia
2036 3119 2182 3171 ferenda
2206 3123 2259 3169 est
2280 3116 2354 3151 fac-

1284 3177 1359 3208 tum
1380 3170 1583 3223 ignorantis,
1604 3172 1645 3204 ut
1663 3178 1729 3203 nec
1748 3167 1959 3213 scrupulosa
1977 3165 2154 3211 inquisitio
2169 3160 2352 3206 exigenda:

1285 3218 1432 3253 scient1a
1463 3215 1555 3250 enim
1585 3214 1654 3249 hoc
1685 3213 1788 3248 modo
1820 3210 2040 3248 aestimanda
2068 3213 2139 3249 est,
2172 3211 2211 3241 ut
2242 3213 2354 3248 neque

134 3299 2351 3325 Μ

134 3378 174 3415 (1)
198 3376 331 3418 possint
348 3376 398 3409 F2
548 3380 590 3420 (2)
615 3378 652 3410 hi
672 3378 731 3421 qui
753 3378 879 3411 Paulus
898 3379 929 3418 5,
942 3385 986 3417 15,
1000 3385 1016 3411 5
1030 3384 1058 3409 et
1072 3375 1144 3409 coll
1154 3377 1184 3416 8,
1197 3382 1213 3409 3

134 3422 175 3462 (3)
201 3430 221 3452 a
243 3420 412 3454 iudicibus
436 3426 662 3464 competenter
689 3423 895 3465 puniuntur]
926 3424 985 3454 aut
1008 3421 1045 3454 in
1077 3420 1213 3452 exilium

133 3467 281 3506 aguntur
292 3466 398 3498 autin
410 3466 554 3498 insulam
574 3467 768 3509 relegantur
786 3469 844 3500 aut
863 3466 957 3499 curia
977 3466 1215 3498 submoventur

134 3510 260 3543 Paulus
271 3511 302 3549 5,
317 3517 360 3550 15,
380 3518 396 3544 5
411 3517 440 3544 et
454 3510 533 3544 Coll.
547 3513 578 3552 8,
592 3519 608 3546 3
732 3513 774 3553 (4)
798 3527 843 3540 =
861 3511 1023 3553 Ulpianus
1036 3522 1102 3552 req.
1116 3510 1170 3550 20,
1185 3515 1214 3542 6.

138 3555 188 3596 Cf.
209 3554 290 3587 Inst.
306 3555 337 3595 2,
350 3562 395 3595 10,
411 3562 427 3589 8
566 3557 608 3598 (5)
633 3559 666 3588 et
685 3556 788 3597 filius]
810 3558 844 3587 et
869 3555 1042 3599 Ulpianus,
1064 3563 1125 3585 nec
1144 3562 1213 3585 non

133 3597 162 3630 is
176 3599 255 3632 Inst.
416 3600 460 3641 (6)
485 3600 620 3642 utrique
640 3604 740 3633 testes
753 3600 834 3633 Inst.
973 3600 1015 3640 (7)
1040 3598 1077 3630 in
1099 3597 1213 3630 eodem

133 3645 332 3675 testamento
343 3643 394 3675 vel
407 3643 520 3676 eodem
532 3645 668 3687 negotio
680 3645 750 3677 fieri
764 3645 917 3686 possunt]
935 3643 987 3676 vel
1008 3642 1094 3674 alter
1106 3641 1212 3681 testis,

134 3687 219 3719 alter
230 3687 395 3730 libripens
407 3689 479 3721 fieri
492 3693 633 3730 possunt
645 3689 712 3721 alio
724 3689 887 3721 familiam
897 3690 1025 3720 emente
1040 3687 1212 3729 Ulpianus,

136 3731 170 3762 iu
185 3742 286 3770 unum
300 3735 533 3765 testamentum
545 3733 618 3765 fieri
630 3736 772 3772 possunt
783 3734 864 3766 Inst.
968 3734 1013 3772 (8)
1039 3731 1119 3773 quia
1130 3731 1212 3763 Ins!-

1284 3376 1326 3415 (9)
1352 3373 1399 3405 rei
1423 3371 1579 3415 publicae
1604 3380 1705 3402 causa
1728 3372 1788 3403 ins.
1942 3368 1999 3407 (10)
2036 3361 2257 3415 indubitabile
2289 3373 2349 3392 scr.

1283 3420 1334 3459 (11)
1360 3417 1454 3456 illud,
1480 3415 1615 3458 quidam
1640 3416 1701 3448 ins.
1902 3414 1957 3452 (12)
1983 3410 2017 3442 id
2042 3408 2218 3449 Schullmy,
2243 3404 2304 3456 sed·
2320 3404 2354 3437 F

1282 3464 1338 3504 (13)
1364 3458 1572 3503 testimonia]
1592 3459 1846 3491 sanctimoniam
1866 3469 1926 3489 scr.
2063 3454 2118 3502 (34)
2143 3461 2202 3492 pro
2223 3459 2277 3480 reo
2291 3460 2349 3481 ms.

1283 3508 1339 3548 (15)
1365 3522 1406 3534 =
1419 3506 1545 3538 Paulus
1557 3506 1589 3545 5,
1602 3511 1645 3544 15,
1659 3511 1671 3537 ¹
1745 3504 1804 3543 (16)
1818 3503 1987 3542 suspectos
1999 3501 2126 3539 gratiae
2140 3497 2237 3545 testes
2249 3497 2283 3543 et
2295 3502 2349 3523 eos

1281 3551 1333 3583 vel
1345 3550 1496 3590 maxime,
1511 3559 1593 3591 quos
1606 3551 1780 3580 accusator
1799 3547 1839 3578 de
1858 3545 1953 3577 domo
1973 3541 2166 3584 produxerit
2181 3563 2186 3568 .
2202 3563 2209 3570 .
2225 3562 2232 3570 .
2247 3541 2349 3568 inter-

1281 3595 1392 3637 rogari
1405 3604 1472 3626 non
1485 3593 1616 3636 placuit
1629 3592 1755 3625 Paulus

1327 3641 1384 3680 (17)
1408 3639 1586 3675 Sab.1...4;
1611 3637 1674 3668 Ed.
1689 3644 1715 3669 5.
1731 3643 1765 3673 63
1792 3634 1875 3675 Pap.
1891 3638 1974 3664 7...10
1998 3646 2041 3652 -
2056 3628 2138 3659 Bas.
2153 3627 2184 3664 2,
2198 3632 2213 3656 4
2237 3642 2281 3647 --
2298 3624 2350 3665 Cs.

1284 3684 1408 3724 God.1,
1421 3690 1454 3717 18
1570 3683 1628 3721 (18)
1655 3680 1711 3722 qui
1724 3679 1758 3711 F
