2528 3918
128 139 213 169 VEL
242 138 432 171 cfflAltns
461 138 649 170 LEGA'rls

124 267 204 292 cum
228 255 272 291 de
294 256 413 292 usuris
437 255 698 293 fideicommissi
721 257 921 301 quaeritur,
954 268 1027 292 non
1056 258 1100 294 de
1123 258 1133 292 i
1161 257 1210 293 sis

123 306 142 336 2
189 301 480 338 fideicommissis.
512 302 699 338 Alimentis
723 302 788 337 viri
811 303 896 338 boni
921 303 1096 338 arbitratu
1115 303 1139 338 fi
1157 304 1210 339 'ae

122 347 254 382 relictis
279 348 324 382 ab
350 347 479 383 herede
502 347 575 382 filio
598 358 663 392 pro
688 347 793 382 modo
814 348 952 392 legatae
973 348 1077 391 dotis,
1103 359 1209 393 quam

121 393 232 427 solam
270 396 373 437 pater
405 392 640 428 exheredatae
670 392 765 427 filiae
795 394 943 428 nubenti
976 394 1054 428 dari
1086 394 1207 436 voluit,

121 442 227 482 atque
283 448 321 472 ro
353 438 580 473 incrementis
611 439 740 473 aetatis
769 448 847 473 eam
872 439 1107 474 exhibendam
1132 449 1208 474 esse

120 493 175 517 res
203 493 248 517 on
274 483 296 524 i,
322 493 394 517 non
416 493 482 527 pro
507 483 640 518 viribus
664 483 884 519 hereditatis.

196 526 213 563 1
244 526 401 563 vaws
421 528 512 563 libro
537 528 673 564 decimo
699 530 949 574 quaestionum
993 529 1040 570 Is,
1067 529 1207 564 0111311-

119 583 190 607 nua
221 573 387 608 alimenta
410 574 535 608 relicta
558 573 719 616 fuerant,
752 574 790 609 in
813 574 994 609 metallum
1019 575 1207 609 damnatus

119 617 335 662 indulgentia
358 619 531 663 principis
555 620 742 654 restitutus
767 624 830 655 est.
876 619 1044 665 respondi
1069 630 1149 654 eum
1174 624 1209 655 et

118 662 407 708 praecedentium
445 674 619 699 annorum
655 669 753 700 recte
793 666 930 710 cepisse
968 665 1137 700 alimenta
1173 669 1208 700 et

118 709 339 752 sequentium
364 709 484 744 deberi
509 710 552 744 ei.

166 751 215 790 12
240 753 348 788 IDEM
363 754 453 789 libro
470 758 602 800 quarto
619 755 756 791 decimo
773 766 1031 802 responsorum
1072 755 1206 791 Lucius

118 799 231 834 Titius
254 799 392 834 libertis
417 800 490 834 suis
515 800 650 835 cibaria
678 806 713 836 et
737 801 905 836 vestiaria
937 811 1058 836 annua
1089 805 1205 837 certo-

116 855 193 879 rum
226 855 448 880 nummorum
481 846 623 890 reliquit
654 850 690 881 et
719 846 919 891 posteriore
954 850 1057 892 parte
1095 850 1204 882 testa-

116 890 225 925 menti
248 889 299 924 ita
324 890 436 925 cavit:
469 891 654 935 ‘obligatos
682 891 756 927 eis¹
782 891 828 927 ob
854 902 1001 927 causam
1023 891 1204 927 fideicom—

117 935 225 970 ·missi
245 934 376 970 fundos
398 947 495 971 meos
515 936 613 971 illum
634 941 670 972 et
687 937 797 979 illum,
823 940 864 972 ut
883 948 927 973 ex
946 937 1064 972 reditu
1083 947 1205 973 eorum

116 981 295 1015 ‘alimenta
327 991 437 1025 supra
468 982 601 1026 scripta
632 982 857 1027 percipiant'.
907 983 1107 1027 quaesitum
1139 987 1205 1025 est,

115 1036 179 1068 an,
214 1026 245 1061 si
276 1026 443 1071 (11131111οὲ
476 1027 630 1062 11111101·οε
662 1027 798 1063 reditus
822 1028 1066 1072 pervenerint,
1098 1038 1205 1073 quam

115 1075 169 1106 est
215 1071 373 1107 uantitas
399 1072 613 1107 cibariorum
637 1077 673 1108 et
696 1073 956 1116 vestiariorum,
985 1074 1134 1109 heredes
1159 1073 1205 1108 ad

115 1127 205 1161 supp
222 1117 349 1151 endam
381 1128 459 1152 eam
491 1118 632 1153 onerari
663 1129 737 1153 non
769 1118 941 1162 debeant,
973 1119 1047 1161 vel,
1080 1119 1110 1154 si
1134 1119 1203 1154 alio

114 1172 208 1197 anno
234 1163 461 1204 excesserint,
487 1174 533 1198 an
557 1164 795 1208 supplendum
819 1165 876 1207 sit,
903 1164 998 1210 quod
1022 1165 1205 1209 superiore

114 1218 206 1242 anno
232 1208 348 1242 minus
371 1209 605 1253 perceperint.
643 1209 778 1245 Paulus
801 1209 987 1255 respondit
1011 1210 1146 1245 cibaria
1170 1213 1205 1245 et

113 1253 281 1288 vestiaria
311 1253 448 1289 libertis
482 1253 640 1289 defuncti
671 1255 808 1299 integra
840 1255 978 1298 deberi,
1015 1265 1129 1300 neque
1161 1266 1203 1290 ex

114 1309 175 1340 eo,
209 1298 304 1343 quod
334 1302 461 1343 postea
491 1300 639 1344 praedia
670 1301 725 1335 his
757 1300 915 1345 pignoris
946 1301 1023 1336 iure
1051 1305 1204 1336 testator

113 1343 267 1388 obligare
290 1344 420 1386 voluit,
454 1348 494 1378 ut
525 1355 569 1379 ex
600 1345 719 1380 reditu
751 1356 874 1380 eorum
897 1346 1066 1381 alimenta
1089 1346 1202 1391 perci-

111 1393 255 1468 pegent,
287 1389 457 1424 minuisse
480 1401 561 1425 eum
583 1391 639 1426 vel
663 1391 806 1426 auxisse
830 1401 872 1426 ea
896 1401 988 1436 quae
1011 1392 1204 1436 reliquerat

114 1445 147 1468 vi
174 1444 237 1469 eri.

162 1477 210 1517 13
235 1479 439 1515 SCAEVOLA
460 1480 551 1516 libro
572 1484 704 1526 quarto
724 1492 980 1528 responsorum
1014 1482 1104 1517 Gaio
1122 1482 1201 1517 Seio

111 1529 291 1560 trecentos
315 1536 442 1561 aureos
466 1526 616 1570 legavit,
648 1531 690 1562 ut
721 1537 766 1562 ex
798 1527 917 1562 usuris
944 1528 1019 1563 eius
1044 1538 1202 1563 summae

110 1570 245 1605 libertis
266 1571 402 1606 cibaria
421 1575 457 1607 et
476 1572 643 1607 vestiaria
657 1576 869 1617 praestaret,
895 1583 987 1618 quae
1005 1576 1201 1609 statuerat:

111 1616 282 1651 codicillis
318 1621 437 1652 autem
473 1617 622 1653 eandem
653 1628 827 1653 summam
859 1618 970 1653 vetuit
1002 1619 1080 1654 dari
1112 1619 1201 1654 Gaio

110 1661 202 1703 Seio,
228 1661 289 1697 sed
306 1661 383 1696 dari
400 1662 528 1698 Publio
546 1663 684 1698 Maevio
702 1663 830 1699 voluit:
856 1675 1001 1709 quaero,
1025 1675 1072 1699 an
1095 1664 1201 1699 liber-

109 1707 154 1741 tis
186 1706 496 1743 fideicommissum
530 1708 658 1743 debeat
685 1708 859 1744 Maevius.
907 1710 1076 1754 respondi
1099 1710 1201 1745 Mae-

109 1752 221 1794 vium,
253 1753 321 1787 nisi
345 1753 464 1796 aliud,
497 1753 542 1788 de
565 1764 635 1799 quo
660 1765 732 1789 non
756 1754 1015 1790 deliberaretur
1024 1756 1048 1797 ³,
1074 1755 1202 1790 doceat

109 1798 177 1832 sibi
209 1808 230 1832 a
262 1802 435 1833 testatore
466 1799 681 1841 iniunctum,
714 1799 826 1835 videri
857 1800 1052 1835 secundum
1075 1801 1199 1836 volun-

109 1846 218 1877 tatem
250 1844 433 1879 testatoris
465 1845 642 1889 recepisse
667 1855 709 1880 ea
733 1855 863 1888 onera,
895 1856 987 1890 quae
1019 1846 1202 1891 adscn‘pta

109 1894 212 1922 erant
242 1889 273 1923 ei
305 1899 481 1932 summae,
515 1900 607 1935 quae
638 1890 676 1925 in
706 1901 785 1925 eum
810 1891 983 1926 codicillis
1007 1891 1199 1927 transfere-

113 1937 125 1968 1
176 1934 294 1969 batur.
350 1934 575 1979 “Imperator
598 1936 800 1971 Antoninus
825 1936 911 1971 Pius
943 1936 1080 1972 libertis
1114 1937 1199 1972 Sex-

108 1979 178 2014 tiae
201 1979 366 2015 Basiliae.
416 1980 593 2024 ‘Quamvis
617 1982 728 2017 verba
750 1982 956 2017 testamenti
984 1982 1037 2017 ita
1067 1993 1106 2018 se
1135 1983 1199 2018 ha-

109 2024 247 2068 ‘beant,
272 2028 331 2067 ut,
361 2026 480 2070 quoad
505 2037 586 2061 cum
611 2025 759 2062 Claudio
784 2027 884 2063 Iusto
908 2028 1038 2063 morati
1062 2029 1199 2071 essetis,

108 2070 313 2105 ‘alimenta5
353 2075 389 2105 et
426 2071 632 2106 vestiarium
670 2072 789 2117 legata
825 2073 914 2115 sint,
953 2075 1075 2108 tamen
1106 2074 1200 2109 hanc

109 2114 231 2150 ‘fuisse
254 2115 446 2151 defunctae
470 2117 723 2161 cogitationem
742 2118 970 2163 interpretor,
995 2122 1036 2153 ut
1059 2122 1095 2154 et
1117 2123 1200 2164 post

108 2163 269 2196 ‘mortem
293 2161 383 2196 Iusti
415 2161 540 2197 eadem
571 2163 671 2198 vobis
703 2163 880 2207 praestari
904 2164 1078 2200 voluerit’.
1125 2175 1198 2200 res-

107 2206 234 2250 pondit
258 2206 430 2242 eiusmodi
453 2208 667 2252 scripturam
691 2209 742 2243 ita
766 2209 901 2254 accipi,
933 2213 975 2244 ut
1005 2211 1199 2246 necessitas

107 2254 127 2285 2
175 2252 349 2287 alimentis
369 2253 595 2297 praestandis
614 2258 789 2299 perpetuo
810 2259 964 2290 maneat.
1001 2256 1092 2290 Item
1114 2267 1198 2291 con-

107 2297 222 2331 sultus
246 2297 290 2332 de
313 2297 378 2332 tali
402 2299 581 2343 scriptura
612 2302 660 2334 ‘et
683 2303 802 2334 tecum
827 2300 899 2335 sint
923 2310 1064 2346 semper
1085 2302 1197 2336 volo':

130 2352 258 2384 uaero,
292 2353 372 2378 cum
404 2344 613 2379 manumissi
644 2345 690 2380 ab
722 2345 852 2380 herede
885 2356 964 2380 cum
996 2357 1038 2381 eo
1070 2348 1198 2381 morati

131 2387 166 2422 iu
190 2388 279 2430 sint,
312 2389 375 2423 sed
406 2389 452 2424 ob
476 2389 674 2434 graviorem
698 2391 902 2426 servitutem
926 2392 972 2426 ab
998 2402 1039 2426 eo
1065 2392 1197 2427 disces-

106 2433 235 2476 serint,
272 2444 320 2468 an
351 2434 519 2470 alimenta
550 2435 605 2470 his
638 2435 856 2479 debeantur,
898 2447 990 2482 quae
1022 2442 1130 2482 negat
1160 2448 1199 2473 se

105 2482 308 2522 praestare,
340 2479 410 2514 nisi
437 2480 514 2515 vice
537 2480 715 2516 servitutis
738 2482 770 2516 is
793 2486 966 2518 uteretur.
1013 2483 1199 2528 respondit

106 2524 301 2558 secundum
327 2535 369 2559 ea
393 2536 485 2569 quae
508 2530 794 2571 proponerentur
818 2527 949 2563 deberi.

154 2567 204 2605 14
230 2569 424 2605 ULPIANUS
436 2571 527 2606 libro
545 2572 702 2607 secundo
715 2571 1072 2617 fideicommissorum
1100 2574 1198 2609 Mela

106 2614 174 2656 ait,
207 2615 237 2649 si
259 2625 372 2660 puero
398 2616 453 2650 vel
475 2616 617 2661 puellae
640 2617 809 2652 alimenta
837 2618 1102 2663 relinquantur,
1135 2630 1196 2654 us-

106 2670 174 2703 que
198 2660 244 2694 ad
268 2661 494 2704 pubertatem
519 2661 649 2696 deberi.
699 2662 761 2697 sed
787 2663 856 2697 hoc
879 2674 1003 2699 verum
1026 2675 1098 2699 non
1121 2668 1194 2700 est:

106 2704 240 2739 tamdiu
265 2706 357 2740 enim
382 2706 579 2748 debebitur,
604 2707 718 2742 donec
742 2711 895 2743 testator
917 2709 1039 2751 voluit,
1067 2713 1142 2752 aut,
1167 2711 1197 2745 si

107 2760 178 2785 non
201 2754 304 2794 paret
328 2751 413 2796 quid
437 2752 585 2793 sentiat,
618 2762 684 2797 per
715 2756 830 2787 totum
854 2756 994 2798 tempus
1017 2755 1110 2789 vitae
1135 2755 1194 2790 de-

109 2799 122 2829 1
172 2796 362 2831 bebuntur.
400 2795 503 2831 Certe
527 2797 557 2831 si
582 2807 693 2842 usque
716 2798 763 2832 ad
783 2798 1009 2843 pubertatem
1028 2800 1197 2835 alimenta

106 2840 370 2885 relinquantur,
403 2842 433 2876 si
465 2842 544 2887 quis
577 2843 777 2887 exemplum
805 2843 1071 2887 alimentorum,
1105 2856 1197 2889 quae

106 2885 239 2920 dudum
262 2887 382 2931 pueris
407 2890 443 2922 et
465 2887 593 2931 puellis
619 2888 814 2930 dabantur,
847 2889 930 2923 velit
954 2890 1072 2934 sequi,
1106 2891 1197 2925 sciat

105 2930 326 2966 Hadrianum
351 2933 597 2975 constituisse,
624 2938 665 2968 ut
687 2934 790 2978 pueri
814 2945 926 2979 usque
951 2935 997 2970 ad
1021 2935 1195 2970 decimum

106 2980 279 3019 octavum,
304 2977 444 3021 puellae
468 2988 581 3023 usque
605 2978 652 3013 ad
675 2983 842 3024 quartum
868 2979 1042 3015 decimum
1062 2991 1195 3016 annum

106 3021 265 3064 alantur,
296 3026 332 3057 et
355 3023 449 3057 hanc
472 3022 624 3059 formam
648 3025 693 3059 ab
717 3024 902 3060 Hadriano
927 3025 1048 3060 datam
1073 3026 1195 3061 obser-

105 3066 256 3101 vandam
291 3078 368 3103 esse
403 3068 597 3113 imperator
627 3073 752 3104 noster
782 3071 976 3116 rescripsit.
1031 3071 1096 3106 sed
1130 3072 1196 3106 etsi

105 3113 314 3161 generaliter
337 3114 508 3158 pubertas
533 3124 606 3148 non
631 3115 682 3149 sic
707 3115 885 3158 definitur,
910 3120 1031 3151 tamen
1049 3117 1194 3162 pietatis

106 3156 236 3191 intuitu
255 3158 291 3192 in
313 3159 390 3193 sola
411 3159 529 3203 specie
550 3159 796 3195 alimentorum
816 3161 886 3196 hoc
906 3165 976 3196 tem
1003 3172 1045 3196 us
1066 3163 1194 3197 aetatis

107 3204 126 3234 2
174 3211 251 3236 esse
283 3203 543 3239 observandum
574 3215 647 3240 non
678 3208 733 3240 est
763 3206 913 3242 incivile.
993 3207 1037 3242 ed
1067 3208 1098 3243 si
1129 3207 1195 3243 ali-

107 3249 242 3288 menta,
275 3258 366 3292 quae
388 3249 487 3284 vivus
509 3250 738 3295 praestabat,
762 3251 963 3296 reliquerit,
988 3262 1031 3287 ea
1055 3252 1194 3288 demum

106 3292 394 3336 praestabuntur,
419 3305 510 3338 quae
534 3295 657 3330 mortis
681 3299 842 3340 tempore
861 3301 1047 3342 praestare
1067 3299 1194 3333 solitus

107 3340 201 3370 erat:
243 3347 352 3381 quare
382 3339 413 3373 si
443 3338 537 3374 forte
567 3341 665 3375 varie
696 3342 932 3386 praestiterit,
968 3343 1044 3378 eius
1075 3347 1193 3379 tamen

105 3383 274 3433 temporis
295 3385 487 3426 praestatio
510 3386 741 3430 spectabitur,
766 3387 861 3431 quod
881 3388 1081 3432 proximum
1099 3400 1193 3424 mor-

106 3427 177 3460 tis‘5
201 3427 276 3461 eius
301 3427 380 3462 fuit.
427 3429 512 3473 quid
536 3441 638 3475 ergo,
664 3432 711 3473 si,
738 3443 819 3466 cum
842 3436 1052 3476 testaretur,
1077 3435 1194 3470 minus

105 3473 330 3515 praestabat,
354 3473 434 3517 plus
458 3475 581 3510 mortis
605 3479 782 3521 tempore,
809 3477 865 3512 vel
889 3479 1040 3514 contra?
1075 3479 1193 3515 adhuc

107 3517 174 3551 erit
206 3517 394 3552 dicendum
425 3528 503 3554 eam
533 3522 810 3565 praestationem
834 3524 1068 3568 sequendam,
1102 3535 1193 3570 quae

108 3632 147 3672 (1)
172 3641 239 3664 esse
251 3631 327 3664 volo
340 3633 402 3665 ine.
497 3635 538 3674 (2)
565 3637 690 3676 quanto
702 3637 737 3669 F
824 3639 867 3680 (3)
894 3637 1102 3671 dubitaretur
1116 3641 1190 3672 dett.

108 3677 238 3717 quidam
361 3677 403 3718 (4)
434 3678 510 3710 Cod.
525 3680 558 3720 6,
571 3687 616 3721 37,
630 3688 643 3714 1
766 3683 810 3724 (5)
835 3682 929 3715 vobis
941 3685 1000 3716 ins.
1017 3682 1093 3717 Cod.
1110 3685 1189 3718 Just.

108 3722 151 3761 (6)
177 3722 276 3753 morti
291 3723 360 3754 edd.
467 3723 511 3764 (7)
535 3724 781 3760 oonsulabarF
871 3729 914 3769 (8)
941 3735 997 3761 aut
1007 3728 1113 3770 igitur
1127 3730 1189 3764 del.

110 3773 166 3798 aut
192 3776 267 3798 cum
405 3768 450 3807 (9)
476 3770 514 3799 ut
533 3770 660 3810 pecoris
678 3771 719 3802 ad
740 3782 859 3814 aquam
880 3773 1038 3816 adpulsus
1064 3778 1097 3807 et
1122 3785 1189 3806 ser-

1194 121 1278 175 479

2101 123 2364 169 ΧΧΧΠΙΙῙ

1280 260 1300 292 3
1348 256 1538 292 novissima
1560 255 1639 291 suit.
1689 256 1839 299 Quidam
1863 257 1999 291 ubertis
2025 256 2098 292 suis
2125 260 2165 291 ut
2189 256 2366 298 alimenta,

1278 303 1330 337 ita
1371 312 1499 347 aquam
1539 311 1680 346 quoque
1718 312 1783 346 per
1816 302 2123 336 fideicommissum
2155 302 2366 346 reliquerat:

1281 348 1516 383 consulebar⁷
1549 347 1593 381 de
1625 346 1909 381 fideicommisso.
1967 358 2046 381 cum
2078 348 2114 381 in
2150 358 2191 382 ea
2225 347 2368 392 regione

1279 392 1424 428 Africae
1448 393 1500 428 vel
1523 392 1616 428 forte
1640 392 1793 437 Aegypti
1824 402 1880 426 res
1907 393 1962 436 agi
1987 393 2273 437 proponebatur,
2306 393 2367 427 ubi

1279 449 1300 472 a
1327 449 1374 472 ua
1395 438 1530 473 venalis
1555 441 1619 479 est,
1649 437 1811 472 dicebam
1835 437 1967 481 igitur⁸
1990 448 2067 472 esse
2092 439 2367 473 emolumentum

1278 450 1560 525 fideicommissi,
1600 483 1673 518 sive
1711 483 1789 527 quis
1829 482 1965 517 habens
2001 483 2173 518 cisternas
2212 484 2248 518 id
2286 484 2367 518 reli-

1279 529 1395 573 querit
1419 529 1490 563 sive
1514 539 1597 571 non,
1623 532 1663 562 ut
1686 528 1732 562 sit
1755 528 1790 562 in
1815 526 2095 570 fideicommisso,
2130 533 2264 572 quanto
2290 530 2367 574 quis

1278 584 1407 619 aquam
1440 574 1507 609 sibi
1539 577 1633 609 esset
1665 577 1949 618 comparaturus.
2005 583 2071 608 nec
2103 574 2213 608 videri
2243 575 2368 609 inutile

1279 629 1356 654 esse
1376 619 1687 654 fideicommissum
1708 619 1811 663 quasi
1835 618 2004 653 servitute
2028 619 2163 663 praedii
2187 630 2259 654 non
2283 631 2367 664 pos-

1278 665 1408 700 sessori
1439 664 1578 700 vicinae
1601 664 1835 710 possessionis
1860 664 2002 699 relicta:
2038 674 2119 698 nam
2152 669 2187 699 et
2217 665 2368 700 haustus

1278 720 1392 755 aquae
1428 714 1468 744 ut
1501 710 1641 755 pecoris
1677 710 1724 744 ad
1756 719 1884 754 aquam
1916 709 2087 754 adpulsus
2120 714 2174 744 est
2205 711 2367 751 servitus,

1277 765 1452 800 personae
1482 758 1603 790 tamen
1633 755 1683 797 ei,
1717 755 1775 800 qui
1808 755 1943 790 vicinus
1977 766 2049 789 non
2073 759 2126 789 est
2138 756 2162 797 ⁰,
2196 756 2368 790 inutiliter

1277 800 1506 845 relinquitur:
1547 801 1583 835 in
1621 801 1744 835 eadem
1777 811 1887 835 causa
1920 804 2024 835 erunt
2052 801 2215 844 gestandi
2246 802 2301 836 vel
2332 802 2367 836 in

1277 851 1339 881 tuo
1374 856 1461 881 uvas
1492 846 1675 891 premendi
1706 847 1761 880 vel
1793 856 1898 881 areae
1929 850 2014 880 tuae
2038 845 2084 880 ad
2107 845 2286 881 frumenta
2311 858 2366 882 ce-

1276 895 1424 936 teraque
1439 891 1618 936 legumina
1635 891 1866 936 exprimenda
1882 891 2015 926 utendi.
2057 891 2146 926 haec
2167 892 2257 926 enim
2275 903 2368 937 aqua

1276 947 1451 981 personae
1474 937 1699 982 relinquitur.

1326 980 1376 1019 15
1402 981 1607 1018 SCAEVOLA
1632 982 1723 1018 libro
1744 983 1894 1028 septimo
1915 981 2052 1017 decimo
2073 981 2293 1034 digestorum
2336 984 2368 1017 A

1275 1027 1347 1063 filio
1372 1028 1503 1063 herede
1528 1027 1699 1063 codicillis
1724 1027 1826 1063 Seiae
1851 1027 1972 1062 decem
1996 1027 2140 1072 reliquit
2164 1030 2199 1062 et
2224 1028 2367 1063 alumno

1275 1073 1330 1108 his
1353 1073 1487 1108 verbis:
1515 1073 1666 1108 ‘Maevio
1690 1073 1820 1107 infanti
1845 1073 1988 1107 alumno
2010 1083 2087 1107 meo
2110 1072 2369 1118 quadringenta

1276 1118 1364 1153 ‘dari
1388 1118 1480 1161 volo,
1514 1129 1606 1163 quae
1630 1122 1712 1163 peto
1738 1129 1760 1153 a
1784 1123 1829 1161 te,
1856 1118 1948 1160 Seia,
1980 1119 2156 1162 suscipias
2181 1123 2216 1153 et
2240 1129 2367 1154 usuras

1275 1164 1320 1198 ‘ei
1352 1164 1571 1209 quincunces
1610 1165 1648 1199 in
1688 1175 1820 1199 annum
1856 1174 1969 1208 usque
2004 1164 2208 1198 vicesimum
2240 1166 2368 1200 aetatis

1275 1212 1447 1254 ‘praestes
1484 1220 1636 1255 eumque
1671 1210 1846 1254 suscipias
1883 1214 1918 1244 et
1953 1209 2110 1244 tuearis'.
2168 1210 2367 1254 quaesitum

1275 1258 1347 1296 est,
1380 1266 1427 1290 an
1452 1255 1552 1297 Seia,
1585 1259 1775 1300 postquam
1799 1255 1955 1300 legatum
1979 1265 2083 1289 suum
2108 1265 2194 1290 acce
2221 1256 2305 1297 erit,
2339 1257 2368 1291 si

1274 1301 1365 1336 nolit
1387 1302 1577 1345 pecuniam
1601 1301 1745 1335 alumno
1770 1301 1931 1335 relictam
1955 1301 2136 1345 suscipere
2156 1311 2197 1336 ve
2230 1301 2267 1335 in
2288 1311 2366 1336 sus-

1275 1346 1439 1390 cipienda
1478 1357 1520 1381 ea
1560 1346 1769 1388 cessaverit,
1811 1356 1901 1381 onus
1941 1345 2189 1380 alimentorum
2229 1356 2272 1381 ex
2313 1347 2368 1381 die

1273 1391 1397 1426 mortis
1434 1392 1619 1427 testatoris
1654 1391 1898 1437 compellenda
1930 1391 1976 1426 sit·
2007 1390 2236 1436 adgnoscere.
2293 1403 2366 1427 res-

1273 1436 1400 1516 3001111
1424 1437 1620 1472 secundum
1646 1447 1688 1472 ea
1706 1447 1804 1517 Ι(11130
1833 1441 2122 1482 proponerentur
2152 1437 2366 1482 compellen-

1298 1492 1355 1516 am
1378 1486 1574 1527 praestare,
1601 1493 1681 1517 cum
1732 1482 2016 1517 deicommissum
2041 1482 2096 1517 sit.
2141 1483 2233 1518 idem
2258 1494 2367 1528 quae-

1273 1527 1343 1569 siit,
1369 1538 1416 1562 an
1439 1529 1543 1563 heres
1568 1538 1711 1573 quoque
1731 1527 1833 1563 Seiae
1856 1528 1893 1563 in
1917 1538 2031 1563 annos
2055 1528 2177 1572 viginti
2201 1529 2368 1564 alimenta

1276 1575 1291 1608 1
1340 1577 1525 1625 praestare
1541 1573 1681 1608 debeat.
1715 1573 1900 1619 respondit
1918 1573 2057 1608 debere.
2098 1574 2266 1609 Testator
2281 1585 2365 1610 con-

1273 1618 1426 1654 cubinae
1448 1619 1627 1664 mancipia
1651 1619 1786 1654 rustica
1811 1629 1957 1654 numero
1983 1622 2064 1654 octo
2097 1619 2227 1663 legavit
2253 1624 2288 1655 et
2311 1621 2365 1655 his

1273 1664 1408 1699 cibaria
1430 1665 1608 1709 praestari
1631 1665 1735 1699 iussit
1766 1665 1803 1699 in
1827 1665 1916 1699 haec
1941 1664 2068 1699 verba:
2103 1665 2235 1710 ‘eisque
2266 1676 2365 1700 man-

1273 1709 1404 1790 ‘eissiis'
1438 1720 1531 1754 quae
1561 1720 1672 1755 supra
1704 1710 1836 1754 legavi,
1870 1710 1994 1745 cibarii
2026 1711 2167 1745 nomine
2192 1711 2238 1745 ab
2263 1711 2365 1746 here-

1272 1757 1282 1774 ‘
1311 1755 1318 1762 '
1347 1765 1390 1790 us
1410 1756 1497 1790 meis
1518 1756 1693 1800 praestari
1713 1755 1804 1797 volo,
1831 1766 1922 1800 quae
1944 1766 2000 1790 me
2018 1756 2095 1791 vivo
2115 1756 2363 1801 accipiebant'.

1272 1800 1473 1845 quaesitum
1505 1805 1579 1843 est,
1612 1811 1692 1836 cum
1725 1801 1801 1836 vivo
1829 1804 2001 1835 testatore
2026 1811 2164 1846 semper
2187 1802 2365 1846 mancipia

1270 1846 1406 1881 rustica
1429 1850 1588 1892 tempore
1612 1847 1778 1881 messium
1803 1850 1838 1881 et
1862 1857 2026 1881 arearum
2050 1847 2213 1891 delegata
2232 1847 2365 1881 fuerint

1272 1894 1308 1927 et
1338 1902 1380 1927 eo
1413 1895 1572 1937 tempore
1604 1892 1741 1927 cibaria
1773 1902 1816 1926 ex
1847 1892 1987 1927 ratione
2019 1892 2151 1926 domini
2182 1893 2238 1927 sui
2262 1904 2363 1927 num-

1271 1947 1378 1982 quam
1410 1938 1615 1983 acceperint
1646 1941 1796 1982 excepto
1823 1937 1971 1972 custode
1993 1937 2150 1983 praedii,
2183 1948 2228 1972 an
2261 1939 2363 1973 heres

1271 1983 1347 2018 eius
1372 1993 1514 2028 quoque
1537 1983 1719 2027 temporis,
1743 1983 1780 2018 id
1804 1987 1859 2018 est
1881 1983 2005 2018 messis
2031 1987 2066 2018 et
2089 1993 2265 2025 arearum,
2291 1985 2362 2018 01ιίι

1271 2028 1407 2063 cibaria
1439 2029 1662 2064 concubinae
1692 2039 1758 2074 pro
1790 2028 1976 2073 mancipiis
2008 2028 2150 2063 rusticis
2179 2034 2362 2073 praestare

1271 2073 1469 2109 deberet¹¹.
1516 2073 1702 2119 respondit
1726 2085 1825 2117 eum,
1851 2074 1952 2109 cuius
1976 2074 2074 2109 notio
2100 2077 2173 2117 est,
2199 2075 2358 2109 aestima-

1269 2122 1402 2154 turum.
1443 2119 1653 2155 ornamus.-
1677 2120 1822 2155 merito:
1848 2130 1931 2154 nam
1956 2119 1986 2154 si
2008 2119 2131 2154 eodem
2151 2120 2267 2162 modo,
2293 2132 2363 2165 quo

1270 2164 1368 2210 apud
1391 2168 1602 2200 testatorem
1624 2164 1783 2207 fuerunt,
1809 2168 1845 2200 et
1868 2164 1965 2209 apud
1986 2165 2223 2200 concubinam
2243 2165 2365 2200 futura

1268 2210 1411 2255 legavit,
1426 2221 1499 2245 non
1520 2210 1782 2246 debebantur¹²
1803 2211 1879 2246 eius
1899 2211 2080 2255 temporis,
2099 2210 2142 2245 de
2164 2222 2233 2255 quo
2255 2221 2362 2256 quae-

1269 2256 1377 2291 situm
1409 2259 1482 2298 est,
1523 2256 1677 2291 cibaria:
1718 2267 1841 2291 verum
1873 2256 1903 2291 si
1934 2256 2031 2291 velut
2060 2256 2098 2290 in
2129 2256 2362 2292 ministerium

1270 2305 1288 2335 2
1336 2302 1515 2337 urbanum
1540 2302 1584 2336 ab
1609 2301 1664 2336 his
1689 2301 1961 2343 transferentur,
1988 2301 2223 2336 debebuntur.
2269 2302 2363 2336 Titia

1270 2346 1446 2382 decedens
1465 2350 1678 2383 testamento
1698 2347 1750 2382 ita
1769 2347 1879 2382 cavit:
1908 2347 2083 2381 ‘omnibus
2101 2347 2237 2382 libertis
2255 2347 2360 2382 liber-

1270 2392 1458 2437 ‘tabusque
1481 2393 1568 2427 meis
1593 2393 1729 2427 cibaria
1753 2397 1788 2427 et
1811 2392 1977 2427 vestiaria
1991 2393 2028 2434 ¹³,
2054 2402 2145 2436 quae
2165 2392 2242 2427 viva
2258 2403 2361 2437 prae—

1270 2438 1432 2480 ‘stabam,
1458 2437 1536 2472 dari
1559 2438 1808 2483 praestarique
1831 2438 1942 2473 volo':
1967 2438 2165 2482 quaesitum
2190 2442 2253 2480 est,
2280 2449 2359 2472 cum

1268 2483 1383 2518 tribus
1408 2483 1492 2518 solis
1517 2494 1559 2518 eo
1584 2487 1764 2528 tempore,
1798 2494 1867 2528 quo
1894 2493 1936 2517 ea
1959 2483 2064 2526 vixit,
2097 2482 2190 2517 sicut
2213 2483 2360 2518 rationi-

1267 2529 1335 2564 bus
1361 2529 1622 2571 continebatur,
1653 2529 1789 2563 cibaria
1813 2532 1848 2563 et
1872 2529 2037 2563 vestiaria
2060 2529 2288 2572 praestiterit,
2314 2540 2360 2563 an

1268 2574 1371 2609 heres
1405 2574 1481 2609 eius
1508 2584 1530 2609 a
1555 2575 1681 2609 ceteris
1707 2584 1849 2619 quoque
1872 2574 2007 2608 libertis
2033 2574 2212 2608 conveniri
2235 2575 2360 2619 possit,

1268 2630 1315 2654 an
1346 2630 1430 2655 vero
1462 2619 1578 2654 tribus
1605 2624 1746 2654 tantum
1770 2620 1816 2654 sit
1840 2619 2037 2661 obnoxius,
2070 2619 2130 2663 qui
2161 2619 2359 2654 rationibus

1267 2665 1379 2709 ipsius
1401 2665 1536 2700 cibaria
1556 2668 1592 2700 et
1610 2665 1778 2700 vestiaria
1797 2665 1981 2709 accepisse
1999 2664 2250 2709 reperiuntur?
2285 2675 2358 2700 res-

1266 2710 1394 2755 pondit
1417 2711 1463 2745 ab
1488 2710 1665 2745 omnibus.

1316 2753 1366 2792 16
1387 2755 1496 2790 IDEM
1513 2756 1603 2791 libro
1624 2759 1750 2791 octavo
1771 2755 1908 2790 decimo
1925 2754 2146 2800 diqestorum
2181 2755 2360 2790 Alimenta

1267 2804 1303 2835 et
1333 2801 1500 2835 vestiaria
1531 2801 1667 2836 libertis
1701 2801 1774 2835 suis
1807 2799 1922 2835 dedit:
1964 2800 2162 2845 quaesitum
2195 2805 2267 2844 est,
2300 2811 2358 2843 an,

1267 2846 1350 2890 quia
1381 2846 1591 2881 nominatim
1622 2856 1644 2880 a
1667 2846 1855 2880 Moderato
1888 2856 1960 2881 uno
1993 2856 2039 2880 ex
2065 2845 2257 2881 heredibus
2282 2846 2359 2881 dari

1265 2891 1371 2926 iussit
1401 2894 1571 2933 testator,
1604 2891 1702 2926 solus
1726 2891 1936 2926 Moderatus
1969 2890 2117 2934 debeat,
2149 2902 2221 2926 non
2253 2892 2357 2926 etiam

1265 2939 1349 2980 post
1378 2940 1527 2971 mortem
1559 2936 1741 2974 Moderati,
1775 2936 1924 2971 heredes
1967 2936 2054 2972 eius.
2108 2937 2293 2982 respondit
2325 2942 2359 2972 et

1272 2985 1282 3016 1
1333 2981 1484 3016 heredes
1507 2981 1630 3016 teneri.
1678 2981 1834 3016 Libertis
1858 2981 2135 3027 libertabusque,
2160 2982 2244 3017 item
2269 2994 2357 3027 quos

1265 3036 1425 3071 quasque
1441 3030 1654 3062 testamento
1673 3026 1889 3062 codicillisve
1905 3027 2171 3069 manumiserat‚
2189 3028 2357 3062 alimenta

1266 3071 1452 3107 commoda
1465 3072 1502 3114 ¹⁴,
1528 3082 1619 3116 quae
1636 3072 1714 3107 viva
1754 3073 1949 3115 raestabat,
1975 3072 2052 3107 dari
2075 3073 2245 3107 iusserat:
2275 3073 2356 3107 item

1265 3117 1430 3152 omnibus
1450 3117 1587 3152 libertis
1607 3117 1736 3152 liberta
1763 3127 1875 3163 usque
1895 3118 2045 3153 fundos:
2071 3118 2271 3162 quaesitum
2291 3123 2355 3159 est,

1265 3172 1312 3197 an
1336 3162 1382 3197 ad
1406 3172 1448 3197 ea
1472 3163 1590 3207 legata
1614 3162 1862 3198 admitteretur
1889 3163 2008 3198 liberti
2030 3163 2172 3208 paterni
2194 3163 2354 3204 libertus,

1265 3207 1324 3242 cui
1347 3208 1505 3243 scribere
1528 3207 1668 3243 solebat
1686 3208 1755 3243 ita:
1782 3204 1854 3243 ἀπὸ
1877 3207 2053 3254 Ῥουφίνης
2077 3208 2235 3255 ἡμετέρῳ
2262 3204 2351 3241 ἀπε-

1264 3251 1485 3300 meream:
1518 3253 1672 3298 epistula
1704 3254 1810 3289 etiam
1841 3255 1970 3289 emissa
2002 3254 2047 3288 ad
2080 3253 2239 3287 ordinem
2272 3253 2352 3288 civi-

1263 3298 1368 3340 tatis,
1394 3297 1488 3333 unde
1512 3298 1664 3333 oriunda
1689 3303 1783 3342 erat,
1808 3300 1978 3344 petierat,
2003 3299 2056 3333 uti
2079 3298 2222 3342 publice
2247 3298 2354 3342 (quod

1264 3343 1422 3379 medicus
1447 3346 1536 3386 erat)
1561 3343 1693 3379 salaria
1717 3345 1749 3381 ei
1772 3348 2059 3389 praestarentur,
2091 3343 2352 3378 manifestando

1263 3389 1389 3423 litteris
1413 3389 1487 3424 suis
1512 3399 1593 3424 eum
1617 3400 1721 3425 suum
1745 3401 1822 3425 esse
1844 3390 2022 3425 libertum.
2058 3399 2113 3423 res
2141 3388 2241 3423 ondit
2262 3399 2351 3430 eum,

1265 3434 1366 3469 cuius
1390 3434 1488 3469 notio
1514 3437 1580 3477 est,
1609 3435 1891 3478 aestimaturum,
1916 3440 1967 3476 ut,
1992 3435 2022 3469 si
2047 3434 2106 3478 qui
2132 3444 2186 3468 em
2209 3434 2287 3468 viva
2311 3443 2352 3468 ea

1264 3485 1301 3514 et
1324 3479 1356 3514 ei
1378 3479 1597 3523 praestabat,
1622 3480 1731 3516 nihilo
1755 3481 1870 3515 minus
1895 3480 1940 3514 ad
1960 3479 2270 3514 fideicommissum
2288 3478 2350 3513 ad-

1264 3527 1284 3559 2
1331 3524 1541 3568 mitteretur,
1558 3525 1660 3561 aliter
1674 3536 1757 3561 vero
1775 3537 1859 3561 non.
1895 3524 2048 3559 Basilice
2063 3523 2213 3559 libertae
2230 3524 2351 3559 decem

2153 3638 2213 3678 (ιο)
2238 3638 2270 3670 et
2287 3639 2349 3671 del.

2085 3687 2141 3721 (13)
2168 3683 2354 3716 vestariaF

2001 3730 2059 3770 (15)
2087 3730 2122 3762 id
2140 3737 2202 3761 ese:
2227 3728 2348 3761 liberto

1261 3639 1350 3671 vitus
1368 3639 1525 3681 pascendi
1544 3640 1575 3673 ei
1596 3641 1655 3682 qui
1676 3642 1806 3673 vicinus
1822 3650 1890 3672 11011
1906 3640 1954 3671 est
1972 3651 2034 3671 scr.

1261 3685 1315 3724 (11)
1341 3684 1546 3718 deberentF
1646 3688 1704 3728 (12)
1730 3686 1938 3718 debebuntur
1951 3684 1981 3716 S

1262 3732 1318 3769 (14)
1344 3739 1409 3771 que
1428 3732 1486 3763 ins.
1510 3731 1670 3772 (similiter
1693 3732 1857 3772 Gebauer)

1259 3776 1374 3807 nostro
1387 3785 1406 3806 a
1417 3775 1540 3808 Rufina
