2528 3918
134 104 195 139 m:
222 106 454 138 assumar.
515 107 574 138 DE
603 107 755 139 RERUM
783 108 974 141 PERMU'r.

628 220 719 260 111¹.

442 286 503 318 DE
528 285 866 318 AESTIMATORIA
877 286 900 317 ².

181 349 197 387 1
233 349 427 387 mmmm
454 351 545 387 libro
578 353 762 398 triqesimo
793 353 951 389 secundo
983 354 1032 389 ad
1063 355 1217 391 edictum

70 430 75 431 ⁷
129 395 233 431 Actio
265 395 310 431 de
340 396 525 432 aestimato
549 397 762 442 proponitur
785 397 963 434 tollendae
987 399 1217 436 dubitationis

128 440 261 486 gratia:
293 440 362 476 fuit
385 441 477 477 enim
510 442 621 487 magis
653 442 875 486 dubitatum,
908 454 988 479 cum
1019 455 1077 481 res
1109 445 1215 481 aesti-

129 489 226 520 mata
260 486 444 522 vendenda
478 486 602 530 datur,
638 490 758 523 utrum
790 498 834 524 ex
864 489 1007 525 vendito
1039 490 1085 526 sit
1121 490 1215 527 actio

128 532 274 610 gropter
296 531 589 575 aestimationem,
615 543 662 568 an
686 543 729 569 ex
753 533 884 577 locato,
910 535 1011 579 quasi
1036 546 1111 571 rem
1131 546 1215 572 ven·

153 575 280 610 endam
303 576 443 613 locasse
462 577 594 620 videor,
619 588 665 613 an
685 589 729 614 ex
751 578 941 623 conducto,
967 581 1069 626 quasi
1089 591 1216 627 operas

129 620 394 666 conduxissem,
427 632 474 658 an
498 622 668 662 mandati.
705 624 831 660 melius
863 624 985 677 itaque
1016 626 1130 662 visum
1162 629 1217 662 est

126 665 221 701 hanc
244 667 443 702 actionem³
474 669 645 714 proponi:
678 669 842 714 quotiens
874 680 967 706 emm
1001 671 1045 707 de
1075 672 1217 708 nomine

73 747 82 751 ,,
127 714 331 748 contractus
365 713 514 748 alicuius
550 714 806 759 ambigeretur,
851 716 1056 752 conveniret
1097 721 1216 754 tamen

125 756 279 808 aliquam
303 757 478 793 actionem
502 758 598 801 dari,
631 760 784 795 dandam
809 761 1087 798 aestimatoriam
1110 773 1214 808 prae-

125 802 267 847 scriptis
302 803 418 839 verbis
453 804 648 840 actionem:
685 809 740 840 est
772 806 864 841 enim
899 807 1079 852 negotium
1115 808 1215 844 civile

122 851 260 891 gestum
283 851 319 883 et
342 848 483 894 quidem
506 849 601 886 bona
624 850 705 886 fide.
743 862 854 896 quare
877 853 996 888 omnia
1020 857 1055 888 et
1078 854 1136 889 hic
1159 853 1212 889 lo-

61 917 63 919 .
123 902 204 927 cum
234 892 386 936 habent,
423 905 515 940 quae
545 895 581 930 in
612 895 730 931 bonae
760 896 843 932 fidei
873 896 1013 934 iudiciis
1049 898 1212 935 diximus.

125 940 140 985 ‚¹
190 938 400 974 Aestimatio
433 943 552 975 autem
575 941 772 986 periculum
796 941 884 977 facit
908 942 983 979 eius
1008 944 1069 989 qui
1093 954 1214 980 susce-

122 982 192 1062 Bit:
229 988 292 1019 aut
323 984 430 1030 igitur
460 985 575 1038 ipsam
599 996 673 1021 rem
698 987 842 1023 debebit
864 988 1109 1035 incorruptam
1132 989 1212 1025 red-

148 1038 205 1063 ere
229 1032 293 1064 aut
316 1030 598 1067 aestimationem
622 1031 666 1067 de
690 1043 760 1078 qua
785 1034 958 1069 convenit.

168 1071 192 1110 2
217 1073 377 1111 PAULUS
397 1075 489 1112 libro
514 1078 698 1124 trigesimo
722 1078 772 1114 ad
794 1079 947 1115 edictum
994 1080 1093 1115 Haec
1117 1080 1211 1116 actio

121 1119 216 1155 utilis
241 1123 295 1155 est
319 1123 356 1156 et
378 1120 409 1157 si
432 1132 568 1158 merces
591 1122 790 1160 intervenit.

606 1217 684 1256 1111
694 1216 720 1257 ⁴.

343 1280 404 1313 DE
430 1282 592 1314 RERUM
617 1282 989 1317 PERMUTATIONE.

168 1344 185 1382 1
214 1345 271 1382 ΡΑ
280 1356 375 1383 ULUs
395 1347 486 1384 libro
511 1349 695 1396 triqesae'mo
718 1350 876 1386 secundo
897 1350 947 1387 ad
965 1351 1118 1387 edictum
1155 1351 1209 1387 Si-

119 1396 181 1429 cut
212 1392 309 1428 aliud
341 1397 395 1429 est
425 1394 594 1438 vendere,
631 1395 729 1431 aliud
764 1406 899 1439 emere,
932 1397 1023 1432 alius
1060 1400 1209 1442 emptor,

117 1438 209 1474 alius
233 1438 414 1482 venditor,
438 1439 490 1475 ita
513 1440 667 1485 pretium
691 1441 808 1485 aliud,
842 1442 941 1478 aliud
964 1453 1074 1478 merx.
1111 1446 1150 1478 at
1172 1442 1209 1478 in

116 1483 379 1529 permutatione
410 1484 564 1520 discerni
598 1497 671 1522 non
702 1490 842 1532 potest,
874 1491 954 1523 uter
985 1491 1124 1534 emptor
1154 1488 1210 1524 vel

117 1533 198 1564 uter
220 1529 383 1566 venditor
407 1530 471 1573 sit,
497 1531 718 1577 multumque
742 1532 911 1569 differunt
960 1533 1206 1570 raestationes.

117 1578 254 1619 emptor
277 1575 389 1617 enim,
420 1575 489 1611 nisi
512 1587 675 1613 nummos
700 1578 908 1623 accipientis
948 1579 1076 1622 ecerit,
1107 1583 1207 1615 tene-

116 1624 174 1654 tur
207 1630 250 1655 ex
280 1621 441 1664 vendito,
477 1622 652 1658 venditori
684 1623 819 1659 sufficit
849 1624 895 1660 ob
929 1625 1137 1660 evictionem
1169 1635 1208 1660 se

116 1665 273 1711 obligare
299 1666 565 1718 possessionem
596 1668 737 1705 tradere
768 1673 804 1704 et
827 1670 971 1715 purgari
995 1670 1075 1706 dolo
1101 1671 1206 1713 malo,

115 1711 253 1756 itaque,
278 1721 309 1747 s1
332 1712 448 1748 evicta
470 1723 528 1748 res
552 1724 624 1749 non
648 1714 705 1757 sit,
729 1714 818 1750 nihil
842 1715 966 1751 debet:
1002 1716 1039 1751 in
1063 1726 1206 1761 permu-

115 1757 250 1792 tatione
273 1767 355 1793 vero
376 1758 405 1792 si
425 1761 638 1804 utrumque⁵
661 1760 815 1805 pretium
835 1764 900 1804 est,
924 1761 1040 1797 utrius
1067 1771 1110 1796 ue
1132 1771 1206 1796 rem

114 1802 191 1836 fieri
215 1806 367 1848 oportet,
393 1803 423 1838 si
446 1814 563 1847 merx,
595 1805 765 1841 neutrius.
802 1805 866 1842 sed
899 1817 979 1842 cum
1011 1806 1055 1842 de
1083 1810 1140 1842 eat
1172 1810 1208 1842 et

113 1857 171 1882 res
197 1851 232 1882 et
262 1848 414 1893 pretium
446 1858 542 1892 esse,
574 1860 645 1886 non
677 1854 798 1896 potest
827 1852 1040 1897 permutatio
1075 1852 1205 1898 emptio

113 1892 268 1929 venditio
301 1903 398 1936 esse,
434 1895 600 1939 quoniam
631 1907 705 1932 non
735 1898 882 1942 potest⁰
916 1897 1084 1941 inveniri,
1122 1897 1206 1943 quid

115 1948 237 1974 eorum
260 1949 358 1975 merx
383 1943 418 1975 et
442 1940 527 1985 quid
557 1941 711 1987 pretium
742 1942 806 1985 sit,
838 1954 905 1979 nec
936 1943 1026 1979 ratio
1056 1943 1205 1996 patitur,

116 1987 163 2019 ut>
178 1995 250 2019 una
274 1984 398 2020 eadem
423 1995 468 2021 ue
497 1996 555 2021 res
580 1990 616 2022 et
638 1991 766 2023 veneat
798 1990 834 2023 et
857 1988 1012 2034 pretium
1036 1993 1083 2024 s1t
1107 1998 1203 2034 emp-

118 2033 129 2063 1
180 2029 299 2065 tionis.
347 2030 405 2066 Un
433 2041 451 2066 e
475 2031 506 2066 si
530 2042 573 2067 ea
595 2043 671 2075 res,
705 2044 812 2078 quam
843 2043 929 2070 acce
956 2034 1041 2070 erim
1064 2034 1120 2070 vel
1143 2034 1204 2069 de-

114 2074 235 2118 derim,
260 2078 386 2121 postea
410 2077 604 2120 evincatur,
628 2078 665 2113 in
689 2078 825 2114 factum
849 2079 920 2115 dan
947 2090 1004 2114 am
1028 2080 1205 2115 actionem

113 2123 133 2155 2
180 2120 426 2166 respondetur.
475 2122 565 2158 Item
597 2124 727 2169 emptio
752 2134 795 2160 ac
819 2125 972 2161 venditio
997 2125 1094 2160 nuda
1119 2136 1202 2161 con-

113 2166 337 2202 sentientium
359 2167 542 2203 voluntate
564 2168 797 2212 contrahitur,
821 2170 1060 2215 permutatio⁷
1085 2175 1203 2206 autem

113 2221 157 2246 ex
179 2222 218 2247 re
242 2212 374 2247 tradita
397 2212 534 2248 initium
560 2214 767 2258 obligationi
790 2216 958 2260 praebet:
992 2216 1150 2261 alioquin
1174 2216 1204 2251 si

111 2267 167 2292 res
191 2257 350 2293 nondum
373 2258 505 2293 tradita
529 2259 586 2302 sit,
611 2259 707 2295 nudo
728 2271 905 2297 consensu
925 2261 1094 2297 constitui
1114 2261 1202 2297 obli-

111 2302 290 2347 gationem
324 2302 500 2347 dicemus,
533 2304 629 2349 quod
660 2305 698 2340 in
728 2306 784 2342 his
809 2306 997 2342 dumtaxat
1020 2311 1203 2352 receptum

112 2351 177 2391 est,
203 2358 294 2393 quae
318 2359 447 2384 nomen
470 2359 574 2385 suum
597 2350 741 2393 habent,
766 2354 806 2387 ut
828 2351 866 2387 in
887 2352 1065 2398 emptione
1081 2352 1202 2388 vendi-

111 2395 132 2428 3
178 2393 287 2438 tione,
312 2395 337 2415 ⁷·
347 2394 594 2438 conductione,
613 2396 795 2432 mandato.
843 2397 999 2443 Ideoque
1009 2397 1141 2433 Pedius
1154 2397 1204 2432 ait

111 2439 264 2474 alienam
286 2450 361 2475 rem
385 2439 528 2476 dantem
561 2441 695 2476 nullam
728 2443 940 2479 contrahere
971 2443 1202 2488 permutatio-

110 2487 131 2519 4
179 2494 270 2520 nem.
318 2485 429 2531 Igitur
464 2496 507 2521 ex
542 2486 655 2522 altera
687 2491 790 2532 parte
820 2488 1012 2524 traditione
1042 2488 1141 2524 facta
1173 2489 1203 2524 si

111 2530 201 2564 alter
223 2541 297 2565 rem
322 2531 411 2566 nolit
433 2531 593 2575 tradere,
625 2543 697 2568 non
727 2533 765 2568 in
795 2533 865 2570 hoc
898 2543 1042 2579 agemus
1073 2538 1115 2570 ut
1145 2544 1202 2570 res

110 2575 243 2611 tradita
262 2576 365 2612 nobis
385 2576 566 2620 reddatur,
589 2578 651 2613 sed
670 2578 707 2613 in
726 2578 763 2614 id
783 2579 879 2624 quod
890 2579 1061 2615 interest⁸
1080 2583 1203 2615 nostra

110 2620 206 2655 illam
229 2632 304 2656 rem
337 2622 539 2667 accepisse,
576 2623 620 2659 de
652 2634 723 2669 qua
756 2625 938 2660 convenit:
976 2625 1039 2660 sed
1070 2629 1111 2660 ut
1144 2636 1201 2660 res

111 2670 236 2701 contra
259 2667 362 2703 nobis
386 2667 568 2711 reddatur,
594 2669 811 2706 condictioni
834 2670 936 2706 locus
961 2674 1016 2706 est
1039 2670 1143 2716 quasi
1161 2681 1201 2706 re

111 2721 182 2746 non
207 2716 342 2747 secuta.

157 2755 181 2794 2
206 2757 313 2793 IDEM
329 2758 419 2794 libro
440 2759 565 2804 quinto
585 2759 635 2794 ad
653 2759 839 2796 Plautium
885 2761 1007 2797 Aristo
1029 2761 1089 2803 ait,
1111 2771 1198 2806 quo-

110 2803 205 2837 niam
215 2804 442 2882 fpermutatio
467 2804 583 2840 vicina
606 2808 701 2841 esset
732 2806 921 2851 emptioni,
954 2816 1079 2842 sanum
1111 2817 1198 2852 quo-

111 2858 180 2892 que
231 2848 320 2884 urtis
352 2849 525 2895 noxisque
556 2850 711 2886 solutum
743 2855 779 2887 et
809 2862 881 2887 non
913 2862 990 2887 esse
1014 2851 1198 2897 fugitivum

110 2903 250 2929 servum
274 2895 538 2940 praestandum,
563 2895 624 2941 qui
648 2896 716 2931 ex⁹
740 2907 851 2932 causa
875 2897 1030 2932 daretur.

614 2988 697 3029 -v¹⁰.

175 3055 235 3087 DE
260 3053 579 3087 PRAESCRIPTIS
605 3055 771 3089 VERBIS
795 3057 855 3089 ΕΤ
879 3057 928 3088 ΙΝ
953 3056 1136 3089 FACTUM

512 3099 791 3134 ACTIONIBUS.

160 3165 177 3203 1
206 3165 452 3204 ammam
469 3167 560 3204 libro
581 3172 706 3204 octavo
727 3169 976 3221 quaestionum
1011 3167 1195 3204 Nonnum-

111 3222 217 3257 quam
241 3213 374 3255 evenit,
405 3217 446 3248 ut
479 3213 701 3249 cessantibus
725 3213 863 3249 iudiciis
888 3214 1038 3259 proditis
1062 3218 1098 3249 et
1120 3214 1196 3249 vul-

109 3257 254 3302 garibus
290 3258 507 3301 actionibus,
543 3269 624 3294 cum
658 3258 842 3304 proprium
877 3269 1007 3294 nomen
1041 3259 1197 3295 invenire

111 3312 183 3338 non
206 3313 407 3348 possumus,
431 3303 536 3339 facile
562 3303 815 3339 descendemus
830 3305 854 3325 ¹¹
880 3304 926 3339 ad
952 3314 1023 3347 eas,
1048 3314 1140 3350 quae
1159 3304 1196 3339 in

110 3347 246 3383 factum
269 3348 506 3394 appellantur.
542 3349 606 3384 sed
629 3359 674 3384 ne
696 3359 754 3385 res
778 3350 946 3401 exemplis
970 3354 1082 3394 egeat,
1107 3360 1195 3394 pau-

1209 93 1294 144 257

2074 105 2239 150 xvnn
2271 110 2381 152 3—-5

1288 219 1319 256 si
1343 220 1389 256 sit
1411 221 1605 265 incertum,
1637 227 1758 260 utrum
1789 236 1914 262 navem
1939 228 2152 266 conduxerit
2175 240 2222 266 an
2246 241 2380 267 merces

1287 265 1466 303 vehendas
1496 267 1686 311 locaverit,
1720 270 1855 307 civilem
1880 273 2057 310 actionem
2079 275 2117 311 in
2140 275 2278 312 factum
2303 287 2381 313 esse

1288 313 1306 345 2
1355 310 1510 348 dandam
1540 312 1665 348 Labeo
1698 315 1832 351 scribit.
1882 318 1971 353 Item
2003 319 2034 355 si
2065 320 2144 366 quis
2176 322 2282 367 pretii
2319 332 2379 357 ex-

1285 355 1449 401 plorandi
1471 357 1586 403 gratia
1609 369 1685 411 rem
1715 360 1853 404 tradat,
1887 373 1931 398 ne
1957 375 2001 399 ue
2033 365 2233 411 depositum
2265 377 2380 413 neque

1286 402 1549 438 commodatum
1580 407 1667 446 ent,
1700 404 1763 440 sed
1795 417 1866 441 non
1898 418 1941 443 ex
1969 409 2056 445 ibita
2087 411 2158 447 fide
2182 412 2219 447 in
2243 411 2378 448 factum

1286 446 1397 483 civilis
1421 447 1598 483 subicitur
1622 449 1728 492 actio,

1331 489 1355 528 2
1384 491 1529 529 Cusus
1549 493 1642 530 libro
1667 498 1793 531 octavo
1818 495 2038 543 diqestorum
2087 503 2182 542 (nam
2209 512 2289 537 cum
2316 502 2376 538 de-

1284 536 1408 572 ficiant
1427 538 1588 584 vulgaria
1608 542 1716 585 atque
1736 540 1869 576 usitata
1889 543 2070 579 actionum
2092 546 2247 590 nomina,
2273 558 2377 593 prae-

1284 582 1426 627 scriptis
1449 584 1567 619 verbis
1592 595 1612 620 a
1638 584 1766 620 endum
1791 590 1856 629 est)

1330 625 1354 665 3
1387 627 1584 665 IULIANUS
1625 631 1702 667 ibro
1736 634 1868 676 quarto
1901 632 2038 669 decimo
2075 635 2293 681 diyestorum
2340 638 2376 674 in

1284 683 1391 717 quam
1411 684 1558 710 necesse
1578 678 1633 711 est
1652 676 1855 721 confugere,
1877 678 2039 722 quotiens
2062 685 2267 718 contractus
2286 683 2375 719 exis—

1283 721 1383 798 ξυῐιι,
1416 730 1567 799 ᾳὲιοωω
1598 721 1857 767 appellationes
1890 723 2009 758 nullae
2039 725 2116 760 iure
2142 726 2232 762 civili
2256 729 2375 774 prodi-

1300 773 1342 798 ae
1366 774 1433 799 sun
1453 793 1460 800 .

1329 807 1354 845 4
1387 809 1583 847 ΠιΡΙΑΝυε
1610 810 1702 846 libro
1735 812 1918 857 triqesimo
1943 813 1993 848 ad
2016 813 2188 850 Sabinum
2237 817 2375 853 Natura

1283 854 1516 935 enimbrerum
1542 855 1722 892 conditum
1744 860 1808 899 est,
1833 861 1874 892 ut
1892 858 1997 903 plura
2019 859 2089 894 sint
2109 862 2250 906 negotia
2270 874 2373 907 quam

1283 910 1371 935 voca
1398 912 1421 935 u
1437 912 1469 936 a.

1329 944 1353 982 5
1390 945 1550 982 PAULvs
1589 947 1681 983 libro
1726 949 1852 993 quinto
1888 950 2138 994 quaestionum
2191 950 2375 989 Naturalis

1282 1002 1380 1026 meus
1404 990 1499 1027 filius
1531 992 1639 1028 servit
1669 993 1735 1028 tibi
1768 997 1803 1029 et
1833 997 1918 1030 tuus
1949 993 2043 1030 filius
2074 995 2180 1030 mihi:
2213 999 2376 1033 convenit

1282 1037 1372 1071 inter
1397 1047 1475 1080 nos,
1499 1040 1540 1072 ut
1564 1041 1599 1073 et
1622 1041 1663 1073 tu
1686 1049 1803 1074 meum
1826 1039 2094 1075 manumitteres
2114 1044 2150 1075 et
2171 1051 2233 1086 ego
2255 1046 2373 1079 tuum:

1283 1092 1345 1127 ego
1366 1083 1566 1126 manumisi,
1590 1086 1630 1118 tu
1658 1094 1729 1119 non
1760 1085 2014 1120 manumisisti:
2041 1096 2111 1131 qua
2131 1087 2272 1122 actione
2291 1088 2375 1123 mihi

1281 1127 1432 1170 teneris,
1465 1128 1665 1173 quaesitum
1690 1133 1754 1165 est.
1791 1130 1829 1165 in
1852 1130 1922 1165 hac
1947 1131 2154 1175 quaestione
2186 1132 2296 1168 totius
2328 1134 2374 1168 ob

1280 1183 1354 1208 rem
1379 1173 1454 1208 dati
1477 1177 1655 1209 tractatus
1674 1174 1730 1210 ins
1756 1175 1802 1210 ici
1822 1178 1951 1220 potest.
1989 1176 2050 1221 qui
2069 1176 2106 1211 in
2128 1177 2183 1213 his
2206 1179 2375 1223 competit

1281 1218 1486 1263 speciebus:
1513 1223 1576 1254 aut
1600 1219 1692 1255 enim
1718 1186 1762 1256 (Ε)
1787 1220 1852 1256 tibi
1875 1224 1917 1256 ut
1940 1220 2013 1264 des,
2038 1226 2102 1257 aut
2122 1222 2166 1257 do
2188 1226 2228 1257 ut
2246 1222 2372 1267 facias,

1281 1267 1344 1298 aut
1367 1263 1462 1299 facio
1486 1268 1528 1299 ut
1547 1264 1621 1307 des,
1647 1269 1711 1300 aut
1727 1265 1822 1302 facio
1843 1270 1883 1302 ut
1901 1266 2034 1302 facias:
2059 1267 2096 1302 in
2116 1268 2245 1313 quibus
2266 1279 2372 1314 quae-

1285 1312 1297 1343 l
1348 1309 1448 1352 ritur,
1475 1320 1567 1354 quae
1591 1310 1759 1356 obligatio
1784 1315 1964 1346 nascatur.
2013 1311 2063 1346 Et
2087 1312 2117 1348 si
2142 1313 2286 1358 quidem
2310 1325 2372 1359 pe-

1280 1354 1423 1389 cuniam
1455 1354 1554 1398 dem,
1591 1359 1631 1390 ut
1654 1366 1728 1391 rem
1761 1357 1953 1402 accipiam,
1987 1358 2117 1402 emptio
2150 1362 2186 1393 et
2217 1359 2372 1395 venditio

1279 1403 1353 1435 est:
1378 1400 1433 1435 sin
1457 1404 1578 1436 autem
1601 1411 1676 1436 rem
1700 1401 1765 1444 do,
1797 1406 1838 1437 ut
1861 1413 1935 1438 rem
1960 1403 2153 1448 accipiam,
2186 1404 2270 1449 quia
2301 1415 2372 1440 non

1278 1445 1397 1490 placet
1419 1447 1719 1491 permutationem
1741 1458 1859 1482 rerum
1880 1448 2092 1493 emptionem
2112 1459 2201 1492 esse,
2226 1449 2372 1485 dubium

1278 1502 1349 1526 non
1374 1494 1428 1526 est
1450 1492 1551 1527 nasci
1575 1492 1711 1528 civilem
1736 1493 1999 1539 obligationem,
2024 1494 2060 1528 in
2085 1505 2156 1539 qua
2175 1495 2316 1531 actione
2336 1496 2372 1531 id

1277 1536 1411 1579 veniet,
1442 1547 1516 1572 non
1539 1541 1580 1572 ut
1603 1537 1734 1573 reddas
1759 1538 1854 1584 quod
1878 1539 2080 1584 acceperis,
2114 1540 2177 1575 sed
2208 1543 2248 1575 ut
2273 1540 2366 1576 dam-

1278 1582 1371 1617 neris
1395 1582 1491 1625 mihi,
1541 1583 1642 1618 uanti
1665 1583 1813 1619 interest
1835 1594 1915 1619 mea
1938 1584 2026 1619 illud
2050 1584 2094 1620 de
2114 1596 2184 1631 quo
2208 1587 2372 1622 convenit

1277 1627 1456 1672 accipere:
1482 1594 1540 1663 vet}
1560 1629 1591 1663 si
1613 1639 1731 1664 meum
1755 1629 1914 1675 recipere
1933 1630 2047 1673 velim,
2073 1634 2256 1676 repetatur
2275 1632 2370 1677 quod

1277 1672 1399 1707 datum
1431 1677 1503 1716 est,
1536 1674 1638 1718 quasi
1662 1675 1708 1710 ob
1731 1685 1805 1709 rem
1830 1675 1953 1710 datum
1976 1686 2016 1710 re
2038 1686 2110 1711 non
2133 1680 2268 1712 secuta.
2308 1677 2371 1713 sed

1276 1717 1307 1753 si
1332 1719 1486 1764 scyphos
1510 1718 1575 1754 tibi
1600 1719 1693 1762 dedi,
1717 1723 1758 1755 ut
1778 1719 1939 1755 Stichum
1961 1721 2045 1756 mihi
2070 1721 2186 1764 dares,
2211 1722 2369 1767 periculo

1275 1774 1353 1798 meo
1379 1763 1523 1799 Stichus
1556 1764 1623 1799 erit
1655 1775 1698 1800 ac
1728 1769 1768 1800 tu
1801 1765 1989 1800 dumtaxat
2021 1766 2078 1802 cul
2106 1777 2162 1802 am
2186 1771 2370 1812 praestare

1276 1811 1295 1843 2
1345 1808 1463 1844 debes.
1498 1810 1686 1854 explicitus
1712 1814 1766 1846 est
1789 1811 1960 1846 articulus
1984 1811 2043 1846 ille
2092 1822 2112 1847 o
2136 1815 2177 1847 ut
2200 1812 2273 1848 des.
2322 1814 2371 1848 At

1276 1864 1357 1889 cum
1382 1853 1426 1890 do
1451 1858 1491 1889 ut
1514 1854 1629 1891 facias
1643 1856 1690 1898 ¹²,
1716 1856 1745 1891 si
1770 1856 1842 1891 tale
1866 1856 1912 1891 sit
1942 1855 2098 1899 factum,
2156 1857 2227 1893 uod
2258 1858 2370 1893 locari

1275 1899 1383 1942 solet,
1407 1903 1496 1952 puta
1519 1904 1560 1935 ut
1582 1901 1743 1936 tabulam
1766 1901 1893 1946 pingas
1907 1927 1916 1944 ‚
1949 1902 2103 1947 pecunia
2153 1906 2213 1938 ata
2237 1903 2368 1939 locatio

1275 1944 1358 1987 erit,
1391 1948 1485 1980 sicut
1517 1946 1698 1990 superiore
1723 1957 1809 1982 casu
1834 1947 1984 1992 emptio:
2018 1947 2048 1982 si
2072 1957 2147 1982 rem
2172 1948 2216 1983 do
2231 1949 2271 1991 ¹³,
2296 1960 2368 1984 non

1275 1990 1341 2025 erit
1365 1990 1509 2033 locatio,
1534 1991 1598 2027 sed
1618 1995 1786 2027 nascetur
1805 1992 1860 2027 vel
1880 1992 1990 2027 civilis
2011 1992 2104 2029 actio
2126 1993 2163 2028 in
2183 1993 2253 2029 hoc
2273 1995 2368 2039 quod

1274 2046 1353 2071 mea
1385 2036 1535 2072 interest
1567 2037 1623 2072 vel
1655 2037 1701 2072 ad
1733 2036 1964 2083 repetendum
1990 2037 2180 2073 condictio.
2219 2039 2315 2084 quod
2339 2038 2366 2075 si

1273 2081 1345 2116 tale
1369 2084 1423 2116 est
1446 2080 1593 2125 factum,
1619 2082 1715 2128 quod
1738 2082 1851 2118 locari
1874 2093 1947 2118 non
1971 2083 2096 2128 possit,
2148 2087 2209 2119 uta
2234 2088 2274 2120 ut
2293 2095 2366 2119 ser-

1273 2138 1354 2162 vum
1378 2126 1627 2171 manumittas,
1660 2128 1732 2163 sive
1765 2132 1902 2163 certum
1933 2131 2074 2174 tempus
2099 2139 2121 2164 a
2147 2129 2278 2165 iectum
2303 2134 2367 2173 est,

1273 2172 1366 2207 intra
1390 2172 1485 2217 quod
1509 2173 1779 2208 manumittatur
1803 2173 1921 2219 idque,
1946 2184 2027 2209 cum
2047 2175 2223 2219 potuisset
2241 2186 2366 2210 manu-

1273 2217 1383 2259 mitti,
1415 2217 1491 2253 vivo
1517 2227 1618 2254 servo
1643 2218 1842 2261 transierit,
1875 2219 1948 2254 sive
1979 2218 2119 2255 finitum
2143 2230 2216 2255 non
2239 2220 2308 2255 fuit
2333 2224 2368 2256 et

1273 2266 1412 2298 tantum
1436 2264 1606 2308 temporis
1631 2268 1883 2309 consumptum
1908 2264 1963 2307 sit,
1990 2268 2030 2300 ut
2052 2265 2210 2310 potuerit
2235 2265 2365 2301 debue-

1273 2308 1389 2353 ritque
1419 2308 1638 2351 manumitti,
1673 2309 1814 2345 condici
1846 2309 1877 2345 ei
1908 2313 2028 2354 potest
2058 2310 2113 2346 vel
2135 2311 2294 2356 praescri
2320 2311 2365 2346 tis

1273 2353 1388 2389 verbis
1421 2354 1495 2399 agi:
1529 2354 1624 2399 quod
1655 2355 1711 2390 his
1744 2365 1836 2400 quae
1861 2354 2012 2390 diximus
2039 2356 2213 2391 convenit.
2250 2366 2288 2391 se
2336 2357 2366 2392 si

1273 2399 1352 2434 dedi
1385 2399 1450 2434 tibi
1481 2409 1641 2442 servum,
1673 2404 1714 2435 ut
1738 2410 1878 2436 servum
1901 2403 2002 2436 tuum
2026 2401 2304 2444 manumitteres,
2330 2406 2366 2437 et

1272 2445 1507 2480 manumisisti
1532 2449 1567 2480 et
1597 2446 1628 2481 is
1660 2456 1764 2490 quem
1797 2445 1877 2481 dedi
1909 2445 2044 2481 evictus
2078 2449 2151 2488 est,
2187 2446 2218 2481 si
2250 2446 2364 2482 sciens

1272 2489 1370 2532 dedi,
1396 2489 1439 2525 de
1465 2490 1545 2526 dolo
1570 2490 1608 2525 in
1631 2501 1688 2525 me
1711 2490 1866 2526 dandam
1891 2491 2067 2526 actionem
2091 2492 2250 2527 Iulianus
2276 2492 2362 2527 scri-

1272 2538 1290 2570 3
1339 2536 1409 2578 bit,
1435 2536 1465 2571 si
1489 2536 1676 2581 ignorans,
1708 2537 1744 2571 in
1769 2536 1905 2571 factum
1932 2536 2077 2571 civilem.
2127 2536 2230 2581 Quod
2254 2537 2284 2572 si
2308 2536 2362 2572 fa-

1272 2581 1364 2616 ciam
1387 2583 1428 2616 ut
1453 2581 1515 2616 des
1541 2585 1577 2616 et
1600 2585 1835 2626 posteaquam
1859 2581 1947 2623 feci,
1981 2592 2101 2617 cessas
2126 2581 2231 2626 dare,
2265 2582 2363 2618 nulla

1270 2630 1290 2660 4
1339 2626 1406 2661 erit
1430 2626 1539 2663 civilis
1565 2627 1672 2669 actio,
1698 2630 1733 2662 et
1754 2627 1834 2662 ideo
1860 2626 1904 2662 de
1929 2627 2009 2662 dolo
2035 2626 2188 2662 dabitur.
2238 2626 2308 2663 Sed
2333 2628 2362 2663 si

1269 2671 1363 2707 facio
1388 2675 1429 2706 ut
1451 2671 1578 2714 facias,
1603 2672 1692 2707 haec
1717 2671 1853 2717 species
1877 2675 2053 2708 tractatus
2103 2672 2198 2708 lures
2221 2673 2359 2718 recipit.

1269 2727 1351 2752 nam
1375 2717 1407 2752 si
1429 2718 1527 2762 pacti
1551 2728 1691 2759 sumus,
1726 2721 1766 2752 ut
1795 2720 1836 2752 tu
1868 2727 1890 2752 a
1924 2727 2001 2753 meo
2026 2717 2070 2752 de
2095 2717 2186 2753 itore
2211 2717 2360 2753 Cartha-

1267 2762 1348 2814 gine
1372 2762 1502 2807 exigas,
1529 2773 1592 2807 ego
1617 2773 1639 2798 a
1658 2765 1721 2798 tuo
1742 2762 1889 2805 Romae,
1914 2762 1968 2798 vel
1992 2766 2033 2798 ut
2055 2765 2096 2798 tu
2119 2763 2156 2797 in
2181 2773 2270 2806 meo,
2296 2774 2360 2808 ego

1267 2818 1304 2842 m
1325 2811 1387 2843 tuo
1408 2807 1484 2843 solo
1505 2807 1700 2850 aedificem,
1726 2810 1762 2842 et
1782 2818 1801 2843 e
1825 2819 1845 2843 ο
1862 2808 1889 2829 ¹⁴
1910 2807 2095 2843 aedificavi
2116 2812 2152 2844 et
2169 2812 2209 2843 tu
2229 2819 2360 2851 cessas,

1266 2852 1302 2887 in
1336 2852 1493 2905 priorem
1528 2853 1682 2898 speciem
1716 2863 1800 2888 man
1826 2856 1924 2888 atum
1958 2852 2218 2898 quodammodo
2250 2854 2358 2889 inter-

1267 2908 1405 2933 vemsse
1426 2897 1576 2940 videtur,
1601 2898 1677 2933 sine
1700 2908 1770 2943 quo
1796 2898 1886 2943 exigi
1909 2899 2063 2944 pecunia
2083 2898 2197 2934 alieno
2218 2899 2359 2935 nomine

1266 2953 1339 2978 non
1373 2947 1511 2988 potest:
1549 2943 1708 2989 quamvis
1749 2944 1841 2979 enim
1873 2947 1908 2978 et
1940 2943 2120 2989 impendia
2153 2948 2358 2990 sequantur,

1266 2992 1386 3023 tamen
1416 2991 1578 3023 mutuum
1610 2988 1768 3024 officium
1799 2991 2023 3034 praestamus
2056 2992 2091 3025 et
2114 2993 2233 3035 potest
2256 3000 2356 3024 man-

1266 3034 1389 3068 datum
1424 3044 1468 3069 ex
1490 3037 1596 3078 pacto
1623 3034 1728 3069 etiam
1751 3038 1916 3069 naturam
1939 3044 2041 3070 suam
2065 3034 2236 3070 excedere
2262 3038 2356 3080 (pos-

1266 3089 1344 3114 sum
1369 3078 1460 3114 enim
1483 3079 1549 3113 tibi
1573 3079 1763 3122 mandare,
1800 3083 1841 3115 ut
1864 3082 1899 3115 et
1924 3079 2121 3115 custodiam
2145 3079 2229 3114 mihi
2253 3090 2355 3124 prae—

1266 3128 1338 3160 stes
1363 3127 1399 3159 et
1422 3134 1494 3159 non
1516 3124 1596 3169 plus
1620 3124 1806 3176 impendas
1825 3125 1863 3159 in
1883 3125 1939 3160 exi
1963 3124 2053 3160 endo
2075 3135 2182 3170 quam
2203 3124 2354 3176 decemp

1266 3173 1301 3204 et
1324 3169 1355 3204 si
1379 3169 1527 3205 eandem
1551 3173 1786 3215 quantitatem
1809 3169 1927 3215 impen
1955 3180 2104 3212 eremus,
2129 3169 2226 3204 nulla
2251 3169 2354 3204 dub1-

1266 3215 1354 3250 tatio
1380 3218 1445 3250 est.
1481 3215 1537 3250 sin
1561 3218 1680 3250 autem
1704 3215 1794 3251 alter
1817 3214 1914 3258 fecit,
1942 3217 2019 3250 ¹⁵ut
2051 3219 2086 3250 et
2117 3215 2175 3250 hic
2206 3213 2353 3249 manda-

1266 3265 1341 3295 tum
1364 3259 1598 3295 intervenisse
1620 3259 1801 3303 videatur,
1826 3261 1929 3306 quasi
1952 3260 2182 3295 refundamus
2206 3259 2353 3294 invicem

1265 3305 1461 3357 impensas:
1498 3314 1613 3350 neque
1647 3305 1740 3341 enim
1773 3305 1816 3341 de
1847 3316 1887 3341 re
1918 3309 1982 3340 tua
2013 3305 2081 3357 tibi
2110 3303 2251 3356 mando.
2273 3304 2350 3356 ‘sed

1265 3354 1375 3385 tutius
1407 3350 1473 3385 erit
1505 3353 1540 3385 et
1562 3350 1599 3384 in
1622 3350 1747 3386 insulis
1771 3350 1989 3386 fabricandis
2014 3354 2050 3386 et
2072 3361 2108 3384 1n
2132 3348 2352 3384 deb1t0r1bus

115 3395 128 3426 1
179 3392 229 3428 cis
255 3403 367 3439 agam.
415 3394 568 3430 Domino
600 3394 770 3430 mercium
793 3394 831 3429 in
854 3398 1060 3439 magistrum
1084 3395 1195 3437 navis,
1227 3388 1232 3438 Ι
1266 3394 1443 3439 exigendis
1455 3395 1685 3441 praescriptis
1697 3396 1813 3431 verbis
1836 3395 1914 3431 dari
1934 3396 2120 3437 actionem,
2142 3403 2233 3439 quae
2253 3393 2349 3428 actio

157 3509 196 3550 (1)
210 3508 291 3541 Sub.
303 3526 348 3532 —
361 3509 445 3542 Bas.
463 3509 513 3549 19,
529 3516 544 3542 9

116 3553 208 3585 tione
221 3554 255 3585 F

157 3599 198 3636 (4)
210 3597 292 3631 Sab.
303 3606 334 3637 13
349 3598 413 3631 Ed.
425 3606 450 3632 2.
462 3618 506 3623 —
515 3600 599 3632 Bas.
609 3600 663 3639 20,
674 3606 699 3633 3.
710 3618 755 3623 -—
766 3598 815 3643 Cf.
823 3598 901 3634 Cod.
912 3601 943 3642 4,
955 3606 991 3634 64
1024 3600 1067 3639 (5)
1078 3599 1197 3632 utrim-

112 3653 175 3684 que
189 3644 239 3675 F²
363 3646 406 3685 (6)
432 3644 634 3686 permutatio
647 3655 673 3677 e.
688 3655 718 3677 ν.
733 3655 760 3678 e.
775 3655 804 3687 q.
820 3655 853 3677 n.
867 3647 980 3687 potest
995 3645 1075 3678 add.
1088 3657 1197 3677 secun-

113 3689 187 3721 dum
201 3688 246 3727 Β,
261 3701 318 3721 om.
334 3689 366 3722 F
441 3691 482 3728 (7)
508 3689 754 3730 permutatione
767 3690 801 3721 F
877 3691 930 3730 (Τ)
955 3690 1123 3722 locatione
1138 3690 1196 3722 ins.

114 3735 158 3775 (8)
173 3733 297 3765 tradita
309 3744 341 3765 n.
352 3745 377 3766 r.
388 3744 415 3768 s.
429 3734 463 3766 in
478 3734 514 3766 id
527 3744 556 3778 q.
568 3733 708 3767 interest
721 3735 798 3769 add.
812 3747 873 3768 sec.
887 3735 933 3777 B,
948 3747 1005 3769 om·
1019 3735 1053 3769 F
1102 3736 1146 3777 (9)
1161 3744 1199 3767 ea

616 3511 659 3550 (2)
673 3509 805 3542 actione
818 3510 896 3543 add.
911 3510 977 3543 ind.
991 3511 1025 3542 F
1084 3515 1125 3551 (3)
1141 3521 1195 3541 ac-

1266 3511 1324 3542 ius.
1339 3509 1421 3542 Hal.

1312 3554 1372 3595 (ιο)
1398 3553 1483 3597 Pap.
1498 3561 1520 3588 1.
1537 3562 1627 3592 5...9;
1641 3556 1707 3589 Ed.
1721 3562 1747 3588 2.
1763 3561 1884 3592 10...¹2;
1899 3554 1983 3587 Sab.
1997 3560 2022 3585 3.
2038 3559 2063 3584 4.
2080 3559 2191 3585 13...26.
2206 3569 2250 3575 —
2265 3550 2348 3584 Bas.

1267 3600 1321 3638 20,
1335 3606 1361 3632 4.
1375 3617 1419 3622 -
1436 3599 1487 3643 Csl
1506 3599 1584 3633 Cod.
1597 3601 1631 3643 4,
1646 3607 1682 3634 64
1754 3602 1808 3641 (11)
1834 3597 2072 3630 descendamus
2085 3598 2159 3630 dett.
2218 3598 2277 3636 (12)
2303 3596 2349 3627 fa-

1268 3645 1337 3676 ciat
1351 3644 1383 3676 F
1503 3645 1561 3686 (13)
1586 3645 1629 3677 do
1642 3658 1701 3678 om.
1715 3645 1749 3677 F
1869 3643 1925 3682 (Η)
1952 3642 2046 3683 exegi
2060 3641 2110 3673 vel
2124 3644 2182 3674 ins.
2198 3641 2350 3674 Huschke

1270 3691 1327 3729 (15)
1353 3689 1515 3733 taliafere
1535 3691 1658 3723 insere.-
1679 3688 1768 3731 quod
1789 3699 1822 3720 se
1836 3687 2087 3720 aedificaturum
2107 3686 2244 3727 recepit,
2265 3685 2350 3718 alter

1270 3744 1338 3766 non
1351 3733 1443 3780 fecit,
1457 3734 1538 3768 item
1551 3735 1726 3768 aedificare
1740 3736 1879 3776 cogetur
1891 3732 1950 3775 qui
1964 3741 2030 3763 non
2044 3730 2124 3763 fecit

2031 3789 2075 3824 ³3
