2528 3918
205 94 332 137 xlm
361 96 442 137 3.4

203 219 223 251 2
270 214 440 261 pulando.
487 212 526 248 Si
549 212 620 248 duo
644 212 808 258 pluresve
829 213 1016 249 tabernam
1039 218 1229 249 exerceant
1254 216 1289 249 et

203 271 362 302 servum,
394 269 498 304 quem
522 268 566 292 ex
590 257 791 303 disparibus
814 258 978 303 partibus
1002 258 1201 300 habebant,
1233 257 1288 293 in-

202 306 362 342 stitorem
393 302 706 350 praeposuerint2,
738 306 858 338 utrum
881 314 946 349 pro
971 303 1154 339 dominicis
1177 303 1288 348 parti·

202 351 270 386 bus
306 352 495 385 teneantur
528 358 575 383 an
631 358 672 384 ro
704 358 727 383 a
771 348 912 384 ualibus
944 359 990 383 an
1024 359 1090 393 pro
1124 348 1289 393 portione

202 396 330 431 mercis
343 405 391 430 an
409 403 493 429 vero
511 393 550 428 in
567 403 608 429 so
625 392 732 436 dum,
771 393 912 429 ulianus
932 394 1081 438 quaerit.
1117 396 1154 428 et
1170 393 1288 428 verius

202 450 281 476 esse
312 440 364 475 ait
395 438 555 483 exemplo
588 438 823 474 exercitorum
847 443 883 473 et
906 438 950 474 de
973 438 1113 484 peculio
1138 437 1288 474 actionis

166 498 171 502 ·
202 486 240 520 in
263 484 413 520 solidum
436 493 722 536 unumquemque
753 484 932 519 conveniri
963 493 1087 528 posse,
1121 486 1157 518 et
1188 482 1287 528 quid-

226 529 288 565 uid
311 530 341 565 is
390 528 583 564 raestitent
630 539 668 564 m
691 533 885 565 conventus
918 533 991 571 est,
1022 528 1203 563 societatis
1234 528 1287 563 iu-

228 575 296 611 ’cio
319 540 388 610 vef
397 573 575 610 communi
636 572 790 609 vidundo
811 576 1058 618 consequetur,
1083 583 1190 618 quam
1208 583 1287 608 sen-

201 620 349 655 tentiam
372 623 410 655 et
431 629 542 664 supra
564 618 803 665 probavimus.

251 663 302 702 14
327 664 382 700 ΡΑ
390 673 486 700 vsvs
513 664 604 701 libro
635 667 766 710 quarto
798 663 849 698 ad
870 662 1054 698 Plautium
1100 662 1198 699 Idem
1222 663 1290 698 erit

202 714 239 746 et
260 710 292 746 si
314 710 452 745 alienus
477 719 602 745 servus
626 708 803 745 communi
826 707 935 743 merci
966 708 1191 753 praepositus
1224 707 1286 743 sit:

202 765 285 791 nam
315 754 484 791 adversus
514 758 704 799 utrumque
725 754 762 789 in
787 753 938 789 solidum
962 753 1056 789 actio
1081 753 1159 788 dari
1183 752 1289 788 debet

202 804 239 836 et
261 799 358 846 quod
381 800 532 852 quisque
561 799 797 852 praestiterit,
831 798 906 833 eius
938 802 1076 843 partem
1107 798 1288 834 societatis

202 845 259 881 vel
297 855 477 882 commum
508 844 700 880 dividundo
731 843 861 879 iudicio
898 847 1144 888 consequetur.
1193 847 1289 879 certe

202 890 417 936 ubicumque
447 890 542 926 actio
579 889 760 925 societatis
795 888 850 924 vel
886 888 1064 924 communi
1097 888 1288 924 dividundo

202 939 340 978 cessat,
371 945 545 987 quemque
570 945 634 987 pro
658 938 760 979 parte
783 943 850 969 sua
873 933 1102 969 condemnari
1125 938 1290 978 oportere

202 984 362 1022 constat,
385 980 495 1016 veluti
518 980 549 1015 si
573 990 620 1022 ιε,
646 980 746 1014 cuius
770 988 871 1014 servo
897 978 1070 1014 creditum
1094 983 1167 1021 est,
1200 979 1288 1014 duo-

202 1026 270 1062 bus
300 1025 490 1061 heredibus
522 1024 692 1060 institutis
723 1023 756 1058 ei
786 1033 886 1059 servo
910 1023 1111 1059 libertatem
1134 1024 1287 1059 dederit:

201 1081 285 1107 nam
318 1070 488 1106 heredum
522 1070 671 1115 quisque
706 1079 770 1114 pro
807 1079 873 1104 sua
914 1073 1018 1113 parte
1059 1069 1291 1105 conveniendi

202 1120 304 1169 sunt,
330 1116 414 1161 quia
437 1119 556 1151 cessat
578 1115 669 1150 inter
693 1124 754 1149 eos
780 1115 958 1149 communi
982 1114 1174 1150 dividundo
1197 1114 1289 1150 iudi·

204 1172 308 1196 cium.

251 1204 301 1243 15
334 1204 529 1242 Urmws
556 1205 647 1241 libro
678 1205 869 1240 vicensimo
900 1207 1027 1240 octavo
1058 1204 1108 1240 ad
1136 1205 1291 1242 edictum

200 1251 400 1287 Novissime
430 1250 613 1286 sciendum
644 1253 699 1285 est
729 1250 795 1285 has
827 1250 985 1285 actiones
1015 1255 1189 1295 perpetuo
1214 1250 1292 1286 dari

203 1301 240 1332 et
261 1296 299 1331 in
321 1295 488 1332 heredem
512 1299 549 1330 et
571 1294 772 1330 heredibus.

251 1339 302 1379 16
327 1340 487 1376 Panos
514 1340 605 1376 libro
637 1340 827 1376 vicensimo
858 1350 954 1375 nono
978 1339 1029 1375 ad
1050 1339 1204 1376 edictum
1252 1339 1291 1376 Si

202 1397 283 1422 cum
307 1386 410 1422 vilico
435 1385 585 1421 alicuius
611 1389 834 1420 contractum
858 1384 915 1427 sit,
939 1395 1013 1421 non
1036 1384 1143 1420 datur
1165 1385 1203 1420 in
1226 1386 1290 1421 do-

202 1432 336 1467 minum
359 1431 472 1473 actio,
505 1431 589 1475 quia
611 1430 735 1465 vilicus
759 1433 907 1475 propter
929 1429 1069 1466 fructus
1092 1431 1290 1476 percipien-

202 1477 286 1518 dos,
323 1487 396 1512 non
427 1480 574 1521 propter
605 1479 793 1520 quaestum
823 1475 1066 1520 praeponitur.
1109 1476 1141 1511 si
1170 1480 1291 1511 tamen

201 1522 343 1557 vilicum
377 1520 615 1556 distrahendis
651 1531 793 1566 quoque
827 1520 1005 1556 mercibus
1046 1522 1290 1566 praepositum

201 1567 379 1608 habuero,
403 1576 476 1601 non
500 1566 567 1601 erit
588 1565 749 1611 iniquum
773 1565 932 1611 exemplo
956 1565 1156 1602 institoriae
1179 1566 1290 1602 actio-

201 1623 282 1647 nem
304 1612 341 1646 in
365 1621 421 1647 me
445 1614 656 1656 competere.

251 1654 300 1693 17
326 1656 435 1692 1021
449 1656 540 1692 libro
553 1656 760 1702 triqensimo
773 1655 824 1691 ad
835 1655 989 1692 edictum
1035 1655 1074 1691 Si
1116 1657 1171 1692 uis
1190 1667 1290 1692 man-

201 1702 303 1746 cipiis
326 1702 382 1737 vel
404 1701 568 1737 iumentis
592 1701 825 1746 pecoribusve
849 1700 1005 1736 emendis
1028 1712 1094 1737 ven
1121 1701 1291 1747 endisque

200 1747 425 1792 praepositus
450 1746 513 1789 sit,
538 1757 612 1782 non
634 1746 751 1782 solum
772 1746 952 1781 institoria
975 1747 1144 1792 competit
1166 1747 1290 1783 adver-

201 1803 263 1828 sus
287 1802 367 1827 eum
391 1791 452 1837 qui
507 1791 709 1836 raeposuit,
741 1791 804 1826 sed
837 1791 943 1826 etiam
973 1791 1206 1827 redhibitoria
1235 1793 1290 1829 vel

201 1848 246 1873 ex
269 1837 442 1882 stipulatu
490 1837 596 1882 nplae
619 1837 808 1889 simplaeve
826 1837 865 1871 in
884 1836 1037 1872 solidum
1056 1836 1151 1873 actio
1172 1837 1291 1874 danda

204 1887 219 1917 1
270 1885 334 1918 est.
383 1881 421 1917 Si
443 1892 583 1917 servum
607 1882 692 1917 Titii
714 1881 914 1917 institorem
936 1882 1124 1924 habueris,
1155 1883 1212 1918 vel
1235 1887 1288 1919 te-

201 1938 284 1963 cum
318 1937 362 1962 ex
396 1927 466 1962 hoc
501 1927 618 1962 edicto
653 1927 709 1962 vel
744 1938 824 1962 cum
856 1927 950 1962 Titio
987 1938 1031 1962 ex
1063 1927 1290 1965 inferioribus

201 1972 327 2008 edictis
358 1981 463 2017 agere
519 1975 630 2007 otero.
667 1971 730 2007 sed
754 1972 784 2007 si
807 1976 848 2007 tu
872 1983 953 2008 cum
976 1983 1017 2008 eo
1043 1974 1208 2009 contrahi
1230 1985 1289 2010 ve-

201 2020 221 2052 2
267 2017 379 2059 misti,
401 2027 482 2053 cum
523 2017 585 2052 itio
607 2017 794 2052 dumtaxat
812 2018 869 2062 agi
880 2018 1022 2063 poterit.
1070 2018 1109 2054 Si
1127 2018 1289 2064 impubes

200 2062 295 2143 Basti-i
317 2062 463 2097 habenti
485 2062 666 2098 institores
688 2063 791 2098 heres
824 2063 1016 2106 exstiterit,
1050 2063 1177 2099 deinde
1209 2075 1290 2100 cum

228 2108 235 2115 ‘
281 2111 505 2143 contractum
528 2107 645 2149 fuerit,
671 2107 859 2143 dicendum
883 2112 939 2143 est
961 2108 998 2143 in
1018 2109 1192 2154 pupillum
1212 2109 1291 2146 dari

201 2152 379 2188 actionem
426 2156 547 2197 ropter
570 2153 759 2188 utilitatem
782 2153 974 2198 promiscui
997 2164 1096 2196 usus,
1121 2155 1289 2199 quemad-

201 2197 343 2233 modum
375 2209 398 2232 u
424 2197 437 2232 i
467 2202 551 2242 post
581 2202 731 2233 mortem
763 2198 910 2240 tutoris,
944 2198 1045 2234 cuius
1077 2200 1290 2235 auctoritate

203 2246 222 2278 3
269 2242 413 2278 institor
431 2243 658 2288 praepositus
679 2247 744 2286 est,
767 2254 848 2278 cum
868 2253 909 2278 eo
930 2244 1164 2280 contrahitur.
1199 2244 1290 2281 Eius

202 2291 408 2323 contractus
433 2291 529 2323 certe
552 2288 714 2331 nomine,
747 2288 808 2333 qui
840 2292 924 2324 ante
955 2288 1089 2324 aditam
1112 2290 1289 2325 heredita-

201 2337 272 2368 tem
293 2332 512 2375 intercessit,
546 2333 684 2368 etiamsi
713 2332 870 2369 furiosus
893 2333 996 2369 heres
1021 2335 1168 2378 existat,
1201 2335 1289 2371 dan-

202 2377 283 2413 dam
315 2387 393 2413 esse
422 2378 601 2413 actionem
631 2379 739 2414 etiam
769 2378 987 2430 Pomponius
1019 2380 1181 2425 scripsit:
1216 2391 1290 2416 non

202 2422 298 2475 enim
316 2422 564 2468 imputandum
588 2427 642 2459 est
665 2423 714 2466 ei,
740 2423 800 2469 qui
823 2434 939 2459 sciens
964 2424 1143 2460 dominum
1168 2425 1289 2461 deces-

202 2471 223 2502 4
270 2478 358 2503 sisse
368 2478 449 2503 cum
456 2468 620 2504 institere
629 2472 815 2507 exercente
823 2479 976 2504 mercem
986 2471 1187 2506 contrahat.
1200 2471 1289 2507 Pro-

203 2513 302 2548 culus
329 2512 397 2554 ait,
422 2513 452 2548 si
476 2513 728 2549 denuntiavero
752 2513 835 2555 tibi,
869 2524 914 2549 ne
937 2524 1038 2550 servo
1063 2525 1085 2550 a
1107 2526 1164 2551 me
1186 2526 1289 2561 prae-

202 2558 318 2602 posito
344 2557 518 2609 crederes,
543 2559 787 2611 exceptionem
810 2558 982 2594 dandam:
1009 2560 1052 2595 ‘si
1070 2560 1129 2596 ille
1147 2561 1199 2596 illi
1218 2572 1290 2597 non

203 2602 490 2645 ‘denuntlaverit,
522 2614 568 2638 ne
597 2604 648 2638 ilh
679 2614 780 2639 servo
813 2604 995 2640 crederet'.
1031 2605 1095 2640 sed
1126 2606 1157 2641 si
1181 2616 1224 2642 ex
1248 2617 1289 2642 eo

203 2650 390 2683 contractu
414 2648 592 2693 peculium
615 2649 748 2685 habeat
770 2653 834 2684 aut
855 2649 892 2684 in
915 2660 990 2685 rem
1013 2661 1128 2686 meam
1150 2661 1290 2688 versum

203 2692 273 2727 sit²
296 2702 362 2727 nec
384 2693 488 2728 velim
511 2704 581 2738 quo
606 2694 817 2739 locupletior
841 2695 907 2730 sim
938 2695 1091 2738 solvere,
1123 2697 1290 2742 replicari

204 2737 249 2772 de
273 2736 353 2772 dolo
378 2737 471 2773 malo
496 2742 655 2783 oportet.
688 2750 771 2774 nam
802 2739 913 2775 videri
935 2751 991 2776 me
1015 2741 1134 2776 dolum
1157 2743 1290 2777 malum

203 2785 223 2816 5
269 2780 400 2824 facere,
421 2783 482 2827 qui
501 2794 545 2818 ex
565 2783 682 2819 aliena
700 2784 839 2819 iactura
858 2785 998 2820 lucrum
1018 2797 1196 2831 quaeram.
1231 2787 1291 2822 Ex

203 2827 272 2862 hac
296 2837 406 2862 causa
430 2828 535 2863 etiam
559 2828 699 2865 condici
722 2840 829 2875 posse
851 2840 974 2866 verum
997 2835 1062 2866 est.

239 2867 303 2923 ,18
326 2871 432 2907 low
459 2873 549 2924 libro
572 2874 755 2920 sinqulari
775 2874 820 2910 de
842 2876 954 2911 variis
976 2875 1186 2912 lectionibus
1230 2877 1289 2913 In-

203 2920 308 2952 stitor
330 2921 404 2958 est,
436 2928 496 2962 qui
519 2918 689 2954 tabernae
711 2919 834 2956 locove
856 2920 904 2955 ad
927 2920 1114 2956 emendum
1136 2922 1290 2958 venden-

203 2961 330 2997 dnmve
347 2962 578 3040 pzaeponitur
597 2964 728 3009 quique
746 2965 822 3000 sine
839 2965 920 3001 loco
940 2966 986 3001 ad
1006 2966 1156 3002 eundem
1168 2971 1290 3003 actum

339 3017 376 3040 m
438 3034 446 3041 .

203 3016 574 3104 prffff‘hssfmasqs
593 3052 684 3105 libro
709 3055 813 3090 tertio
831 3066 1088 3102 responsorum
1133 3057 1176 3092 In
1196 3067 1287 3100 eum,

204 3107 264 3142 qm
286 3099 424 3149 mutius·
442 3106 522 3148 acci
547 3097 661 3133 iendis
718 3100 852 3136 ecuniis
884 3105 1154 3146 procuratorem
1184 3113 1288 3147 prae-

203 3145 343 3187 posuit,
376 3141 470 3176 utum
494 3152 527 3193 a·
565 3152 688 3188 exemp
704 3155 763 3179 um
785 3145 985 3182 institoriae
1008 3146 1151 3182 dabitur
1173 3147 1287 3183 actio:

204 3186 300 3238 quod
323 3196 435 3238 aeque
458 3185 660 3238 fac1endum
684 3189 751 3223 erit
774 3194 810 3226 et
831 3191 862 3226 si
885 3196 1098 3236 procurator
1120 3192 1293 3228 solvendo

207 3235 222 3266 1
272 3235 337 3274 sit,
371 3242 432 3283 qui
462 3232 647 3276 stipulanti
663 3234 865 3283 ‘pecuniam
923 3236 1069 3272 romisit.
1117 3236 1155 3272 Si
1177 3236 1288 3273 domi-

203 3286 290 3319 nus,
327 3287 388 3322 qm
417 3285 556 3311 servum
586 3277 783 3314 institorem
813 3290 885 3325 apu
941 3291 1099 3317 mensam
1129 3282 1289 3327 pecuniis

203 3320 422 3374 accipiendis
455 3321 600 3364 habuit,
643 3328 726 3367 post
760 3325 958 3362 libertatem
994 3336 1135 3372 quoque
1169 3327 1290 3363 datam

203 3366 297 3402 idem
315 3376 380 3411 per
399 3365 565 3401 libertum
586 3368 765 3412 negotium
785 3371 955 3412 exercuit,
978 3372 1150 3408 varietate
1173 3375 1289 3408 status

205 3414 224 3446 2
271 3421 343 3447 non
366 3411 564 3446 mutabitur
586 3411 734 3457 periculi
758 3424 879 3450 causa.
927 3416 1114 3452 Tabernae
1136 3427 1288 3469 praepo-

203 3455 293 3492 situs
316 3466 340 3509 a
362 3460 466 3502 patre
487 3455 581 3492 filius
604 3457 774 3493 mercium
794 3469 904 3495 causa
923 3465 1082 3497 mutuam
1102 3472 1289 3514 pecuniam

204 3505 362 3547 accepit:
394 3511 460 3547 pro
485 3511 526 3538 eo
549 3505 653 3547 pater
675 3501 866 3539 fideiussit:
899 3506 1005 3541 etiam
1035 3507 1212 3542 institoria
1242 3507 1288 3543 ab

206 3617 245 3655 (1)
270 3617 537 3657 praeposuerant
547 3615 592 3648 ΡΙ
685 3617 729 3657 (2)
753 3616 811 3648 sed
824 3617 852 3649 si
867 3627 936 3659 pec.
953 3618 1073 3652 habeat
1087 3616 1291 3655 autiwssssm.

208 3660 396 3738 ῗὶἕιιιιὲιυζίι
406 3670 445 3692 ex
458 3670 497 3692 eo
509 3663 685 3694 contr-otu
697 3672 760 3695 scr.
830 3663 874 3703 (3)
887 3662 1026 3695 institor
1039 3665 1119 3698 Hal.
1179 3666 1222 3705 (4)
1235 3666 1291 3698 cui

1286 87 1363 136 19⁰

2077 103 2139 134 nn
2167 103 2436 136 nunu-roma
2487 0 2528 135 ξ

1356 223 1398 249 eo
1455 216 1589 256 etetur,
1620 223 1701 249 cum
1730 217 1902 258 acceptae
1931 212 2107 258 pecuniae
2138 213 2294 258 speciem
2315 213 2437 248 fideiu-

1357 261 1377 294 3
1450 257 1541 294 endo
1566 258 1706 303 negotio
1729 258 1902 293 tabernae
1932 257 2123 294 miscuerit.
2171 256 2300 294 Servus
2330 268 2438 303 pecu·

1356 303 1423 339 niis
1454 307 1594 339 tantum
1622 302 1851 339 faenerandis
1882 303 2107 348 praepositus
2129 313 2193 348 per
2214 303 2438 338 intercessio·

1356 358 1436 384 nem
1468 358 1529 384 aes
1553 348 1707 383 alienum
1730 347 1928 400 suscipiens
1952 352 1994 382 ut
2014 347 2238 383 institorem
2261 347 2440 383 dominum

1355 394 1393 429 in
1415 393 1566 429 solidum
1586 393 1664 428 iure
1686 397 1866 438 praetorio
1886 404 1959 428 non
1978 392 2182 437 adstringit:
2207 392 2301 438 quod
2325 398 2440 428 autem

1355 448 1420 518 {ff}
1445 438 1622 519 θῗὸηὲὲέἷ
1645 437 2164 519 Reiiffssffifffiii‘ffissssauie‘
2182 437 2442 519 350⁸&ssssss

1357 495 1512 564 credilt)ae
1535 509 1660 563 cont'ra
1684 538 1764 563 eum
1790 528 1851 573 qui
1873 494 2047 573 delegazit
2070 509 2165 563 acti’o
2189 493 2353 573 quagsita
2376 531 2439 563 est.

1402 571 1455 611 20
1481 572 1682 608 Scawvom
1702 573 1792 609 libro
1811 573 1939 618 quinto
1961 573 2180 618 diqestorum
2226 572 2361 608 Lucius
2380 572 2440 608 Ti-

1355 618 1427 653 tius
1458 628 1602 654 mensae
1631 618 1887 654 nummulariae
1911 628 2018 662 quam
2041 617 2231 653 exercebat
2251 618 2378 653 habuit
2399 618 2440 652 li-

1355 663 1497 698 bertum
1516 664 1775 709 praepositum:
1797 663 1827 698 is
1841 662 1931 698 Gaio
1945 662 2026 698 Seio
2047 662 2140 698 cavit
2156 663 2193 697 in
2211 663 2301 698 haec
2314 663 2439 698 verba:

1358 708 1538 744 ‘Octavius
1570 708 1778 744 Terminalis
1809 718 1883 743 rem
1914 718 2022 752 agens
2054 707 2191 743 Octavii
2213 707 2342 743 Felicis
2366 707 2441 743 Do-

1357 754 1467 789 ‘mitio
1491 753 1603 789 Felici
1625 754 1785 789 salutem.
1830 753 1941 788 habes
1972 762 2082 797 penes
2113 763 2270 788 mensam
2300 753 2442 798 patroni

1358 799 1438 834 ‘mei
1470 799 1634 834 denarios
1665 799 1775 840 mille,
1802 808 1891 843 quos
1924 797 2088 833 denarios
2121 797 2222 832 vobis
2257 808 2442 834 numerare

1358 843 1505 879 ‘debebo
1550 843 1639 879 ridie
1658 843 1831 879 kalendas
1843 843 1984 878 Maias!
2020 843 2220 888 quaesitum
2240 847 2304 886 est,
2329 843 2440 879 Lucio

1358 889 1452 925 Titio
1484 889 1508 924 d
1544 892 1651 924 uncto
1677 889 1753 924 sine
1776 888 1906 923 herede
1930 887 2032 923 bonis
2056 887 2131 923 eius
2154 887 2304 923 venditis
2328 898 2375 923 an
2398 899 2443 923 ex

1359 934 1510 979 epistula
1541 934 1618 969 iure
1649 933 1828 969 conveniri
1859 933 2069 968 Terminalis
2100 932 2224 978 possit.
2260 932 2444 978 respondit

1359 990 1425 1015 nec
1454 979 1532 1014 iure
1562 979 1617 1014 his
1648 979 1765 1014 verbis
1796 978 1991 1023 obligatum
2020 988 2088 1013 nec
2119 978 2332 1023 aequitatem
2356 988 2441 1014 con-

1358 1024 1520 1060 veniendi
1544 1034 1624 1060 eum
1655 1034 1861 1069 superesse,
1895 1034 1976 1058 cum
1997 1023 2035 1058 id
2057 1023 2230 1058 institoris
2254 1022 2373 1059 officio
2397 1023 2443 1058 ad

1358 1069 1464 1105 fidem
1487 1079 1630 1105 mensae
1654 1069 1922 1115 protestandam
1947 1067 2157 1114 scripsisset.

1842 1161 1956 1201 nII‘.

1592 1228 1653 1261 DE
1678 1227 1978 1261 ΤῈΙΒΠΤΟΕΙΑο
2001 1226 2210 1262 ΔΟΤῙΟΝΕ.

1410 1293 1428 1332 1
1457 1293 1653 1331 {samm
1670 1294 1760 1331 libro
1772 1295 1964 1331 vicensimo
1976 1305 2071 1330 nono
2083 1293 2134 1329 ad
2142 1293 2296 1330 edictum
2330 1294 2444 1330 Huius

1360 1350 1502 1385 quoque
1526 1339 1633 1376 edicti
1663 1350 1736 1376 non
1765 1339 1911 1375 minima
1941 1339 2075 1375 utilitas
2100 1343 2173 1382 est,
2203 1342 2246 1374 ut
2268 1339 2443 1382 dominus,

1360 1385 1420 1430 qui
1451 1385 1610 1431 alioquin
1638 1385 1676 1421 in
1707 1385 1798 1421 servi
1829 1385 2073 1421 contractibus
2096 1384 2312 1430 privilegium
2335 1384 2445 1420 habet

1361 1431 1503 1476 (quippe
1539 1441 1620 1466 cum
1655 1430 1699 1466 de
1729 1430 1870 1476 peculio
1905 1430 2092 1466 dumtaxat
2124 1434 2307 1472 teneatur,
2342 1430 2444 1466 cuius

1359 1476 1490 1521 peculii
1521 1476 1720 1511 aestimatio
1745 1475 1896 1511 deducto
1922 1475 2018 1521 quod
2041 1475 2182 1511 domino
2207 1474 2356 1512 debetur
2378 1474 2443 1518 fit),

1358 1524 1496 1564 tamen,
1528 1521 1559 1556 si
1589 1521 1711 1557 scierit
1740 1531 1880 1557 servum
1910 1520 2083 1567 peculiari
2111 1530 2230 1556 merce
2260 1520 2444 1573 negotiari,

1358 1566 1455 1602 velut
1486 1571 1676 1602 extraneus
1709 1565 1863 1601 creditor
1894 1576 1939 1602 ex
1968 1566 2039 1602 hoc
2071 1565 2188 1601 edicto
2211 1565 2248 1601 in
2271 1565 2444 1600 tributum

1362 1615 1377 1646 1
1426 1615 1576 1647 vocatur
1584 1613 1609 1646 ⁷.
1657 1610 1761 1647 Licet
1790 1611 1917 1648 mercis
1949 1621 1995 1657 ap
2022 1611 2140 1647 ellatio
2172 1610 2356 1656 angustior
2386 1610 2444 1653 sit,

1359 1660 1402 1692 ut
1423 1667 1538 1702 neque
1562 1656 1608 1691 ad
1632 1666 1751 1692 servos
1775 1655 1926 1692 fullones
1950 1622 2266 1692 velpsarcinatores
2289 1655 2346 1691 vel
2367 1659 2443 1691 tex-

1357 1705 1455 1738 tores
1477 1702 1533 1737 vel
1555 1701 1801 1738 venaliciarios
1824 1702 2019 1747 pertineat,
2051 1705 2171 1737 tamen
2192 1700 2324 1737 Pedius
2354 1700 2444 1736 libro

1358 1747 1481 1792 quinto
1514 1746 1648 1782 decimo
1681 1746 1806 1783 scribit
1836 1746 1883 1782 ad
1907 1756 2028 1783 omnes
2051 1746 2306 1792 negotiationes
2330 1746 2443 1791 porri-

1359 1794 1379 1827 2
1425 1792 1579 1837 gendum
1599 1792 1765 1828 edictum.
1812 1791 2033 1828 Peculiarem
2056 1796 2175 1827 autem
2198 1801 2350 1827 mercem
2372 1801 2445 1827 non

1358 1837 1410 1873 sic
1433 1837 1486 1873 uti
1508 1838 1687 1883 peculium
1711 1837 1918 1883 accipimus,
1942 1837 2073 1883 quippe
2091 1836 2272 1883 peculium
2291 1836 2444 1872 deducto

1359 1882 1456 1927 quod
1468 1882 1611 1918 domino
1625 1882 1774 1918 debetur
1786 1883 1971 1935 accipitur,
1983 1893 2083 1919 merx
2094 1882 2294 1928 peculiaris,
2308 1881 2445 1917 etiamsi

1358 1927 1445 1963 nihil
1469 1928 1515 1963 sit
1536 1928 1575 1963 in
1596 1928 1756 1973 peculio,
1781 1928 1961 1963 dominum
1983 1927 2173 1963 tributoria
2196 1928 2348 1972 obligat,
2375 1927 2446 1962 ⁸ita

1358 1975 1378 2008 3
1426 1972 1567 2008 demum
1590 1974 1621 2009 si
1644 1973 1778 2009 sciente
1802 1984 1843 2009 eo
1867 1973 2115 2019 negotiabitur.
2163 1972 2356 2008 Scientiam
2386 1972 2445 2007 hic

1357 2028 1436 2054 eam
1453 2018 1658 2064 accipimus,
1682 2029 1774 2064 quae
1789 2019 1900 2054 habet
1919 2023 1954 2054 et
1972 2019 2202 2060 voluntatem,
2227 2017 2301 2060 sed,
2325 2021 2367 2053 ut
2424 2028 2444 2053 o

1357 2067 1457 2109 puto,
1480 2074 1551 2099 non
1571 2064 1803 2107 voluntatem,
1823 2064 1886 2100 sed
1905 2064 2130 2110 patientiam:
2154 2074 2227 2099 non
2247 2063 2340 2099 enim
2357 2027 2446 2099 vffie

1358 2109 1465 2144 debet
1488 2108 1671 2152 dominus,
1704 2109 1768 2145 sed
1798 2120 1870 2145 non
1902 2109 2006 2145 nolle.
2043 2109 2074 2145 si
2095 2109 2202 2154 igitur
2224 2108 2293 2144 scit
2314 2111 2351 2144 et
2372 2118 2446 2143 non

1357 2158 1579 2199 protestatur
1602 2158 1638 2190 et
1661 2158 1789 2190 contra
1812 2154 1917 2197 dicit,
1949 2154 2130 2190 tenebitur
2159 2154 2301 2189 actione
2329 2153 2443 2188 tribu-

1358 2202 1380 2234 4
1424 2199 1528 2235 toria.
1575 2200 1771 2236 Potestatis
1794 2200 1940 2235 verbum
1963 2199 2011 2235 ad
2033 2209 2173 2236 omnem
2196 2209 2338 2241 sexum,
2361 2198 2445 2234 item

1358 2244 1406 2280 ad
1428 2255 1561 2287 omnes,
1587 2245 1648 2290 qui
1671 2249 1756 2281 sunt
1778 2244 1892 2280 alieno
1916 2244 1987 2280 iuri
2010 2245 2171 2287 subiecti,
2195 2244 2292 2296 porri
2317 2243 2443 2278 endum

1359 2293 1378 2324 5
1426 2289 1503 2325 erit.
1550 2289 1634 2326 Non
1666 2291 1781 2326 solum
1813 2289 1860 2324 ad
1891 2300 2011 2326 servos
2042 2289 2234 2335 pertinebit
2255 2289 2304 2324 tri
2327 2288 2445 2324 utoria

1358 2335 1464 2377 actio,
1489 2345 1611 2370 verum
1634 2335 1682 2370 ad
1705 2345 1767 2371 eos
1791 2345 1942 2380 quoque,
1967 2334 2028 2380 qui
2046 2335 2150 2370 nobis
2169 2334 2264 2370 bona
2284 2333 2355 2368 fide
2372 2344 2443 2368 ser-

1358 2380 1467 2423 viunt,
1493 2380 1566 2416 sive
1588 2380 1690 2416 liberi
1712 2380 1786 2416 sive
1809 2380 1900 2415 servi
1923 2380 2029 2416 alieni
2051 2384 2153 2422 sunt,
2177 2379 2233 2415 vel
2254 2379 2293 2414 in
2315 2378 2444 2424 quibus

1358 2430 1463 2461 usum
1484 2425 1642 2461 fructum
1665 2425 1850 2467 habemus,

1404 2468 1430 2507 2
1454 2469 1614 2506 Paulus
1634 2470 1725 2507 libro
1750 2471 1959 2517 triqcnsimo
1983 2469 2034 2506 ad
2055 2469 2209 2505 edictum
2254 2472 2296 2504 ut
2324 2472 2444 2504 tamen

1358 2527 1474 2558 merx,
1507 2526 1578 2561 qua
1606 2516 1836 2561 peculiariter
1858 2515 2074 2560 negotietur,
2098 2514 2146 2550 ad
2169 2525 2234 2550 nos
2258 2513 2444 2559 pertineat.

1404 2558 1428 2599 3
1461 2561 1656 2598 Uzmmvs
1675 2561 1766 2597 libro
1789 2561 1979 2597 vicensimo
2003 2571 2098 2596 nono
2118 2559 2169 2595 ad
2186 2560 2341 2595 edictum
2377 2557 2448 2594 Sed

1358 2607 1389 2642 si
1412 2616 1535 2642 servus
1567 2606 1764 2642 communis
1795 2606 1843 2641 sit
1873 2609 1909 2641 et
1938 2605 2043 2641 ambo
2075 2604 2199 2655 sciant·
2222 2603 2373 2646 domini,
2408 2604 2444 2638 in

1358 2651 1564 2687 utrumlibet
1603 2662 1646 2687 ex
1675 2651 1744 2687 illis
1776 2650 1919 2686 dabitur
1954 2650 2065 2685 actio:
2102 2654 2139 2685 at
2170 2658 2202 2683 sl
2240 2648 2332 2684 alter
2366 2648 2444 2691 scit,

1359 2697 1448 2733 alter
1478 2697 1670 2742 ignoravit,
1704 2697 1743 2732 in
1773 2706 1854 2732 eum
1885 2695 1943 2740 qui
1967 2695 2034 2731 scit
2065 2695 2211 2730 dabitur
2240 2693 2352 2736 actio,
2384 2693 2442 2728 de-

1358 2742 1509 2778 ducetur
1531 2746 1651 2777 tamen
1675 2741 1826 2778 solidum
1845 2740 1941 2786 quod
1960 2740 1993 2777 ei
2011 2740 2072 2785 qui
2090 2738 2266 2785 ignoravit
2285 2739 2440 2774 debetur.

1382 2787 1453 2823 uod
1476 2787 1506 2823 si
1528 2787 1645 2832 ipsum
1669 2787 1748 2832 quis
1771 2786 1992 2831 ignorantem
2023 2785 2239 2824 convenerit,
2278 2784 2442 2828 quoniam

1358 2799 1568 2913 {abptgculiz
1581 2832 1800 2912 congenitur,
1820 2830 2017 2911 ᾱθιιίἰὲιοθιιιι·
2034 2830 2152 2910 {gaia
2162 2829 2304 2910 igiqluog
2317 2829 2444 2909 {Ziengi

1384 2888 1403 2912 e
1466 2889 1509 2912 ur
1532 2887 1551 2912 e
1697 2888 1732 2912 m
1754 2887 1791 2912 m
1907 2887 1984 2911 um:
2008 2886 2032 2910 n
2259 2885 2275 2909 s
2427 2894 2441 2900 -

1359 2888 1452 2958 culig
1477 2888 1800 2963 convessffiseesset,
1814 2886 1977 2957 sgnidum
2000 2919 2096 2965 quod
2119 2920 2151 2955 ei
2174 2886 2363 2971 debleretur
2380 2885 2442 2953 ge-

1359 2967 1568 3010 duceretur,
1602 2971 1639 3003 et
1669 2967 1721 3003 ita
1743 2966 1902 3002 Iulianus
1932 2966 2024 3001 libro
2057 2964 2264 3001 duodecimo
2288 2963 2441 3008 digesto-

1361 3016 1375 3048 1
1426 3023 1505 3048 rum
1528 3012 1681 3058 scripsit.
1729 3011 1768 3047 Si
1789 3021 1911 3047 servus
1935 3010 2060 3056 pupilli
2082 3010 2137 3045 vel
2160 3009 2285 3045 furiosi
2308 3009 2443 3044 sciente

1357 3062 1477 3093 tutore
1517 3058 1573 3094 vel
1607 3060 1773 3093 curatore
1806 3056 1844 3092 in
1877 3065 1994 3092 merce
2028 3055 2199 3107 peculiari
2232 3054 2441 3099 negotietur,

1359 3103 1478 3138 dolum
1501 3102 1642 3148 quidem
1665 3102 1793 3138 tutoris
1815 3100 1871 3137 vel
1891 3105 2064 3136 curatoris
2085 3110 2214 3135 nocere
2233 3099 2366 3144 pupillo
2389 3098 2441 3133 vel

1357 3148 1493 3184 furioso
1518 3158 1591 3184 non
1615 3147 1745 3183 debere
1766 3150 1874 3192 puto,
1906 3156 1973 3181 nec
2003 3150 2122 3180 tamen
2153 3145 2333 3196 lucrosum
2364 3153 2441 3196 esse

1361 3193 1507 3236 debere,
1539 3197 1576 3229 et
1598 3193 1677 3228 ideo
1701 3193 1874 3228 hactenus
1898 3201 1979 3227 eum
2003 3201 2047 3226 ex
2070 3189 2150 3225 dolo
2175 3193 2303 3224 tutoris
2327 3188 2442 3224 tubu-

1358 3239 1453 3274 t‘oria
1475 3238 1607 3280 teneri,
1633 3238 1663 3273 si
1686 3237 1772 3283 quid
1795 3237 1841 3272 ad
1865 3247 1944 3272 eum
1966 3235 2183 3288 perveneritt
2215 3234 2307 3269 idem
2339 3239 2376 3286 et
2405 3234 2441 3268 in

1356 3283 1490 3319 furioso
1509 3287 1610 3328 puto.
1643 3282 1802 3328 quamvis
1812 3281 2030 3326 Pompomus
2048 3280 2138 3315 libro
2160 3283 2286 3315 octavo
2307 3282 2439 3323 epistu-

1356 3327 1489 3371 larum,
1521 3328 1551 3364 si
1583 3327 1751 3364 solvendo
1782 3330 1881 3362 tutor
1903 3326 1966 3365 sit,
1998 3335 2041 3360 ex
2065 3324 2146 3360 dolo
2171 3324 2246 3360 eius
2269 3323 2439 3373 pupillum

1357 3373 1470 3408 teneri
1494 3373 1653 3418 scripsit:
1680 3377 1716 3408 et
1739 3382 1824 3408 sane
1846 3372 2019 3407 hactenus
2042 3370 2239 3412 tenebitur,
2262 3373 2304 3404 ut
2326 3371 2438 3404 actio-

1357 3420 1378 3453 2
1425 3428 1516 3461 nem,
1542 3429 1647 3464 quam
1670 3421 1796 3453 contra
1817 3420 1971 3452 tutorem
1990 3415 2133 3458 habeat,
2157 3417 2323 3467 praestet.
2373 3411 2444 3464 Sed

1358 3466 1394 3498 et
1417 3463 1447 3498 si
1470 3463 1583 3508 ipsius
1606 3462 1731 3509 pupilli
1763 3461 1843 3498 dolo
1875 3461 2011 3497 factum
2042 3460 2107 3503 sit,
2143 3469 2174 3495 si
2206 3469 2280 3495 eius
2312 3462 2438 3510 aetatis

1357 3507 1422 3550 sit,
1447 3512 1487 3543 ut
1510 3507 1582 3544 doli
1606 3518 1721 3554 capax
1745 3507 1808 3550 sit,
1840 3506 1981 3542 efficere
2003 3509 2044 3541 ut
2065 3508 2248 3547 teneatur,
2280 3513 2436 3550 quamvis

1406 3623 1448 3662 (5)
1474 3622 1555 3655 Sub.
1567 3640 1612 3646 —
1624 3622 1708 3655 Bas.
1729 3622 1777 3659 18,
1791 3629 1809 3654 2

1361 3669 1403 3707 (⁴1)
1429 3671 1567 3699 vocetur
1578 3667 1661 3701 Hal.
1755 3669 1798 3707 (8)
1823 3669 1859 3698 at
1871 3667 1931 3699 im.

1955 3626 1999 3661 (6)
2023 3621 2071 3654 εἰσ
2084 3621 2149 3653 ind.
2163 3620 2202 3659 F,
2218 3617 2399 3651 tributaria
2409 3618 2443 3650 F
