2528 3918
81 155 141 187 DE
153 154 214 185 Eo
228 151 306 192 QUI
322 152 410 183 PRO
428 151 526 183 Tu'r.
574 151 700 190 QUOD
718 150 859 181 FALSO
878 150 978 182 TU'r.

80 262 175 316 quod
199 264 282 296 ante
305 261 502 306 impensum
527 263 591 302 est,
617 259 689 294 sive
712 270 777 304 pro
797 262 914 294 tutore
930 260 1072 304 negotia
1093 269 1171 305 ges-

79 311 127 344 sit
157 310 192 342 et
222 309 349 350 postea
379 308 478 340 tutor
511 304 726 340 constitutus
759 308 832 346 est,
865 304 920 339 vel
952 305 1064 339 ventri
1096 308 1173 339 erat

81 355 242 389 curator:
274 350 337 385 sed
369 354 405 385 et
436 350 465 384 si
496 360 568 384 non
599 359 663 394 pro
696 352 816 384 tutore
848 350 991 394 negotia
1014 351 1171 395 gerebat,

80 397 185 433 debet
217 395 337 430 venire
368 394 463 439 quod
495 398 578 429 ante
608 394 806 438 impensum
838 398 910 429 est:
948 394 1173 430 deducuntur

79 442 170 478 enim
193 440 230 475 in
252 439 385 475 tutelae
407 438 576 474 iudicium
593 442 766 484 sumptus,
781 449 1025 484 quoscumque
1047 440 1172 475 fecerit

79 487 115 522 in
149 495 222 520 rem
256 484 400 530 pupilli,
431 484 484 520 sic
518 487 660 526 tamen,
695 483 725 518 si
762 494 805 518 ex
840 485 936 519 bona
971 484 1041 520 fide
1074 485 1170 520 fecit.

79 535 98 566 9
145 530 247 565 Hanc
270 529 447 564 actionem
471 533 681 574 perpetuam
706 538 784 564 esse
807 529 927 574 palam
952 533 1024 573 est,
1050 534 1086 566 et
1108 530 1171 565 he-

78 575 153 611 redi
177 578 212 610 et
233 574 271 609 in
294 573 458 609 heredem
482 573 559 609 dari
576 578 783 618 ceterosque
799 584 1025 610 successores
1043 577 1101 610 et¹
1125 574 1172 610 ad

79 630 167 666 quos
191 629 233 655 ea
256 629 312 654 res
336 619 491 664 pertinet
515 622 550 653 et
572 619 610 654 in
634 629 705 654 eos.

124 664 149 702 4
173 664 199 700 I
200 673 366 700 nunus
396 663 489 700 libro
520 665 684 699 vicesimo
709 664 834 709 primo
871 664 1092 710 digestorum
1138 665 1173 699 A

79 710 190 745 tutela
211 712 368 744 remotus
393 719 435 744 eo
458 709 538 744 loco
562 709 687 744 haberi
712 709 827 751 debet,
858 719 928 754 quo
954 713 1050 745 esset
1072 709 1173 745 finita

78 755 200 797 tutela,
225 757 261 789 et
284 754 379 789 sicut
401 755 561 790 actiones
586 754 722 799 patitur
745 754 890 799 perinde
909 764 952 789 ac
969 755 999 790 si
1015 755 1172 800 pupillus

79 800 190 846 pubes
213 798 332 835 factus
357 803 468 841 esset,
499 799 551 834 ita
583 799 762 834 contrario
794 799 944 841 iudicio,
970 800 1000 834 si
1031 800 1117 845 quid
1142 800 1174 835 ei

79 845 202 887 aberit,
225 844 392 889 persequi
415 844 575 879 debebit:
609 844 696 879 nihil
719 844 813 879 euim
836 845 1004 888 prohibet
1026 855 1172 891 suspec-

79 895 151 924 tum
174 893 329 924 tutorem
353 899 450 932 esse,
483 889 641 934 quamvis
673 889 858 934 complura
890 890 927 924 in
951 900 1026 925 rem
1047 890 1175 936 pupilli

79 936 125 970 im
153 934 300 977 enderit‚
325 944 417 980 quae
441 944 521 969 eum
545 935 708 970 amittere
731 945 804 970 non
828 938 981 979 oportet.

123 945 149 1016 ξ
179 979 382 1015 Uzpsms
409 980 499 1016 libro
525 981 647 1026 primo
682 990 937 1026 responsorum
997 980 1175 1016 Heredem

79 1024 216 1066 tutoris,
250 1025 281 1060 si
316 1034 395 1060 eam
430 1035 605 1060 summam
637 1025 800 1066 solverit,
834 1024 872 1059 in
896 1035 1004 1070 quam
1028 1025 1176 1071 obligati

101 1081 125 1105 u
151 1070 199 1104 illi
234 1069 401 1112 fuerunt,
438 1070 615 1105 actionem
651 1069 866 1105 contrariam
901 1070 1071 1107 adversus
1113 1081 1174 1107 eos

78 1081 208 1150 fingere
232 1124 339 1160 posse
362 1115 541 1160 respondi.

123 1157 147 1197 6
173 1159 227 1194 ΡΑ
237 1169 332 1195 ULUS
352 1160 442 1196 libro
467 1161 592 1206 quinto
616 1159 667 1195 ad
692 1159 874 1195 Plautium
922 1161 960 1196 Si
982 1165 1081 1196 tutor
1106 1172 1172 1207 pro

78 1205 210 1250 pupillo
246 1215 285 1240 se
320 1205 504 1250 obligavit,
540 1204 650 1240 habet
681 1205 896 1240 contrariam
929 1206 1106 1241 actionem
1139 1210 1174 1241 et

78 1255 270 1295 antequam
293 1250 421 1286 solvat.

591 1388 660 1429 V².

110 1455 171 1488 DE
195 1454 256 1488 EO
281 1454 359 1491 QUI
383 1455 470 1487 PRO
496 1454 676 1487 TUTORE
701 1453 876 1486 ΡΒΟἛΤΕ8
900 1453 1140 1487 CURATORE

424 1499 627 1532 NEGOTIA
653 1499 822 1532 GESSIT.

126 1565 143 1603 1
180 1565 376 1602 Uzmiws
390 1565 481 1601 libro
499 1566 683 1611 triqesz'mo
699 1569 804 1601 sexto
824 1565 874 1600 ad
888 1566 1042 1601 edictum
1082 1565 1171 1601 Pro-

77 1611 208 1646 tutclae
233 1612 409 1647 actionem
432 1611 635 1646 necessario
667 1613 813 1655 praetor
844 1611 1052 1655 proposuit:
1089 1621 1173 1646 nam

77 1657 159 1702 quia
182 1657 390 1701 plerumque
412 1656 589 1691 incertum
622 1660 694 1697 est,
729 1659 849 1690 utrum
881 1656 960 1701 quis
992 1659 1091 1691 tutor
1126 1666 1173 1691 an

77 1712 158 1737 vero
183 1702 286 1746 quasi
309 1705 408 1736 tutor
432 1711 496 1746 pro
521 1701 663 1736 tutore⁴
689 1700 988 1736 administraverit
1010 1701 1171 1743 tutelam,

76 1747 209 1782 idcirco
234 1747 271 1781 in
294 1751 483 1791 utrumque
508 1756 632 1781 casum
656 1746 833 1781 actionem
857 1747 1010 1791 scripsit,
1035 1751 1077 1781 ut
1100 1747 1173 1782 sive

76 1796 173 1827 tutor
198 1796 252 1827 est
275 1792 347 1826 sive
371 1802 443 1826 non
468 1791 513 1826 sit
537 1792 597 1836 qui
619 1791 739 1836 gessit,
765 1791 906 1826 actione
929 1796 1049 1827 tamen
1072 1795 1171 1827 tene-

75 1841 184 1872 retur.
233 1837 350 1872 solent
374 1837 466 1871 enim
490 1836 608 1881 magni
633 1846 769 1872 errores
793 1836 1026 1878 intercedere,
1044 1844 1084 1871 ut
1101 1837 1172 1871 dis-

43 1897 45 1899 ·
77 1882 173 1918 cerni
196 1881 302 1917 facile
325 1892 397 1917 non
421 1882 546 1926 possit,
571 1885 691 1916 utrum
715 1882 792 1927 quis
815 1885 914 1917 tutor
929 1882 1038 1917 fuerit
1062 1886 1097 1917 et
1121 1882 1173 1917 sic

77 1927 235 1973 gesserit,
260 1937 307 1962 an
330 1937 413 1962 vero
438 1937 511 1962 non
526 1926 645 1966 fuerit,
669 1937 734 1972 pro
752 1930 871 1962 tutore
891 1931 1011 1961 tamen
1026 1937 1173 1962 munere

79 1976 94 2008 1
142 1972 287 2008 functus
312 1973 368 2007 sit.
416 1972 486 2007 Pro
518 1976 638 2007 tutore
671 1976 791 2007 autem
822 1973 965 2017 negotia
986 1972 1087 2016 gerit,
1111 1973 1173 2017 qui

76 2027 222 2053 munere
244 2018 374 2053 tutoris
397 2016 558 2062 fungitur
581 2017 618 2051 in
642 2027 681 2052 re
695 2017 901 2062 impuberis,
923 2018 996 2053 sive
1016 2028 1054 2052 se
1070 2022 1173 2062 putet

77 2066 96 2098 2
132 2066 299 2105 tutorem,
325 2063 397 2098 sive
421 2063 489 2097 scit
512 2073 585 2097 non
602 2072 692 2104 esse,
710 2062 818 2106 finget
832 2066 952 2098 tamen
969 2073 1056 2097 esse.
1083 2063 1171 2098 Pro-

76 2108 157 2143 inde
193 2112 228 2143 et
263 2108 294 2143 si
329 2118 451 2143 servus
488 2107 591 2152 quasi
621 2111 721 2142 tutor
753 2108 872 2152 egerit,
898 2108 998 2143 divus
1023 2107 1172 2143 Severus

77 2156 96 2188 3
135 2153 319 2198 rescripsit
336 2152 493 2187 dandum
509 2153 545 2187 in
570 2152 750 2188 dominum
766 2153 936 2188 iudicium
952 2153 1048 2188 utile.
1084 2153 1173 2188 Cum

77 2207 130 2240 eo,
155 2198 214 2243 qui
237 2209 302 2243 pro
327 2201 447 2232 tutore
480 2198 621 2242 negotia
652 2199 771 2242 gessit,
805 2198 911 2233 etiam
936 2202 1019 2233 ante
1042 2199 1174 2243 puber-

78 2247 188 2278 tatem
220 2244 277 2288 agi
309 2253 415 2288 posse
445 2243 544 2277 nulla
576 2243 750 2278 dubitatio
784 2246 848 2285 est,
872 2244 956 2288 quia
976 2244 1077 2279 tutor
1100 2255 1173 2280 non

76 2291 98 2324 4
144 2291 208 2324 est.
258 2288 401 2333 Quare-'³
434 2288 463 2323 si
496 2288 574 2333 quis
598 2287 708 2323 ·finita
742 2288 855 2323 tutela
878 2299 943 2333 pro
968 2292 1087 2324 tutore
1111 2298 1172 2324 ne-

77 2336 96 2368 5
143 2334 240 2379 gotia
262 2333 455 2378 impuberis
480 2333 599 2378 gessit,
625 2333 815 2368 tenebitur.
862 2332 933 2368 Sed
958 2338 993 2369 et
1020 2334 1050 2369 si
1073 2334 1173 2379 prius

76 2389 140 2425 pro
165 2382 284 2414 tutore
310 2378 621 2421 administraverit,
648 2378 774 2413 deinde
799 2379 902 2423 quasi
925 2382 1033 2421 tutor,
1059 2389 1174 2425 aeque

76 2424 254 2459 tenebitur
307 2434 351 2459 ex
393 2434 434 2458 eo
486 2423 581 2468 quod
630 2434 695 2468 pro
739 2427 857 2459 tutore
903 2424 1172 2467 administravit,

77 2469 234 2514 quamvis
268 2469 475 2504 devolvatur
506 2469 564 2504 hic
596 2472 717 2514 gestus
750 2469 787 2503 in
819 2469 953 2504 tutelae
984 2470 1171 2505 actionem.

78 2518 97 2549 6
144 2514 182 2549 Si
206 2514 284 2559 quis
317 2514 419 2559 quasi
453 2518 552 2549 tutor
582 2514 725 2559 negotia
747 2515 896 2559 gesserit
920 2515 995 2550 eius
1020 2515 1080 2560 qui
1102 2515 1174 2550 iam

76 2559 188 2604 pubes
221 2563 274 2594 est
304 2570 419 2604 neque
450 2562 605 2594 tutorem
637 2559 770 2594 habere
800 2563 940 2604 potest,
973 2560 1174 2605 protutelae

77 2605 170 2640 actio
207 2609 342 2640 cessat:
385 2604 490 2639 simili
524 2604 628 2639 modo
666 2608 701 2639 et
736 2604 766 2639 si
798 2605 891 2646 eius,
924 2606 984 2649 qui
1016 2605 1174 2640 nondum

77 2654 182 2685 natus
208 2654 273 2685 est.
308 2660 392 2684 nam
423 2653 464 2684 ut
494 2660 558 2694 pro
592 2653 712 2685 tutore
743 2649 821 2694 quis
851 2655 969 2694 gerat,
994 2660 1073 2685 eam
1097 2661 1175 2686 esse

78 2705 267 2740 personam
300 2698 461 2740 oportet,
496 2695 597 2729 cuius
630 2699 729 2729 aetas
761 2695 910 2740 recipiat
941 2699 1112 2737 tutorem,
1138 2696 1174 2730 id

79 2744 132 2775 est
172 2740 391 2785 impuberem
428 2750 506 2775 esse
542 2743 694 2785 oportet.
751 2739 814 2774 sed
851 2740 918 2775 erit
951 2741 1174 2785 negotiorum

80 2788 97 2819 7
145 2789 325 2830 gestorum
349 2785 453 2820 actio.
502 2784 540 2819 Si
566 2789 710 2820 curator
740 2784 917 2829 impuberi
952 2796 974 2820 a
1009 2789 1175 2830 praetore

79 2829 183 2865 datus
207 2831 350 2876 negotia
372 2830 539 2874 gesserit,
572 2840 630 2872 an,
656 2830 758 2874 quasi
782 2840 847 2875 pro
872 2834 992 2866 tutore
1013 2831 1173 2875 gesserit,

79 2878 251 2916 teneatur,
277 2876 468 2920 quaeritur.
506 2878 542 2910 et
566 2879 620 2910 est
642 2876 759 2910 verius
785 2885 926 2910 cessare
944 2876 1037 2911 hanc
1061 2876 1173 2911 actio-

79 2931 169 2962 nem,
195 2921 279 2965 quia
303 2920 421 2956 officio
448 2921 621 2955 curatoris
645 2920 793 2955 functus
811 2924 875 2955 est.
902 2921 932 2956 si
948 2921 1027 2966 quis
1042 2924 1174 2963 tamen,

81 2976 159 3000 cum
183 2969 281 3001 tutor
304 2976 377 3000 non
412 2970 523 3007 esset,
558 2965 761 3010 compulsus
800 2975 823 3001 a
857 2970 1024 3010 praetore
1063 2966 1118 3001 vel
1154 2977 1175 3000 a

81 3010 262 3054 praeside,
298 3010 382 3045 dum
417 3021 455 3046 se
489 3014 594 3055 putat
628 3014 804 3053 tutorem,
835 3011 984 3056 gesserit
1014 3011 1174 3053 tutelam,

80 3055 278 3097 videndum,
312 3066 359 3090 an
389 3066 454 3100 pro
487 3060 606 3090 tutore
629 3059 805 3091 teneatur.
840 3059 874 3091 et
898 3056 1008 3101 magis
1033 3060 1099 3098 est,
1124 3060 1174 3095 ut,

82 3101 238 3144 quamvis
275 3101 478 3146 compulsus
521 3101 691 3145 gesserit,
727 3101 839 3136 teneri
881 3105 1000 3136 tamen
1036 3101 1173 3142 debeat,

82 3146 188 3189 quia⁰
212 3146 329 3181 animo
354 3146 483 3181 tutoris
506 3146 626 3190 gessit,
652 3156 733 3181 cum
763 3150 862 3181 tutor
892 3157 965 3181 non
997 3150 1101 3181 esset.
1139 3151 1177 3180 at

81 3189 147 3224 iste
172 3194 316 3226 curator
339 3201 412 3225 non
436 3191 538 3235 quasi
561 3194 670 3232 tutor,
696 3191 759 3225 sed
775 3192 877 3235 quasi
895 3195 1038 3226 curator
1055 3192 1173 3236 gessit.

83 3236 102 3268 8
127 3237 146 3269 9
193 3235 235 3270 In
252 3236 452 3280 protutelae
467 3235 597 3271 iudicio
617 3246 746 3271 usurae
763 3247 903 3280 quoque
920 3237 1075 3271 veniunt.
1107 3236 1176 3271 Sed

83 3282 200 3314 utrum
225 3281 443 3316 solummodo
468 3281 505 3315 in
528 3280 565 3315 id
589 3281 685 3325 quod
707 3281 818 3325 gessit
833 3281 1013 3316 tenebitur
1029 3292 1075 3316 an
1092 3292 1174 3316 vero

82 3324 118 3358 in
141 3324 178 3359 id
202 3325 307 3360 etiam
332 3325 427 3370 quod
450 3335 571 3370 gerere
596 3325 743 3360 debuit?
775 3330 810 3360 et
828 3326 858 3361 si
876 3326 1015 3371 quidem
1032 3327 1175 3361 omnino

83 3379 154 3403 non
179 3370 295 3414 attigit
317 3371 477 3412 tutelam,
501 3382 574 3406 non
597 3371 794 3406 tenebitur:
827 3381 872 3406 ne
897 3381 942 3406 ue
958 3371 1050 3407 enim
1067 3372 1175 3406 attin-

83 3423 163 3457 gere
199 3414 321 3449 debuit
356 3416 415 3460 qui
450 3419 549 3450 tutor
584 3426 656 3451 non
690 3416 768 3450 fuit.
806 3426 875 3460 quo
936 3417 966 3451 si
1001 3416 1177 3461 quaedam

84 3459 208 3502 gessit,
240 3459 447 3503 videndum,
480 3471 526 3495 an
558 3461 664 3495 etiam
697 3471 818 3496 eorum
850 3471 940 3505 quae
964 3472 1037 3497 non
1066 3461 1177 3506 gessit

84 3507 264 3537 teneatur:
310 3508 346 3537 et
378 3505 551 3540 hactenus
586 3506 782 3548 tenebitur,
820 3506 850 3540 si
886 3506 975 3541 alius
1010 3512 1175 3551 gesturus

86 3616 124 3656 (1)
151 3619 343 3659 ceterosque
357 3628 561 3650 successores
575 3621 620 3660 et]
634 3620 820 3661 ceterisque
834 3620 988 3664 Krueyer

132 3661 174 3702 (2)
199 3662 279 3695 Sal).
295 3670 327 3701 13
360 3663 426 3695 Ed.
441 3670 524 3698 2...5.
557 3682 602 3688 —
638 3665 724 3697 Bas.
737 3666 791 3705 38,
807 3672 834 3698 5.
858 3682 904 3688 —
933 3665 982 3708 Os.
1001 3665 1076 3698 Cod.
1093 3666 1125 3706 5,
1140 3672 1173 3697 45

88 3705 128 3744 (3)
154 3716 214 3747 pro
227 3707 279 3739 vel
293 3708 358 3740 ind.
373 3708 422 3740 Fl.

87 3757 148 3789 pro
161 3754 270 3784 tutore
283 3763 345 3785 scr.

543 3710 584 3750 (4)
609 3712 721 3741 utrum
736 3710 811 3751 quis
825 3709 921 3751 quasi
935 3712 1027 3741 tutor
1040 3720 1082 3742 an
1097 3719 1175 3741 vero

440 3754 482 3794 (5)
509 3763 610 3794 quare
624 3755 685 3787 del.
781 3755 824 3794 (6)
850 3754 970 3795 quiF²

1175 135 1262 181 365

2010 138 2177 181 XXVII
2192 141 2231 180 4.
2254 142 2292 180 5.
2313 142 2338 180 6

1240 259 1319 294 fuit.
1368 259 1431 295 sed
1455 261 1491 294 et
1515 257 1546 294 si
1568 258 1722 303 cognito,
1739 259 1834 304 quod
1858 263 1955 296 tutor
1980 271 2052 296 non
2067 260 2147 302 fuit,
2166 261 2340 296 abstinuit

1242 314 1280 339 se
1305 302 1623 345 administratione,
1648 302 1848 346 videamus,
1882 316 1928 340 an
1952 310 2127 347 teneatur,
2161 306 2191 341 si
2215 316 2338 342 neces-

1242 350 1356 385 sarios
1381 349 1508 395 pupilli
1531 359 1603 383 non
1627 348 1841 391 certioravit,
1866 355 1907 385 ut
1931 351 1963 386 ei
1986 355 2140 386 tutorem
2157 355 2337 396 peterent:

1241 394 1338 440 quod
1361 395 1478 429 verius
1504 397 1566 429 est.

1288 437 1313 475 2
1342 440 1488 475 Cusas
1508 439 1598 474 libro
1623 438 1789 474 vicesimo
1838 440 1940 475 uinto
1965 441 2187 487 diqestorum
2234 441 2273 476 Si
2295 441 2339 485 is,

1242 485 1303 529 qui
1332 494 1398 530 pro
1422 488 1540 519 tutore
1564 483 1707 535 negotia
1729 449 1886 528 geregat
1912 495 1992 520 cum
2016 489 2115 521 tutor
2138 497 2209 521 non
2234 490 2337 530 esset,

1241 540 1317 565 rem
1365 529 1466 574 upilli
1488 528 1646 564 vendidit
1669 538 1735 564 nec
1767 538 1811 563 ea
1841 534 2019 575 usucapta
2050 535 2115 572 est,
2139 535 2237 584 petet
2260 542 2339 569 eam

1241 574 1324 654 Eup'
1353 585 1408 617 us,
1433 583 1647 619 quamquam
1671 573 1705 609 ei
1728 576 1874 609 cautum
1898 579 1968 610 est:
2004 586 2075 611 non
2100 587 2191 612 emm
2216 576 2340 613 eadem

1267 629 1347 654 mus
1371 629 1464 664 quae
1486 618 1616 654 tutoris
1641 622 1697 654 est
1719 628 1838 654 rerum
1862 620 1986 664 pupilli
2010 621 2279 658 administratio.

1287 662 1312 702 3
1338 663 1384 699 IA
1393 673 1565 699 vozfflvos
1584 663 1675 699 libro
1692 665 1819 709 quinto
1839 664 2077 710 epistularum
2123 666 2275 711 Quaero,
2292 677 2340 703 an

1241 709 1271 745 is
1296 709 1368 755 qui,
1393 720 1475 744 cum
1498 713 1598 744 tutor
1619 711 1836 744 testamento
1861 708 1966 745 datus
1991 714 2086 745 esset
2105 716 2139 746 et
2162 712 2199 747 id
2222 712 2340 757 ipsum

1241 755 1432 800 ignoraret,
1464 765 1529 800 pro
1562 756 1683 789 tutore
1713 754 1856 798 negotia
1887 755 2013 799 pupilli
2044 757 2211 800 gesserit,
2237 758 2341 802 quasi

1241 802 1340 834 tutor
1363 809 1411 834 an
1434 799 1539 845 quasi
1561 809 1626 843 pro
1651 802 1770 834 tutore
1794 799 1936 843 negotia
1958 801 2126 844 gesserit,
2161 805 2338 838 teneatur.

1242 844 1444 889 respondit:
1478 855 1550 879 non
1573 847 1661 888 puto
1685 844 1799 879 teneri
1821 845 1924 889 quasi
1948 848 2114 888 tutorem,
2141 847 2224 891 quia
2248 848 2340 883 scire

1243 899 1385 935 quoque
1408 900 1447 924 se
1470 892 1626 924 tutorem
1650 899 1728 924 esse
1754 889 1872 930 debet,
1903 893 1943 925 ut
1976 900 2017 926 eo
2042 890 2174 926 affectu
2198 892 2341 937 negotia

1242 939 1354 980 gerat,
1380 945 1450 980 quo
1474 937 1574 970 tutor
1621 944 1719 969 erere
1742 934 1882 970 debeat.

1289 978 1315 1016 4
1340 979 1571 1015 POMPONIUS
1605 979 1682 1015 z'bro
1706 982 1811 1015 sexto
1835 980 1974 1016 decimo
1998 980 2048 1015 ad
2070 980 2240 1023 Quintum
2258 981 2340 1017 Mu-

1244 1025 1340 1060 cium
1387 1024 1456 1069 Qui
1480 1034 1543 1069 pro
1567 1027 1687 1059 tutore
1710 1024 1852 1069 negotia
1875 1025 1977 1070 gerit,
2003 1026 2153 1061 eandem
2176 1026 2282 1062 iidem
2305 1030 2341 1063 et

1244 1069 1461 1115 diligentiam
1485 1072 1656 1114 praestat,
1681 1079 1788 1114 quam
1811 1073 1911 1105 tutor
1933 1074 2142 1116 praestaret.

1290 1114 1314 1151 5
1347 1114 1541 1150 ULPIANUS
1562 1115 1653 1150 libro
1678 1115 1816 1150 decimo
1840 1115 1890 1150 ad
1912 1116 2067 1151 edictum
2114 1116 2160 1150 Ei
2191 1117 2252 1162 qui
2275 1127 2340 1162 pro

1243 1163 1364 1195 tutore
1387 1160 1530 1205 negotia
1553 1159 1664 1204 gessit
1688 1160 1907 1195 contrarium
1930 1161 2100 1196 iudicium
2126 1162 2305 1207 competit.

1743 1298 1799 1338 VI
1811 1297 1838 1337 ⁷.

1243 1363 1365 1401 QUOD
1398 1364 1542 1396 FALSO
1567 1363 1989 1442 ΤΠΤΟξῖΒΟΑᾼΓἯΞΙΞΓΟΒΕ
2015 1365 2204 1398 GESTUM
2229 1367 2341 1400 ESSE

1292 1473 1311 1511 1
1346 1473 1542 1510 ULPIANUS
1570 1475 1661 1511 libro
1694 1475 1904 1512 duodecimo
1936 1475 1986 1511 ad
2016 1476 2170 1512 edictum
2225 1478 2342 1514 Huius

1243 1518 1351 1555 edicti
1375 1519 1537 1565 aequitas
1561 1530 1633 1555 non
1658 1524 1713 1556 est
1735 1521 1913 1566 ambigua,
1941 1531 1986 1556 ne
2011 1523 2262 1558 contrahentes
2280 1523 2340 1559 de-

1247 1568 1261 1599 1
1305 1564 1337 1600 ci
1363 1564 1494 1607 iantur,
1512 1565 1596 1600 dum
1611 1565 1725 1601 falsus
1741 1569 1841 1602 tutor
1856 1566 2057 1602 adhibetur.
2083 1567 2204 1603 Verba
2221 1572 2343 1605 autem

1243 1612 1263 1644 2
1311 1620 1330 1644 e
1359 1610 1420 1645 ‘cti
1450 1610 1541 1646 haec
1572 1614 1667 1646 sunt.
1724 1611 1840 1655 ‘Quod
1871 1621 1913 1646 eo
1946 1612 2105 1648 auctore'
2129 1612 2245 1658 inquit
2269 1613 2344 1659 ‘qui

1243 1658 1353 1690 ‘tutor
1376 1666 1449 1690 non
1480 1655 1612 1691 fuerit’.
1645 1656 1762 1691 verbis
1794 1656 1901 1691 edicti
1932 1657 2045 1692 multa
2076 1657 2221 1693 desunt?
2255 1659 2343 1704 quid

1242 1700 1335 1735 enim
1360 1700 1390 1735 si
1412 1699 1481 1735 fuit
1504 1704 1613 1743 tutor,
1639 1701 1669 1736 is
1694 1705 1813 1737 tamen
1836 1701 1905 1736 fuit
1928 1702 1989 1747 qui
2013 1703 2263 1739 auctoritatem
2279 1714 2341 1740 ac-

1243 1745 1468 1781 commodare
1498 1757 1572 1781 non
1602 1747 1745 1791 potuit?
1776 1751 1865 1792 puta
1896 1747 2054 1782 furiosus
2087 1748 2141 1784 vel
2165 1749 2212 1784 ad
2236 1749 2341 1787 aliam

1242 1794 1262 1826 3
1309 1790 1490 1835 regionem
1515 1791 1632 1827 datus.
1682 1791 1778 1827 Sed⁸
1793 1792 2012 1837 Pomponius
2029 1793 2118 1828 libro
2135 1794 2339 1838 trigensimo

1242 1835 1368 1871 scribit
1398 1836 1578 1871 interdum
1610 1837 1769 1882 quamvis
1803 1847 1825 1872 a
1856 1848 1929 1873 non
1958 1841 2078 1873 tutore
2111 1843 2251 1883 gestum
2276 1843 2341 1882 est,

1242 1891 1315 1916 non
1344 1881 1524 1925 pertinere
1555 1881 1601 1916 ad
1632 1882 1727 1917 hanc
1758 1885 1896 1927 partem
1928 1882 2052 1918 edicti:
2086 1884 2172 1928 quid
2196 1884 2289 1919 enim
2312 1884 2342 1922 si

1243 1926 1313 1961 duo
1345 1930 1501 1967 tutores,
1535 1927 1624 1961 alter
1655 1926 1789 1970 falsus,
1829 1927 1919 1963 alter
1951 1938 2056 1963 verus
2092 1929 2342 1966 auctoritatem

1242 1971 1608 2014 accommodaverint,
1641 1982 1760 2007 nonne
1791 1973 1924 2008 valebit
1958 1973 2054 2018 quod
2087 1977 2226 2018 gestum
2263 1975 2343 2011 est?

1243 2019 1264 2051 4
1310 2016 1400 2051 Item
1430 2017 1500 2051 hoc
1534 2017 1691 2052 edictum
1721 2018 1807 2053 licet
1839 2018 2064 2063 singulariter
2087 2019 2260 2064 scriptum
2284 2020 2343 2062 sit,

1242 2061 1272 2096 si
1296 2065 1417 2096 tamen
1440 2062 1560 2106 plures
1584 2062 1857 2105 intervenerint,
1883 2064 1943 2108 qui
1966 2067 2104 2099 tutores
2129 2075 2202 2100 non
2227 2068 2342 2107 erant,

1241 2110 1362 2141 tamen
1385 2107 1505 2142 locum
1521 2108 1655 2143 habere
1672 2107 1801 2143 debere
1817 2108 2036 2153 Pomponius
2053 2109 2143 2145 libro
2161 2110 2342 2155 trigesimo

1242 2155 1261 2186 5
1311 2151 1444 2187 scribit.
1493 2152 1590 2188 Idem
1614 2153 1833 2198 Pomponius
1865 2154 2008 2196 scribit,
2034 2155 2171 2189 etiamsi
2219 2166 2260 2190 ro
2284 2159 2342 2190 tu-

1242 2200 1320 2232 tore
1360 2196 1503 2241 negotia
1543 2208 1670 2242 gerens
1713 2199 1964 2234 auctoritatem
2008 2209 2189 2235 accommo
2218 2201 2341 2243 averit,

1242 2242 1351 2278 nihilo
1384 2242 1499 2277 minus
1531 2243 1600 2278 hoc
1633 2243 1788 2279 edictum
1819 2244 1939 2279 locum
1969 2244 2121 2287 habere,
2158 2245 2226 2280 nisi
2248 2244 2344 2281 forte

1242 2291 1387 2332 praetor
1419 2287 1575 2323 decrevit
1604 2292 1721 2323 ratum
1763 2299 1801 2324 se
1840 2289 2046 2324 habiturum
2078 2290 2133 2330 id,
2167 2290 2263 2335 quod
2286 2291 2342 2326 his

1242 2333 1449 2368 auctoribus
1472 2337 1611 2377 gestum
1635 2337 1707 2368 est:
1740 2335 1852 2369 tunc⁹
1884 2335 1977 2369 enim
1999 2335 2130 2370 valebit
2146 2346 2211 2380 per
2232 2345 2342 2380 prae-

1243 2382 1263 2413 6
1311 2378 1399 2413 toris
1430 2378 1636 2421 tuitionem,
1669 2390 1741 2414 non
1776 2380 1854 2431 ipso
1880 2379 1967 2414 iure.
2015 2380 2078 2414 Ait
2100 2383 2266 2424 praetor:
2300 2380 2343 2415 ‘si

1243 2422 1292 2457 ‘id
1324 2427 1426 2458 actor
1456 2423 1648 2468 ignoravit,
1675 2424 1768 2460 dabo
1793 2435 1830 2459 1n
1854 2425 2031 2469 integrum
2054 2425 2340 2461 restitutionem’.

1243 2467 1370 2503 scienti
1401 2479 1473 2504 non
1505 2469 1688 2511 subvenit,
1722 2470 1868 2511 merito,
1910 2470 2078 2514 quoniam
2108 2470 2186 2515 ipse
2217 2481 2256 2505 se
2280 2471 2341 2506 de-

1244 2523 1284 2549 ce
1311 2514 1350 2548 it.

1339 2558 1396 2594 PA
1404 2568 1500 2594 ULvs
1519 2559 1610 2594 libro
1635 2559 1845 2594 duodecimo
1862 2559 1912 2594 ad
1926 2560 2080 2595 edictum
2129 2559 2178 2595 ‘Si
2200 2560 2261 2603 id',
2286 2561 2341 2595 in-

1243 2604 1330 2650 quit,
1356 2606 1469 2640 ‘actor
1492 2603 1725 2649 ignoraverit'.
1759 2603 1900 2639 Labeo:
1927 2608 1962 2639 et
1982 2605 2012 2639 si
2033 2604 2167 2640 dictum
2180 2606 2227 2640 sit
2251 2605 2283 2640 ei
2307 2609 2343 2641 et

1242 2649 1339 2685 bona
1362 2648 1433 2684 fide
1456 2660 1531 2685 non
1556 2649 1756 2684 crediderit.

1289 2691 1312 2732 3
1346 2693 1542 2730 Urmzvvs
1562 2694 1652 2730 libro
1677 2694 1886 2729 duodecimo
1911 2695 1961 2729 ad
1982 2695 2136 2731 edictum
2175 2695 2288 2730 Plane
2312 2695 2343 2730 si

1241 2739 1272 2774 is
1297 2739 1344 2774 sit
1368 2740 1430 2784 qui
1453 2739 1585 2774 auxilio
1610 2750 1682 2774 non
1705 2739 1857 2783 indiget,
1890 2739 2040 2775 scientia
2072 2739 2104 2774 ei
2127 2751 2200 2775 non
2224 2744 2340 2781 nocet,

1242 2788 1283 2819 ut
1306 2787 1395 2829 puta
1418 2784 1450 2819 si
1472 2784 1630 2829 pupillus
1655 2795 1736 2819 cum
1759 2783 1894 2828 pupillo
1919 2784 2008 2830 egit:
2041 2795 2125 2820 nam
2149 2795 2230 2820 cum
2254 2785 2342 2820 nihil

1243 2833 1366 2864 actum
1389 2829 1447 2870 sit,
1472 2830 1624 2864 scientia
1648 2840 1720 2864 non
1744 2833 1862 2864 nocet.

1289 2872 1316 2911 4
1340 2874 1398 2909 ΡΛ
1406 2884 1500 2910 ULUs
1533 2874 1624 2910 libro
1658 2874 1869 2909 duodecimo
1905 2874 1956 2909 ad
1988 2874 2143 2910 edictum
2208 2875 2342 2910 Minori

1242 2919 1365 2964 viginti
1389 2919 1544 2964 quinque
1567 2919 1671 2954 annis
1696 2922 1944 2961 succurretur,
1970 2919 2108 2955 etiamsi
2130 2919 2260 2955 scierit.

1290 2964 1313 3002 5
1346 2963 1541 3000 ULPJANUS
1562 2964 1653 2999 libro
1670 2964 1879 2999 duodecimo
1896 2964 1946 2999 ad
1960 2965 2114 3000 edictum
2159 2965 2341 3000 Interdum

1243 3014 1362 3045 tamen
1388 3009 1454 3043 etsi
1478 3009 1627 3044 scientia
1651 3013 1799 3052 noceat,
1830 3013 1950 3044 tamen
1973 3010 2151 3045 restitutio
2175 3009 2342 3045 facienda

1244 3055 1351 3133 erit,d
1362 3054 1391 3088 si
1423 3064 1445 3088 a
1475 3057 1643 3098 praetore
1667 3053 1872 3098 compulsus
1904 3058 1959 3089 est
1982 3055 2029 3090 ad
2052 3054 2221 3090 iudicium
2245 3055 2340 3090 acci-

1269 3111 1326 3135 len
1353 3110 1422 3132 Um.

1243 3112 1266 3145 p
1290 3143 1315 3182 6
1340 3143 1500 3178 Panos
1531 3142 1622 3179 libro
1657 3143 1868 3180 duodecimo
1904 3144 1954 3179 ad
1987 3144 2141 3179 edictum
2210 3143 2341 3188 Pupilli

1244 3189 1394 3225 scientia
1419 3188 1660 3232 computanda
1683 3199 1756 3224 non
1781 3192 1845 3232 est,
1862 3189 1990 3225 tutoris
2009 3190 2083 3224 eius
2101 3188 2341 3233 computanda

1245 3239 1316 3270 est:
1350 3234 1475 3278 utique
1488 3235 1516 3254 ¹⁰
1541 3233 1607 3268 etsi
1630 3234 1765 3279 pupillo
1791 3237 1935 3269 cautum
1971 3234 2035 3276 sit,
2060 3234 2183 3269 melius
2209 3233 2340 3267 dicitur

1243 3290 1319 3314 rem
1350 3289 1452 3314 suam
1482 3279 1621 3313 restitui
1651 3279 1785 3323 pupillo
1842 3290 1926 3314 uam
1956 3279 2132 3314 incertum
2164 3277 2339 3313 cautionis

1245 3328 1407 3360 eventum
1433 3334 1513 3358 eum
1537 3327 1719 3367 spectare:
1753 3335 1821 3369 quo
1872 3329 1908 3359 et
1924 3324 2093 3367 Iulianus,
2118 3323 2148 3357 si
2164 3322 2251 3356 alias
2270 3322 2338 3356 cir-

1246 3372 1456 3405 cumventus
1482 3369 1529 3403 sit
1552 3369 1722 3414 pupillus,
1746 3369 1941 3414 respondit.
2222 3412 2229 3418 .
2272 3411 2279 3418 ι

1292 3413 1314 3450 7
1348 3413 1542 3449 ULPIANUs
1558 3413 1649 3449 libro
1662 3414 1871 3450 duodecimo
1885 3414 1935 3448 ad
1953 3414 2104 3448 edictum
2140 3411 2339 3446 Novlsslme

1244 3462 1389 3505 praetor
1413 3458 1480 3493 ait:
1515 3458 1562 3493 ‘in
1586 3468 1667 3494 eum
1690 3459 1769 3504 qui,
1806 3470 1886 3494 cum
1909 3461 2008 3493 tutor
2030 3468 2102 3492 non
2127 3459 2229 3497 esset,
2255 3455 2337 3490 dolo

1245 3505 1350 3539 ‘malo
1376 3507 1503 3538 auctor
1526 3503 1643 3539 factus
1677 3514 1753 3539 esse
1779 3504 1935 3544 dicetur,
1968 3502 2135 3537 iudicium
2169 3500 2271 3542 dabo,
2296 3504 2337 3534 ut

2138 3615 2180 3654 (8)
2229 3615 2261 3643 et
2274 3614 2334 3645 ins.

1291 3621 1334 3659 (τ)
1359 3618 1428 3651 Ed.
1441 3625 1542 3656 1...10;
1569 3617 1701 3651 Sab.11.
1717 3625 1759 3650 12.
1786 3636 1828 3640 ——
1856 3617 1942 3649 Bas.
1957 3616 2011 3656 38,
2027 3622 2042 3648 6

2076 3659 2135 3699 (10)
2161 3658 2190 3690 si
2203 3657 2337 3699 pupillo

1247 3664 1289 3700 (9)
1316 3678 1378 3699 *ιιι*
1388 3672 1408 3696 6
1419 3661 1458 3702 F,
1472 3665 1553 3695 tunc
1572 3664 1631 3696 vel.
1646 3663 1694 3695 sie
1708 3663 1826 3704 reliqui
1838 3662 1915 3694 libri

1245 3710 1380 3740 cautum
1394 3712 1461 3740 est:
1484 3708 1541 3740 sed
1555 3709 1614 3741 ins.
