2528 3918
178 105 338 148 Xlll7

176 231 386 272 recepturus
410 236 432 261 a
456 225 614 261 debitore
637 228 699 260 tuo
724 225 922 260 comminus
940 226 1128 271 pecuniam
1148 225 1266 261 reddi-

177 272 260 309 disti
294 272 326 308 ei
356 271 484 317 pignus
515 270 617 314 isque
674 280 713 305 er
742 269 936 306 fenestram
959 271 995 306 id
1019 270 1115 305 misit
1139 280 1265 315 excep-

177 323 258 353 turo
293 328 353 359 eo,
388 326 492 361 quem
523 314 568 350 de
599 315 636 349 in
663 314 776 350 ustria
808 315 855 350 ad
878 315 915 350 id
937 316 1116 361 posuerit,
1141 315 1266 351 Labeo

177 363 228 399 ait
250 362 337 397 furti
361 366 397 396 te
422 370 525 405 agere
549 355 631 395 cuni
655 359 815 396 debitore
837 371 943 406 posse
967 365 1002 395 et
1025 360 1071 395 ad
1096 360 1265 395 exhiben-

178 408 282 443 dum:
308 410 361 448 et,
386 406 417 441 si
441 408 568 450 agente
590 409 627 440 te
651 406 832 441 contraria
853 406 1087 451 pigneraticia
1112 405 1190 440 exci
1216 405 1267 440 iat

177 453 319 488 debitor
343 451 387 486 de
410 450 557 495 pignore
579 450 648 486 sibi
670 450 829 493 reddito,
860 450 1092 496 replicabitur
1116 450 1160 485 de
1208 450 1265 485 olo

177 502 212 533 et
233 496 380 538 fraude,
411 506 476 540 per
499 506 607 540 quam
629 505 695 531 nec
725 495 901 531 redditum
916 497 937 538 ¹,
971 495 1032 531 sed
1066 506 1130 539 per
1159 494 1264 530 falla-

177 543 266 578 ciam
291 541 450 576 ablatum
473 540 510 575 id
532 540 757 586 intellegitur.

222 586 248 624 4
280 587 475 622 ΗιΡΙΑΝσε
503 585 595 621 libro
619 586 923 632 quadraqensz'mo
940 586 1064 631 primo
1089 584 1139 620 ad
1161 583 1265 620 Sabi-

176 643 260 666 num
316 631 354 666 Si
389 631 553 666 convenit
587 630 631 666 de
665 630 894 666 distrahendo
930 631 1077 675 pignore
1111 630 1184 665 sive
1219 630 1264 665 ab

174 677 274 712 initio
299 677 372 712 sive
395 679 541 722 postea,
566 687 638 712 non
662 681 800 711 tantum
823 675 976 710 venditio
1000 675 1112 718 valet,
1143 685 1265 710 verum

175 722 301 767 incipit
333 725 472 767 emptor
505 721 698 757 dominium
730 722 781 756 rei
811 721 953 755 habere.
999 719 1062 755 sed
1095 719 1161 755 etsi
1192 731 1265 756 non

176 766 382 803 convenerit
404 766 448 802 de
479 766 706 802 distrahendo
738 767 902 811 pignore,
936 765 1005 800 hoc
1035 769 1156 800 tamen
1187 766 1266 800 iure

176 813 328 855 utimur,
359 816 401 847 ut
430 811 538 847 liceat
560 811 776 854 distrahere,
809 811 838 845 si
862 810 967 845 modo
993 821 1064 845 non
1088 811 1263 854 convenit,

176 867 220 893 ne
242 857 359 893 liceat.
394 857 458 892 ubi
480 867 564 892 vero
589 857 763 898 convenit,
788 866 833 890 ne
857 855 1126 899 distraheretur,
1150 855 1263 891 credi-

175 907 253 946 tor,
276 903 308 938 si
331 902 554 944 distraxerit,
586 902 673 936 furti
698 901 874 946 obligatur
882 901 908 943 ²,
932 900 1002 935 nisi
1024 901 1057 935 ei
1080 905 1135 936 ter
1157 901 1266 936 fuerit

175 948 423 984 denuntiatum
447 951 487 982 ut
510 948 626 982 solvat
649 951 685 982 et
708 945 909 981 cessaverit.

221 992 246 1030 5
271 993 500 1028 Poupomvs
515 992 605 1028 libro
626 1003 721 1027 nono
742 991 903 1026 decimo³
926 991 976 1026 ad
994 990 1168 1027 Sabinum
1205 991 1263 1026 Id-

175 1049 244 1084 que
266 1038 354 1073 iuris
378 1041 451 1080 est,
484 1037 555 1072 sive
580 1037 721 1072 omnino
745 1035 879 1071 fuerint
900 1036 1016 1081 pacti,
1049 1046 1095 1071 ne
1125 1040 1263 1079 veneat,

174 1084 248 1119 sive
270 1083 308 1118 in
331 1092 470 1118 summa
488 1087 552 1117 aut
573 1082 780 1117 condicione
798 1086 862 1116 aut
879 1081 958 1117 loco
980 1080 1263 1127 contra'pactio-

174 1139 255 1164 nem
277 1127 415 1164 factum
439 1128 495 1163 sit.

220 1172 245 1211 6
270 1173 378 1209 IDEM
386 1173 476 1208 libro
490 1172 699 1218 triqssnsimo
712 1172 837 1216 quinto
851 1171 901 1206 ad
911 1170 1084 1207 Sabinum

174 1219 225 1255 vis
251 1218 466 1260 convenerit,
491 1221 532 1252 ut
554 1216 706 1251 fundum
729 1216 1000 1260 pigneraticium
1023 1217 1088 1251 tibi
1111 1217 1264 1253 vendere

173 1264 315 1307 liceret,
349 1263 458 1298 nihilo
482 1262 593 1306 magis
619 1261 798 1306 cogendus
822 1271 859 1297 es
883 1261 1054 1304 vendere,
1085 1262 1170 1297 licet
1192 1262 1263 1298 sol-

172 1309 286 1345 vendo
311 1319 381 1344 non
406 1308 452 1343 sit
473 1307 504 1342 is
528 1306 588 1352 qui
611 1306 738 1351 pignus
763 1306 918 1349 dederit,
951 1309 1035 1352 quia
1065 1310 1130 1342 tua
1154 1317 1264 1343 causa

172 1354 210 1389 id
233 1358 413 1390 caveatur.
451 1352 514 1388 sed
535 1352 726 1387 Atilicinus
752 1362 796 1386 ex
820 1362 930 1387 causa
954 1352 1152 1397 cogendum
1185 1364 1262 1388 cre-

174 1399 321 1435 ditorem
345 1409 422 1434 esse
446 1398 492 1433 ad
512 1396 733 1432 vendendum
754 1396 858 1432 dicit:
884 1397 970 1443 quid
990 1397 1083 1432 enim
1102 1398 1132 1433 si
1152 1398 1263 1434 multo

173 1445 292 1480 minus
326 1444 374 1479 sit
397 1443 492 1488 quod
516 1442 690 1478 debeatur
714 1446 750 1477 et
772 1442 878 1477 hodie
901 1442 1013 1487 pluris
1036 1443 1156 1478 venire
1178 1454 1262 1488 pos-

174 1490 220 1525 sit
243 1490 370 1535 pignus
395 1499 501 1533 quam
524 1488 675 1533 postea?
705 1488 831 1523 melius
856 1492 974 1523 autem
999 1491 1053 1523 est
1076 1488 1146 1523 dici
1171 1499 1262 1531 eum,

177 1535 238 1580 qui
269 1534 405 1569 dederit
461 1534 583 1578 ignus,
614 1543 721 1578 posse
744 1533 897 1568 vendere
921 1538 957 1568 et
980 1537 1130 1578 accepta
1152 1545 1262 1578 pecu-

173 1580 235 1615 nia
258 1579 393 1615 solvere
416 1545 459 1614 id,
475 1579 572 1623 quod
596 1578 788 1620 debeatur,
813 1578 866 1612 ita
888 1583 1019 1621 tamen,
1043 1583 1085 1613 ut
1109 1579 1263 1614 creditor

172 1625 419 1660 necessitatem
453 1624 586 1659 habeat
621 1623 807 1659 ostendere
840 1633 915 1658 rem
973 1623 1187 1668 igneratam,
1233 1625 1263 1660 si

172 1670 309 1705 mobilis
342 1669 407 1711 sit,
438 1669 538 1714 prius
571 1668 702 1704 idonea
725 1669 866 1704 cautela
890 1679 912 1704 a
960 1669 1097 1705 ebitore
1144 1680 1184 1705 ro
1209 1669 1262 1704 in-

172 1715 365 1750 demnitate
397 1714 428 1749 ei
461 1714 690 1759 praestanda.
738 1714 887 1749 invitum
923 1714 1014 1749 enim
1050 1725 1110 1750 cre
1138 1715 1263 1750 'torem

174 1765 189 1795 1
240 1760 317 1804 cogi
347 1760 498 1795 vendere
533 1759 621 1795 satis
655 1759 889 1794 inhumanum
924 1763 988 1795 est.
1038 1759 1076 1795 Si
1110 1760 1263 1796 creditor

170 1805 282 1851 pluris
305 1805 456 1840 fundum
478 1804 700 1850 pigneratum
723 1804 937 1848 vendiderit,
970 1804 1001 1839 si
1031 1805 1068 1840 id
1090 1804 1260 1848 faeneret,

169 1861 315 1886 usuram
340 1850 414 1886 eius
437 1850 612 1895 pecuniae
634 1855 818 1895 praestare
841 1849 948 1885 debet
972 1850 1004 1885 ei
1035 1850 1095 1895 qui
1127 1850 1263 1886 dederit

171 1896 316 1941 pignus:
349 1895 412 1931 sed
435 1899 471 1931 et
494 1895 524 1930 si
546 1895 624 1940 ipse
647 1906 734 1930 usus
759 1895 806 1930 sit
838 1905 881 1930 ea
912 1895 1083 1940 pecunia,
1115 1906 1262 1931 usuram

173 1941 346 1985 praestari
379 1943 530 1986 oportet.
569 1940 665 1986 quod
697 1941 726 1975 si
759 1951 836 1975 eam
860 1940 1059 1986 depositam
1082 1942 1260 1984 habuerit,

173 1996 302 2021 usuras
325 1997 398 2021 non
422 1986 537 2021 debet.

217 2029 240 2068 7
266 2031 424 2066 Panos
453 2031 544 2067 libro
574 2030 732 2066 secundo
763 2032 1021 2066 sententiarum
1069 2030 1107 2066 Si
1141 2036 1260 2067 autem

171 2076 310 2112 tardius
335 2075 554 2121 superfluum
584 2076 751 2111 restituat
783 2076 938 2112 creditor
968 2076 1004 2111 id
1035 2076 1131 2121 quod
1162 2076 1260 2121 apud

172 2133 253 2157 eum
277 2121 475 2166 depositum
500 2125 573 2164 est,
605 2131 649 2156 ex
679 2131 780 2156 mora
809 2122 915 2157 etiam
947 2132 1074 2157 usuras
1108 2121 1259 2158 debitori

171 2168 240 2202 hoc
263 2167 405 2202 nomine
428 2171 612 2212 praestare
636 2166 814 2211 cogendus
841 2171 904 2202 est.

218 2209 242 2250 8
266 2211 497 2248 Pomomvs
517 2212 608 2247 libro
633 2212 838 2248 tricensimo
862 2212 988 2258 quinto
1013 2212 1063 2247 ad
1085 2211 1260 2248 Sabinum

172 2257 210 2292 Si
242 2257 462 2293 necessarias
493 2257 672 2302 impensas
704 2257 850 2292 fecerim
882 2257 920 2292 in
951 2267 1092 2293 servum
1125 2261 1189 2292 aut
1223 2258 1260 2292 in

170 2302 339 2345 fundum,
372 2313 475 2354 quem
507 2302 664 2347 pignoris
685 2312 794 2337 causa
822 2302 1040 2347 acceperim,
1075 2313 1147 2338 non
1178 2308 1258 2337 tan-

170 2354 246 2383 tum
269 2352 513 2390 retenuonem,
539 2347 602 2383 sed
627 2348 734 2383 etiam
757 2348 974 2383 contrariam
993 2348 1259 2392 pigneraticiam

171 2394 346 2430 actionem
367 2393 525 2429 habebo:
551 2392 644 2438 finge
664 2393 756 2428 enim
776 2392 932 2434 medicis,
959 2404 1039 2428 cum
1060 2398 1260 2438 aegrotaret

171 2449 304 2481 servus,
330 2438 468 2474 dedisse
491 2448 547 2473 me
570 2438 757 2483 pecuniam
782 2442 817 2473 et
841 2448 920 2473 eum
945 2438 1151 2481 decessisse,
1174 2439 1259 2474 item

170 2484 322 2519 insulam
345 2483 488 2518 fulsisse
511 2484 566 2519 vel
588 2483 757 2519 refecisse
781 2487 817 2518 et
840 2487 966 2528 postea
986 2483 1148 2518 deustam
1170 2494 1258 2526 esse,

174 2533 188 2563 1
239 2539 305 2564 nec
340 2529 472 2563 habere
508 2528 604 2573 quod
639 2539 782 2573 possem
816 2529 978 2563 retinere.
1039 2528 1078 2564 Si
1119 2529 1258 2574 pignori

171 2574 275 2618 plura
298 2574 476 2618 mancipia
499 2574 583 2609 data
607 2574 696 2616 sint,
729 2579 764 2608 et
798 2573 972 2618 quaedam
1005 2574 1112 2609 certis
1135 2574 1258 2618 pretiis

171 2619 221 2653 ita
244 2618 439 2654 vendiderit
463 2619 617 2654 creditor
639 2623 681 2654 ut
705 2618 912 2654 evictionem
943 2629 1065 2654 eorum
1096 2624 1258 2664 praesta-

171 2668 235 2705 ret,
260 2668 295 2698 et
319 2664 491 2698 creditum
515 2674 618 2699 suum
641 2664 793 2706 habeat,
818 2664 953 2709 reliqua
976 2664 1155 2709 mancipia
1178 2669 1258 2709 pot-

171 2712 225 2743 est
247 2709 418 2751 retinere,
452 2709 565 2744 donec
590 2709 621 2744 ei
646 2713 835 2751 caveatur,
867 2709 964 2754 quod
987 2709 1170 2745 evictionis
1194 2720 1258 2745 no-

172 2756 192 2787 2
239 2754 332 2788 mine
377 2754 563 2796 remiserit,
584 2754 783 2790 indemnem
796 2764 876 2789 eum
888 2753 1059 2789 futurum.
1109 2754 1147 2790 Si
1165 2765 1258 2790 unus

1132 1171 1262 1215 Quam-

172 2808 215 2833 ex
227 2798 347 2833 heredi
374 2809 414 2834 us
435 2799 604 2834 debitoris
624 2800 822 2844 portionem
842 2810 943 2835 suam
963 2800 1118 2842 solverit,
1138 2804 1257 2834 tamen

171 2847 248 2878 tota
271 2854 327 2878 res
352 2844 387 2887 pi
412 2845 489 2879 nori
513 2844 598 2879 data
628 2845 746 2880 venire
803 2844 926 2887 oterit,
986 2844 1258 2880 uemadmodum

173 2891 192 2923 3
240 2888 270 2922 si
289 2888 365 2933 ipse
411 2889 522 2923 ebitor
534 2889 732 2933 portionem
744 2856 917 2926 soffvisset.
991 2890 1143 2925 iannua
1163 2890 1259 2925 bima

171 2933 276 2968 trima
301 2933 356 2968 die
375 2934 517 2978 triginta
537 2935 727 2979 stipulatus
748 2935 947 2980 acceperim
966 2935 1094 2979 pignus
1111 2938 1256 2979 pactus-

172 2987 242 3022 que
266 2978 343 3019 sim,
368 2982 408 3012 ut
428 2978 495 3013 nisi
514 2989 580 3014 sua
600 2990 741 3025 quaque
762 2979 819 3015 die
838 2980 993 3024 pecunia
1012 2980 1131 3015 soluta
1153 2985 1258 3022 esset,

171 3022 323 3058 vendere
347 3024 447 3058 eam⁴
472 3023 557 3058 mihi
580 3024 711 3067 liceret,
736 3025 865 3069 placet,
890 3030 1082 3070 antequam
1102 3025 1258 3060 omnium

171 3068 381 3112 pensionum
415 3068 488 3102 dies
520 3070 670 3111 veniret,
703 3080 774 3105 non
807 3080 912 3115 posse
942 3081 999 3105 me
1022 3070 1149 3115 pignus
1174 3080 1257 3105 ven-

173 3113 267 3155 dere,
291 3113 375 3158 quia
398 3113 448 3147 cis
473 3114 587 3148 verbis
612 3125 732 3149 omnes
756 3115 945 3159 pensiones
970 3114 1257 3150 demonstraren-

172 3163 249 3193 tur:
275 3168 342 3193 nec
365 3168 486 3193 verum
511 3163 565 3193 est
588 3169 653 3193 sua
678 3170 817 3204 quaque
841 3160 897 3194 die
922 3170 994 3195 non
1017 3160 1171 3195 solutam
1221 3170 1256 3195 e-

173 3203 323 3245 cuniam,
349 3207 539 3247 antequam
563 3214 685 3238 omnes
710 3204 784 3239 dies
803 3205 974 3240 venirent.
1011 3205 1072 3240 sed
1093 3205 1189 3240 omni
1215 3216 1257 3240 us

172 3248 401 3293 pensionibus
424 3249 635 3293 praeteritis,
661 3250 798 3284 etiamsi
819 3260 889 3285 una
908 3250 1024 3295 portio
1046 3251 1164 3286 soluta
1185 3261 1257 3285 non

173 3293 229 3336 sit,
254 3293 382 3338 pignus
406 3296 526 3338 potest
548 3293 677 3327 venire.
714 3294 777 3329 sed
801 3295 831 3329 si
854 3295 906 3329 ita
929 3295 1100 3340 scriptum
1124 3295 1188 3330 sit:
1214 3295 1258 3331 ‘si

172 3342 255 3383 ‘qua
277 3338 430 3383 pecunia
453 3347 520 3373 sua
543 3338 599 3372 die
633 3338 750 3373 soluta
783 3350 854 3374 non
886 3340 974 3382 erit’,
1007 3340 1128 3375 statim
1161 3350 1256 3375 com-

172 3386 192 3418 4
239 3383 330 3428 petit
364 3382 396 3418 ei
428 3383 526 3427 pacti
562 3383 757 3418 conventio.
806 3384 860 3419 De
894 3384 1077 3420 vendendo
1112 3384 1258 3430 pignore

171 3428 209 3463 in
232 3438 306 3463 rem
354 3427 448 3463 actio
473 3427 706 3472 concipienda
731 3433 800 3469 est,
834 3434 874 3463 ut
905 3439 1026 3464 omnes
1051 3430 1256 3465 continean-

172 3479 248 3508 tur:
287 3483 303 3508 s
385 3477 420 3508 et
454 3472 484 3507 si
521 3472 703 3507 creditoris
740 3472 925 3508 dumtaxat
961 3485 1115 3519 persona
1150 3474 1258 3509 fuerit

173 3518 448 3563 comprehensa,
481 3518 587 3552 etiam
611 3517 713 3552 heres
739 3518 814 3552 eius
837 3518 913 3553 iure
937 3519 1083 3562 vendet,
1116 3519 1147 3554 si
1171 3519 1257 3554 nihil

173 3566 193 3597 5
240 3563 277 3598 in
302 3562 520 3598 contrarium
547 3566 668 3598 actum
696 3564 783 3597 ew.
833 3562 919 3597 Cum
949 3565 1075 3608 pignus
1107 3575 1150 3599 ex
1170 3574 1256 3609 pac-

968 3683 1010 3714 (2)
1035 3676 1179 3708 debitori
1194 3678 1254 3711 ins.

953 3724 995 3762 (4)
1021 3732 1090 3753 rem
1101 3723 1160 3755 ins.
1172 3722 1247 3755 Hal

174 3679 212 3718 (1)
236 3678 285 3710 nic
298 3677 326 3710 S
338 3689 406 3709 cum
423 3676 570 3715 Graecis,
585 3686 645 3708 neo
659 3674 822 3707 creditum
836 3676 863 3707 F

175 3723 217 3763 (3)
241 3721 417 3754 undecimo
430 3732 519 3753 nono
531 3725 589 3762 (un
604 3721 752 3759 delemm)
764 3721 798 3752 F

1264 99 1346 147 182

2015 116 2076 148 DE
2103 116 2421 153 PIGNERATIOIA

1335 225 1432 260 tione
1454 225 1574 260 venire
1597 228 1734 270 potest,
1765 235 1838 260 non
1868 225 1982 260 solum
2006 226 2052 261 ob
2076 231 2208 263 sortem
2230 238 2303 264 non
2326 229 2421 264 solu-

1336 274 1409 305 tam
1432 269 1550 305 venire
1572 270 1715 314 poterit,
1740 269 1804 306 sed
1827 270 1872 306 ob
1896 274 2016 305 cetera
2034 282 2185 317 quoque,
2209 272 2318 308 veluti
2336 284 2421 309 usu·

1335 325 1395 349 ras
1420 318 1455 350 et
1478 324 1571 360 quae
1593 315 1631 350 in
1653 315 1689 350 id
1711 315 1873 360 impensa
1896 320 1991 350 sunt.

1382 357 1407 397 9
1438 359 1632 396 Uzmws
1651 360 1743 396 libro
1767 361 1958 396 vIcensimo
1983 365 2107 397 octavo
2127 361 2178 398 ad
2196 362 2349 399 edictum
2385 362 2422 399 Si

1335 415 1409 440 rem
1434 405 1587 440 alienam
1610 404 1695 440 mihi
1718 405 1857 440 debitor
1879 406 2017 451 pignori
2042 406 2138 442 dedit
2161 412 2224 443 aut
2247 408 2422 444 malitiose

1335 451 1370 484 in
1394 450 1540 495 pignore
1563 454 1724 485 versatus
1748 450 1812 493 sit,
1844 450 2033 486 dicendum
2067 456 2121 487 est
2149 452 2268 488 locum
2290 453 2422 489 habere

1340 498 1350 530 l
1403 494 1622 530 contrarium
1651 494 1832 530 iudicium.
1879 495 1961 531 Non
1986 500 2124 532 tantum
2147 502 2266 533 autem
2289 498 2335 534 ob
2359 509 2420 543 pe-

1335 540 1494 582 cuniam,
1527 539 1590 575 sed
1622 543 1658 575 et
1689 540 1735 575 ob
1767 541 1872 575 aliam
1905 551 2049 577 causam
2107 542 2208 587 ignus
2241 543 2318 578 dari
2340 547 2420 588 pot-

1335 589 1408 627 est,
1440 585 1551 620 veluti
1581 585 1613 620 si
1666 585 1721 620 uis
1744 585 1870 630 pignus
1894 586 2000 621 alicui
2025 586 2068 622 de
2094 588 2180 631 erit,
2211 593 2253 622 ut
2284 599 2349 633 pro
2382 599 2420 624 se

1335 633 1368 682 2·
1401 629 1624 682 fideiubeat..
1642 596 1800 676 (ξι-09146
1823 630 1951 675 pignus
1976 631 2136 675 dicimus,
2161 632 2256 678 quod
2276 633 2323 668 ad
2345 644 2420 669 cre-

1334 675 1483 711 d1torem
1513 678 1662 718 transit,
1693 675 1719 710 h
1767 675 1949 718 othecam,
1982 687 2063 711 cum
2093 688 2166 713 non
2195 678 2325 713 transit
2354 689 2422 714 nec

1335 723 1353 756 3
1401 720 1578 765 possessio
1604 719 1648 755 ad
1674 730 1734 756 cre
1760 720 1896 755 itorem.
1946 720 2068 756 Omnis
2088 723 2241 767 pecunia
2258 724 2422 759 exsoluta

1335 775 1412 800 esse
1434 765 1542 801 debet
1565 769 1629 800 aut
1651 775 1692 800 eo
1713 766 1855 800 nomine
1875 765 2100 802 satisfactum
2120 777 2208 810 esse,
2233 772 2275 803 ut
2293 779 2419 804 nasca-

1334 814 1394 845 tur
1424 810 1460 855 p'
1485 810 1657 846 neraticia
1681 811 1786 846 actio.
1824 810 2048 846 satisfactum
2071 816 2190 848 autem
2213 813 2291 848 acci
2318 813 2420 856 imus,

1334 865 1462 901 quema
1524 855 1631 891 odum
1654 855 1764 891 voluit
1788 855 1951 898 creditor,
1975 856 2060 892 licet
2082 868 2154 893 non
2177 858 2224 893 sit
2246 868 2285 894 so
2302 863 2419 894 utum:

1333 901 1407 936 sive
1430 901 1508 936 aliis
1531 900 1738 946 pignoribus
1763 901 1831 935 sibi
1855 901 1971 935 caveri
1995 902 2116 945 voluit,
2141 907 2182 937 ut
2207 903 2252 939 ab
2276 903 2345 940 hoc
2364 915 2420 939 re-

1334 945 1456 989 cedat,
1489 946 1561 981 sive
1591 945 1860 981 fideiussoribus
1893 946 1965 981 sive
1995 957 2055 982 reo
2088 947 2172 984 dato
2204 949 2277 984 sive
2307 950 2420 994 pretio

1333 990 1451 1043 aliquo
1484 991 1540 1026 vel
1572 990 1671 1026 nuda
1713 991 1946 1026 conventione
1989 992 2149 1028 nascitur
2191 994 2423 1039 pigneraticia

1333 1040 1438 1071 actio.
1484 1040 1520 1071 et
1548 1036 1760 1081 generaliter
1793 1035 1981 1071 dicendum
2013 1038 2096 1080 erit,
2129 1039 2292 1083 quotiens
2323 1049 2419 1074 rece-

1333 1081 1416 1116 dere
1438 1081 1551 1117 voluit
1574 1081 1728 1116 creditor
1751 1091 1773 1115 a
1796 1081 1961 1133 pignore,
1995 1082 2105 1118 videri
2127 1083 2161 1118 ei
2184 1083 2420 1127 satisfactum,

1333 1126 1364 1162 si
1386 1130 1427 1162 ut
1449 1126 1526 1172 ipse
1548 1126 1660 1162 voluit
1683 1126 1750 1161 sibi
1774 1130 1884 1168 cav1t‚
1908 1126 1993 1162 hcet
2015 1127 2051 1162 in
2075 1128 2145 1164 hoc
2169 1128 2339 1174 deceptus
2363 1130 2419 1165 sit.

1333 1175 1354 1206 4
1401 1171 1437 1207 Is
1462 1182 1622 1217 quoque,
1648 1171 1708 1216 qui
1730 1182 1806 1206 rem
1830 1171 1980 1223 alienam
2003 1173 2141 1218 pignori
2165 1173 2280 1217 dedit,
2305 1174 2422 1210 soluta

1333 1220 1352 1252 5
1399 1216 1554 1262 pecunia
1596 1220 1716 1261 potest
1749 1217 1981 1262 pigneraticla
2015 1219 2178 1263 experiri.
2237 1219 2305 1264 Qui
2339 1224 2422 1256 ante

1333 1262 1545 1298 solutionem
1569 1262 1639 1307 egit
1661 1261 1904 1307 pigneraticia,
1928 1262 2013 1298 licet
2036 1274 2108 1299 non
2132 1268 2229 1300 recte
2253 1265 2341 1310 egit,
2365 1269 2420 1301 ta·

1332 1318 1425 1350 men,
1451 1307 1481 1343 si
1505 1307 1633 1343 offerat
1650 1307 1688 1341 in
1706 1306 1838 1342 iudicio
1859 1308 2060 1352 pecuniam,
2085 1308 2190 1344 debet
2205 1320 2280 1345 rem
2298 1311 2420 1356 pigne-

1333 1356 1448 1388 ratam
1473 1356 1509 1388 et
1532 1352 1628 1398 quod
1651 1362 1718 1387 sua
1740 1352 1889 1387 interest
1912 1354 2093 1399 consequi.

1381 1396 1432 1435 10
1460 1397 1584 1434 arms
1599 1397 1691 1433 libro
1712 1408 1808 1433 nono
1829 1397 1879 1433 ad
1896 1397 2050 1433 edictum
2055 1399 2284 1446 provinciale
2318 1399 2422 1444 Quod

1333 1443 1363 1478 si
1386 1454 1460 1479 non
1484 1444 1640 1485 solvere,
1672 1442 1734 1478 sed
1765 1443 1836 1478 alia
1865 1443 2003 1479 ratione
2034 1443 2241 1480 satisfacere
2272 1450 2421 1490 paratus

1333 1492 1397 1531 est,
1417 1488 1512 1524 forte
1533 1489 1565 1524 si
1584 1488 1881 1533 expromissorem
1903 1488 1988 1524 dare
1999 1489 2084 1532 vult,
2104 1490 2192 1524 nihil
2212 1490 2243 1525 ei
2262 1490 2419 1536 prodest.

1381 1532 1429 1570 11
1464 1532 1659 1569 ULPJANUS
1686 1533 1777 1568 libro
1807 1533 1997 1569 vicensimo
2029 1538 2154 1571 octavo
2187 1535 2237 1570 ad
2267 1536 2420 1571 edictum

1333 1578 1496 1615 Solutum
1519 1589 1592 1614 non
1614 1578 1772 1621 videtur,
1806 1578 1837 1614 si
1858 1578 1902 1614 lis
1927 1583 2130 1615 contestata
2154 1591 2235 1615 cum
2259 1580 2419 1616 debitore

1333 1624 1379 1660 sit
1411 1624 1454 1659 de
1485 1624 1564 1669 ipso
1597 1623 1716 1659 debito
1740 1623 1796 1659 vel
1819 1624 1849 1659 si
1871 1623 2060 1660 fideiussor
2083 1630 2277 1661 conventus
2301 1626 2419 1661 fuerit.

1335 1673 1350 1704 1
1398 1669 1541 1704 Novata
1561 1673 1680 1704 autem
1700 1668 1809 1703 debiti
1829 1669 1997 1714 obligatio
2020 1670 2148 1716 pignus
2167 1671 2326 1716 peremit,
2351 1671 2420 1706 nisi

1331 1718 1351 1749 2
1400 1715 1582 1757 convenit,
1615 1719 1657 1749 ut
1685 1714 1811 1759 pignus
1843 1718 2036 1759 repetatur.
2084 1715 2123 1751 Si
2146 1716 2246 1760 quasi
2270 1716 2419 1752 daturus

1330 1760 1397 1795 tibi
1419 1759 1608 1804 pecuniam
1631 1759 1758 1804 pignus
1783 1769 1954 1804 accepero
1978 1770 2045 1796 nec
2069 1760 2199 1796 dedero
2213 1788 2222 1801 .
2255 1762 2418 1806 pignera-

1331 1805 1416 1840 ticia
1439 1805 1582 1840 actione
1604 1805 1755 1840 tenebor
1778 1809 1815 1840 et
1837 1805 1936 1839 nulla
1962 1805 2138 1841 solutione
2160 1805 2277 1841 facta:
2309 1806 2418 1842 idem-

1355 1861 1400 1885 ue
1424 1854 1460 1886 et
1482 1850 1513 1885 si
1537 1854 1687 1895 accepto
1711 1850 1786 1885 lata
1809 1850 1856 1885 sit
1877 1850 2049 1895 pecunia,
2082 1851 2138 1886 vel
2170 1851 2332 1887 condicio
2358 1852 2418 1887 de-

1329 1863 1426 1938 fecit,
1452 1895 1498 1930 ob
1523 1906 1630 1940 quam
1653 1895 1780 1940 pignus
1805 1900 2029 1931 contractum
2049 1901 2113 1940 est,
2137 1897 2194 1932 vel
2213 1897 2243 1932 si
2261 1901 2418 1942 pactum,

1330 1941 1388 1976 cui
1412 1940 1580 1976 standum
1604 1944 1670 1983 est,
1696 1940 1739 1975 de
1762 1941 1916 1985 pecunia
1932 1951 2005 1976 non
2025 1941 2180 1987 petenda
2195 1941 2332 1978 factum
2354 1947 2418 1977 est.

1330 1989 1349 2021 3
1397 1985 1435 2021 Si
1467 1985 1505 2021 in
1536 1990 1668 2021 sortem
1699 1985 1886 2020 dumtaxat
1915 1986 1971 2021 vel
1993 1986 2031 2021 in
2053 1997 2182 2022 usuras
2206 1988 2419 2022 obstrictum

1330 2035 1384 2067 est
1418 2031 1562 2076 pignus,
1598 2041 1639 2066 eo
1673 2031 1791 2066 soluto
1823 2035 1970 2076 propter
2004 2031 2101 2077 quod
2135 2032 2329 2077 obligatum
2365 2038 2419 2068 est

1328 2077 1446 2112 locum
1470 2077 1579 2111 habet
1601 2076 1844 2121 pigneraticia.
1882 2077 1955 2111 sive
1986 2081 2106 2112 autem
2137 2088 2268 2114 usurae
2291 2078 2329 2113 in
2353 2078 2416 2113 sti-

1327 2122 1489 2174 pulatum
1513 2121 1584 2156 sint
1607 2121 1784 2156 deductae
1807 2122 1880 2156 sive
1902 2133 1994 2164 non,
2027 2122 2057 2157 si
2087 2126 2207 2158 tamen
2230 2123 2266 2168 p‘
2315 2133 2358 2158 us
2382 2128 2418 2159 et

1326 2178 1364 2202 m
1389 2177 1449 2202 eas
1473 2167 1667 2211 obligatum
1689 2166 1776 2209 fuit,
1810 2167 1979 2218 quamdiu
2003 2167 2087 2213 quid
2112 2179 2156 2203 ex
2178 2168 2234 2203 his
2255 2134 2417 2212 ιέθῖιειιιτ,

1327 2212 1559 2258 pigneraticia
1577 2211 1741 2247 cessabit.
1778 2211 1850 2246 aha
1870 2222 1981 2247 causa
2001 2216 2056 2247 est
2077 2223 2209 2256 earum,
2230 2224 2319 2258 quas
2340 2213 2417 2265 quis

1328 2267 1438 2302 supra
1459 2257 1597 2292 licitum
1619 2256 1765 2292 modum
1812 2257 1966 2292 romisit:
1992 2268 2074 2292 nam
2098 2259 2166 2294 hae
2187 2258 2330 2304 penitus
2349 2258 2415 2293 illi-

1328 2306 1349 2337 4
1397 2302 1490 2338 citae
1514 2307 1608 2337 sunt.
1652 2302 1695 2341 Si
1720 2312 1779 2337 cre
1805 2302 1887 2337 itori
1910 2302 2030 2347 plures
2050 2303 2197 2339 heredes
2218 2304 2417 2339 exstiterint

1328 2352 1364 2383 et
1386 2347 1449 2382 uni
1473 2358 1516 2383 ex
1538 2347 1594 2382 his
1618 2357 1702 2392 pars
1727 2347 1802 2382 eius
1826 2347 2003 2390 solvatur,
2038 2359 2110 2383 non
2147 2348 2277 2384 debent
2309 2349 2416 2384 ceteri

1327 2392 1476 2428 heredes
1500 2392 1685 2428 creditoris
1708 2392 1839 2427 iniuria
1862 2392 1986 2435 adfici,
2019 2393 2082 2428 sed
2113 2398 2266 2438 possunt
2298 2397 2415 2429 totum

1327 2437 1478 2472 fundum
1512 2437 1665 2473 vendere
1700 2437 1820 2472 oblato
1853 2437 2004 2473 debitori
2034 2449 2096 2481 eo,
2126 2438 2222 2484 quod
2252 2439 2417 2474 coheredi

1329 2494 1449 2519 eorum
1481 2483 1603 2518 solvit:
1641 2492 1733 2528 quae
1763 2482 1940 2517 sententia
1971 2494 2046 2519 non
2078 2487 2133 2518 est
2163 2484 2239 2519 sine
2262 2484 2411 2520 ratione.

1330 2533 1348 2563 5
1396 2528 1557 2563 Solutam
1580 2532 1700 2563 autem
1722 2527 1911 2573 pecuniam
1929 2528 2175 2573 accipiendum
2195 2539 2268 2564 non
2287 2529 2414 2571 solum,

1329 2574 1359 2609 si
1381 2574 1469 2618 ipsi,
1495 2573 1553 2608 cui
1577 2573 1734 2618 obligata
1756 2583 1813 2608 res
1839 2578 1912 2615 est,
1945 2573 2007 2608 sed
2032 2577 2066 2608 et
2090 2573 2121 2609 si
2144 2573 2204 2608 alii
2227 2573 2273 2609 sit
2296 2574 2415 2609 soluta

1328 2619 1509 2654 voluntate
1533 2618 1620 2660 eius,
1644 2617 1700 2653 vel
1723 2618 1755 2652 ei
1780 2618 1838 2653 cui
1860 2618 1963 2654 heres
1987 2618 2141 2660 exstitit,
2165 2619 2220 2654 vel
2242 2629 2412 2664 procura-

1328 2663 1396 2699 tori
1432 2663 1527 2705 eius,
1561 2663 1616 2698 vel
1651 2673 1751 2698 servo
1786 2663 1947 2708 pecuniis
1983 2663 2160 2708 exigendis
2196 2664 2411 2716 praeposito.

1328 2709 1421 2744 unde
1445 2709 1475 2744 si
1499 2708 1642 2744 domum
1666 2707 1877 2743 conduxeris
1902 2712 1938 2743 et
1961 2708 2036 2744 eius
2055 2713 2194 2754 partem
2213 2709 2298 2743 mihi
2316 2709 2413 2744 loca-

1328 2754 1417 2789 veris
1442 2764 1576 2798 egoque
1599 2753 1750 2789 locatori
1772 2756 1835 2788 tuo
1866 2753 2072 2798 pensionem
2102 2754 2258 2796 solvero,
2291 2754 2412 2799 pigne-

1327 2799 1453 2834 raticia
1473 2798 1641 2834 adversus
1662 2803 1698 2834 te
1718 2802 1841 2844 potero
1862 2799 2014 2844 experiri
2033 2803 2127 2838 (nam
2147 2798 2305 2834 Iulianus
2326 2799 2411 2834 scri-

1328 2844 1380 2879 bit
1403 2844 1490 2879 solvi
1513 2844 1546 2879 ei
1570 2848 1707 2889 posse):
1742 2848 1777 2878 et
1801 2844 1831 2879 si
1853 2847 1992 2889 partem
2015 2844 2098 2886 tibi,
2123 2849 2262 2889 partem
2286 2844 2317 2879 ei
2341 2844 2411 2879 sol-

1327 2900 1428 2932 vero,
1460 2888 1670 2924 tantundem
1693 2889 1761 2923 erit
1784 2888 1982 2924 dicendum.
2019 2889 2124 2933 plane
2146 2889 2183 2924 in
2208 2899 2286 2925 eam
2310 2889 2411 2924 dum-

1326 2938 1427 2970 taxat
1451 2945 1623 2969 summam
1645 2934 1785 2969 invecta
1807 2943 1886 2969 mea
1917 2938 1953 2969 et
1982 2933 2081 2968 illata
2111 2935 2344 2976 tenebuntur,
2374 2934 2411 2969 in

1327 2990 1433 3025 quam
1469 2980 1678 3014 cenaculum
1713 2978 1887 3014 conduxi:
1922 2989 1994 3014 non
2029 2979 2121 3014 enim
2157 2979 2323 3014 credibile
2357 2985 2412 3014 est

1327 3026 1396 3060 hoc
1421 3024 1645 3067 convenisse,
1678 3028 1719 3059 ut
1751 3024 1798 3059 ad
1822 3023 2021 3059 universam
2046 3024 2251 3069 pensionem
2275 3024 2411 3059 insulae

1326 3069 1453 3105 frivola
1471 3079 1550 3104 mea
1570 3069 1788 3104 tenebuntur
1796 3070 1820 3104 ⁶.
1852 3068 1990 3104 videtur
2009 3074 2128 3103 autem
2147 3069 2256 3104 tacite
2276 3073 2311 3104 et
2330 3080 2411 3104 cum

1327 3114 1468 3150 domino
1493 3114 1635 3149 aedium
1657 3115 1726 3150 hoc
1751 3114 1976 3156 convenisse,
2001 3118 2041 3148 ut
2064 3124 2136 3148 non
2159 3114 2277 3158 pactio
2303 3124 2408 3149 cena-

1328 3165 1346 3194 6
1395 3159 1520 3195 cularii
1554 3158 1719 3204 proficiat
1751 3159 1914 3201 domino,
1950 3159 2012 3194 sed
2044 3169 2109 3194 sua
2139 3159 2295 3203 propria.
2342 3159 2412 3194 Per

1326 3205 1472 3240 liberam
1496 3208 1615 3239 autem
1639 3215 1829 3249 personam
1851 3204 2008 3249 pignoris
2029 3203 2195 3248 obligatio
2217 3204 2318 3239 nobis
2339 3215 2410 3239 non

1327 3250 1543 3294 adquiritur,
1573 3249 1662 3284 adeo
1696 3253 1737 3283 ut
1758 3260 1804 3284 ne
1826 3259 1890 3294 per
1937 3253 2180 3283 rocuratorem
2203 3248 2410 3293 plerumque

1326 3295 1380 3330 vel
1403 3299 1556 3330 tutorem
1580 3293 1806 3339 adquiratur:
1833 3298 1869 3329 et
1891 3294 1903 3328 i
1930 3304 1970 3329 eo
1994 3293 2062 3338 ipsi
2085 3293 2226 3328 actione
2247 3294 2408 3339 pignera-

1326 3339 1410 3374 ticia
1435 3339 1698 3374 convenientur.
1736 3339 1798 3374 sed
1822 3349 1888 3374 nec
1911 3342 2036 3380 mutat,
2087 3338 2158 3373 uod
2178 3338 2409 3374 constitutum

1326 3389 1380 3419 est
1403 3384 1448 3419 ab
1473 3384 1686 3429 imperatore
1704 3388 1825 3419 nostro
1847 3393 1953 3428 posse
1972 3394 2036 3427 per
2054 3383 2078 3418 h
2105 3394 2200 3418 eram
2220 3393 2409 3428 personam

1326 3429 1585 3474 possessionem
1620 3429 1776 3474 adquiri:
1821 3439 1903 3463 nam
1937 3428 2007 3462 hoc
2042 3439 2082 3463 eo
2119 3428 2326 3473 pertinebit,
2368 3432 2409 3462 ut

1326 3474 1501 3519 possimus
1545 3473 1699 3518 pignoris
1734 3473 1836 3508 nobis
1871 3473 2017 3517 obligati
2078 3473 2311 3508 ossessionem
2344 3483 2408 3517 per

1326 3523 1591 3563 procuratorem
1612 3518 1666 3554 vel
1687 3522 1840 3554 tutorem
1861 3517 2040 3563 adprehen
2067 3527 2135 3560 ere,
2154 3517 2269 3563 ipsam
2288 3521 2407 3553 autem

1326 3563 1575 3608 obligationem
1606 3564 1718 3599 libera
1748 3573 1901 3608 persona
1933 3562 2034 3598 nobis
2067 3572 2139 3598 non
2170 3572 2310 3608 semper
2343 3561 2407 3597 ad-

1326 3680 1370 3718 (5)
1395 3681 1481 3709 esset
1493 3677 1545 3709 1⁵⁷²
1637 3682 1680 3719 (o)
1706 3682 1883 3709 teneantur
1895 3689 1957 3710 scr.
