2528 3918
178 126 349 171 XXXII

178 249 343 285 maritum
367 248 444 283 eius
467 257 652 284 remanere
669 247 854 285 concedat.
896 248 1095 294 quaesitum
1110 252 1166 284 est
1179 258 1264 293 pos-

178 299 239 331 tea
261 295 298 328 in
322 292 547 328 matrimonio
571 292 719 329 muliere
743 293 928 337 defuncta,
962 304 1009 329 an
1032 293 1199 335 maritus,
1231 292 1266 329 si

177 340 222 375 de
246 343 323 374 tota
345 338 428 373 dote
452 338 685 374 conveniatur
707 348 731 374 a
752 338 837 383 filio,
862 339 935 375 doli
957 338 1040 373 mali
1056 338 1265 383 exceptione

177 395 216 420 se
244 383 337 418 tueri
368 383 484 427 possit
512 387 549 418 et
576 393 623 419 an
652 383 747 420 ultro
782 394 826 420 ex
858 385 969 419 causa
1000 382 1265 419 fideicommissi

177 429 271 464 actio
296 428 329 463 ei
353 427 507 472 competi
557 432 599 464 ut
621 428 666 465 de
688 432 791 474 parte
816 428 1041 474 obligationis
1058 432 1208 473 accepto
1232 428 1265 463 ei

177 474 325 509 senatur.
380 482 512 526 respon
539 473 566 508 ‘t
601 478 638 510 et
673 475 917 519 exceptionem
955 474 1078 509 utilem
1114 473 1193 509 fore
1229 477 1266 508 et

177 520 272 554 ultro
297 528 342 554 ex
364 517 639 555 fideicommisso
662 519 737 564 peti
759 530 877 564 posse.
925 518 1019 554 idem
1033 518 1192 599 ffiaerit,
1217 528 1263 553 an

177 564 222 599 de
245 563 384 608 reliqua
408 562 554 599 dimidia
577 568 680 609 parte
704 564 863 599 mandati
887 563 982 600 actio
1008 575 1032 599 u
1077 563 1085 572 ⁶
1131 563 1179 599 sit
1200 563 1262 599 he-

179 608 322 644 redibus
344 608 503 644 mulieris
527 608 698 645 adversus
722 608 834 644 filium
865 610 953 645 eius.
1000 608 1185 654 respondit
1207 618 1263 644 se-

176 653 332 689 cuudum
356 663 400 689 ea
424 664 515 698 quae
538 658 835 700 proponerentur,
860 654 1012 690 maxime
1026 658 1110 699 post
1125 653 1263 689 litteras

176 699 223 734 ad
246 698 360 733 filium
383 698 537 744 scriptas
561 710 634 735 non
657 699 735 735 fore
752 700 886 735 utilem.
938 699 1150 735 CLAvas:
1175 709 1263 751 quo-

175 744 272 779 niam
294 744 332 779 in
355 743 412 779 his
436 745 622 797 expressit,
646 749 687 779 ut
711 749 901 780 contentus
925 748 1020 780 esset
1032 744 1147 789 partis
1161 743 1263 796 dimi-

176 789 257 825 diae
281 788 386 825 dotis.
458 790 564 825 mbus
589 790 705 825 verbis
737 790 825 826 satis
854 789 1167 825 fideicommissum
1188 788 1263 824 filio

176 838 196 870 5
243 834 398 879 relinqui
420 845 444 891 p
459 835 568 870 acuit.
617 834 799 871 Codicillis
810 834 863 870 ita
880 834 1045 880 scripsit:
1066 830 1264 868 Ἔούλοιιαι

173 878 309 915 ’πάντα
336 878 383 913 τὰ
412 882 682 927 υποτεταγμένα
717 877 823 928 κύρια
859 879 962 915 εἶναι.
1020 877 1179 924 Μαξίμῳ
1207 880 1263 922 ’τῷ

173 922 298 972 ‘mette
321 937 391 969 μου
416 916 570 971 δηνάρια
593 925 702 970 μύρια
731 924 1015 967 πεντακισχίλια,
1049 920 1155 958 ἅτινα
1178 923 1263 958 hsta-

174 967 257 1014 ‘ssov
284 969 606 1016 παρακαταθήκην
632 969 733 1018 παρὰ
761 971 827 1004 τοῦ
855 970 962 1004 θείου
992 965 1101 1004 αὐτοῦ
1124 965 1264 1003 Ἰουλίου

174 1013 362 1059 “Μαξίμου,
389 1015 448 1048 ἵνα
473 1010 573 1059 αὐτῷ
599 1011 667 1049 ἆνὸ
691 1015 830 1050 ωθέντι
843 1010 1038 1054 ἀποδώσω,
1067 1013 1264 1062 ἃγίνονται

173 1057 359 1104 ’σι’νντόκῳ
371 1058 572 1114 τρὶεμύρια,
589 1056 662 1095 ἄπο
689 1061 827 1103 σθῆναι
843 1055 940 1104 αὐτῷ
954 1059 1147 1104 βούλομαι·
1168 1055 1262 1094 aimo

172 1101 183 1116 ‘
210 1105 254 1151 ἀρ
278 1107 333 1149 τῷ
358 1105 454 1148 θείῳ
480 1107 588 1159 atsto&
611 1102 749 1150 ὥμοσα’
762 1107 783 1141 ¹.
832 1105 1035 1158 quaesitum
1057 1109 1122 1149 est,
1146 1115 1194 1140 an
1217 1104 1264 1158 azd

177 1150 802 1239 cffi’ffiffiffiufflffifflffi
823 1149 1263 1240 3ffi¹²1¹1i121ff¹⁰5r0‘132‘{¹1-

176 1252 279 1277 onem
302 1241 445 1276 habeat.
493 1240 679 1286 respondi:
705 1251 749 1276 ex
771 1241 828 1277 his
853 1251 945 1285 quae
968 1244 1263 1285 proponerentur,

174 1286 312 1322 scilicet
335 1297 416 1321 cum
439 1286 690 1322 iusiurandum
720 1285 860 1322 dedisse
882 1296 992 1330 super
1020 1287 1090 1321 hoc
1113 1289 1265 1321 testator

176 1335 196 1366 6
243 1331 452 1374 adfirmavit,
478 1330 657 1366 credenda
680 1334 736 1366 est
767 1331 959 1375 scriptura.
1006 1330 1103 1366 Titia
1133 1331 1264 1366 hones-

174 1377 312 1412 tissima
334 1376 466 1411 femina
496 1377 601 1411 cum²
630 1376 782 1421 negotiis
814 1376 890 1412 suis
921 1386 1032 1421 opera
1056 1375 1266 1411 Callimachi

174 1432 315 1467 semper
337 1426 517 1465 uteretur,
573 1422 610 1456 ui
634 1431 679 1456 ex
707 1425 922 1457 testamento
947 1431 1077 1466 capere
1104 1431 1178 1456 non
1199 1431 1264 1466 po-

174 1471 285 1511 terat,
314 1470 528 1502 testamento
576 1469 658 1502 acto
689 1476 799 1502 manu
830 1477 898 1502 sua
924 1465 978 1501 ita
1009 1466 1118 1502 cavit:
1148 1462 1264 1500 ‘Terta

187 1510 363 1556 διεθέμην
391 1514 451 1545 καὶ
482 1510 663 1556 βούλομαι
694 1509 856 1554 δοθῆναι
879 1510 1094 1556 Καλλιμάχῳ
1126 1511 1267 1556 μισθοῦ

186 1556 290 1603 χάριν
314 1555 469 1602 δηνάρια
491 1551 652 1603 μῦρια’3;
700 1566 846 1602 quaero,
870 1567 918 1592 an
930 1557 1021 1592 haec
1044 1556 1199 1602 pecunia
1221 1566 1266 1592 ex

175 1612 286 1637 causa
307 1601 482 1638 mercedis
505 1602 552 1638 ab
563 1601 756 1638 heredibus
769 1601 888 1637 Titiae
911 1601 1005 1647 exigi
1012 1601 1143 1654 possit.
1189 1611 1266 1637 res-

174 1646 578 1737 pongimppgimidgigrigom
587 1646 756 1727 named
780 1646 1265 1728 tirlnhiseggrffigteffitgffigntiiq

174 1737 361 1780 ‘omnibus,
392 1747 482 1782 quos
506 1747 640 1782 quasve
656 1736 847 1772 manumisi
862 1736 1168 1773 manumiserove⁴
1192 1737 1265 1772 sive

174 1783 240 1818 ‘his
263 1782 398 1818 tabuiis
422 1782 495 1818 sive
509 1782 793 1836 quibuscumque
805 1782 895 1826 aliis,
919 1781 1014 1818 filios
1031 1781 1168 1818 filiasve
1180 1792 1266 1817 suos

174 1832 308 1864 ‘omnes
334 1827 484 1863 concedi
506 1828 599 1863 volo'
624 1831 826 1872 quaesitum
849 1831 915 1871 est,
939 1837 988 1863 an
1009 1827 1076 1871 his,
1101 1838 1190 1872 quos
1214 1827 1265 1863 vi-

173 1884 236 1909 vus
278 1873 558 1917 manumisisset,
601 1873 800 1908 debeantur
837 1872 915 1908 filii
984 1883 1042 1908 res
1070 1872 1170 1908 ondit
1208 1872 1265 1907 his

174 1928 334 1963 quoque,
364 1928 455 1963 quos
479 1928 612 1962 quasve
642 1922 726 1954 ante
754 1921 1008 1954 testamentum
1046 1922 1167 1953 actum
1189 1927 1266 1952 ma-

172 1963 388 2006 numisisset,
412 1962 507 1999 filios
529 1962 666 1999 filiasve
689 1974 735 2000 ex
756 1973 868 1999 causa
878 1962 1144 1999 fideicommissi
1161 1972 1265 2008 prae-

173 2008 264 2044 stari
287 2012 465 2053 oportere.

219 2050 272 2091 38
299 2053 428 2089 Horu
451 2053 543 2090 libro
578 2064 675 2089 nono
711 2053 848 2089 decimo
883 2053 1106 2100 diqestorum
1158 2053 1268 2089 Pater

173 2098 286 2134 filium
309 2098 477 2134 heredem
530 2098 654 2134 raedia
683 2098 841 2134 alienare
871 2108 935 2134 seu
965 2097 1106 2152 pignori
1132 2109 1267 2144 ponere

172 2144 422 2189 prohibuerat,
451 2110 528 2179 sef
539 2144 744 2179 conservari
772 2144 895 2180 liberis
925 2154 970 2179 ex
997 2143 1102 2179 iustis
1131 2144 1266 2190 nuptiis

173 2193 210 2224 et
244 2188 373 2224 ceteris
410 2199 453 2224 co
525 2189 571 2224 tis
605 2188 934 2224 fideiconimiserat:
975 2188 1071 2224 filius
1107 2189 1264 2234 praedia,

173 2244 266 2279 quae
294 2238 398 2279 pater
433 2245 454 2269 ο
480 2234 591 2279 ligata
623 2234 832 2279 reliquerat,
868 2234 1013 2270 dimisso
1048 2233 1265 2270 hereditario

175 2279 349 2315 creditore
372 2279 526 2314 nummis
550 2279 634 2315 novi
657 2279 855 2323 creditoris,
880 2279 1035 2324 apriore
1056 2279 1096 2314 in
1112 2289 1265 2324 sequen-

175 2329 244 2361 tem
268 2323 482 2360 creditorem
504 2323 664 2370 pignoris
686 2324 952 2371 hypothecaeve
981 2324 1123 2360 nomine
1146 2328 1264 2360 trans-

174 2370 271 2405 tulit:
320 2369 498 2405 uaesitum
510 2373 574 2413 est,
599 2379 647 2405 an
657 2370 788 2415 pignus
805 2373 903 2405 recte
916 2373 1140 2405 contractum
1158 2373 1263 2405 esset.

173 2425 304 2460 respon
331 2414 358 2449 't
380 2413 577 2450 secundum
601 2424 644 2451 ea
657 2425 748 2460 quae
771 2425 838 2460 pro
866 2418 1059 2450 onerentur
1069 2418 1167 2450 recte
1178 2425 1263 2450 con-

173 2463 338 2496 tractum.
384 2459 479 2495 idem
510 2459 680 2504 quaesiit,
712 2470 794 2495 cum
820 2426 917 2496 {fiius
945 2458 1095 2505 praedia
1123 2459 1263 2495 heredi-

172 2505 275 2549 taria,
299 2509 342 2540 ut
365 2504 560 2540 dimitteret
582 2505 819 2541 hereditarios
844 2504 1050 2549 creditores,
1075 2504 1263 2540 distraxis-

173 2554 237 2594 set,
263 2561 310 2585 an
333 2554 522 2603 emptores,
548 2550 610 2595 qui
621 2549 955 2586 fideicommissumss
978 2549 1262 2595 ignoraverunt7,

173 2596 264 2631 bene
287 2599 450 2631 emerint.
497 2595 668 2640 respondi
690 2595 888 2631 secundum
911 2605 955 2631 ea
1002 2605 1150 2640 uaepro
1178 2605 1262 2631 one-

172 2645 297 2675 rentur
319 2644 417 2676 recte
441 2644 682 2685 contractum,
713 2640 743 2676 si
772 2651 847 2677 non
869 2644 948 2676 erat
971 2606 1070 2676 :aiud
1098 2640 1136 2675 in
1185 2650 1262 2676 ere-

177 2689 189 2721 1
241 2685 363 2728 ditate,
389 2684 484 2721 unde
508 2685 667 2721 debitum
691 2685 912 2722 exsolvisset.
959 2685 1112 2721 Duobus
1124 2685 1262 2721 libertis

173 2730 296 2767 Sticho
321 2735 357 2765 et
379 2730 492 2766 Erote
522 2730 715 2767 heredibus
744 2730 918 2767 institutis
945 2730 999 2766 ita
1028 2731 1137 2766 cavit:
1169 2730 1261 2766 ‘fun-

177 2775 269 2811 ·dum
299 2775 552 2811 Cornelianum
581 2775 624 2812 de
653 2776 796 2812 nomine
829 2786 990 2812 meorum
1024 2775 1122 2811 exire
1150 2776 1260 2812 veto’:

173 2831 266 2857 unus
289 2830 334 2856 ex
363 2820 555 2856 heredibus
580 2821 723 2858 Stichus
753 2821 921 2857 ancillam
942 2821 1161 2857 Arescusam
1188 2824 1261 2857 tes-

172 2869 331 2901 tamento
354 2865 503 2901 liberam
527 2876 605 2902 esse
628 2866 735 2902 iussit
757 2867 859 2913 eique
883 2870 1022 2920 partem
1044 2877 1148 2903 suam
1158 2866 1263 2902 fundi

172 2910 317 2956 legavit:
348 2920 499 2955 quaero,
529 2921 576 2946 an
605 2911 699 2948 Eros
729 2916 765 2948 et
793 2916 903 2948 ceteri
931 2911 1120 2947 conliberti
1149 2911 1263 2947 Stichi

172 2967 218 2992 ex
240 2965 352 2992 causa
374 2955 637 2992 fideicommissi
665 2956 742 2993 eius
766 2956 869 2993 fundi
897 2960 1037 3002 partem
1060 2957 1106 2992 ab
1130 2956 1262 2992 herede

173 3000 288 3037 Stichi
326 3004 448 3045 petere
490 3001 639 3046 possint.
702 3002 889 3048 respondit
933 3012 1006 3038 non
1051 3001 1227 3038 contineri
1235 3003 1259 3037 Β.

174 3050 192 3081 2
242 3045 372 3081 Filiam
401 3055 502 3081 suam
537 3046 703 3082 heredem
731 3047 927 3101 scripserat
955 3051 992 3083 et
1019 3047 1072 3082 ita
1100 3051 1259 3083 caverat:

174 3094 265 3127 ‘veto
288 3095 408 3127 autem
433 3090 634 3126 aedificium
657 3092 701 3128 de
724 3102 867 3129 nomme
889 3102 970 3128 meo
995 3092 1103 3136 exire,
1128 3092 1193 3128 sed
1214 3092 1261 3128 ad

173 3139 311 3173 ‘vernas
334 3146 450 3180 meos,
482 3146 572 3181 quos
596 3136 665 3172 hoc
693 3141 907 3173 testamento
937 3137 1126 3181 nominavi,
1157 3138 1260 3183 ⁹per-

173 3182 298 3218 ‘tinere
320 3181 431 3218 volo':
455 3181 657 3226 quaesitum
679 3187 744 3226 est,
769 3182 940 3218 defuncta
962 3182 1142 3218 heredeet
1164 3182 1261 3228 lega-

171 3227 273 3263 tariis
297 3226 414 3263 vernis
426 3227 455 3248 ¹⁰
477 3225 584 3261 anad
606 3237 717 3262 unum
735 3227 904 3264 libertum
927 3227 987 3273 qui
1011 3227 1184 3263 remansit
1204 3231 1261 3264 to-

171 3276 248 3308 tum
275 3271 588 3308 fideicommissum
616 3272 821 3317 pertineret.
879 3272 1065 3318 respondit
1092 3272 1141 3308 ad
1168 3283 1259 3316 euin,

173 3317 235 3363 qni
258 3328 303 3353 ex
324 3316 442 3353 vernis
450 3320 685 3397 vsd-ilylieresset,
715 3318 912 3354 secundum
940 3328 985 3354 ea
1007 3327 1100 3364 quae
1120 3328 1261 3398 (propo-

173 3367 193 3397 3
247 3367 418 3399 nerentur
475 3361 483 3371 ⁸
531 3371 586 3397 em
614 3366 753 3407 partem
787 3363 977 3408 pertinere.
1036 3362 1119 3398 Fun
1144 3374 1204 3398 um
1239 3373 1262 3399 a

171 3406 259 3453 filio,
282 3407 403 3454 quoad
424 3407 562 3451 vixerit,
585 3407 698 3443 vetuit
719 3408 916 3444 venundari
938 3407 1065 3444 donari
1081 3408 1261 3454 pignerari

174 3523 213 3563 (ι)
239 3522 276 3555 id
287 3529 355 3556 est:
374 3521 611 3564 Quaecumque
624 3519 714 3554 iufra
741 3521 868 3563 scripta
888 3525 967 3554 sunt
987 3525 1061 3554 rata
1081 3532 1151 3554 esse
1173 3520 1259 3554 volo.

173 3567 322 3600 Maximo
342 3566 478 3600 domino
494 3577 569 3599 meo
589 3565 803 3599 denariorum
823 3566 1016 3608 quindecim
1034 3566 1148 3607 inilia,
1174 3576 1260 3609 quae

174 3623 194 3644 a
206 3616 326 3654 patruo
344 3612 416 3645 eius
429 3611 517 3646 Iulio
529 3611 678 3644 Maximo
695 3611 717 3644 d
782 3612 849 3644 sita
867 3615 947 3643 sunt
966 3612 1057 3654 apud
1075 3622 1144 3652 me,
1164 3616 1205 3644 ut
1227 3611 1260 3645 ei

173 3657 382 3690 restituerem
397 3656 516 3699 puberi
528 3657 630 3699 facto,
641 3621 825 3699 quaeeggnt
836 3666 911 3689 cum
922 3658 1034 3689 usuris
1046 3657 1260 3689 denariorum

175 3702 317 3744 triginta
337 3703 442 3741 milia,
455 3702 591 3735 restitui
604 3701 697 3735 volo:
718 3712 796 3735 nam
809 3700 850 3734 de
862 3711 901 3734 ea
913 3711 946 3734 re
965 3705 1086 3744 patruo
1104 3703 1177 3735 eius
1188 3702 1259 3735 ius·

174 3747 353 3780 iurandum
367 3747 440 3780 dedi
526 3748 569 3789 (2)
594 3747 631 3780 in
646 3748 705 3782 ins.
720 3747 794 3781 dett.

1247 121 1335 171 448

889 3750 932 3788 (3)
958 3748 995 3781 id
1004 3755 1070 3781 ese.-
1081 3747 1155 3790 Ego
1166 3747 1260 3780 Titia
1328 3748 1387 3789 (12)
1413 3747 1599 3790 pertineret
1618 3745 1652 3780 F

1495 0 1500 49 ἐ

1333 252 1370 284 et
1392 248 1482 284 haec
1505 249 1615 285 verba
1637 248 1782 285 adiecit:
1815 251 1823 267 ‘
1849 249 1921 285 uod
1945 249 1977 284 si
2006 249 2176 285 adversus
2199 249 2414 285 voluntatem

1335 296 1460 329 ‘meam
1488 292 1608 329 facere
1637 294 1803 338 voluerit,
1849 294 1982 329 undum
2007 294 2188 329 Titianum
2217 294 2263 329 ad
2291 293 2414 330 fiscum

1335 338 1538 383 ‘pertinerez
1569 340 1620 374 ita
1648 339 1742 375 enim
1764 339 1842 384 fiet,
1879 344 1920 374 ut
1942 339 2075 375 fundus
2099 339 2262 375 Titianus
2286 338 2330 375 de
2353 350 2414 374 no-

1335 383 1438 436 ‘mine
1460 387 1578 437 vestro
1606 395 1798 429 numquam
1827 385 1953 420 exeat'.
2007 384 2208 429 quaesitum
2236 388 2306 428 est,
2337 394 2414 437 cuin

1333 427 1551 526 ἓὲἱῗὲἒῗ
1565 429 1827 511 inunieffuui‘ssffl
1838 429 2058 510 2⁸5⁰333¹¹2¹a
2070 429 2416 520 Ἔὲὲἓᾱῗὲθῗοξῖῗὲὲ

1332 528 1356 553 a
1382 518 1473 562 fiho,
1504 518 1567 554 sed
1590 518 1637 554 ad
1665 529 1742 563 eos,
1773 520 1835 564 qui
1863 519 1907 555 de
1937 519 2071 554 familia
2100 523 2199 563 sunt,
2229 519 2414 565 pertineat.

1333 563 1518 609 respondit
1539 563 1608 599 hoc
1621 574 1665 600 ex
1687 565 1869 600 voluntate
1882 565 2041 600 defuncti
2053 564 2171 609 colligi
2187 575 2295 610 posse
2306 564 2415 599 filium

1333 608 1452 653 quoad
1474 609 1641 644 viveret¹¹
1666 609 1824 645 alienare
1836 610 1892 645 vel
1908 610 2095 663 pignerare
2108 620 2178 645 non
2202 620 2319 654 posse,
2345 615 2415 645 tes-

1331 654 1480 689 tamenti
1503 658 1623 689 autem
1645 653 1837 690 factionem
1860 659 1896 690 et
1917 666 1955 690 in
1978 665 2020 690 eo
2033 654 2144 690 fundo
2168 655 2206 690 in
2229 658 2416 690 extraneos

1333 702 1353 733 4
1401 699 1509 734 etiam
1531 698 1680 735 heredes
1708 699 1924 735 habiturum.
1971 700 2084 735 Iulius
2107 700 2194 744 Agri
2221 710 2269 745 pa
2297 700 2413 753 primi·

1332 743 1457 789 pilaris
1480 747 1693 780 testamento
1717 755 1783 780 suo
1808 745 1918 788 cavit,
1947 755 1993 780 ne
2022 745 2095 780 ullo
2119 756 2176 781 mo
2204 756 2224 780 ο
2249 745 2417 790 reliquias

1333 789 1410 824 eius
1433 793 1469 824 et
1497 789 1681 834 praedium
1711 791 1957 825 suburbanum
1987 795 2050 825 aut
2078 789 2220 825 domum
2248 790 2417 826 maiorem

1332 834 1437 870 heres
1461 834 1538 870 eius
1562 834 1764 879 pigneraret
1793 839 1857 870 aut
1885 835 1959 870 ullo
1988 838 2094 871 modo
2122 835 2311 871 alienaret:
2344 835 2418 870 filia

1333 879 1409 915 eius
1433 879 1538 914 heres
1562 880 1698 933 scripta
1719 879 1887 915 heredem
1909 879 2054 924 reliquit
2075 879 2186 914 filiam
2203 891 2306 917 suain
2331 892 2416 926 nep-

1332 928 1404 959 tem
1465 924 1685 970 rimipilaris,
1721 935 1812 970 quae
1841 924 1985 960 easdem
2018 934 2076 961 res
2106 924 2168 960 diu
2196 926 2356 970 possedit
2383 931 2417 961 et

1333 969 1420 1005 dece
1447 980 1510 1004 ens
1532 974 1722 1017 extraneos
1744 970 1900 1006 instituit
1923 969 2084 1005 heredes.
2134 970 2334 1014 quaesitum
2351 975 2416 1013 est,

1333 1025 1380 1049 an
1405 1025 1448 1050 ea
1501 1014 1624 1050 raedia
1652 1019 1844 1050 extraneus
1872 1014 1976 1050 heres
2005 1014 2157 1050 haberet
2184 1024 2232 1050 an
2260 1025 2343 1051 vero
2372 1016 2417 1051 ad

1332 1059 1459 1094 Iuliam
1519 1070 1676 1104 omnam,
1707 1070 1798 1104 quae
1827 1059 1954 1095 habuit
1976 1063 2143 1104 patruum
2167 1060 2337 1095 maiorem
2360 1061 2417 1095 Iu·

1332 1104 1419 1139 lium
1430 1104 1634 1150 Agrippam,
1659 1105 1927 1150 pertinerentffl.
1966 1105 2146 1157 respondi,
2162 1115 2243 1140 cum
2260 1105 2329 1141 hoc
2353 1117 2417 1141 nu-

1334 1149 1418 1184 dum
1441 1154 1672 1195 praeceptum
1696 1155 1760 1193 est,
1785 1150 2039 1195 nihilpropom
2062 1155 2187 1185 contra
2203 1150 2417 1187 voluntatem

1334 1194 1494 1230 defuncti
1517 1194 1669 1238 factum,
1700 1206 1770 1239 quo
1793 1195 1911 1230 minus
1934 1195 1983 1230 ad
2010 1195 2160 1231 heredes
2188 1195 2417 1240 pertinerent.

1333 1244 1352 1274 5
1401 1239 1609 1284 Quindecim
1631 1240 1779 1284 libertis,
1804 1251 1893 1285 quos
1917 1240 2170 1284 nominaverat,
2200 1240 2418 1284 praediolum

1334 1296 1415 1320 cum
1436 1286 1588 1321 taberna
1610 1285 1790 1330 legaverat
1806 1289 1843 1321 et
1866 1285 2047 1321 adiecerat
2059 1285 2149 1321 haec
2172 1286 2296 1320 verba:
2323 1286 2417 1322 ‘sibi-

1334 1332 1414 1375 ‘que
1437 1341 1500 1366 eos
1523 1331 1655 1366 habere
1676 1330 1860 1376 possidere
1884 1330 1963 1366 volo
1987 1340 2030 1365 ea
2053 1330 2129 1375 lege
2153 1334 2189 1366 et
2201 1330 2419 1374 condicione,

1334 1377 1389 1411 ‘ne
1414 1375 1493 1419 quis
1518 1386 1641 1411 corum
1652 1379 1792 1421 partem
1815 1386 1917 1411 suam
1929 1375 2080 1411 venderev
2095 1375 2268 1411 donareve
2281 1375 2420 1411 aliudve

1334 1420 1430 1465 ‘quid
1453 1420 1572 1456 facere
1595 1421 1658 1456 alii
1679 1421 1779 1456 velit:
1804 1420 1899 1466 quod
1923 1420 1954 1456 si
1977 1420 2148 1456 adversus
2171 1431 2214 1456 ea
2237 1421 2321 1466 quid
2345 1421 2419 1457 fac—

1334 1466 1522 1547 ‹Zimrssffi
1538 1465 2420 1555 3ἒὲαὲἲῖΕὲἔὲὶίἓίᾙξῗὲῖᾋέξὲἓέἷέὓᾞ

1334 1555 1416 1591 dam
1439 1566 1484 1591 ex
1539 1556 1547 1564 '
1591 1556 1728 1592 libertis
1752 1555 1985 1591 vendiderunt
2010 1559 2131 1602 partes
2166 1566 2251 1592 suas
2279 1556 2350 1592 duo
2378 1568 2419 1592 us

1335 1601 1542 1636 conlibertis
1571 1602 1645 1637 suis
1670 1611 1715 1636 ex
1744 1601 1870 1637 eodem
1899 1610 2065 1645 corpore,
2093 1606 2271 1646 emptores
2300 1606 2419 1637 autem

1334 1645 1495 1681 defuncti
1523 1646 1653 1681 Gaium
1681 1646 1801 1682 Seium
1830 1650 2038 1681 extraneum
2072 1646 2238 1682 heredem
2267 1647 2419 1691 relique·

1334 1695 1435 1726 runt:
1461 1691 1662 1736 quaesitum
1685 1694 1750 1735 est,
1773 1694 1896 1736 partes
1920 1701 2012 1736 quae
2034 1691 2221 1726 venierunt
2242 1693 2362 1727 utrum
2374 1693 2418 1727 ad

1335 1735 1465 1771 Gaium
1488 1736 1607 1772 Seium
1630 1747 1678 1771 an
1701 1736 1747 1771 ad
1771 1736 1981 1781 superstites
2005 1736 2209 1772 collibertos
2233 1747 2329 1780 suos,
2385 1739 2419 1772 ui

1334 1785 1456 1827 partes
1481 1791 1566 1817 suas
1589 1792 1662 1817 non
1684 1781 1930 1825 vendiderunt,
1955 1781 2185 1826 pertinerent.
2236 1791 2294 1817 res
2322 1793 2369 1818 on
2395 1782 2420 1816 ‘t

1335 1826 1531 1862 secundum
1560 1837 1603 1862 ea
1639 1837 1730 1872 quae
1759 1830 2045 1872 proponerentur
2073 1826 2119 1861 ad
2144 1826 2272 1862 Gaium
2327 1827 2420 1863 eium

1335 1871 1524 1917 pertinere.
1571 1871 1666 1907 idem
1691 1871 1853 1916 quaesiit,
1879 1881 1926 1907 an
1948 1874 2071 1925 partes
2093 1871 2257 1908 venditae
2281 1872 2328 1907 ad
2346 1883 2420 1908 rem

1334 1917 1517 1962 publicam
1545 1917 1833 1953 Tusculanorum
1864 1920 2094 1970 pertinerent.
2147 1917 2315 1970 respondi
2349 1929 2420 1953 non

1334 1962 1525 2008 pertinere.
1577 1962 1649 1998 Cra
1657 1972 1784 1998 omas:
1814 1972 1898 2007 quia
1920 1972 1993 1997 nou
2015 1961 2232 2007 possidentis
2254 1972 2419 2007 persona,

1337 2007 1398 2052 qui
1420 2018 1516 2043 nunc
1540 2012 1731 2044 extraneus
1754 2011 1819 2050 est,
1843 2007 2068 2052 respicienda
2091 2011 2161 2051 est,
2190 2007 2254 2043 sed
2284 2012 2419 2053 empto-

1335 2063 1426 2097 rum,
1451 2053 1513 2098 qui
1535 2052 1733 2089 secundum
1755 2053 1975 2088 voluntatem
1998 2052 2188 2088 defunctae
2201 2063 2246 2088 ex
2268 2052 2339 2089 inis
2363 2053 2419 2088 fu-

1335 2102 1450 2142 erunt,
1477 2098 1606 2144 quibus
1625 2098 1837 2151 permiserat
1849 2097 2016 2133 testatrix
2031 2097 2237 2141 venundari,
2256 2108 2322 2133 nec
2335 2109 2420 2134 con-

1336 2147 1355 2178 6
1403 2143 1496 2180 dicio
1521 2143 1658 2179 exstitit
1681 2143 1756 2179 dati
1770 2142 2034 2178 fideicommissi
2045 2141 2272 2179 Tusculanis.
2320 2143 2420 2179 Fidei

1335 2189 1536 2270 fofflittr
1533 2189 1627 2242 eius,
1659 2189 1718 2268 cpi
1740 2188 1811 2268 ᾱιέ)
1832 2187 1931 2268 miliia
1952 2187 2153 2268 lffltiain
2174 2188 2271 2268 llii(1iiec
2295 2189 2418 2270 verzei:

1335 2244 1411 2315 ‘gas
1427 2244 1796 2331 ’coflegigkcgiiugdalin
1819 2243 1965 2323 geginpff'.
2010 2243 2214 2330 gffaesiffim
2226 2244 2326 2322 oel.:3¹¹1*.1,n
2340 2245 2419 2314 {uin

1333 2324 1371 2359 id
1394 2324 1582 2370 collegium
1604 2328 1731 2369 postea
1754 2323 1967 2359 dissolutum
1989 2327 2046 2366 sit,
2070 2326 2190 2358 utrum
2205 2323 2361 2368 legatum
2374 2324 2419 2359 ad

1332 2369 1542 2405 Petronium
1563 2369 1742 2414 pertineat
1765 2378 1812 2403 an
1834 2378 1918 2403 vero
1939 2367 2037 2420 apud
2059 2367 2225 2403 heredem
2236 2379 2418 2404 remanere

1332 2414 1472 2450 debeat.
1519 2413 1705 2459 respondit
1727 2413 1936 2449 Petronium
1964 2423 2042 2448 iure
2071 2417 2207 2458 petere,
2239 2413 2361 2458 utique
2388 2415 2419 2450 si

1333 2462 1351 2494 7
1399 2469 1466 2505 per
1488 2469 1570 2495 eum
1592 2469 1666 2494 non
1689 2459 1788 2494 stetit
1798 2468 1926 2503 parere
1937 2457 2098 2493 defuncti
2107 2458 2293 2494 voluntati.
2339 2459 2417 2495 Ma-

1331 2508 1388 2540 ter
1408 2503 1503 2540 filios
1526 2503 1676 2540 heredes
1699 2504 1894 2549 scripserat
1916 2507 1952 2538 et
1963 2502 2108 2538 adiecit:
2135 2503 2303 2549 ‘praedia,
2328 2515 2419 2549 quae

1333 2548 1392 2585 ‘ad
1414 2559 1477 2586 eos
1500 2559 1547 2585 ex
1568 2548 1673 2586 bonis
1695 2548 1783 2586 meis
1795 2552 2011 2594 perventura
2022 2551 2116 2591 sunt,
2141 2548 2240 2583 nulla
2252 2559 2297 2584 ex
2309 2559 2418 2585 causa

1333 2594 1559 2639 ‘abalienent,
1583 2594 1648 2631 sed
1671 2597 1882 2630 conservent
1898 2593 2116 2629 successioni
2139 2604 2227 2629 suae
2250 2593 2364 2639 deque
2376 2605 2419 2630 ea

1332 2642 1382 2676 ‘re
1404 2639 1555 2675 invicem
1571 2639 1641 2675 sibi
1653 2639 1845 2675 caverent':
1871 2648 1916 2675 ex
1933 2638 1990 2674 his
2008 2638 2124 2674 verbis
2161 2639 2336 2674 uaesitum
2353 2644 2416 2681 est,

1331 2695 1379 2721 an
1401 2685 1549 2731 praedia
1564 2695 1629 2730 per
1642 2684 1952 2720 fideicommissum
1966 2683 2093 2719 relicta
2107 2683 2141 2718 vi
2166 2688 2304 2719 eantur.
2342 2695 2416 2720 res-

1331 2733 1351 2766 8
1398 2729 1527 2784 pondit
1544 2730 1634 2765 nihil
1658 2729 1702 2766 de
1724 2728 1996 2765 fideicommisso
2019 2728 2183 2773 proponi.
2232 2729 2290 2764 Ex
2314 2733 2417 2774 parte

1331 2775 1477 2811 dimidia
1505 2775 1628 2811 heredi
1656 2775 1821 2810 instituto
1855 2785 1921 2819 per
1947 2773 2234 2819 praeceptionem
2268 2773 2417 2810 fundum

1329 2821 1343 2856 l
1408 2820 1460 2856 vit
1482 2825 1519 2856 et
1541 2821 1587 2856 ab
1611 2830 1654 2856 eo
1676 2820 1729 2855 ita
1752 2820 1858 2865 petit:
1890 2821 1995 2864 ‘peto,
2019 2818 2073 2854 uti
2095 2819 2181 2855 velis
2207 2819 2415 2855 coheredem

1331 2831 1410 2902 ‘ggii
1430 2865 1591 2919 recipere
1612 2865 1652 2900 in
1664 2864 1776 2900 fundo
1793 2864 1933 2901 Iuliano
1944 2874 2035 2908 meo,
2057 2874 2160 2908 quem
2180 2864 2249 2900 hoc
2264 2864 2416 2909 amplius

1331 2913 1378 2947 ‘te
1399 2920 1607 2956 praecipere
1628 2909 1729 2954 iussi,
1755 2909 1919 2946 Clodium
1942 2909 2076 2944 Verum
2099 2913 2263 2954 nepotem
2287 2919 2413 2953 meum,

1330 2959 1534 3001 ‘cognatum
1560 2956 1691 2991 tuum’:
1722 2954 1922 3000 quaesitum
1957 2958 2026 2997 est,
2055 2964 2102 2988 an
2125 2963 2210 2999 pars
2241 2953 2344 2990 fundi
2371 2965 2415 2990 ex

1330 3011 1442 3037 causa
1457 2999 1721 3037 fideicommissi
1738 2999 1860 3045 nepoti
1871 2999 2055 3035 debeatur.
2079 2998 2263 3043 respondit
2282 2998 2413 3035 deberi.

1376 3044 1430 3085 39
1454 3046 1563 3082 Ihm!
1599 3045 1690 3082 libro
1731 3046 1897 3081 vicesimo
1939 3044 2158 3090 diqestorum
2216 3043 2415 3097 ‘Pamphilo

1330 3092 1470 3128 ‘liberto
1493 3091 1563 3127 hoc
1586 3090 1749 3135 amplius,
1775 3100 1882 3135 quam
1893 3088 2066 3125 codicillis
2083 3088 2148 3124 reli
2172 3089 2219 3132 ui,
2246 3088 2415 3126 darivolo

1331 3139 1496 3218 ἶοὲωὲιῗ·
1543 3135 1619 3172 ⁸⁰i⁰
1643 3135 1777 3216 0ωέΙᾶ
1808 3145 1900 3215 ‘effi
1916 3132 2414 3215 figgmpzmeffighessnnnqlumo,

1331 3193 1440 3263 {ires
1461 3191 1523 3262 eogs
1544 3191 1734 3270 fflgpgm
1761 3191 1875 3261 ggtam
1885 3207 2021 3277 liabeo'.
2058 3234 2214 3276 quaero,
2239 3224 2413 3261 anverbis

1329 3282 1440 3317 supra
1463 3271 1606 3316 scriptis
1629 3236 1808 3316 Pamphili
1829 3269 1913 3305 fidei
1940 3272 2125 3321 commisit,
2151 3273 2192 3304 ut
2213 3273 2298 3314 post
2318 3280 2413 3305 mor·

1329 3321 1402 3353 tem
1428 3315 1512 3352 filiis
1544 3315 1704 3351 defuncti
1738 3318 1880 3351 centum
1907 3317 2086 3350 restituat.
2144 3313 2330 3360 respondit
2357 3325 2413 3351 se-

1330 3361 1487 3398 cundum
1516 3371 1559 3397 ea
1589 3371 1681 3406 quae
1709 3362 1992 3406 proponerentur
2019 3369 2092 3395 non
2119 3358 2232 3395 videri
2261 3359 2412 3404 quidem,

1330 3410 1502 3452 quantum
1525 3406 1692 3442 adverba
1703 3404 1885 3441 testatoris
1902 3404 2067 3449 pertinet,
2091 3403 2175 3440 fidei
2187 3404 2412 3445 commissum

2138 138 2197 170 DE
2225 138 2414 171 IAEGA‘HS

1328 3523 1563 3553 testamentum
1576 3520 1641 3553 feci
1654 3522 1688 3552 et
1699 3517 1776 3551 volo
1795 3518 1870 3551 dari
1890 3517 2095 3551 Callimacho
2115 3529 2175 3561 pro
2195 3518 2343 3552 mercede
2355 3518 2411 3551 de-

1328 3566 1499 3598 nariorum
1511 3565 1607 3598 milia
1620 3565 1733 3598 decem
1831 3564 1873 3606 (4)
1886 3563 2142 3597 manumiseram
2154 3564 2190 3597 F
2293 3564 2336 3605 (ὁ)
2352 3567 2369 3603 5
2383 3571 2411 3598 4.

1329 3617 1346 3646 8
1358 3626 1405 3640 —
1416 3611 1437 3644 l.
1451 3618 1488 3645 93
1498 3623 1553 3654 pr.
1569 3615 1585 3651 5
1600 3618 1618 3645 5
1629 3610 1661 3643 h.
1674 3612 1699 3643 t.
1790 3610 1834 3651 (ο)
1847 3620 1915 3642 non
1929 3610 1990 3643 ins.
2007 3609 2161 3643 Cuiaciuae
2246 3610 2289 3650 (7)
2313 3608 2409 3651 igno-

1327 3659 1483 3689 raverant
1493 3654 1547 3689 Γ*
1644 3656 1690 3697 (s)
1714 3654 1894 3695 contineri]
1908 3653 2079 3697 prohiberi
2091 3666 2153 3688 scr.
2266 3656 2310 3693 (9)
2333 3657 2410 3697 post

1327 3705 1361 3734 te
1373 3702 1433 3735 im.
1570 3703 1629 3743 (ιο)
1654 3698 1795 3742 reliquis
1807 3700 1867 3733 ins.
2025 3701 2079 3741 (¹¹)
2103 3699 2192 3741 quod
2213 3697 2362 3731 adiberet
2383 3699 2412 3731 F

1736 3746 1793 3788 (ιε)
1819 3745 1913 3777 mnia
1928 3745 1989 3779 aaz.
2002 3744 2056 3778 Γ*
