2528 3918
21 68 62 139 „fg
131 89 358 124 mamm

130 199 170 234 (18
194 202 352 242 legitima
374 198 480 232 tutela
527 199 562 234 0.
587 201 619 242 5,
643 200 686 235 30

129 244 217 278 unde
241 244 391 287 legitimi
412 246 446 277 81
469 244 558 277 88(18
581 246 716 288 cognati
764 246 798 281 C.
824 249 856 288 6,
882 243 921 280 15

127 289 215 322 unde
239 289 389 332 legitimi
432 289 476 323 D.
502 291 557 331 38,
582 291 599 322 7

127 335 168 367 <10
190 334 356 376 legitimis
378 334 555 367 heredibus
602 335 636 369 0.
661 338 692 377 6,
717 337 760 371 58

118 379 166 412 de
190 379 354 422 legitimis
376 380 545 412 tutoribus
590 380 633 414 D.
659 382 714 423 26,
738 384 759 415 4

30 397 57 428 ς’
126 424 166 457 (18
190 423 313 456 libellis
335 424 530 457 dimissoriis
553 426 612 466 qui
635 426 777 468 apostoli
801 427 961 460 dicuntur
1008 426 1051 460 D.
1076 427 1131 467 49,
1156 427 1176 460 6

125 469 165 502 de
189 468 330 502 liberali
351 479 450 502 causa
494 470 539 504 D.
567 472 621 511 40,
649 472 689 506 12
738 471 772 506 C.
797 473 829 514 7,
859 474 896 506 16

125 514 164 546 de
187 513 395 547 liberatione
417 514 527 557 legata
572 515 616 549 D.
642 517 695 557 34,
722 518 742 551 3

124 558 211 591 unde
236 558 339 592 liberi
384 559 418 593 0.
443 562 474 602 6,
502 562 543 594 14

121 604 151 636 si
172 603 305 637 tabulae
332 605 521 638 testamenti
556 604 670 638 nullae
702 606 863 639 extabunt
894 608 983 640 unde
1017 608 1119 640 liberi
1164 607 1207 640 D.

189 650 244 691 38,
268 651 289 683 6
586 671 589 674 »

0 681 25 726 ῗῘ’
59 735 61 737 ¹
121 693 161 726 (18
184 693 304 727 liberis
325 695 358 727 et
380 695 542 737 postumia
564 695 742 729 heredibus
765 697 981 730 instituendis
1000 697 1054 730 vel
1072 698 1206 730 exhere-

187 738 304 772 dandis
348 739 392 773 D.
418 741 471 780 28,
497 741 516 773 2

119 783 159 816 (18
183 783 304 816 liberis
327 784 521 817 exhibendis
543 785 624 818 item
647 785 806 818 ducendis
850 787 894 821 D.
919 789 974 827 43,
999 789 1042 821 30

119 828 158 861 (18
182 828 300 861 liberis
324 829 519 862 exhibendis
537 841 595 863 seu
617 831 655 863 de
669 830 829 863 ducendis
846 834 879 864 et
896 832 936 865 de
954 833 1088 866 homine
1099 833 1206 866 libero

186 873 372 908 exhibendo
420 875 453 908 G.
479 876 510 916 8,
535 877 555 909 8

117 918 157 951 (18
181 918 301 952 liberis
321 919 512 962 praeteritis
534 919 587 953 vel
611 920 818 953 exheredatis
865 921 899 956 0.
925 924 956 964 6,
981 923 1023 956 28

116 963 156 996 (18
190 965 407 1006 agnoscendis
441 967 475 997 81
507 965 635 998 alendis
672 965 791 998 liberis
832 966 885 1000 vel
922 968 1116 1010 parentibus
1151 969 1203 1002 vel

181 1010 332 1051 patronis
354 1009 406 1042 vel
429 1009 560 1042 libertis
603 1011 648 1044 D.
674 1012 727 1051 25,
753 1013 772 1045 3

116 1053 156 1086 (18
181 1054 352 1087 libertinis
396 1055 428 1088 J.
454 1056 485 1097 1,
509 1058 529 1089 5
578 1055 612 1090 0.
642 1057 692 1098 10,
717 1058 760 1091 58

115 1099 155 1132 de
180 1099 314 1132 libertis
336 1101 370 1132 et
392 1110 506 1132 eorum
529 1099 644 1133 liberis
691 1101 725 1135 C.
751 1103 783 1144 6,
808 1103 828 1136 7

115 1144 154 1177 (18
179 1144 314 1177 libertis
335 1145 591 1178 universitatum
635 1146 680 1181 D.
705 1148 760 1188 38,
785 1149 804 1181 3

114 1189 154 1222 (18
175 1188 250 1232 lege
273 1189 430 1223 Cornelia
453 1190 493 1224 de
516 1190 609 1223 falsis
638 1194 671 1224 et
702 1191 742 1225 de
765 1195 899 1226 senatus
922 1193 1074 1227 consulto
1097 1193 1202 1227 Libo-

179 1236 289 1268 niano
334 1235 379 1270 D.
404 1237 459 1277 48,
487 1238 526 1270 10

113 1279 153 1313 de
177 1279 343 1322 litigiosis
387 1281 431 1315 D.
457 1283 511 1323 44,
534 1283 556 1315 4
604 1281 640 1315 G.
664 1283 696 1323 8,
720 1283 764 1316 36

110 1325 152 1358 (18
175 1325 248 1358 litis
271 1326 511 1370 contestatiQe
559 1325 593 1360 G.
619 1328 651 1366 3,
674 1329 695 1361 9

110 1370 152 1403 (18
176 1370 321 1403 litomm
344 1373 377 1404 et
399 1371 559 1404 itinerum
583 1372 734 1404 custodia
782 1372 816 1407 C.
844 1374 896 1415 12,
921 1375 965 1408 44

111 1415 151 1448 (18
175 1415 376 1449 litterarum
399 1416 604 1458 obligatione
648 1418 680 1451 J.
705 1419 737 1459 3,
762 1419 803 1452 21

113 1460 220 1494 &mati
242 1461 400 1494 conducti
445 1461 490 1494 D.
517 1464 569 1503 19,
594 1463 615 1495 2
795 1493 797 1495 .

111 1505 152 1539 (18
175 1505 350 1539 locatione
373 1507 407 1539 et
427 1506 650 1539 conductione
689 1506 726 1541 J.
751 1508 784 1548 3,
809 1508 852 1541 24

111 1551 151 1584 (18
174 1550 349 1584 locatione
368 1551 583 1594 praediorum
596 1551 748 1584 civilium
771 1552 824 1585 vel
842 1552 1004 1586 fiscalium
1027 1553 1096 1588 sive
1115 1555 1198 1587 tem-

175 1595 310 1639 plorum
331 1596 401 1629 sive
423 1597 474 1630 rei
495 1597 646 1640 privatae
670 1597 723 1630 vel
746 1597 932 1632 dominicae
981 1598 1016 1633 C.
1043 1602 1095 1642 11,
1121 1602 1160 1633 71

110 1640 151 1674 de
174 1640 288 1674 locato
313 1643 347 1674 et
368 1641 534 1675 conducto
582 1642 616 1676 C.
644 1644 676 1684 4,
701 1645 743 1677 65

110 1686 151 1719 (18
174 1685 260 1720 locis
283 1688 316 1719 et
338 1686 516 1720 itineribus
538 1687 684 1730 publicis
727 1688 772 1722 D.
798 1689 854 1730 43,
878 1690 897 1721 7

110 1731 150 1764 de
173 1730 249 1765 loco
270 1731 407 1774 publico
429 1732 571 1766 fruendo
616 1733 660 1766 D.
686 1734 741 1773 43,
767 1734 787 1767 9

110 1776 150 1809 de
171 1775 303 1819 legibus
333 1779 532 1820 senatusque
561 1777 722 1811 consultis
751 1780 784 1812 et
816 1778 925 1822 longa
957 1780 1198 1813 consuetudine

152 1821 198 1856 D.
226 1825 255 1864 1,
279 1824 300 1856 3

108 1876 193 1909 quae
215 1867 261 1900 sit
284 1867 392 1909 longa
416 1867 620 1900 consuetudo
668 1867 703 1902 G.
729 1869 760 1908 8,
785 1870 827 1903 52

109 1912 148 1945 (18
174 1912 273 1955 longi
293 1913 451 1955 temporis
479 1913 741 1955 praescriptione
771 1924 855 1955 quae
885 1924 947 1957 pro
978 1914 1134 1948 libertate
1165 1917 1198 1949 81

175 1968 244 1990 808
267 1957 423 1990 adversus
444 1957 633 1991 libertatem
657 1959 838 2001 opponitur
885 1960 919 1994 C.
945 1962 976 2001 7,
1000 1961 1043 1993 22

108 2001 149 2036 (18
171 2002 282 2036 lucris
303 2003 539 2036 advocatorum
562 2006 596 2036 81
619 2004 892 2037 concussionibus
916 2005 1101 2038 officiorum
1128 2007 1197 2039 sive

175 2048 404 2091 apparitorum
452 2048 487 2082 C.
514 2050 566 2088 12,
591 2050 632 2083 61

541 2093 574 2128 C.
600 2095 633 2136 8,
658 2096 701 2128 30

620 2196 677 2239 M.

107 2274 146 2307 de
170 2273 232 2307 Sc,
255 2273 513 2307 Macedoniano
559 2274 604 2308 D.
630 2276 683 2315 14,
707 2276 727 2308 6

105 2319 147 2352 ad
170 2318 231 2352 SC.
258 2318 555 2352 Macedonianum
602 2319 637 2353 0.
663 2322 695 2361 4,
721 2321 762 2354 28
792 2328 800 2339 ·

105 2365 145 2398 de
167 2365 434 2406 magistratibus
456 2364 692 2397 conveniendis
738 2365 781 2399 D.
808 2366 862 2407 27,
886 2366 906 2398 8
955 2365 990 2402 0.
1016 2369 1048 2410 5,
1072 2370 1115 2403 75

105 2410 145 2443 (18
167 2410 434 2451 magistratibus
455 2409 716 2452 municipalibus
765 2410 798 2444 C.
826 2413 856 2450 1,
881 2412 924 2445 56

104 2455 144 2488 (18
167 2454 277 2487 officio
299 2457 465 2497 magistri
485 2454 633 2487 militum
681 2455 715 2489 0.
743 2457 773 2497 1,
797 2457 840 2489 29

103 2500 143 2533 de
167 2499 277 2532 officio
301 2501 468 2542 magistri
491 2499 677 2533 officiorum
726 2500 760 2535 0.
788 2502 817 2542 1,
843 2503 883 2535 31

103 2545 143 2578 (18
165 2546 347 2586 magistris
370 2545 569 2578 scriniorum
618 2545 651 2579 0.
681 2547 732 2587 12,
755 2547 776 2579 9

103 2590 143 2623 (18
165 2591 323 2622 maiuma
371 2590 405 2624 C.
433 2592 484 2631 11,
509 2592 553 2624 46

101 2635 143 2668 de
164 2634 334 2675 maleficis
367 2638 401 2668 81
433 2635 677 2668 mathematicis
713 2636 746 2667 81
779 2636 899 2668 ceteris
932 2636 1098 2670 similibus
1157 2638 1192 2672 C.

169 2682 202 2721 9,
231 2682 269 2714 18

102 2725 144 2759 (18
166 2726 354 2768 mancipiis
383 2726 416 2758 et
439 2725 567 2758 colonis
594 2725 882 2768 patrimonialium
912 2727 945 2759 81
973 2727 1191 2760 saltuensium

54 2806 55 2809 Ἴ
170 2772 203 2803 81
226 2771 549 2814 emphyteuticorum
572 2771 755 2803 fundorum
805 2770 839 2804 C.
869 2772 920 2810 11,
944 2772 987 2805 63

101 2815 143 2849 (18
164 2815 343 2848 mandatis
365 2816 558 2859 principum
606 2815 640 2850 G.
671 2818 698 2858 1,
726 2818 766 2850 15

101 2861 263 2894 mandati
285 2860 339 2893 vel
362 2863 479 2894 contra
524 2861 568 2894 D.
597 2863 649 2903 17,
676 2863 691 2895 1
742 2861 777 2895 0.
802 2862 835 2902 4,
860 2862 902 2895 35

103 2906 143 2939 (18
165 2906 334 2939 mandato
381 2906 414 2939 J.
438 2909 470 2948 3,
494 2907 538 2940 26

101 2951 142 2984 (18
165 2952 499 2984 manumissionibus
544 2951 590 2984 D.
617 2953 672 2992 40,
701 2952 710 2983 1

101 2996 291 3029 communia
315 2996 355 3028 de
377 2998 712 3029 manumissionibus
760 2995 795 3029 C.
824 2997 856 3037 7,
884 2997 922 3029 15

102 3041 142 3074 de
164 3043 498 3074 manumissionibus
527 3052 612 3083 quae
640 3041 743 3073 servis
773 3040 815 3073 ad
838 3041 1089 3074 universitatem
1117 3052 1191 3083 per-

169 3086 355 3119 tinentibus
378 3087 598 3129 imponuntur
644 3086 688 3120 D.
714 3088 769 3126 40,
795 3088 814 3118 3

101 3131 142 3164 de
164 3133 389 3164 manumissis
412 3134 608 3164 testamento
655 3131 698 3165 D.
723 3134 778 3171 40,
802 3133 824 3164 4

102 3176 142 3209 de
165 3178 389 3209 manumissis
413 3177 562 3209 vindicta
606 3177 650 3210 D.
675 3178 730 3218 40,
755 3178 775 3209 2

101 3221 142 3255 de
172 3220 330 3255 maleficis
364 3224 398 3255 et
431 3223 687 3255 mathematicis
722 3223 756 3254 81
789 3221 908 3253 ceteris
943 3220 1109 3253 similibus
1157 3220 1191 3254 C.

101 3311 143 3345 de
163 3291 404 3355 piofessoribus
427 3313 461 3345 et
482 3312 627 3345 medicis
672 3311 709 3345 C.
736 3313 788 3352 10,
813 3312 855 3345 53

102 3357 144 3390 (18
165 3357 446 3390 mendicantibus
469 3356 588 3389 validis
636 3356 670 3391 0.
699 3358 751 3397 11,
774 3358 818 3390 26

100 3403 130 3435 si
151 3412 293 3435 mensor
315 3401 436 3435 falsum
458 3401 593 3435 modum
617 3402 740 3434 dixerit
785 3401 829 3435 D.
856 3402 909 3442 11,
933 3403 955 3436 6

103 3447 145 3480 (18
166 3448 385 3480 mensoribus
433 3447 467 3481 0.
494 3449 547 3488 12,
572 3448 612 3480 27

103 3492 143 3525 de
166 3492 373 3525 commerciis
396 3493 429 3525 et
450 3493 706 3525 mercatoribus
754 3491 787 3525 0.
812 3493 844 3529 4.
869 3492 911 3524 63

103 3537 144 3570 de
167 3537 377 3570 metallarii,
399 3539 433 3570 et
454 3536 599 3570 metallis
630 3539 663 3568 et
685 3536 959 3579 procuratoribus
980 3535 1191 3568 metallorum

150 3581 185 3615 C.
215 3584 266 3623 11,
290 3584 308 3615 7

103 3626 146 3659 (18
167 3630 306 3659 metatis
331 3628 364 3660 et
387 3627 611 3670 epidemeticis
658 3626 692 3660 C.
721 3628 772 3665 12,
797 3628 839 3659 40

105 3672 145 3707 de
167 3671 354 3714 metropoli
376 3673 499 3715 Beryto
547 3671 581 3704 0.
609 3673 661 3712 14,
686 3672 728 3704 22

108 2092 149 2126 de
172 2093 320 2127 luitione
341 2093 493 2136 pignoris

1223 79 1288 123 IX

1283 200 1321 233 (18
1345 203 1535 243 mt'grando
1576 203 1626 237 D.
1651 207 1706 246 43,
1730 207 1773 240 32
2159 219 2166 226 '

1282 245 1322 277 (18
1345 247 1498 279 militari
1520 249 1714 283 testamento
1758 252 1790 286 J.
1815 253 1847 292 2,
1874 255 1910 287 11
1962 254 2005 289 D.
2030 256 2084 297 29,
2114 258 2128 290 1

1282 290 1321 322 de
1344 291 1497 324 militari
1518 295 1607 326 veste
1656 295 1688 327 C.
1718 298 1769 338 12,
1794 298 1836 330 39

1280 335 1320 367 (18
1344 337 1578 370 castrensianis
1601 340 1634 371 81
1656 341 1912 375 minis-temonis
1959 343 1992 378 C.
2024 345 2073 386 12,
2098 346 2141 379 25

1280 379 1320 412 (18
1343 382 1541 415 minoribus
1563 383 1686 425 viginti
1710 386 1858 428 quinque
1881 389 1978 421 annis
2023 390 2067 424 D.
2092 393 2125 432 4,
2149 392 2170 424 4
2346 426 2348 428 ,

1279 424 1319 458 (18
1341 427 1447 505 moga
1478 427 1661 461 multarum
1696 439 1780 471 quae
1811 432 1852 465 ab
1882 434 2050 467 iudicibus
2082 435 2285 478 infliguntur
2332 438 2366 472 C.

1370 497 1379 513 5

1278 514 1318 548 de
1341 516 1554 559 monopoliis
1583 518 1616 550 81
1638 518 1685 552 (181
1702 523 1869 554 conventu
1892 525 2137 565 negotiatorum
2167 525 2289 558 illicito
2312 526 2365 559 vel

1344 561 1511 594 artificum
1534 562 1832 607 ergolaborumque
1861 577 1921 599 888
1945 579 2012 602 888
2036 570 2265 604 balneator-um
2287 582 2365 614 pro-

1344 607 1462 639 hibitis
1483 606 1680 650 illicitisque
1702 611 1914 652 pactionibus
1962 614 1995 647 0.
2020 618 2051 656 4,
2077 618 2120 649 59

1276 650 1316 683 (18
1339 652 1451 685 usuris
1473 654 1507 685 81
1528 653 1694 686 fructibus
1725 657 1759 687 81
1784 657 1892 689 888818
1923 659 1956 689 81
1986 660 2139 693 omnibus
2169 661 2363 694 accessioni-

1343 697 1404 729 bus
1429 698 1462 730 et
1483 708 1586 731 mora
1631 699 1674 731 D.
1702 701 1756 741 22,
1784 703 1798 734 1

1275 741 1315 774 (18
1339 743 1464 775 mortis
1486 753 1585 775 88888
1608 743 1846 778 donationibus
1875 748 1908 779 et
1930 748 2125 790 capionibus
2170 751 2215 786 D.
2239 753 2294 793 39,
2319 753 2340 786 6

1274 786 1314 819 (18
1337 789 1462 820 mortis
1484 798 1582 821 causa
1606 789 1844 823 donationibus
1892 791 1927 825 C.
1950 793 1982 834 8,
2007 796 2050 826 56

1274 832 1314 864 de
1337 835 1476 865 mortuo
1500 834 1675 867 inferendo
1699 837 1733 868 et
1754 835 1932 878 sepulchro
1955 838 2159 872 aedificando
2204 840 2247 874 D.
2275 842 2326 883 11,
2341 842 2361 875 8

1273 876 1313 909 de
1336 877 1545 911 mulieribus
1574 879 1611 911 in
1646 889 1712 921 quo
1743 880 1818 914 1888
1847 892 1987 915 munera
2017 884 2110 916 sexui
2143 887 2362 927 congruentia

1341 924 1374 955 81
1398 923 1540 956 honores
1561 927 1744 966 agnoscant
1791 926 1826 960 0.
1852 928 1904 966 10,
1930 930 1972 961 64

1272 967 1312 999 (18
1335 968 1543 1001 mulieribus
1565 979 1650 1011 quae
1668 970 1770 1003 servis
1789 972 1934 1013 propriis
1953 982 1987 1005 se
2008 973 2193 1006 iunxerunt
2224 975 2257 1009 C.
2271 978 2303 1016 9,
2319 978 2356 1009 11

1271 1014 1310 1044 81
1333 1013 1462 1045 nemini
1487 1012 1595 1047 liceat
1622 1014 1658 1047 in
1689 1017 1896 1059 coemptione
1924 1018 2108 1060 specierum
2141 1030 2175 1052 se
2205 1030 2360 1054 excusare

1339 1060 1373 1090 et
1395 1058 1436 1091 de
1457 1068 1604 1092 munere
1625 1060 1767 1093 sitoniae
1815 1061 1849 1095 0.
1878 1063 1928 1104 10,
1954 1064 1996 1096 28

1270 1101 1311 1135 de
1333 1105 1540 1136 muneribus
1563 1106 1596 1137 81
1618 1105 1802 1138 honoribus
1846 1107 1891 1140 D.
1916 1109 1972 1148 50,
1996 1110 2017 1141 4

1271 1147 1311 1180 de
1334 1148 1519 1181 honoribus
1542 1151 1576 1182 81
1597 1152 1803 1184 muneribus
1831 1162 1900 1184 non
1924 1153 2160 1185 continuandis
2190 1154 2279 1187 inter
2300 1165 2358 1197 pa-

1339 1195 1423 1226 trem
1448 1196 1481 1227 et
1502 1193 1611 1227 filium
1635 1198 1667 1228 81
1690 1196 1730 1229 (18
1753 1197 1941 1230 intervallis
1990 1198 2023 1232 C.
2054 1201 2103 1239 10,
2128 1201 2167 1232 41

1271 1237 1311 1271 (18
1334 1241 1540 1272 muneribus
1562 1241 1840 1282 patrimoniorum
1889 1242 1922 1276 C.
1953 1245 2003 1285 10,
2028 1245 2089 1284 42¹

1270 1283 1311 1316 de
1333 1286 1573 1328 municipibus
1596 1288 1629 1318 81
1651 1287 1845 1328 originariis
1892 1287 1925 1321 G.
1954 1290 2006 1328 10,
2032 1291 2074 1322 :59

1269 1328 1309 1361 de
1330 1329 1556 1372 murilegulis
1578 1332 1612 1363 et
1627 1332 1848 1375 gynaeciariis
1869 1334 1902 1365 81
1912 1333 2186 1376 procuratoribus
2205 1335 2358 1377 gynaecii

1337 1376 1370 1407 et
1393 1374 1433 1408 de
1455 1376 1647 1408 monetariis
1671 1379 1704 1409 81
1727 1376 1924 1420 bastagariis
1972 1378 2006 1412 C.
2034 1381 2086 1421 11,
2111 1380 2131 1413 8

1267 1418 1308 1451 (18
1330 1421 1528 1453 mutatione
1551 1422 1696 1454 nominis
1745 1422 1779 1456 C.
1805 1424 1837 1464 9,
1862 1425 1904 1456 25

1786 1524 1839 1568 N.

1267 1598 1305 1631 (18
1330 1598 1509 1631 natalibus
1530 1601 1746 1634 restituendis
1790 1602 1835 1637 D.
1860 1605 1914 1644 40,
1942 1605 1977 1637 11

1266 1644 1306 1676 (18
1328 1644 1404 1722 1ὲ118
1426 1654 1605 1678 aureorum
1628 1646 1806 1680 anulorum
1831 1650 1864 1681 81
1887 1648 1927 1681 (18
1948 1649 2126 1682 natalibus
2143 1650 2357 1684 restituendis

1364 1715 1371 1723 .
1397 1691 1430 1730 6,
1457 1691 1477 1723 8

1265 1733 1306 1767 de
1328 1735 1554 1767 naturalibus
1575 1734 1691 1767 liberis
1722 1737 1755 1768 81
1777 1737 1940 1770 matribus
1964 1749 2078 1771 eorum
2110 1741 2144 1772 81
2173 1750 2212 1773 ex
2235 1740 2358 1782 quibus

1334 1779 1443 1812 causis
1464 1780 1547 1812 iusti
1570 1780 1764 1813 efficiuntur
1812 1782 1845 1816 0.
1872 1785 1903 1825 5,
1928 1785 1968 1816 27

1265 1823 1305 1856 (18
1328 1823 1538 1867 naufragiis
1584 1824 1619 1859 C.
1647 1827 1699 1867 11,
1723 1829 1742 1859 6

1265 1870 1305 1902 de
1327 1871 1478 1902 navibus
1500 1880 1569 1902 non
1593 1871 1788 1903 excusandis
1836 1871 1870 1906 0.
1901 1874 1951 1914 11,
1976 1875 1998 1906 4

1265 1914 1305 1947 (18
1327 1915 1564 1948 naviculariis
1591 1926 1650 1948 seu
1673 1916 1840 1949 naucleris
1863 1917 2016 1960 publicas
2038 1919 2162 1962 species
2185 1921 2356 1963 transpor-

1331 1960 1482 1992 tantibus
1530 1961 1563 1994 G.
1594 1963 1643 2003 11,
1668 1963 1688 1994 2

1263 2008 1395 2038 nautae
1417 2016 1583 2048 caupones
1606 2005 1782 2039 stabularii
1804 2008 1844 2039 ut
1866 2009 1998 2050 recepta
2022 2009 2203 2041 restituant
2233 2010 2276 2043 D.
2290 2011 2355 2051 4,9

1263 2050 1348 2082 furti
1371 2050 1528 2083 adversus
1550 2054 1679 2084 nautas
1701 2062 1867 2095 caupones
1890 2053 2090 2086 stabularios
2135 2054 2179 2088 D.
2203 2056 2258 2095 47,
2283 2057 2302 2088 5

1264 2095 1304 2127 (18
1327 2098 1472 2129 nautico
1495 2096 1609 2128 fenore
1654 2096 1698 2131 D.
1723 2098 1777 2137 22,
1802 2099 1821 2130 2
1872 2097 1906 2132 0.
1935 2100 1968 2140 4,
1993 2100 2035 2132 33

1264 2140 1306 2173 de
1330 2142 1450 2174 nautis
1473 2141 1642 2174 Tiberinis
1690 2141 1723 2175 G.
1752 2144 1804 2184 11,
1829 2143 1870 2176 27

1263 2184 1304 2218 de
1326 2188 1533 2219 necessariis
1562 2188 1597 2218 et
1624 2187 1726 2218 servis
1759 2187 1937 2220 heredibus
1960 2188 2178 2221 instituendis
2201 2188 2255 2222 vel
2278 2189 2355 2223 sub—

1329 2231 1508 2263 stituendis
1555 2231 1589 2265 0.
1619 2233 1650 2271 6,
1676 2233 1717 2264 27

1262 2285 1307 2308 nc
1330 2276 1562 2308 Christianum
1590 2276 1796 2318 mancipium
1824 2277 2012 2310 haereticus
2042 2277 2095 2310 vel
2125 2289 2276 2321 paganus
2302 2279 2355 2312 vel

1307 2320 1452 2354 Iudaeus
1474 2321 1596 2354 habeat
1618 2321 1671 2354 vel
1693 2321 1861 2364 possideat
1882 2321 1935 2354 vel
1960 2323 2178 2356 circumcidat
2218 2324 2252 2358 0.
2271 2327 2355 2365 1,10

1261 2375 1306 2398 ne
1327 2367 1507 2399 comitibus
1528 2366 1579 2399 rei
1601 2366 1759 2399 militaris
1784 2366 1833 2399 vel
1858 2367 2005 2399 tribunis
2026 2367 2160 2401 lavacra
2185 2371 2354 2412 praesten-

1330 2413 1386 2444 tur
1435 2411 1469 2446 G.
1498 2414 1526 2453 1,
1551 2413 1593 2445 47

1260 2465 1305 2488 ne
1328 2456 1369 2489 de
1391 2458 1482 2489 statu
1505 2456 1740 2489 defunctorum
1768 2458 1844 2498 post
1873 2456 2141 2498 quinquennium
2172 2460 2354 2500 quaeratur

1307 2501 1350 2535 D.
1377 2503 1430 2542 40,
1458 2504 1497 2536 15
1547 2501 1582 2535 0.
1608 2503 1640 2543 7,
1664 2503 1705 2535 21

1260 2555 1305 2578 ne
1328 2546 1535 2579 fideiussores
1558 2545 1611 2579 vel
1634 2545 1844 2578 mandatores
1869 2546 1998 2578 dotium
2022 2546 2145 2579 dentur
2193 2547 2226 2581 C.
2252 2551 2284 2590 5,
2309 2549 2352 2582 20

1260 2601 1306 2623 ne
1327 2591 1418 2624 filius
1449 2602 1510 2634 pro
1540 2594 1635 2633 patre
1666 2590 1719 2623 vel
1750 2593 1845 2633 pater
1874 2601 1935 2633 pro
1964 2591 2034 2623 filio
2063 2592 2270 2635 emancipato
2299 2593 2352 2626 vel

1329 2636 1470 2669 libertus
1492 2647 1554 2679 pro
1576 2638 1719 2679 patrono
1743 2638 1963 2668 conveniatur
2011 2636 2045 2670 C.
2070 2641 2102 2678 4,
2131 2641 2170 2671 13

1261 2691 1305 2713 ne
1327 2681 1426 2714 fiscus
1449 2692 1518 2714 rem
1542 2691 1641 2723 quam
1666 2680 1818 2714 vendidit
1842 2681 1974 2713 evincat
2021 2681 2055 2714 C.
2082 2684 2136 2723 10,
2159 2685 2179 2717 5

1259 2736 1305 2758 ne
1328 2727 1425 2759 fiscus
1447 2726 1500 2759 vel
1523 2737 1576 2759 res
1597 2726 1734 2769 publica
1756 2726 2025 2769 procurationem
2045 2726 2148 2760 alicui
2170 2729 2351 2771 patrocinii

1329 2782 1428 2804 causa
1450 2772 1488 2803 in
1510 2771 1571 2804 lite
1593 2773 1740 2814 praestet
1787 2771 1820 2805 C.
1846 2772 1879 2812 2,
1905 2773 1942 2805 17

1260 2818 1501 2859 negotiatores
1523 2827 1566 2849 ne
1588 2816 1737 2848 militent
1783 2815 1818 2850 0.
1846 2817 1899 2858 12,
1924 2818 1967 2850 34

1261 2861 1301 2893 (18
1325 2863 1477 2903 negotiis
1500 2861 1602 2903 gestis
1648 2862 1691 2895 D.
1717 2863 1748 2901 3,
1774 2862 1793 2895 5
1843 2861 1877 2895 G.
1902 2862 1935 2902 2,
1962 2863 2002 2896 18

1260 2917 1305 2939 ne
1327 2906 1428 2939 liceat
1456 2907 1493 2938 in
1521 2917 1590 2939 una
1621 2907 1800 2948 eademque
1828 2916 1927 2939 causa
1958 2907 2059 2940 tertio
2089 2916 2269 2952 provocare
2298 2907 2350 2940 vel

1327 2954 1403 2994 post
1435 2951 1517 2984 duas
1552 2952 1734 2984 sententias
1768 2951 1918 2983 iudicum
1955 2962 2037 2993 quas
2073 2951 2224 2984 definitio
2255 2962 2350 2994 prae-

1328 2996 1490 3029 fectorum
1513 2996 1721 3029 roboraverit
1744 3006 1798 3029 eas
1820 2998 2000 3029 retractare
2050 2996 2082 3030 C.
2108 2999 2125 3030 7
2131 3022 2140 3036 ,
2165 3000 2208 3030 70

1259 3051 1304 3073 ne
1333 3040 1434 3073 liceat
1466 3041 1714 3084 potentioribus
1748 3042 1974 3084 patrocinium
2008 3041 2222 3083 litigantibus
2255 3052 2349 3084 prae-

1328 3089 1415 3119 stare
1438 3086 1491 3118 vel
1514 3086 1662 3119 actiones
1683 3087 1721 3118 in
1745 3097 1779 3119 88
1804 3087 1984 3119 transferre
2033 3086 2065 3120 G.
2092 3089 2124 3128 2,
2152 3089 2190 3120 13

1261 3133 1396 3163 nemini
1417 3130 1518 3164 licere
1540 3132 1675 3173 signum
1697 3131 1873 3164 salvatoris
1893 3131 2021 3164 Christi
2044 3131 2096 3163 vel
2120 3132 2156 3163 in
2179 3131 2273 3163 silice
2296 3130 2349 3162 vel

1306 3176 1341 3207 in
1366 3186 1530 3209 marmore
1553 3179 1613 3209 aut
1636 3176 1786 3220 sculpere
1810 3179 1870 3209 aut
1892 3177 2031 3219 pingere
2079 3177 2113 3210 C.
2142 3179 2170 3216 1,
2195 3178 2214 3210 8

1259 3232 1304 3254 nc
1327 3231 1446 3263 operae
1468 3231 1489 3254 a
1511 3221 1728 3266 collatoribus
1751 3222 1930 3264 exigantur
1977 3222 2011 3255 0.
2041 3223 2092 3262 10,
2117 3223 2160 3255 24

1259 3277 1304 3299 ne
1326 3276 1388 3308 pro
1412 3266 1488 3299 dote
1510 3266 1646 3300 mulieri
1668 3267 1757 3299 bona
1779 3267 1893 3299 mariti
1919 3266 2119 3300 addicantur
2167 3266 2201 3300 Ο.
2227 3268 2257 3306 5,
2284 3266 2326 3298 22

1259 3322 1305 3344 ne
1328 3311 1409 3352 quid
1431 3311 1468 3343 in
1490 3311 1630 3344 flumine
1652 3311 1789 3355 publico
1811 3311 1885 3353 fiat,
1919 3322 1985 3354 quo
2016 3311 2115 3343 aliter
2145 3321 2232 3352 aqua
2254 3310 2347 3350 fluat,

1328 3358 1428 3398 atque
1451 3356 1504 3389 uti
1525 3357 1634 3399 priori
1657 3359 1780 3390 aestate
1802 3357 1902 3389 fiuxit
1947 3357 1991 3390 D.
2017 3358 2072 3397 43,
2100 3358 2140 3390 13

1258 3411 1304 3433 ne
1327 3401 1410 3443 quid
1431 3401 1469 3434 in
1491 3400 1566 3435 loco
1588 3401 1725 3445 publico
1748 3401 1802 3434 vel
1824 3402 1946 3434 itinere
1969 3401 2028 3433 fiat
2073 3400 2116 3434 D.
2141 3403 2196 3442 53,
2221 3401 2240 3432 8

1259 3456 1305 3478 ne
1328 3446 1410 3488 quid
1431 3446 1469 3478 in
1491 3445 1567 3479 loco
1590 3457 1684 3479 sacro
1707 3447 1766 3479 fiat
1811 3446 1854 3480 D.
1880 3448 1935 3488 43,
1960 3449 1980 3479 6

1259 3501 1304 3523 ne
1327 3491 1409 3532 quid
1432 3492 1528 3524 oneri
1550 3491 1687 3534 publico
1710 3493 1904 3534 imponatur
1951 3491 1986 3524 C.
2013 3492 2066 3531 11,
2091 3492 2110 3521 5

1258 3546 1304 3568 ne
1326 3536 1401 3577 quis
1424 3547 1499 3569 eum
1523 3537 1583 3578 qui
1606 3537 1642 3569 in
1666 3537 1720 3569 ius
1742 3536 1916 3569 vocabitur
1938 3536 1972 3567 vi
1997 3535 2118 3567 eximat
2164 3534 2206 3568 D.
2232 3535 2264 3574 2,
2289 3536 2308 3567 7

1258 3590 1303 3612 ne
1325 3581 1401 3623 quis
1423 3582 1459 3614 in
1482 3591 1543 3614 sua
1565 3591 1666 3614 causa
1687 3581 1815 3614 iudicet
1838 3580 1890 3614 vel
1912 3582 1966 3612 ius
1988 3580 2051 3611 sibi
2075 3580 2164 3611 dicat
2211 3578 2245 3613 C.
2271 3581 2303 3618 3.
2327 3581 2346 3613 5

1258 3636 1304 3658 ue
1325 3626 1402 3668 quis
1423 3626 1510 3658 liber
1532 3626 1659 3658 invitus
1682 3628 1792 3658 actum
1822 3627 1870 3658 rei
1894 3624 2047 3666 publicae
2070 3634 2185 3665 gerere
2208 3627 2347 3667 cogatur

1329 3670 1363 3705 G.
1393 3673 1442 3712 11,
1466 3672 1508 3704 37
