2528 3918
134 154 250 187 nnus
278 152 464 194 mrtem

133 275 219 303 uum
246 263 372 302 modus
403 263 461 302 vel
490 263 567 319 lege
597 263 652 300 vel
682 273 747 309 per
770 265 973 309 praetorem
995 263 1222 301 introductus

134 311 354 357 privatorum
383 310 612 357 pactionibus
643 320 717 346 non
755 309 976 354 infirmatur,
1015 309 1085 346 nisi
1122 312 1221 353 tunc,

133 366 215 393 cum
236 355 428 392 inchoatur
450 355 556 400 actio,
579 355 673 399 inter
695 365 758 391 eos
783 354 958 391 convenit.

180 397 257 439 28¹
289 400 484 438 Uimzws
505 400 597 437 libro
622 400 833 447 triqensimo
855 403 962 437 sexto
980 400 1031 436 ad
1046 399 1222 437 Sabinum

133 446 245 483 Divus
276 445 364 483 Pius
395 445 579 492 rescripsit
610 455 690 490 eos,
729 445 790 491 qui
822 456 866 481 ex
895 445 1113 481 liberalitate
1136 455 1222 481 con-

134 491 336 535 veniuntur,
358 490 396 527 in
418 491 456 527 id
480 490 575 536 quod
597 490 719 528 facere
768 493 896 534 essunt
919 490 1220 527 condemnandos.

179 534 233 575 29
258 536 417 574 Pavws
437 536 528 572 libro
551 540 677 572 octavo
702 548 725 572 a
773 535 948 573 Sabinum
996 535 1100 581 Quod
1122 536 1222 572 initio

133 582 298 619 vitiosum
316 584 382 625 est,
405 591 477 618 non
495 584 616 630 potest
633 585 753 617 tractu
771 580 941 627 temporis
962 581 1221 617 convalescere.

179 625 257 666 30²
287 626 481 664 Uipsanas
499 626 592 663 libro
617 627 826 674 tricensimo
849 631 955 662 sexto
979 627 1029 662 ad
1048 626 1222 663 Sabinum

132 673 190 710 Nu
217 672 287 709 tias
309 683 382 709 non
405 672 630 715 concubitus,
655 671 719 709 sed
743 682 940 708 consensus
963 672 1062 708 facit.

210 717 229 756 1
256 717 365 757 Low
395 716 486 754 libro
511 717 815 765 quadraqense’mo
850 717 1009 753 secundo
1040 717 1091 753 ad
1119 716 1223 753 Sabi-

133 775 220 799 num
273 761 407 799 Verum
441 766 496 799 est
532 773 647 808 neque
703 766 786 798 acta
820 772 935 808 neque
972 762 1222 808 stipulationes

131 808 267 845 factum
288 818 397 855 posse
420 808 563 845 tollere:
611 818 658 844 uo
708 808 801 844 enim
823 808 1044 853 impossibile
1068 811 1134 850 est,
1159 818 1220 843 ne-

131 853 869 936 affinitatis?..3310323332‘3120815'5353
888 852 1157 944 ssssssffehffldi’
1182 856 1223 888 ut

177 942 231 983 32
255 944 361 981 IDEM
390 945 482 982 libro
507 944 813 992 quadraqensimo
845 945 950 980 tertio
974 944 1025 980 ad
1046 942 1221 980 Sabinum

131 990 236 1036 Quod
258 990 388 1026 attinet
409 989 455 1026 ad
477 989 534 1026 ius
558 989 670 1033 civile,
695 989 788 1025 servi
810 1000 876 1035 pro
900 989 1007 1025 nullis
1024 989 1220 1025 habentur:

130 1047 204 1073 non
225 1039 346 1072 tamen
369 1039 406 1071 et
427 1035 506 1071 iure
529 1035 700 1079 naturali,
726 1035 821 1079 quia,
847 1035 942 1080 quod
966 1034 1012 1070 ad
1034 1035 1091 1070 ius
1115 1038 1220 1070 natu-

130 1081 206 1117 rale
229 1081 368 1124 attinet,
394 1090 515 1117 omnes
538 1080 700 1116 homines
725 1080 894 1125 aequales
919 1083 1014 1116 sunt.

176 1125 229 1165 33
260 1126 491 1162 POMPONIUS
518 1125 609 1161 libro
641 1126 832 1161 vicensimo
856 1126 1014 1161 secundo
1039 1125 1089 1160 ad
1117 1123 1220 1161 Sabi-

130 1183 214 1208 num
260 1171 304 1207 In
327 1182 389 1214 eo,
421 1171 518 1216 quod
540 1171 596 1207 vel
618 1171 649 1206 is
675 1170 737 1216 qui
759 1171 851 1216 petit
882 1171 938 1207 vel
961 1171 992 1206 is
1017 1181 1039 1206 a
1062 1180 1133 1215 quo
1157 1181 1219 1216 pe-

129 1217 218 1253 titur
239 1216 333 1253 lucri
356 1216 518 1253 facturus
543 1219 615 1259 est,
640 1216 765 1252 durior
789 1226 899 1252 causa
923 1219 977 1252 est
999 1215 1173 1262 petitoris.

176 1260 230 1301 34
261 1262 456 1300 ΠιΡιΑΝυε
484 1262 575 1299 libro
600 1262 743 1308 quadra
770 1263 905 1297 ensimo
930 1262 1057 1307 quinto
1082 1261 1132 1297 ad
1154 1260 1220 1297 Sa-

130 1308 251 1345 binum
297 1307 443 1354 Semper
465 1307 503 1343 in
526 1307 746 1353 stipulationi
775 1318 819 1343 us
852 1310 889 1343 et
910 1307 948 1342 in
981 1306 1108 1342 ceteris
1133 1317 1218 1342 con-

128 1353 304 1390 tractibus
327 1353 366 1389 id
388 1353 587 1399 sequimur,
612 1352 707 1398 quod
732 1356 851 1388 actum
876 1356 945 1388 est:
980 1356 1059 1394 aut,
1092 1352 1123 1387 si
1146 1362 1219 1387 non

128 1403 256 1446 pareat
278 1398 362 1445 quid
386 1402 506 1434 actum
530 1402 595 1440 est,
621 1398 688 1434 erit
713 1408 945 1444 consequens,
970 1401 1011 1433 ut
1033 1397 1072 1433 id
1091 1407 1219 1443 sequa-

128 1455 219 1488 mur,
244 1444 341 1491 quod
362 1443 400 1480 in
423 1444 566 1490 regione
588 1443 627 1479 in
651 1454 723 1497 qua
742 1447 864 1480 actum
883 1446 938 1479 est
957 1442 1217 1489 frequentatur.

128 1489 215 1545 quid
249 1500 352 1571 effic,
389 1489 420 1526 si
454 1499 571 1570 neffiue
605 1489 760 1542 regionis
784 1499 872 1542 ‘mos
907 1492 1101 1542 appareat,
1136 1489 1220 1534 quia

127 1545 263 1620 {affin
289 1535 373 1618 23¹?
419 1534 466 1571 ad
495 1548 508 1571 i
542 1561 551 1578 ,
583 1534 678 1580 quod
709 1545 891 1570 minimum
922 1537 995 1578 est,
1025 1533 1220 1579 redigenda

173 1623 226 1665 35
252 1624 358 1664 IDEM
379 1624 470 1662 libro
494 1625 799 1672 quadraqensimo
823 1627 950 1660 octavo
975 1625 1025 1661 ad
1044 1623 1219 1661 Sabinum

127 1670 225 1708 Nihil
246 1676 322 1708 tam
344 1671 509 1707 naturale
532 1674 587 1706 est
610 1680 717 1716 quam
741 1679 783 1706 eo
812 1680 943 1715 genere
966 1669 1124 1716 quidque
1147 1670 1218 1706 dis-

126 1717 282 1761 solvere,
330 1727 377 1753 uo
401 1716 605 1762 colligatum
629 1719 694 1752 est.
729 1715 808 1751 ideo
834 1716 1025 1751 verborum
1050 1715 1219 1760 obligatio

126 1762 244 1799 verbis
282 1728 436 1798 ttffilitur:
472 1761 559 1798 nudi
599 1771 795 1797 consensus
834 1761 1004 1806 obligatio
1038 1761 1218 1797 contrario

128 1818 306 1844 consensu
329 1807 543 1844 dissolvitur.

173 1851 227 1892 36
258 1852 487 1889 POMPONIUS
512 1852 604 1889 libro
635 1853 827 1889 vicensimo
855 1852 1008 1899 septimo
1042 1851 1091 1888 ad
1114 1851 1218 1888 Sabi-

126 1910 212 1934 num
227 1898 374 1980 tlCulpa.
411 1901 467 1934 est
500 1897 700 1934 immiscere
729 1907 769 1934 se
799 1898 852 1933 rei
881 1897 928 1933 ad
960 1907 999 1933 se
1031 1907 1105 1933 non
1136 1907 1217 1943 per-

127 1944 227 1980 tinen
245 1944 267 1980 '.

172 1986 225 2028 37
258 1989 452 2026 Urmms
472 1988 564 2025 libro
614 1989 916 2036 uinquaqensimo
934 1988 1058 2034 primo
1082 1987 1133 2022 ad
1150 1986 1218 2023 Sa-

126 2035 247 2117 hirgsng
281 2034 407 2079 Nemo,
431 2034 493 2080 qui
517 1999 756 2071 condemnare
778 2037 910 2080 potest,
935 2032 1122 2069 absolvere
1145 2043 1218 2068 non

153 2090 173 2117 o
247 2107 256 2116 .

125 2091 149 2127 P
172 2122 226 2164 38
251 2125 481 2162 Poupomvs
509 2124 601 2161 libro
632 2124 824 2160 vicensimo
847 2133 944 2159 nono
969 2123 1019 2159 ad
1041 2123 1217 2160 Sabinum

127 2171 240 2207 Sicuti
269 2181 387 2218 poena
418 2180 462 2205 ex
493 2169 623 2206 delicto
653 2168 814 2205 defuncti
850 2169 955 2204 heres
991 2169 1107 2205 teneri
1145 2179 1217 2205 non

126 2216 272 2260 debeat,
303 2216 356 2252 ita
378 2226 445 2252 nec
468 2215 607 2251 lucrum
631 2214 766 2258 facere,
799 2213 831 2250 si
862 2213 946 2260 quid
971 2224 1015 2250 ex
1039 2223 1083 2250 ea
1106 2223 1147 2250 re
1170 2214 1217 2250 ad

126 2272 207 2299 eum
230 2261 460 2308 pervenisset.

172 2305 226 2345 39
258 2306 364 2343 [mu
400 2306 491 2343 libro
524 2306 733 2353 triqensimo
764 2304 923 2340 secundo
960 2304 1010 2340 ad
1041 2303 1216 2341 Sabinum

125 2352 167 2388 In
191 2352 354 2389 omnibus
377 2351 496 2388 causis
518 2361 585 2398 pro
608 2350 706 2387 facto
731 2349 909 2396 accipitur
930 2349 978 2393 id,
1002 2350 1040 2385 in
1062 2360 1132 2396 quo
1150 2360 1216 2396 per

126 2397 234 2434 alium
257 2398 403 2434 morae³
426 2397 483 2440 sit,
508 2407 578 2443 quo
601 2396 719 2432 minus
742 2396 818 2431 fiat.

171 2442 224 2481 40
264 2442 373 2479 IDEM
407 2442 499 2479 libro
539 2442 748 2489 triqensimo
785 2444 917 2487 quarto
953 2440 1003 2476 ad
1040 2439 1215 2477 Sabinum

124 2487 268 2570 furiosi
291 2488 348 2524 vel
371 2487 459 2533 eius,
485 2487 543 2524 cui
567 2486 672 2524 bonis
696 2486 924 2522 interdictum
948 2486 1005 2530 sit,
1031 2486 1130 2522 nulla
1152 2496 1214 2522 vo-

137 2537 245 2571 untas
268 2537 334 2570 est.

170 2577 220 2617 41
267 2578 461 2616 Uzmzws
498 2577 590 2613 libro
625 2577 791 2613 vicesimo
834 2580 940 2612 sexto
976 2577 1027 2612 ad
1059 2576 1215 2613 edictum

123 2624 207 2661 Non
237 2623 344 2660 debet
372 2622 486 2659 actori
516 2622 643 2664 licere,
676 2621 773 2667 quod
796 2631 858 2657 reo
883 2632 957 2657 non
984 2622 1213 2675 permittitur.

128 2673 142 2705 1
190 2669 235 2705 In
257 2679 297 2705 re
321 2668 476 2705 obscura
506 2667 633 2703 melius
656 2670 712 2703 est
734 2666 855 2703 favere
878 2668 1084 2713 repet1tioni
1107 2677 1214 2713 quam

123 2714 322 2751 adventicio
346 2714 459 2749 lucro.

170 2757 224 2797 42
252 2758 374 2796 Gmrs
394 2759 485 2795 libro
509 2768 604 2793 nono
629 2757 679 2793 ad
701 2756 855 2793 edictum
872 2757 1105 2804 provinciale
1145 2758 1214 2803 Qui

122 2806 160 2841 in
184 2805 331 2841 alterius
354 2803 474 2840 locum
497 2802 710 2845 succedunt,
739 2801 872 2838 iustam
902 2802 1038 2838 habent
1068 2813 1213 2840 causam

122 2849 361 2896 ignorantiae,
394 2859 441 2884 an
469 2847 507 2884 id
536 2847 632 2894 quod
662 2850 846 2893 peteretur
875 2846 1076 2884 deberetur.
1124 2849 1212 2884 fide-

122 2895 280 2931 iussores
320 2903 462 2940 quoque
497 2903 570 2929 non
605 2893 722 2929 minus
760 2903 867 2939 quam
896 2892 1045 2930 heredes
1082 2893 1214 2930 iustam

122 2941 135 2976 i
184 2940 360 2976 orantiam
399 2942 551 2992 possunt
582 2938 746 2983 allegare.
794 2938 885 2974 haec
923 2937 976 2974 ita
1008 2938 1052 2975 de
1083 2939 1214 2976 herede

149 2986 220 3022 'cta
251 2988 351 3029 sunt,
383 2994 414 3020 ει
444 2994 525 3020 cum
557 2993 599 3020 eo
623 2987 768 3028 agetur,
808 2994 881 3019 non
912 2983 1020 3019 etiam
1049 2983 1081 3020 si
1111 2988 1211 3030 agat:

123 3042 206 3067 nam
236 3031 342 3077 plane
373 3029 434 3076 qui
463 3029 553 3074 agit,
585 3033 704 3065 certus
736 3039 815 3065 esse
845 3028 967 3072 debet,
1001 3039 1081 3064 cum
1105 3030 1153 3066 sit
1175 3030 1213 3065 in

122 3079 301 3122 potestate
334 3074 429 3117 eius,
460 3073 603 3120 quando
626 3074 711 3110 velit
733 3073 905 3120 experiri,
937 3077 975 3110 et
997 3077 1082 3110 ante
1106 3074 1213 3111 debet

122 3132 198 3202 regi
227 3121 414 3167 diligenter
442 3119 629 3165 explorare
660 3123 697 3155 et
725 3122 813 3155 tunc
843 3119 890 3155 ad
919 3119 1096 3164 agendum
1126 3130 1211 3166 pro-

123 3177 165 3203 ce
190 3177 260 3204 ere.

169 3209 222 3250 43
254 3210 449 3248 Ulmanus
477 3209 568 3246 libro
597 3210 789 3245 vicensimo
818 3213 945 3246 octavo
977 3209 1027 3245 ad
1056 3209 1212 3246 edictum

123 3256 237 3293 Nemo
272 3267 318 3293 ex
345 3254 420 3299 his,
480 3254 518 3291 ui
546 3256 701 3299 negant⁴
736 3265 777 3291 se
807 3254 957 3297 debere,
1025 3254 1212 3290 rohibetur

128 3305 141 3337 1
192 3301 299 3337 etiam
322 3301 394 3337 alia
417 3300 460 3337 de
477 3299 622 3337 ensione
645 3299 709 3342 uti,
733 3299 801 3335 nisi
823 3300 882 3335 lex
904 3300 976 3345 imp
1024 3299 1063 3335 it.
1113 3299 1209 3344 Quo-

123 3346 215 3383 tiens
239 3349 458 3400 concurrunt
469 3345 602 3400 ‘plures
621 3344 781 3381 actiones
805 3344 963 3381 eiusdem
987 3345 1040 3381 rei
1056 3345 1209 3389 nomine,

123 3390 720 3474 ηῃέὖωῖυἶῖθὲἕὶοᾱξῖἒέᾖείηιο
743 3445 840 3471 nono
863 3434 914 3470 ad
935 3435 1090 3471 edictum
1137 3435 1209 3471 Το-

122 3482 240 3518 tiens⁶
269 3482 308 3518 in
330 3481 497 3518 heredem
529 3481 654 3516 damus
686 3480 731 3516 de
755 3490 797 3516 eo
828 3479 925 3525 quod
948 3479 995 3516 ad
1024 3490 1105 3516 eum
1128 3490 1210 3526 per-

122 3527 237 3570 venit,
279 3527 442 3573 quotiens
480 3537 524 3563 ex
555 3525 638 3562 dolo
677 3524 838 3561 defuncti
875 3525 1100 3569 convenitur,
1138 3535 1211 3562 non

124 3572 287 3618 quotiens
311 3582 357 3609 ex
378 3582 456 3609 suo.

122 3687 162 3727 (1)
187 3701 232 3716 =
243 3686 290 3720 D.
303 3687 358 3728 23,
371 3693 398 3728 3,
410 3692 446 3721 33
539 3687 582 3728 (2)
608 3701 652 3714 =
664 3685 710 3718 D.
724 3687 778 3726 35,
791 3693 816 3728 1,
830 3692 863 3719 15
952 3685 995 3726 (3)
1019 3694 1113 3718 mora
1125 3683 1206 3717 Hal.

123 3733 166 3773 (4)
191 3733 292 3774 negat
304 3731 340 3765 F
411 3732 456 3774 (5)
477 3730 581 3764 -D.
598 3731 650 3773 14,
663 3737 690 3773 4,
703 3738 734 3773 9,
747 3737 764 3765 2
845 3731 890 3771 (6)
915 3729 1004 3763 enim
1017 3731 1076 3763 ins.
1093 3730 1112 3762 l.
1125 3740 1207 3772 qem.

122 3778 167 3819 (τ)
192 3777 413 3821 adsicfiD.
430 3777 483 3819 17,
495 3784 524 3819 2,
537 3783 574 3811 20
655 3776 702 3818 (s)
726 3776 827 3820 cs.D.
843 3777 897 3818 24,
910 3782 969 3818 2‚3
1047 3776 1092 3816 (o)
1117 3773 1207 3806 ideo-

1217 136 1301 185 869

2260 155 2379 200 L17

1338 261 1390 300 45
1418 263 1525 300 IDEM
1545 264 1645 321 libro·
1662 268 1868 315 trz‘qense'mo
1892 271 1942 307 ad
1964 273 2119 309 edictum
2154 275 2279 321 Neque
2302 278 2377 331 pig-

1292 320 1359 345 nus
1384 319 1499 354 neque
1523 311 1724 366 depomturn
1747 326 1862 361 neque
1885 318 2084 362 precarium
2109 330 2223 366 neque
2247 327 2378 374 emptio

1295 358 1309 389 1
1360 365 1476 400 neque
1507 356 1639 410 locatlo
1671 369 1723 394 rei
1747 370 1833 396 suae
1859 363 2054 399 consistere
2076 369 2207 410 potest.
2255 368 2377 404 ana-

1293 403 1413 436 torum
1438 405 1625 437 conventio
1649 403 1717 439 iuri
1741 406 1884 450 publico
1910 419 1981 443 non
2006 409 2162 454 derogat.

1338 443 1392 482 46
1432 445 1555 482 Gams
1588 447 1678 484 libro
1715 450 1849 486 decimo
1886 453 1934 487 ad
1968 454 2121 490 edictum
2150 457 2379 502 provinciale

1292 490 1397 543 Quod
1430 501 1453 526 a
1488 503 1632 545 quoquo
1674 504 1811 538 poenae
1845 497 1986 533 nomine
2022 504 2185 536 exactum
2224 506 2297 545 est,
2342 503 2378 538 id

1292 535 1405 571 e1dem
1428 540 1618 573 restituere
1641 548 1743 575 nemo
1770 541 1917 585 cogitur.

1312 626 1320 634 .
1338 579 1415 634 ’477
1447 581 1642 618 ULPJANUS
1663 584 1753 619 libro
1779 587 1987 631 trz'qensz'mo
2011 589 2060 624 ad
2082 589 2235 626 edictum
2283 592 2375 628 Con-

1292 627 1363 662 sihi
1385 637 1458 661 non
1480 626 1700 663 fraudulenti
1732 630 1830 665 nulla
1861 632 2029 676 obligatio
2060 638 2131 670 est:
2167 640 2323 672 ceterum
2346 638 2377 674 si

1293 671 1395 707 dolus
1416 675 1455 726 et
1471 672 1649 726 calliditas
1668 674 1881 718 intercessit,
1907 677 1949 712 de
1970 677 2052 714 dolo
2077 680 2172 716 actio
2197 683 2365 727 competit

1295 720 1310 751 1
1361 717 1457 752 Socn
1480 728 1551 753 mei
1574 718 1694 754 socius
1719 730 1817 755 meus
1842 722 1960 757 socius
1984 734 2056 759 non
2080 729 2144 759 est.

1338 759 1417 800 48⁸
1448 762 1608 799 Patmos
1636 764 1726 799 libro
1759 766 1967 811 tricensimo
2023 769 2124 804 uinto
2153 771 2203 805 ad
2225 771 2378 807 edictum

1293 807 1472 860 Quidquid
1495 808 1532 843 in
1554 808 1674 844 calore
1691 809 1900 847 iracundiae
1923 813 1978 847 vel
2027 817 2042 847 t
2063 814 2119 849 vel
2143 815 2281 858 dicitur,
2306 827 2378 852 non

1290 856 2379 947 fu‘iffiiusstffimissffiss‘ffassdeffqderssssssssiassssssssfflsspffiffi

1290 953 1357 979 nec
1381 943 1567 979 divertisse
1591 945 1741 980 videtur.

1337 986 1391 1027 49
1423 988 1619 1025 mmmm
1648 989 1739 1027 libro
1764 992 1972 1037 triqensimo
2004 994 2129 1039 quinto
2154 994 2202 1029 ad
2224 995 2376 1031 edictum

1290 1034 1450 1070 Alterius
1476 1035 1729 1071 circumventio
1754 1036 1815 1072 alii
1839 1047 1911 1073 non
1933 1039 2084 1083 praebet
2103 1039 2279 1075 actionem
2291 1042 2331 1076 ¹⁰.

1337 1078 1390 1117 50
1431 1079 1487 1115 ΡΑ
1496 1090 1539 1115 υι
1547 1091 1591 1116 (ss
1626 1081 1717 1117 libro
1758 1083 1966 1128 triqensimo
2005 1093 2099 1119 nono
2138 1085 2187 1119 ad
2224 1086 2377 1122 edictum

1291 1124 1406 1170 Culpa
1430 1129 1531 1161 caret
1578 1126 1615 1161 ui
1639 1127 1718 1169 scit,
1743 1127 1806 1162 sed
1827 1127 2019 1172 prohibere
2043 1139 2114 1164 non
2137 1133 2266 1174 potest.

1337 1169 1386 1207 51
1418 1170 1542 1206 Gams
1576 1172 1654 1207 ibro
1679 1173 1804 1218 quinto
1829 1172 1964 1208 decimo
1989 1174 2039 1209 ad
2058 1174 2211 1210 edictum
2261 1175 2378 1211 rovin-

1291 1216 1383 1251 ciale
1428 1216 1512 1251 Non
1536 1217 1677 1252 videtur
1701 1218 1887 1263 quisquam
1910 1218 1946 1253 id
1972 1229 2117 1264 capere,
2143 1230 2212 1265 quo
2262 1221 2294 1257 ei
2317 1230 2378 1257 ne-

1291 1271 1392 1296 cesse
1415 1264 1471 1296 est
1494 1262 1555 1297 alii
1579 1263 1780 1298 restituere.

1335 1303 1390 1343 52
1417 1306 1613 1342 ULPJANUS
1629 1307 1719 1343 libro
1741 1308 2047 1354 quadraqensimo
2068 1313 2199 1355 quarto
2218 1310 2268 1346 ad
2286 1311 2378 1347 edie-

1291 1355 1364 1386 tum
1411 1351 1494 1388 Non
1527 1352 1716 1388 defendere
1740 1353 1879 1389 videtur
1909 1364 1982 1390 non
2004 1358 2145 1390 tantum
2168 1355 2228 1400 qui
2250 1355 2379 1400 latitat,

1290 1397 1354 1432 sed
1385 1400 1422 1433 et
1452 1397 1484 1450 is
1517 1397 1580 1443 qui
1610 1408 1782 1451 praesens
1814 1402 1921 1444 negat
1943 1408 1982 1435 se
2006 1400 2197 1436 defendere
2222 1404 2286 1436 aut
2307 1412 2378 1437 non

1289 1443 1365 1478 vult
1388 1453 1572 1488 suscipere
1596 1448 1783 1479 actlonem.

1336 1485 1389 1525 53
1415 1487 1471 1523 ΡΑ
1479 1498 1574 1524 ULUS
1595 1489 1687 1525 libro
1712 1489 2017 1536 quadraqensimo
2041 1490 2198 1527 secundo
2219 1491 2269 1526 ad
2286 1491 2379 1527 edio-

1290 1536 1364 1568 tum
1413 1533 1521 1569 Cuius
1544 1544 1611 1579 per
1634 1544 1790 1570 errorem
1815 1534 1890 1570 dati
1913 1535 2079 1581 repetitio
2102 1539 2169 1579 est,
2193 1536 2278 1572 eius'
2295 1547 2378 1572 con-

1289 1579 1385 1614 sulto
1409 1579 1485 1614 dati
1508 1578 1653 1615 donatio
1679 1583 1743 1615 est.

1335 1623 1389 1662 54
1422 1623 1617 1660 ULPIANUS
1639 1625 1731 1661 libro
1756 1625 1901 1672 quadra
1928 1626 2062 1662 ensimo
2086 1630 2193 1663 sexto
2217 1627 2266 1663 ad
2286 1627 2372 1663 edic-

1290 1672 1362 1705 tum
1417 1669 1531 1706 Nemo
1561 1671 1644 1715 plus
1680 1670 1769 1706 iuris
1800 1670 1847 1706 ad
1917 1671 1988 1707 ‘um
2019 1671 2216 1708 transferre
2247 1676 2378 1719 potest,

1289 1725 1396 1760 quam
1419 1716 1498 1760 ipse
1521 1715 1682 1751 haberet.

1335 1759 1388 1798 55
1407 1760 1530 1797 Gaws
1551 1761 1643 1797 libro
1665 1760 1823 1797 secundo
1847 1761 1893 1796 de
1918 1763 2136 1798 testamentis
2158 1763 2208 1799 ad
2226 1763 2379 1800 edictum

1287 1807 1452 1887 tog-{icum
1498 1805 1629 1843 Nullus
1661 1806 1800 1842 videtur
1831 1806 1914 1843 dolo
1946 1806 2082 1852 facere,
2115 1808 2176 1854 qui
2205 1819 2271 1846 suo
2300 1808 2379 1845 iure

1288 1863 1311 1887 u
1329 1863 1340 1887 1
1358 1862 1412 1887 ur.

1334 1896 1388 1935 56
1413 1896 1522 1932 IDEM
1549 1896 1639 1933 libro
1674 1898 1778 1933 tertio
1803 1897 1848 1932 de
1873 1897 2003 1943 leqatis
2026 1898 2076 1932 ad
2105 1897 2258 1934 edictum
2282 1899 2378 1934 urbi-

1288 1953 1368 1978 cum
1415 1942 1563 1988 Semper
1585 1942 1623 1977 in
1648 1942 1765 1978 dubiis
1789 1942 2000 1987 benigniora
2022 1942 2258 1988 praeferenda
2282 1948 2374 1980 sunt.

1333 1985 1386 2025 57
1419 1987 1526 2023 IDEM
1562 1987 1654 2024 libro
1687 1991 1813 2023 octavo
1851 1987 1988 2023 decimo
2028 1988 2078 2023 ad
2107 1988 2261 2024 edictum
2288 2000 2372 2036 pro-

1287 2033 1442 2113 vinciale
1486 2033 1590 2068 Bona
1620 2033 1710 2069 fides
1741 2043 1814 2069 non
1845 2033 2000 2078 patitur,
2033 2037 2074 2068 ut
2102 2033 2157 2069 bis
2188 2033 2280 2069 idem
2304 2034 2377 2070 exi-

1309 2089 1331 2114 a
1348 2089 1402 2114 ur.

1285 2089 1309 2124 g
1332 2120 1385 2162 58
1426 2123 1622 2160 Uzpzmvs
1658 2124 1748 2160 libro
1779 2123 1938 2159 secundo
1978 2123 2262 2170 disputationum
2319 2123 2376 2160 Ex

1285 2169 1498 2250 poe-nalgbus
1536 2169 1656 2205 causis
1695 2179 1768 2205 non
1803 2169 1895 2205 solet
1924 2168 1962 2203 in
1992 2172 2132 2214 patrem
2162 2168 2205 2205 de
2236 2166 2376 2214 peculio

1287 2224 1330 2250 ac
1347 2225 1383 2250 10
1433 2225 1498 2250 ari.

1333 2257 1386 2297 59
1425 2260 1533 2295 IDEM
1573 2259 1664 2295 libro
1704 2259 1809 2294 tertio
1857 2259 2142 2306 disputationum
2203 2258 2375 2294 Heredem

1285 2305 1443 2341 eiusdem
1463 2304 1651 2350 potestatis
1669 2304 1829 2350 iurisque
1850 2314 1940 2347 esse,
1962 2304 2065 2341 cuius
2084 2303 2154 2340 fuit
2173 2304 2374 2347 defunctus,

1287 2354 1439 2387 constat.

1332 2393 1385 2434 60
1410 2395 1516 2431 IDEM
1538 2395 1629 2431 libro
1654 2395 1789 2431 decimo
1814 2394 2098 2441 disputationum
2145 2393 2292 2440 Semper
2315 2394 2375 2439 qui

1285 2452 1357 2477 non
1387 2441 1555 2487 prohibet
1586 2451 1652 2486 pro
1677 2451 1715 2476 se
1739 2440 1971 2484 intervenire,
2003 2439 2174 2475 mandare
2205 2438 2371 2475 creditur.

1285 2486 1349 2522 sed
1373 2490 1409 2522 et
1432 2486 1463 2522 si
1488 2486 1567 2531 quis
1590 2489 1707 2521 ratum
1730 2485 1897 2520 habu-erit
1920 2485 2016 2529 quod
2038 2488 2177 2530 gestum
2204 2488 2278 2528 est,
2309 2485 2372 2520 ob-

1285 2532 1472 2577 stringitur
1494 2531 1653 2567 mandati
1677 2531 1830 2566 actione.

1332 2575 1381 2614 61
1416 2576 1524 2612 Imm
1559 2577 1650 2612 libro
1683 2577 1787 2611 tertio
1818 2575 2027 2621 opinionum
2080 2574 2236 2610 Domum
2271 2584 2370 2610 suam

1284 2622 1432 2658 reficere
1450 2622 1642 2667 unicuique
1660 2622 1756 2663 licet,
1778 2620 1862 2656 dum
1879 2631 1952 2656 non
1971 2619 2110 2656 officiat
2125 2620 2235 2655 invito
2255 2620 2371 2662 alteri,

1283 2668 1320 2703 in
1368 2678 1415 2704 uo
1439 2667 1496 2703 ius
1520 2678 1594 2703 non
1618 2667 1738 2702 habet.

1330 2679 1384 2750 6⁴¹2
1416 2712 1609 2748 lenimus
1646 2712 1737 2747 libro
1769 2714 1874 2746 sexto
1907 2710 2139 2762 diqestorum·
2181 2709 2371 2761 Hereditas

1283 2758 1372 2794 nihil
1403 2757 1502 2793 aliud
1537 2761 1609 2801 est,
1649 2767 1755 2802 quam
1789 2755 1971 2792 successio
2007 2755 2044 2790 in
2079 2765 2281 2791 umversum
2315 2763 2370 2789 lus

1284 2803 1381 2849 quod
1405 2803 1596 2839 defunctus
1620 2801 1797 2838 habuerit.

1329 2846 1382 2886 63
1415 2848 1523 2884 IDEM
1553 2848 1644 2884 libro
1675 2848 1827 2899 septimo
1860 2846 1996 2882 decimo
2030 2844 2249 2891 diqestorum
2301 2844 2370 2888 Qui

1283 2894 1360 2930 sine
1393 2894 1474 2929 dolo
1507 2893 1600 2928 malo
1633 2892 1680 2928 ad
1708 2891 1878 2927 1udi‘cium
1907 2893 2094 2936 provocat,
2127 2900 2199 2925 non
2230 2889 2370 2924 videtur

1281 2949 1418 2975 moram
1446 2938 1577 2973 facere.

1328 2982 1382 3022 64
1414 2983 1522 3019 IDEM
1556 2983 1646 3018 libro
1677 2981 1868 3017 vicensimo
1901 2991 1995 3015 nono
2028 2979 2245 3026 diqestorum
2298 2978 2366 3020 Ea,

1283 3039 1375 3075 quae
1406 3039 1490 3064 raro
1519 3027 1705 3069 accidunt,
1738 3036 1810 3062 non
1833 3028 1965 3061 temere
1988 3024 2025 3059 in
2048 3023 2193 3069 agendis
2217 3022 2366 3067 negotiis

1282 3085 1361 3110 com
1388 3074 1546 3109 utantur.

1328 3117 1352 3157 6
1395 3120 1422 3141 ¹¹
1446 3118 1553 3154 IDEM
1581 3117 1672 3152 libro
1702 3116 1790 3162 quin
1817 3114 2026 3161 uaqensimo
2051 3114 2180 3158 quarto
2211 3111 2362 3158 diqesto-

1281 3175 1361 3199 rum
1407 3163 1464 3198 Ea
1483 3165 1539 3198 est
1558 3165 1689 3197 natura
1709 3171 1752 3196 ca
1776 3126 1953 3201 dationis,
1979 3168 2085 3202 quam
2106 3156 2235 3209 Graeci
2254 3159 2364 3209 σφρί-

1279 3222 1348 3251 την
1370 3208 1568 3261 appellant,
1600 3209 1642 3242 ut
1664 3206 1712 3242 ab
1735 3205 1915 3242 evidenter
1937 3202 2029 3239 veris
2052 3212 2117 3247 per
2140 3202 2363 3236 breviss1mas

1280 3256 1496 3289 mutationes
1528 3251 1722 3297 disputatio
1755 3250 1801 3286 ad
1832 3259 1890 3291 ea,
1932 3258 2023 3293 quae
2058 3246 2238 3282 evidenter
2270 3245 2364 3281 falsa

1281 3303 1364 3335 sunt
1399 3298 1619 3344 perducatur
1631 3297 1669 3331 ¹².

1327 3326 1380 3381 66
1413 3343 1523 3379 IDEM
1557 3342 1648 3378 libro
1686 3338 1938 3386 sexaqensimo
1976 3336 2193 3389 digestorum
2256 3332 2361 3369 MAR-

1284 3398 1376 3424 clm
1384 3398 1434 3424 os.
1470 3386 1612 3423 Desinit
1635 3386 1774 3422 debitor
1796 3392 1875 3419 esse
1897 3381 1939 3425 is,
1964 3392 2024 3426 qui
2048 3382 2199 3416 nanctus
2223 3382 2278 3414 est
2301 3389 2361 3414 ex-

1282 3433 1481 3478 ceptionem
1511 3432 1643 3468 iustam
1675 3440 1740 3466 nec
1774 3428 1820 3464 ab
1852 3426 2030 3471 aequitate
2053 3423 2209 3460 naturali
2230 3423 2361 3459 abhor-

1279 3481 1520 3561 rergqmbssu
1554 3522 1645 3558 libro
1684 3516 1924 3598 octagensimo
1955 3515 2104 3561 septimo
2142 3513 2361 3560 diqestorum

1280 3567 1453 3614 Quotiens
1484 3566 1578 3603 idem
1608 3574 1722 3601 sermo
1780 3572 1844 3597 uas
1873 3559 2068 3597 sententias
2100 3557 2282 3604 exprimit,
2317 3567 2362 3594 ea

1278 3691 1343 3723 que
1365 3691 1426 3724 per
1448 3679 1590 3713 calorem
1613 3676 1712 3710 misso
1736 3673 1876 3718 repudio
1898 3671 1927 3706 si
1950 3670 2043 3704 brevi
2061 3680 2191 3706 reversa
2210 3680 2295 3703 uxor
2312 3670 2361 3702 eet

1277 3727 1323 3760 D.
1347 3726 1368 3760 1.
1387 3738 1467 3770 qam.
1584 3723 1644 3764 (ιο)
1668 3721 1798 3754 actione
1818 3720 1853 3752 F
1961 3719 2014 3758 (11)
2038 3717 2081 3755 <fi
2105 3716 2147 3749 D.
2167 3717 2221 3758 50,
2243 3722 2287 3757 ιθ,
2308 3721 2357 3749 17⁸1

1280 3772 1337 3814 (12)
1362 3770 1588 3815 perducantur
1604 3767 1640 3801 F
