2528 3918
115 126 186 160 'DE
213 127 386 161 Ptmmc.
416 129 473 160 m*
501 127 736 162 VECTIGAL.

128 251 148 284 2
194 256 309 294 aquae
337 245 480 293 pluviae
507 242 682 281 arcendae
709 251 818 288 posse
842 250 979 288 cogere.
1026 241 1099 280 Sed
1121 244 1159 279 et
1180 241 1213 279 si

129 294 244 330 fossas
266 291 421 336 fecisset,
445 301 491 327 ex
514 288 640 335 quibus
664 297 759 333 aqua
780 286 902 333 pluvia
923 291 1048 333 posset
1070 297 1212 332 nocere,

127 339 317 381 arbium,
349 336 380 373 si
409 336 582 381 appareat
609 333 789 377 futurum,
822 336 863 368 ut
886 343 981 378 aqua
1003 333 1124 379 pluvia
1146 343 1212 368 no-

129 387 243 426 ceret,
276 391 401 428 cogere
429 382 593 425 oportere
621 377 739 414 fossas
769 388 850 414 eum
881 378 1024 423 explere
1053 381 1107 421 et,
1143 377 1212 414 nisi

129 429 277 472 faceret,
301 425 552 467 condemnare,
577 423 718 459 tametsi
741 427 932 468 antequam
956 424 1178 460 adiudicaret
1189 425 1211 467 ¹,

130 478 148 509 3
196 483 291 518 aqua
319 482 384 518 per
411 470 528 506 fossas
559 478 742 513 nunquam
764 468 939 504 fluxisset.
986 469 1106 505 Lacus
1131 479 1212 504 cum

128 522 192 555 aut
226 519 425 554 crescerent
463 518 526 550 aut
565 514 831 557 decrescerent,
867 524 1061 567 numquam
1098 523 1212 559 neque

128 562 367 600 accessionem
390 570 506 606 neque
528 559 770 595 decessionem
796 559 834 594 in
859 569 919 595 eos
942 559 1069 596 mcinis
1092 559 1212 595 facere

129 610 225 691 11635
248 651 441 688 lemnos
469 649 559 686 libro
591 650 717 696 quinto
741 660 791 685 ex
813 648 975 686 Minucio
1022 649 1076 694 Is,
1110 648 1211 685 cuius

127 698 238 734 fundo
265 696 322 733 via
352 695 518 738 debetur,
556 705 671 740 aquae
699 694 866 740 pluviae²
900 695 1076 730 arcendae
1106 703 1212 739 agere

152 746 244 779 otest
265 741 367 777 fundi
391 740 447 776 sui
469 740 622 784 nomine,
647 740 814 786 quoniam
839 739 1016 776 deteriore
1040 740 1096 776 via
1113 739 1212 775 facta

141 788 235 824 undo
259 790 418 822 nocetur.

171 830 224 871 26
248 831 452 868 SOAEVOLA
477 831 567 867 libro
593 835 723 876 quarto
747 841 1004 877 responsorum
1040 829 1213 865 Scaevola

125 874 1212 968 E‘ifflffissqi‘ssssm{dtussffiatffiffissffl&diffit’dffissii

410 949 419 964 7
1201 946 1211 963 ἳ

125 968 266 1005 tametsi
288 968 344 1004 ius
367 978 440 1004 non
463 967 690 1013 probaretur.

611 1104 727 1145 [111⁸.

125 1172 186 1207 DE
218 1171 493 1207 PUBLIGANIS
531 1171 964 1251 ETMYSESlssg'IGALIBUS
1003 1171 1064 1205 ET
1102 1170 1212 1204 COM-

173 1284 192 1322 1
227 1283 422 1321 Urmzws
442 1284 533 1320 libro
582 1284 645 1319 uin
672 1284 858 1331 uaqesimo
883 1283 1009 1329 quinto
1041 1282 1091 1319 ad
1118 1282 1212 1318 edio-

124 1335 197 1366 tum
251 1330 402 1366 Praetor
432 1329 502 1365 ait:
543 1332 552 1348 ⁴
585 1340 631 1365 uo
690 1328 905 1374 publicanus
941 1328 1016 1364 eius
1052 1327 1211 1373 publici⁴

126 1375 278 1412 ‘nomine
308 1375 343 1410 vi
377 1374 548 1410 ademerit
582 1374 719 1419 quodve
756 1373 893 1409 familia
927 1373 1212 1419 publicanorum,

126 1421 166 1459 ni
196 1420 233 1456 id
264 1420 469 1461 restitutum
498 1430 572 1455 non
592 1419 682 1464 erit,
711 1419 750 1455 in
780 1419 928 1464 duplum
957 1423 1039 1461 aut,
1071 1419 1102 1455 si
1130 1422 1215 1464 post

128 1470 268 1502 ¹annum
292 1468 434 1510 agetur,
465 1465 504 1501 in
533 1465 698 1511 simplum
725 1464 895 1500 iudicium
920 1464 1025 1500 dabo.
1074 1465 1159 1500 item
1184 1464 1214 1499 si

124 1512 302 1547 ‘damnum
325 1510 456 1546 iniuria
478 1510 658 1546 furtumve
680 1509 817 1546 factum
840 1520 919 1545 esse
943 1509 1094 1552 dicetur,
1118 1509 1210 1545 iudi-

123 1557 230 1593 ‘cium
260 1556 365 1592 dabo.
419 1556 450 1592 si
483 1556 520 1591 id
552 1555 600 1591 ad
634 1566 730 1601 quos
755 1565 798 1591 ea
827 1565 884 1591 res
943 1555 1110 1591 ertinebit
1140 1565 1212 1590 non

123 1601 360 1638 ‘exhibebitur
370 1603 395 1645 ⁵,
425 1601 464 1637 in
491 1601 652 1637 dominos
676 1601 754 1637 sine
776 1611 892 1636 noxae
942 1600 1097 1636 editione
1120 1600 1210 1636 iudi-

126 1652 140 1683 1
190 1647 297 1683 ‘cium
327 1646 446 1683 dabo’.
491 1646 562 1682 Hic
590 1646 716 1681 titulus
741 1645 787 1681 ad
810 1645 1021 1692 publicanos
1046 1646 1210 1691 pertinet.

121 1692 304 1739 publicani
322 1696 442 1728 autem
461 1695 556 1735 sunt,
601 1691 639 1726 ui
659 1691 805 1737 publico
825 1691 995 1726 fruuntur
1014 1693 1111 1734 (nam
1130 1691 1213 1727 inde

122 1748 254 1775 nomen
275 1738 442 1781 habent),
473 1737 546 1773 sive
604 1747 666 1773 sco
697 1737 849 1782 vectigal
878 1737 1039 1782 pendant
1068 1737 1123 1772 vel
1148 1737 1211 1771 tri-

122 1785 249 1820 butum
281 1786 564 1827 consequantur:
603 1786 639 1818 et
668 1792 810 1825 omnes,
851 1783 911 1827 qui
943 1782 1038 1827 quod
1069 1792 1091 1817 a
1122 1782 1211 1818 fisco

123 1834 143 1865 2
192 1828 416 1871 conducunt,
448 1831 545 1863 recte
574 1838 596 1862 a
621 1827 802 1873 pellantur
829 1827 1023 1873 publicani.
1070 1827 1212 1863 Dixerit

122 1874 268 1920 aliquis:
310 1873 395 1920 quid
430 1873 555 1918 utique
617 1884 659 1909 oc
695 1873 851 1909 edictum
886 1883 952 1926 pro
980 1873 1111 1909 ositum
1146 1876 1211 1916 est,

123 1919 227 1966 quasi
256 1930 330 1955 non
360 1922 397 1955 et
427 1918 512 1954 alibi
542 1921 688 1964 praetor
718 1918 913 1964 providerit
959 1919 1048 1954 urtis
1073 1917 1212 1954 damnis

122 1965 157 2001 vi
178 1965 316 2010 raptis?
355 1963 419 2000 sed
442 1965 486 2000 οῦ
509 1974 549 2000 re
577 1964 715 2009 putavit
744 1968 780 1999 et
809 1963 1013 2009 specialiter
1042 1963 1213 2000 adversus

124 2015 142 2047 3
190 2010 400 2056 publicanos
418 2009 573 2045 edictum
587 2019 801 2062 proponere.
834 2009 938 2053 Quod
956 2009 1098 2054 quidem
1116 2008 1212 2044 edic-

122 2060 198 2092 tum
217 2056 255 2091 in
274 2055 395 2101 aliqua
438 2058 514 2091 arte
532 2054 651 2090 mitlus
671 2058 736 2098 est,
756 2054 888 2107 quippe
910 2065 990 2090 cum
1008 2054 1048 2090 in
1065 2054 1214 2100 duplum

123 2102 240 2145 datur,
264 2111 346 2137 cum
363 2099 398 2136 vi
443 2110 594 2136 cnorum
612 2101 822 2146 raptorum⁷
845 2111 883 2135 m
907 2099 1142 2145 quadruplum
1166 2099 1213 2135 sit

123 2151 144 2183 4
191 2150 228 2183 et
249 2146 340 2182 furti
362 2145 543 2182 manifesti
565 2156 676 2191 aeque
699 2145 738 2181 in
761 2144 1016 2191 quadruplum,
1049 2149 1086 2181 et
1108 2144 1211 2181 resti-

123 2191 247 2229 tuendi
276 2191 431 2227 facultas
462 2191 653 2236 publicano
684 2190 718 2226 vi
749 2191 938 2236 abreptum
962 2190 1085 2233 datur,
1118 2190 1214 2236 quod

124 2238 155 2274 si
185 2237 329 2280 fecerit,
361 2237 457 2273 omni
481 2246 589 2272 onere
613 2236 755 2272 exuitur
777 2240 814 2272 et
836 2236 980 2282 poenali
1004 2236 1145 2272 actione
1169 2246 1214 2271 ox

123 2284 193 2319 hac
216 2286 319 2328 parte
349 2281 457 2318 edicti
486 2281 671 2318 liberatur.
719 2281 814 2318 unde
867 2282 1045 2324 meritur,
1078 2282 1109 2317 si
1134 2281 1212 2327 quis

123 2328 207 2364 velit
230 2339 312 2363 cum
334 2327 527 2373 publicano
558 2338 630 2363 non
654 2337 698 2362 ex
721 2328 791 2363 hoc
815 2337 835 2363 e
875 2330 952 2370 cto,
985 2327 1049 2363 sed
1081 2337 1123 2363 ex
1152 2338 1212 2372 ge-

124 2374 236 2410 nerali
258 2373 293 2408 vi
315 2373 492 2409 bonorum
514 2376 711 2418 raptorum,
737 2372 855 2408 damni
877 2372 1029 2408 iniuriae
1049 2372 1105 2408 vel
1125 2372 1213 2408 furti

124 2429 241 2465 agere,
265 2429 312 2455 an
332 2418 471 2464 possit?
507 2421 543 2454 et
559 2418 679 2464 placet
699 2428 818 2464 posse,
842 2417 975 2463 idque⁸
993 2418 1212 2463 Pomponius

124 2476 194 2511 quo
220 2474 265 2500 ue
297 2463 439 2499 scribit:
478 2467 533 2499 est
567 2464 661 2500 enim
698 2463 894 2499 absurdum
925 2463 1105 2499 meliorem
1135 2474 1213 2499 esse

123 2476 397 2556 pubfficanorum
422 2519 568 2545 causam
592 2519 698 2554 quam
724 2513 924 2545 ceterorum
947 2508 1110 2545 effectam
1136 2509 1213 2554 opi-

125 2560 143 2590 5
192 2555 282 2591 nari.
328 2554 502 2590 Familiae
525 2565 655 2590 nomen
677 2554 737 2589 hic
761 2565 833 2590 non
856 2557 996 2590 tantum
1020 2554 1066 2590 ad
1090 2565 1211 2590 servos

149 2600 399 2637 ublicanorum
434 2599 648 2643 referemus,
686 2610 808 2635 verum
840 2603 876 2635 et
907 2600 966 2644 qui
997 2600 1036 2635 in
1064 2611 1212 2635 numero

140 2646 364 2682 amiliarum⁹
393 2649 477 2680 sunt
506 2645 704 2690 publicani,
738 2645 811 2681 sive
837 2644 945 2689 igitur
957 2646 986 2666 ¹⁰
1014 2645 1118 2681 liberi
1141 2646 1214 2681 sint

125 2692 198 2728 sive
229 2690 322 2727 servi
354 2690 475 2733 alieni,
509 2690 569 2735 qui
598 2690 799 2736 publicanis
828 2689 866 2725 in
894 2700 937 2726 eo
960 2691 1123 2736 vectigali
1146 2691 1211 2726 mi-

125 2737 296 2779 nistrant,
337 2736 407 2771 hoc
438 2735 555 2771 edicto
587 2736 875 2771 continebuntur.
928 2735 1078 2788 proinde
1114 2739 1150 2771 et
1183 2735 1214 2771 si

126 2792 249 2819 servus
280 2780 464 2827 publicani
493 2781 633 2826 rapuit,
673 2791 746 2816 non
780 2784 902 2816 tamen
935 2791 972 2816 1n
1005 2791 1048 2816 ea
1078 2780 1214 2816 familia

126 2826 363 2870 constitutus,
402 2836 493 2872 quae
529 2826 674 2872 publico
709 2825 874 2872 vectigali
908 2826 1104 2869 ministrat,
1144 2827 1214 2862 hoc

126 2876 175 2954 Phi
194 2872 360 2953 edim&
363 2871 540 2953 {2515th
586 2871 690 2952 ngd
713 2871 904 2938 novissime
926 2874 1073 2916 praetor
1095 2872 1146 2952 atilt
1161 2872 1214 2952 (3ῗί

197 2929 270 2954 non
361 2928 374 2952 1
445 2928 494 2952 un
511 2927 555 2952 ur
589 2928 628 2953 m
671 2928 807 2953 ommos
873 2927 951 2952 sine
974 2926 1091 2953 noxae
1139 2927 1158 2953 e
1197 2937 1212 2944 -

126 2964 233 2999 ‘tione
256 2962 426 3016 iudicium
450 2943 568 3016 dabo':
590 2963 661 2998 hoc
677 2962 863 3015 proprium
885 2966 941 2998 est
962 2962 1070 3015 huius
1094 2962 1212 3016 edicti,

126 3008 671 3098 {findassss‘azdtfflffffigfae
696 3011 1013 3089 fliffitnfflsse'i}
1036 3007 1214 3098 522¹&ae

126 3099 200 3135 sive
221 3110 305 3142 non,
329 3098 403 3135 sive
425 3099 566 3144 possint
589 3098 756 3134 exhibere
780 3098 853 3135 sive
875 3109 949 3134 non
971 3098 1122 3144 possint,

174 3141 200 3181 2
227 3143 350 3180 GAIUS
370 3143 460 3180 libro
484 3145 649 3180 vicesimo
668 3145 789 3190 primo
818 3144 868 3180 ad
890 3143 1044 3180 edictum
1064 3144 1214 3190 provin-

128 3189 218 3224 ciale
262 3199 330 3225 nec
344 3189 453 3225 liceat
464 3190 492 3211 ¹²
515 3189 656 3226 domino
673 3189 856 3225 absentem
873 3189 1064 3225 defendere
1080 3199 1161 3224 eum
1175 3189 1212 3233 ¹³,

175 3231 199 3271 3
231 3233 424 3271 ULPIANUS
444 3235 535 3272 libro
556 3235 879 3282 quinquaqensimo
901 3235 1026 3281 quinto
1051 3234 1102 3270 ad
1119 3234 1214 3270 edic-

130 3282 204 3313 tum
216 3279 244 3300 ¹³
291 3290 382 3323 cum,
413 3279 445 3315 si
469 3280 721 3323 exhibuissent,
745 3279 868 3315 noxali
889 3279 1022 3315 iudicio
1047 3279 1213 3315 conveni-

129 3328 263 3359 rentur.
315 3324 448 3360 idcirco
485 3329 606 3360 autem
644 3328 718 3360 tam
758 3324 848 3360 dura
887 3324 1051 3361 condicio
1090 3335 1214 3362 eorum

129 3368 257 3404 effecta
288 3372 360 3411 est,
397 3369 482 3414 quia
511 3370 644 3406 debent
672 3370 786 3406 bonos
819 3381 939 3406 servos
970 3369 1018 3406 ad
1048 3370 1118 3407 hoc
1148 3369 1213 3406 mi-

132 3417 146 3449 1
197 3414 381 3450 nisterium
405 3415 542 3460 eligere.
589 3414 693 3460 Quod
716 3416 767 3450 ait
791 3415 839 3451 ‘in
861 3415 1045 3460 dominos',
1075 3416 1128 3452 sic
1152 3426 1212 3452 ac-

130 3527 171 3568 (ι)
194 3525 413 3569 adiudicaret]
426 3526 563 3561 deeare
573 3527 740 3562 iudicaret
761 3541 823 3562 scr.
917 3532 960 3572 (2)
984 3530 1071 3564 avia
1083 3531 1143 3564 ins.

175 3572 220 3613 (3)
242 3571 308 3605 Ed.
329 3579 413 3610 1...·1;
440 3572 524 3616 Pap.
543 3580 644 3614 s...11;
669 3574 750 3607 Sao.
771 3581 944 3608 12...1e.—
963 3575 1048 3609 Bas.
1063 3578 1118 3618 56,
1131 3583 1214 3609 1.-

134 3616 187 3660 Cf.
204 3617 280 3668 (1⁷⁰d:
302 3618 335 3658 4,
355 3623 388 3650 61
515 3619 556 3659 (4)
580 3619 629 3652 sic
652 3620 807 3653 Cuiacius
825 3631 887 3653 sec.
909 3620 966 3655 B.-
987 3619 1162 3663 publicani
1181 3621 1216 3654 F

131 3662 175 3704 (s)
198 3671 229 3694 ιι
246 3661 286 3695 lu
303 3661 346 3695 ad
362 3671 445 3703 quos
462 3671 500 3695 ea
517 3672 570 3695 res
587 3663 769 3706 pertinebit
791 3675 860 3697 non
880 3664 1127 3699 exhibebuntur
1149 3679 1212 3699 scr.

132 3708 176 3749 (6)
200 3716 218 3739 e
241 3706 302 3740 del.
325 3706 376 3740 F²
521 3708 566 3749 (τ)
589 3710 763 3751 partorum
782 3709 819 3743 F

131 3752 177 3794 (ο)
201 3749 417 3784 familiarium
428 3751 512 3786 Hal.
593 3755 652 3796 (10)
675 3753 783 3796 igitur
795 3755 857 3789 del.

1196 113 1279 162 605

956 3711 1000 3751 (8)
1025 3713 1060 3744 et
1078 3712 1139 3745 ins.
1163 3710 1214 3744 1³²
1282 3711 1345 3752 (23)
1368 3720 1485 3744 causae
1496 3723 1559 3744 scr.

939 3755 994 3798 (11)
1018 3755 1173 3789 dominus
1186 3756 1219 3788 F
1283 3757 1346 3797 (26)
1371 3753 1561 3789 ealooanda
1575 3755 1625 3790 F²

1996 116 2250 161 XXXVIIII
2280 118 2320 160 3.
2345 118 2371 158 4

1281 241 1484 288 cipiendum
1507 242 1563 277 est
1585 240 1633 276 ‘in
1656 241 1774 278 socios
1797 241 2002 288 vectigalis'‚
2033 242 2119 279 licet
2142 241 2277 280 domini
2299 252 2371 279 non

1281 290 1300 322 2
1348 287 1431 323 sint.
1478 287 1574 322 Ante
1605 289 1724 322 autem
1750 290 1907 323 actorem
1932 287 2050 324 dicere
2073 291 2236 334 oportet,
2268 298 2373 334 quem

1281 333 1335 368 vel
1359 343 1449 378 quos
1475 331 1654 368 desideret
1677 332 1854 374 exhiberi,
1887 336 1944 375 ut,
1975 333 2007 370 si
2029 344 2102 370 non
2125 333 2373 376 exhibeantur,

1281 378 1363 413 hinc
1381 381 1520 423 agatur.
1557 377 1621 412 sed
1637 376 1667 412 si
1686 376 1845 412 dicatur:
1872 378 2012 414 ‘exhibe
2029 389 2162 422 omnes,
2183 382 2224 415 ut
2237 378 2373 425 possim

1282 426 1299 456 :3
1350 422 1547 458 ‘dinoscere
1576 422 1656 467 quis
1687 422 1756 465 sit',
1789 426 1876 466 puto
1909 423 2135 459 audiendum.
2184 423 2222 460 Si
2251 424 2372 470 plures

1281 468 1374 503 servi
1404 468 1441 503 id
1471 468 1608 503 furtum
1639 467 1694 502 vel
1724 466 1891 502 damnum
1915 468 2141 511 admiserint,
2174 470 2244 505 hoc
2267 468 2375 505 debet

1280 513 1430 555 servari,
1464 517 1521 556 ut,
1546 512 1577 548 si
1599 515 1739 547 tantum
1763 516 1984 557 praestetur,
2010 518 2201 559 quantum,
2225 514 2257 551 si
2280 524 2374 551 unus

1280 558 1372 594 liber
1395 558 1551 602 fecisset,
1576 557 1756 593 absolutio
1779 556 1856 592 fiat.

1327 602 1352 640 4
1378 602 1433 638 ΡΑ
1443 613 1486 638 σι
1494 613 1539 638 vs
1566 603 1657 639 libro
1684 603 1985 649 quz'nquaqesz'mo
2010 604 2168 640 secundo
2200 604 2249 640 ad
2280 604 2374 641 edic-

1285 652 1359 683 tum
1406 648 1444 684 Si
1461 648 1686 693 publicanus,
1712 647 1773 692 qui
1796 648 1831 683 vi
1854 647 1996 689 ademit,
2022 648 2227 692 decesserit,
2251 648 2374 686 Labeo

1281 694 1333 729 ait
1354 694 1392 728 in
1415 694 1584 729 heredem
1608 693 1695 736 eius,
1721 704 1792 738 quo
1816 692 2032 738 locupletior
2054 693 2173 730 factus
2197 695 2254 737 sit,
2286 695 2374 731 dan-

1285 743 1297 773 1
1350 739 1431 774 dam
1457 738 1646 774 actionem.
1687 738 1743 773 De
1765 738 1887 781 rebus,
1913 749 2001 782 quas
2025 739 2062 773 in
2086 749 2172 776 usus
2196 740 2374 776 advehen-

1281 784 1346 820 das
1375 784 1444 820 sibi
1474 783 1647 819 mandant
1675 783 1874 829 praesides,
1911 783 2010 818 divus
2035 784 2239 821 Hadrianus
2269 795 2375 830 prae·

1281 829 1418 865 sidibus
1454 829 1616 874 scripsit,
1657 833 1716 871 ut,
1760 829 1923 874 quotiens
1960 828 2038 874 quis
2075 829 2112 863 in
2147 840 2234 866 usus
2248 831 2274 852 ¹⁴
2312 834 2377 866 aut

1282 885 1422 918 eorum,
1460 875 1521 919 qui
1557 874 1750 919 provinciis
1787 873 2046 910 exercitibusve
2083 879 2273 919 praesunt,
2314 879 2376 911 aut

1280 923 1557 966 procuratorum
1588 930 1736 956 suorum
1766 929 1855 955 usus
1885 919 1942 955 sui
1975 929 2086 955 causa
2118 920 2235 956 mittet
2266 931 2376 966 quen-

1281 966 1363 1000 dam
1383 969 1596 1011 empturum,
1622 963 1799 1010 significet
1816 964 1938 1000 libello
1957 974 2067 1000 manu
2086 975 2154 1001 sua
2173 965 2314 1001 subscri
2338 969 2376 1001 to

1281 1021 1432 1056 eumque
1456 1010 1504 1046 ad
1526 1010 1760 1056 publicanum
1783 1010 1921 1054 mittat,
1953 1013 2014 1054 ut,
2047 1009 2078 1046 si
2108 1010 2194 1063 quid
2225 1021 2306 1056 amp
2321 1022 2377 1047 lus

1282 1067 1392 1137 {¹¹³3
1411 1054 2245 1146 Ἔῗέῑῖἷὲωγῐῗωὲαῗιῗέξωὲἐιὲᾱοὲἳιξῗίἓῧῗιῗ
2261 1057 2292 1136 ’Ξ
2319 1056 2376 1137 ἓῗ·

1279 1147 1351 1183 tari
1382 1146 1473 1184 solet
1500 1146 1607 1192 idque
1639 1145 1746 1182 etiam
1775 1146 2035 1192 principalibus
2061 1111 2378 1182 constitutionibus

1282 1196 1439 1229 cavetur.

1327 1237 1351 1275 5
1388 1237 1512 1274 GAws
1543 1237 1594 1273 ad
1627 1237 1782 1273 edictum
1813 1237 2001 1283 praetoris
2034 1237 2169 1273 urbani
2199 1236 2302 1281 titulo
2336 1237 2380 1272 de

1275 1283 1486 1331 publicanis
1537 1283 1618 1319 Hoc
1650 1282 1767 1318 edicto
1801 1281 1977 1325 efficitur,
2007 1286 2048 1317 ut
2080 1285 2164 1318 ante
2192 1285 2380 1328 acceptum

1283 1328 1425 1374 quidem
1457 1328 1627 1364 iudicium
1659 1328 1828 1363 restituta
1859 1338 1899 1363 re
1931 1327 2025 1363 actio
2059 1330 2266 1371 evanescat,
2295 1331 2380 1374 post

1282 1378 1471 1419 acceptum
1501 1385 1584 1409 vero
1617 1373 1791 1409 iudicium
1822 1373 1933 1409 nihilo
1965 1373 2083 1409 minus
2114 1383 2233 1419 poena
2264 1373 2378 1409 duret.

1281 1420 1344 1456 sed
1368 1424 1488 1455 tamen
1512 1419 1751 1455 absolvendus
1776 1422 1831 1455 est
1853 1419 1963 1454 etiam
1987 1419 2048 1464 qui
2077 1422 2162 1465 post
2191 1423 2379 1464 acceptum

1284 1469 1298 1500 1
1347 1464 1519 1500 iudicium
1560 1464 1751 1500 restituere
1790 1468 1942 1510 paratus
1987 1468 2052 1500 est.
2116 1463 2379 1509 Quaerentibus

1281 1514 1401 1546 autem
1423 1510 1539 1554 nobis,
1564 1514 1685 1545 utrum
1707 1509 1856 1555 duplum
1876 1513 1993 1544 totum
2013 1519 2132 1555 poena
2152 1509 2199 1546 sit
2218 1513 2256 1546 et
2273 1519 2379 1555 prae-

1281 1560 1380 1592 terea
1402 1556 1455 1591 rei
1478 1555 1526 1591 sit
1548 1556 1771 1600 persecutio,
1802 1565 1851 1590 an
1881 1554 1919 1590 in
1951 1554 2062 1600 duplo
2090 1554 2138 1591 sit
2161 1558 2197 1591 et
2219 1555 2273 1591 rei
2297 1565 2379 1601 per-

1282 1601 1438 1682 §ecgtiol’
1462 1604 1506 1654 ¹¹¹².
1526 1611 1644 1646 poena
1656 1602 1685 1623 ¹⁸
1707 1600 1828 1646 simpli
1850 1599 1916 1644 sit,
1939 1600 2053 1645 magis
2074 1600 2231 1646 placuit,
2256 1603 2299 1636 ut
2320 1611 2379 1636 res

1281 1659 1353 1730 1116
1367 1650 1634 1727 Iffigogffimvs
1655 1691 1747 1726 libro
1771 1690 1929 1727 secundo
1955 1691 2000 1726 de
2015 1692 2151 1738 poenis
2206 1691 2245 1727 Si
2275 1691 2379 1727 multi

1280 1737 1463 1783 publicani
1487 1737 1575 1780 sint,
1610 1736 1671 1782 qui
1694 1735 1819 1771 illicite
1843 1735 1928 1781 quid
1951 1740 2166 1782 exegerunt,
2191 1747 2264 1772 non
2287 1737 2379 1772 mul-

1282 1783 1464 1829 tiplicatur
1489 1782 1588 1828 dupli
1612 1782 1728 1825 actio,
1761 1780 1826 1818 sed
1850 1792 1972 1818 omnes
1996 1785 2119 1827 partes
2143 1782 2376 1828 praestabunt

1282 1833 1318 1864 et
1342 1828 1438 1873 quod
1461 1828 1507 1863 ab
1532 1827 1603 1863 alio
1627 1826 1807 1872 praestari
1829 1837 1903 1862 non
1926 1830 2063 1873 potest,
2094 1828 2139 1863 ab
2164 1827 2278 1863 altero
2303 1827 2378 1863 exi-

1280 1878 1398 1919 getur,
1433 1873 1527 1909 sicut
1552 1872 1654 1908 divus
1669 1874 1694 1894 ¹⁷
1719 1871 1872 1908 Severus
1896 1876 1932 1908 et
1954 1873 2159 1909 Antoninus
2182 1873 2376 1926 rescripse-

1281 1923 1384 1955 runt:
1417 1929 1500 1954 nam
1528 1918 1622 1954 inter
1653 1917 1809 1954 criminis
1840 1927 1922 1954 reos
1953 1921 1990 1954 et
2018 1918 2159 1955 fraudis
2181 1918 2376 1964 participes

1281 1964 1433 2000 multum
1456 1974 1535 2000 esse
1549 1964 1577 1985 ¹⁸
1602 1963 1877 1999 constituerunt.

1328 2007 1352 2047 7
1378 2009 1574 2045 Prmws
1595 2008 1738 2044 leswe
1766 2008 1858 2045 libro
1889 2008 2047 2045 secundo
2080 2009 2124 2044 de
2155 2009 2374 2045 constitutio-

1282 2056 1388 2092 nibus
1432 2054 1485 2090 Im
1513 2057 1673 2090 eratores
1694 2054 1899 2090 Antoninus
1924 2057 1960 2089 et
1976 2053 2094 2090 Verus
2117 2053 2379 2100 rescripserunt

1281 2101 1318 2136 in
1348 2101 1465 2145 vectig
1502 2099 1623 2136 'bus¹⁹
1658 2099 1738 2145 ipsa
1771 2099 1938 2145 praedia,
1978 2110 2052 2136 non
2085 2110 2260 2145 personas
2293 2110 2377 2136 con-

1281 2146 1394 2182 veniri
1426 2149 1462 2181 et
1492 2145 1572 2181 ideo
1604 2154 1832 2190 possessores
1864 2144 1973 2180 etiam
1998 2144 2185 2190 praeteriti
2208 2145 2377 2190 temporis

1281 2191 1431 2236 vectigal
1455 2191 1591 2227 solvere
1617 2190 1748 2226 debere
1772 2200 1886 2236 eoque
1906 2191 2068 2236 exemplo
2079 2191 2110 2212 ²⁰
2134 2189 2323 2235 actionem,
2349 2190 2376 2226 si

1284 2241 1299 2273 1
1348 2236 1600 2282 ignoraverint,
1619 2235 1820 2272 habituros.
1849 2235 1941 2271 Item
1960 2235 2222 2289 rescripserunt
2240 2236 2377 2282 pupillo

1280 2283 1462 2318 remittere
1494 2282 1572 2317 se²²
1602 2291 1755 2326 poenam
1788 2281 1986 2325 commissi,
2020 2281 2052 2318 si
2074 2284 2171 2317 intra
2194 2280 2288 2317 diem
2311 2281 2375 2317 tri-

1280 2328 1479 2373 gensimum
1502 2326 1656 2371 vectigal
1678 2326 1868 2363 intulisset.

1327 2370 1352 2411 8
1383 2372 1632 2408 Pammenes
1666 2371 1757 2408 libro
1798 2372 1902 2407 tertio
1940 2371 2077 2407 decimo
2117 2382 2374 2418 responsorum

1280 2418 1456 2454 Fraudati
1491 2417 1676 2462 vectigalis
1714 2417 1849 2453 crimen
1886 2416 1933 2452 ad
1970 2416 2137 2453 heredem
2179 2417 2275 2460 eius,
2317 2417 2375 2463 qui

1280 2464 1443 2500 fraudem
1474 2463 1672 2506 contraxit,
1714 2462 1895 2499 commissi
1931 2461 2071 2498 ratione
2108 2462 2368 2500 transmittitur.

1284 2514 1297 2545 1
1350 2509 1419 2546 Sed
1443 2509 1474 2544 si
1496 2518 1591 2544 unus
1616 2518 1662 2544 ex
1691 2508 1856 2554 pluribus
1886 2507 2079 2543 heredibus
2108 2518 2185 2543 rem
2218 2518 2369 2544 commu.

1281 2566 1363 2592 nem
1371 2556 1402 2577 ²²
1427 2564 1539 2590 causa
1547 2554 1578 2575 ²³
1601 2553 1785 2599 vectigalis
1810 2552 2002 2598 subripiat,
2031 2552 2217 2599 portiones
2246 2553 2374 2591 ceteris

1281 2612 1355 2637 non
1378 2600 1602 2636 auferuntur.

1327 2644 1352 2684 9
1378 2645 1537 2681 mes
1557 2644 1648 2680 libro
1667 2644 1793 2690 quinto
1814 2643 2073 2679 sententiarum
2120 2643 2272 2680 Locatio
2293 2654 2369 2680 vec-

1280 2691 1451 2737 tigalium,
1477 2700 1570 2736 quae
1579 2691 1609 2711 ²⁴
1640 2689 1739 2725 calor
1749 2689 1780 2711 ²⁵
1808 2688 1978 2724 licitantis
2003 2689 2099 2725 ultra
2122 2689 2267 2726 modum
2290 2689 2371 2726 soli·

1280 2741 1339 2773 tae
1364 2735 1613 2772 conductionis
1638 2734 1792 2777 inflavit,
1823 2734 1875 2769 ita
1899 2733 2040 2770 demum
2064 2734 2286 2773 admittenda
2308 2738 2372 2779 est,

1281 2782 1312 2819 si
1334 2782 1564 2818 fideiussores
1587 2780 1736 2816 idoneos
1761 2783 1797 2815 et
1820 2779 2024 2815 cautionem
2044 2780 2075 2816 is
2096 2780 2158 2825 qui
2178 2780 2373 2817 licitatione

1284 2831 1299 2863 1
1349 2827 1474 2863 vicerit
1497 2825 1625 2862 offerre
1648 2828 1798 2871 paratus
1822 2824 1880 2860 sit.
1915 2825 1973 2860 Ad
1998 2825 2271 2861 conducendum
2293 2836 2371 2861 vec-

1281 2873 1368 2918 tigal
1398 2872 1528 2907 invitus
1559 2882 1661 2907 nemo
1692 2869 1919 2916 compellitur
1949 2874 1985 2906 et
2008 2870 2090 2907 ideo
2114 2871 2260 2916 impleto
2285 2874 2369 2906 tem-

1283 2921 1302 2953 2
1350 2927 1437 2963 pore
1462 2916 1710 2952 conductionis
1735 2915 1907 2951 elocanda
1915 2916 1947 2937 ²⁶
1978 2919 2075 2952 sunt.
2122 2916 2372 2962 Reliquatores

1281 2962 1509 3007 vectigalium
1540 2961 1588 2997 ad
1618 2960 1820 2997 iterandam
1852 2960 2144 3005 conductionem,
2182 2965 2370 3007 antequam

1282 3008 1457 3053 superiori
1497 3006 1727 3043 conductioni
1767 3005 2010 3051 satisfaciant,
2052 3006 2261 3043 admittendi
2300 3017 2370 3042 non

1283 3058 1302 3089 3
1351 3057 1445 3088 sunt.
1493 3051 1683 3088 Debitores
1714 3051 1795 3087 fisci
1821 3052 1976 3098 itemque
1998 3052 2050 3088 rei
2072 3052 2239 3098 publicae
2262 3051 2370 3086 vecti-

1280 3098 1375 3144 galia
1400 3097 1601 3134 conducere
1624 3097 1873 3142 prohibentur,
1896 3107 1942 3133 ne
1966 3108 2011 3133 ex
2030 3097 2102 3132 alia
2121 3107 2231 3133 causa
2248 3106 2370 3131 eorum

1282 3144 1403 3180 debita
1427 3146 1638 3179 onerentur:
1672 3142 1742 3178 nisi
1770 3142 1864 3178 forte
1891 3143 1983 3178 tales
2012 3142 2240 3178 fideiussores
2264 3144 2367 3185 optu-

1280 3189 1405 3233 lerint,
1450 3188 1511 3234 qui
1551 3187 1680 3223 debitis
1720 3198 1844 3223 eorum
1883 3188 2091 3224 satisfacere
2129 3186 2248 3232 parati
2286 3186 2367 3221 sint.

1282 3238 1303 3269 4
1351 3234 1434 3270 Soci
1456 3233 1682 3278 vectigalium
1706 3232 1737 3269 si
1756 3233 1950 3279 separatim
1968 3236 2091 3279 partes
2110 3230 2367 3272 administrent,

1281 3280 1374 3315 alter
1397 3279 1442 3315 ab
1466 3279 1580 3314 altero
1604 3278 1721 3314 minus
1745 3278 1874 3315 idoneo
1902 3278 1941 3314 in
1967 3288 2006 3314 se
2029 3277 2227 3323 portionem
2250 3279 2366 3311 trans·

1282 3329 1301 3361 5
1350 3324 1436 3360 ferri
1445 3324 1476 3346 ²⁷
1504 3324 1583 3360 iure
1613 3323 1804 3360 desiderat.
1852 3323 1956 3369 Quod
1983 3322 2106 3358 illicite
2128 3321 2272 3367 publice
2294 3321 2365 3366 pri-

1280 3369 1461 3415 vatimque
1491 3372 1658 3405 exactum
1687 3372 1761 3413 est,
1794 3379 1875 3405 cum
1906 3368 2018 3404 altero
2048 3370 2150 3402 tanto
2173 3365 2290 3411 passis
2313 3366 2366 3399 in-

1281 3416 1407 3452 iuriam
1430 3414 1637 3451 exsolvitur.
1671 3424 1738 3461 per
1759 3414 1830 3450 vim
1853 3424 1936 3450 vero
1955 3415 2132 3448 extortum
2153 3421 2232 3447 cum
2252 3421 2368 3456 poena

1283 3530 1342 3571 (12)
1366 3527 1547 3563 licebitF²
1612 3531 1670 3570 (13)
1695 3525 2039 3563 eum...adedictum
2051 3525 2113 3559 del.
2127 3523 2180 3559 F²
2247 3524 2306 3566 (1⁴)
2330 3523 2367 3557 in

1283 3584 1363 3607 usus
1375 3575 1436 3608 del.
1507 3575 1566 3618 (15)
1589 3572 1848 3608 munifioiumF
1908 3572 1967 3612 (16)
1990 3570 2162 3613 poenas?
2215 3570 2274 3612 (ιτ)
2297 3568 2367 3603 divi

1284 3621 1354 3653 edd.
1461 3621 1523 3661 (18)
1546 3620 1691 3653 multum
1702 3619 1861 3651 interesse
1872 3629 1936 3650 scr.
2047 3617 2105 3656 (ιο)
2129 3612 2371 3657 vectiglibusl?

1284 3666 1346 3706 (2ο)
1372 3667 1534 3708 exempto
1549 3666 1701 3700 Cuiacius
1775 3664 1832 3704 (21)
1857 3660 1950 3695 siF²
2025 3661 2089 3703 (22)
2112 3660 2375 3694 remmunemF

1654 3711 1715 3750 (24)
1739 3718 1839 3750 quam
1859 3706 2011 3741 Gebauer
2102 3707 2165 3748 (25)
2190 3704 2300 3738 calore
2312 3702 2366 3738 F'

1716 3755 1778 3796 (27)
1802 3752 1979 3786 transferre
1991 3751 2026 3784 F
