2528 3918
124 122 384 183 AMITTENDA
413 147 680 180 POSSESSION
682 148 710 177 E

126 265 141 298 1
191 264 228 298 et
251 260 295 297 de
318 270 408 296 nave
440 262 476 296 et
504 259 550 296 de
572 259 738 295 armario.
786 257 1055 293 Possessionem
1079 256 1212 292 amitti-

124 317 202 343 mus
226 306 347 342 multis
370 306 504 350 modis,
535 304 644 340 veluti
673 304 703 339 si
725 306 907 339 mortuum
929 302 967 337 in
990 313 1071 338 eum
1095 303 1213 338 locum

121 351 322 394 intulimus,
353 361 459 397 quem
487 349 778 396 possidebamus:
811 358 965 392 namque
987 348 1106 384 locum
1129 347 1212 382 reli-

121 398 259 443 giosum
298 400 363 432 aut
399 406 541 432 sacrum
577 405 650 430 non
681 404 873 439 possumus
904 393 1106 438 possidere,
1146 392 1213 428 etsi

122 445 392 478 contemnamus
423 440 630 485 religionem
659 444 695 475 et
724 449 791 485 pro
848 439 961 474 rivato
986 449 1065 474 eum
1090 443 1211 474 tenea-

122 491 142 523 2
190 498 281 530 mus,
306 487 400 523 sicut
424 486 600 521 hominem
621 485 785 520 liberum.
851 488 921 518 tem
955 495 1036 519 cum
1065 487 1212 529 praetor

120 533 254 569 idcirco
279 533 317 567 in
338 531 602 578 possessionem
625 531 699 566 rei¹
723 529 847 571 iussit,
881 529 977 574 quod
1009 529 1128 564 damni
1156 529 1211 563 in-

121 578 208 614 fecti
237 588 311 613 non
340 576 635 623 promittebatur,
673 575 937 620 possessionem
966 575 1115 610 invitum
1148 574 1211 609 do-

122 627 141 658 3
188 624 324 658 minum
348 622 512 657 amittere
534 621 659 656 Labeo
683 621 744 655 ait.
792 620 881 655 Item
938 620 1010 655 uod
1039 620 1127 655 mari
1150 622 1214 655 aut

119 668 266 704 flumine
289 670 504 713 occupatum
528 666 592 711 sit,
615 666 800 712 possidere
823 676 890 701 nos
939 665 1125 708 esinimus,
1150 667 1214 700 aut

121 714 151 750 si
182 714 214 748 is
247 713 308 758 qui
339 712 501 758 possidet
533 712 572 746 in
608 711 754 747 alterius
790 714 1006 756 potestatem
1039 710 1211 756 pervenit.

120 762 141 794 4
188 759 279 794 Item
315 757 411 803 quod
446 757 576 793 mobile
611 761 685 799 est,
718 756 839 792 multis
870 756 985 792 modis
1018 756 1212 792 desinimus

120 804 322 850 possidere:
356 803 387 838 si
416 806 480 838 aut
507 802 680 845 nolimus,
714 806 777 837 aut
807 812 946 837 servum
976 805 1065 846 puta
1086 811 1212 836 manu-

120 850 313 891 mittamus‚
338 848 424 883 item
448 848 478 884 si
503 847 600 893 quod
622 847 850 893 possidebam
875 847 911 882 in
930 847 1037 882 aliam
1057 857 1074 883 s
1101 847 1213 882 eciem

120 894 334 930 translatum
357 893 423 936 sit,
455 893 566 929 veluti
596 893 844 929 vestimentum
875 903 919 928 ex
948 893 1033 928 lana
1079 895 1212 927 actum.

120 943 140 975 5
189 939 293 984 Quod
315 949 380 984 per
404 939 570 974 colonum
594 938 773 983 possideo,
798 939 902 974 heres
926 947 1027 974 meus
1047 937 1117 973 nisi
1135 938 1213 983 ipse

120 989 250 1038 nactus
279 984 543 1038 possessionem
570 995 642 1019 non
664 984 799 1029 poterit
821 983 1026 1036 possidere:
1059 983 1213 1019 retinere

120 1041 214 1066 enim
237 1040 355 1066 animo
380 1040 643 1074 possessionem
666 1040 870 1074 possumus,
895 1039 1010 1074 apisci
1032 1039 1105 1064 non
1128 1039 1211 1073 pos-

119 1086 254 1112 sumus.
292 1075 355 1111 sed
379 1075 475 1120 quod
497 1086 563 1120 pro
588 1079 750 1120 emptore
773 1074 940 1120 possideo
960 1085 1026 1120 per
1046 1075 1212 1110 colonum

121 1125 141 1157 6
191 1121 316 1163 etiam,
349 1120 538 1165 usucapiet
568 1120 675 1156 etiam
707 1122 811 1156 heres
834 1130 946 1155 meus.
996 1119 1034 1156 Si
1058 1130 1123 1165 ego
1147 1119 1213 1155 tibi

121 1166 410 1208 commodavero,
440 1169 481 1201 tu
506 1166 618 1210 Titio,
646 1166 707 1211 qui
729 1169 833 1212 putet
854 1169 957 1200 tuum
981 1175 1077 1208 esse,
1102 1164 1213 1201 nihilo

119 1212 236 1247 minus
270 1222 333 1257 ego
364 1211 402 1247 id
432 1211 636 1256 possidebo.
692 1214 728 1246 et
758 1211 852 1246 idem
883 1210 969 1254 erit,
1001 1211 1032 1247 si
1062 1210 1212 1246 colonus

120 1268 220 1293 meus
243 1256 395 1292 fundum
417 1256 590 1292 locaverit
613 1260 676 1292 aut
699 1257 747 1299 is,
778 1256 874 1302 apud
905 1266 1009 1302 quem
1037 1256 1212 1301 deposue-

119 1313 208 1346 ram,
233 1302 330 1347 apud
353 1302 462 1337 alium
485 1312 611 1338 rursus
635 1302 854 1346 deposuerit.
895 1306 932 1338 et
954 1302 992 1337 id
1015 1301 1213 1346 quamlibet

120 1358 185 1393 per
232 1347 362 1382 lurium
385 1358 577 1393 personam
601 1347 738 1383 factum
761 1347 1024 1383 observandum
1051 1347 1103 1382 ita
1132 1347 1210 1382 erit.

165 1359 231 1431 31p
244 1392 474 1429 POMPONIUS
502 1393 594 1429 libro
619 1393 828 1439 triqeusimo
851 1393 1009 1429 secundo
1036 1393 1086 1428 ad
1108 1391 1213 1428 Sabi-

119 1449 204 1473 num
252 1438 290 1474 Si
315 1438 464 1473 colonus
488 1449 560 1474 non
585 1437 805 1474 deserendae
833 1438 1071 1483 possessionis
1102 1447 1214 1473 causa

120 1484 252 1522 exisset
283 1483 327 1519 de
356 1483 468 1519 fundo
498 1487 535 1519 et
564 1494 606 1519 eo
639 1483 809 1527 redisset,
843 1483 993 1519 eundem
1016 1483 1213 1519 locatorem

119 1528 303 1575 possidere
330 1529 460 1574 placet.

165 1572 219 1612 32
236 1574 294 1610 ΡΑ
301 1584 345 1610 UL
352 1584 397 1610 vs
408 1574 499 1610 libro
515 1575 641 1620 quinto
656 1574 792 1610 decimo
809 1574 859 1609 ad
873 1573 1048 1610 Sabinum
1080 1574 1211 1619 Quam-

121 1621 170 1655 vis
203 1619 361 1665 pupillus
397 1619 474 1655 sine
508 1619 639 1655 tutoris
670 1619 887 1655 auctoritate
918 1630 992 1655 non
1023 1620 1212 1665 obligetur,

125 1669 138 1700 l
186 1665 451 1710 possessionem
473 1669 594 1700 tamen
616 1675 682 1710 per
705 1675 788 1700 eum
810 1666 1015 1701 retinemus.
1065 1665 1102 1700 Si
1126 1676 1211 1701 con-

119 1710 248 1747 ductor
278 1721 353 1746 rem
382 1710 539 1746 vendidit
564 1713 600 1745 et
623 1720 702 1746 eam
726 1710 773 1747 ab
796 1720 853 1746 eni
879 1714 957 1747 tore
981 1710 1154 1747 conduxit
1177 1714 1214 1746 et

119 1756 263 1801 utrique
286 1755 468 1791 mercedes
491 1756 689 1801 praestitit,
721 1756 821 1802 prior
864 1759 989 1792 ocator
1011 1756 1212 1802 possessio-

120 1805 139 1836 2
188 1812 269 1837 nem
301 1812 366 1847 per
396 1800 651 1837 conductorem
674 1801 874 1838 rectissime
897 1801 1040 1837 retinet.
1086 1801 1212 1838 Infans

119 1846 303 1892 possidere
326 1851 423 1882 recte
447 1850 578 1892 potest,
606 1847 637 1882 si
659 1850 779 1882 tutore
804 1851 951 1883 auctore
974 1847 1104 1900 coepit,
1129 1857 1213 1882 nam

118 1892 289 1928 iudiciuin
311 1891 459 1927 infantis
483 1892 672 1938 suppletur
695 1893 913 1928 auctoritate
934 1896 1085 1929 tutoris:
1115 1893 1212 1928 utili-

119 1937 204 1973 tatis
238 1938 331 1973 enim
363 1947 474 1973 causa
504 1938 575 1973 hoc
604 1941 790 1983 receptum
822 1942 896 1980 est,
935 1948 1020 1974 nam
1054 1938 1213 1984 alioquin

119 1983 239 2018 nullus
271 1993 398 2018 sensus
431 1986 487 2018 est
516 1982 664 2019 infantis
700 1983 901 2037 accipiendi
934 1984 1210 2030 possessionem.

118 2028 276 2074 pupillus
301 2032 422 2064 tamen
446 2028 553 2063 etiam
577 2029 653 2064 sine
676 2032 806 2065 tutoris
831 2029 1048 2065 auctoritate
1067 2039 1211 2075 posses·

119 2074 255 2110 sionem
286 2073 448 2109 nancisci
477 2077 608 2119 potest.
663 2074 749 2110 item
781 2074 902 2110 infans
937 2074 1112 2120 peculiari
1146 2085 1210 2111 no-

118 2120 212 2154 mine
235 2129 301 2164 per
325 2129 466 2154 servum
487 2119 671 2164 possidere
693 2122 825 2165 potest.

165 2162 217 2202 33
243 2165 474 2200 POMPONIUS
500 2164 591 2200 libro
617 2166 827 2212 triyensimo
849 2167 1008 2202 secundo
1035 2166 1086 2202 ad
1107 2165 1212 2202 Sabi-

119 2221 204 2245 num
250 2210 371 2245 Fundi
399 2209 563 2246 venditor
594 2210 736 2246 etiamsi
765 2211 990 2247 mandaverit
1012 2212 1139 2254 alicui,
1172 2215 1213 2247 ut

119 2259 315 2300 emptorem
339 2255 376 2290 in
399 2265 549 2291 vacuam
572 2255 838 2301 possessionem
860 2256 1063 2301 induceret,
1094 2257 1211 2303 prius-

119 2311 226 2346 quam
249 2300 286 2335 id
308 2300 427 2343 fieret,
460 2311 532 2336 non
564 2304 663 2337 recte
693 2305 834 2347 emptor
856 2312 921 2356 per
944 2313 983 2338 se
1005 2302 1044 2338 in
1066 2313 1210 2348 posses-

119 2347 254 2382 sionem
277 2346 404 2382 veniet.
447 2347 533 2381 item
556 2346 588 2382 si
611 2347 747 2383 amicus
771 2347 966 2384 venditoris
989 2353 1132 2384 mortuo
1158 2359 1211 2393 eo,

118 2392 329 2436 priusquam
351 2391 389 2426 id
413 2391 538 2435 sciret,
571 2396 636 2427 aut
664 2403 738 2428 non
765 2393 1040 2438 prohibentibus
1070 2394 1211 2429 heredi-

120 2438 185 2472 bus
209 2437 247 2471 id
270 2437 408 2479 fecerit,
433 2440 531 2472 recte
553 2438 735 2483 possessio
759 2439 893 2474 tradita
917 2439 993 2475 erit.
1032 2439 1097 2475 sed
1121 2439 1151 2474 si
1175 2439 1212 2474 id

117 2482 254 2525 fecerit,
281 2493 362 2518 cum
386 2482 493 2518 sciret
517 2483 699 2519 dominum
722 2487 903 2519 mortuum
921 2488 985 2520 aut
1004 2495 1085 2520 cum
1104 2485 1213 2520 sciret

118 2527 267 2563 heredes
291 2527 329 2563 id
351 2527 473 2563 facere
496 2528 603 2571 nolle,
628 2532 755 2565 contra
781 2529 860 2564 erit.

165 2571 218 2610 34
250 2573 446 2609 Utemws
466 2573 558 2609 libro
580 2575 732 2621 septimo
757 2574 1043 2621 disputationum
1095 2575 1133 2611 Si
1156 2586 1212 2611 me

117 2618 154 2653 in
190 2628 341 2654 vacuam
377 2618 642 2663 possessionem
680 2618 783 2654 fundi
820 2620 1024 2656 Corneliani
1060 2621 1211 2665 miseris,

118 2674 183 2708 ego
214 2668 382 2710 putarem
412 2674 470 2699 me
498 2664 535 2699 in
567 2663 719 2699 fundum
743 2664 1041 2718 Sempronianum
1063 2666 1211 2702 missum

119 2713 155 2744 et
176 2709 214 2744 in
238 2709 490 2745 Cornelianum
513 2709 599 2752 iero,
628 2720 701 2746 non
725 2710 912 2755 adqinram
935 2712 1210 2757 possessionem,

118 2754 188 2790 nisi
209 2753 303 2790 forte
314 2754 365 2807 ‘in
386 2754 530 2790 nomine
553 2758 694 2806 tantum
718 2756 974 2799 erraverimus,
997 2756 1034 2791 in
1059 2767 1211 2803 corpore

120 2809 416 2836 consenserimus.
465 2810 632 2844 quomam
663 2804 784 2836 autem
814 2801 852 2836 in
884 2811 1036 2847 corpore
1059 2812 1210 2838 consen-

119 2845 269 2880 serimus
280 2845 306 2887 2,
343 2854 391 2879 an
426 2854 449 2879 a
481 2849 519 2880 te
553 2848 674 2881 tamen
708 2845 854 2882 recedet
887 2847 1089 2892 possessio,
1128 2848 1212 2893 quia

118 2890 236 2926 animo
268 2889 446 2936 deponere
477 2893 515 2926 et
544 2894 685 2926 mutare
714 2901 779 2927 nos
811 2893 1071 2937 possessionem
1104 2903 1212 2938 posse

118 2939 156 2971 et
179 2935 305 2971 Celsus
329 2939 366 2970 et
389 2935 585 2972 Marcellus
609 2936 788 2980 scribunt,
822 2937 982 2973 dubitari
1003 2942 1143 2984 potest:
1176 2943 1212 2974 et

118 2980 150 3016 si
180 2980 299 3016 animo
330 2980 376 3015 ad
401 2980 470 3015 uiri
530 2981 684 3018 ossessio
715 2985 854 3027 potest,
893 2983 1067 3029 numquid
1105 2984 1210 3020 etiam

118 3025 297 3071 adquisita
328 3030 384 3061 est
456 2992 528 3061 sedJ
556 3037 629 3062 non
662 3031 752 3072 puto
788 3031 968 3064 errantem
1002 3029 1209 3075 adquirere:

118 3081 200 3117 ergo
224 3082 291 3107 nec
315 3071 456 3107 amittet
474 3072 748 3117 possessionem,
773 3073 836 3118 qui
855 3074 1119 3120 quodammodo
1142 3076 1210 3112 sub

121 3120 134 3151 1
186 3117 396 3153 condicione
424 3117 573 3152 recessit
604 3117 648 3152 de
679 3119 917 3163 possessione.
974 3119 1045 3155 Sed
1076 3121 1108 3156 si
1138 3131 1210 3156 non

118 3161 222 3205 mihi,
252 3162 316 3198 sed
345 3162 572 3207 procuratori
595 3173 675 3198 meo
697 3164 963 3208 possessionem
985 3165 1127 3209 tradas,
1158 3166 1208 3201 vi-

118 3206 272 3242 dendum
308 3211 382 3250 est,
418 3208 450 3243 si
488 3218 553 3253 ego
589 3218 724 3252 errem,
759 3213 974 3254 procurator
1007 3221 1107 3247 meus
1136 3222 1210 3247 non

118 3256 223 3295 erret,
247 3262 294 3287 an
315 3252 402 3287 mihi
425 3253 607 3298 possessio
631 3253 854 3299 adquiratur.
901 3259 938 3291 et
962 3266 1044 3291 cum
1066 3257 1211 3302 placeat

118 3297 297 3342 ignoranti
318 3297 481 3343 adquiri,
504 3298 638 3344 poterit
662 3302 698 3334 et
720 3299 866 3335 erranti.
913 3300 1002 3337 sed³
1025 3301 1056 3337 si
1078 3312 1209 3347 procu-

118 3345 219 3378 rator
241 3352 342 3379 meus
366 3346 481 3386 erret,
504 3354 570 3389 ego
594 3354 667 3380 non
691 3354 824 3388 errem,
847 3346 962 3391 magis
985 3350 1057 3391 est,
1081 3350 1123 3382 ut
1146 3347 1209 3383 ad-

119 3390 138 3422 2
187 3388 326 3441 quiram
347 3389 623 3434 possessionem.
664 3389 795 3426 Servus
820 3401 962 3436 quoque
986 3402 1085 3428 meus
1108 3393 1209 3438 igno-

118 3437 215 3485 ranti
249 3433 336 3468 milii
370 3433 536 3479 adquiret
568 3434 844 3480 possessionem.
891 3446 975 3471 nam
1013 3441 1049 3473 et
1087 3448 1209 3474 servus

118 3478 278 3522 alienus,
301 3481 344 3514 ut
367 3478 516 3516 Celsus⁴
539 3480 681 3524 scribit,
706 3480 780 3516 sive
803 3490 826 3515 a
847 3490 904 3517 me
928 3481 1000 3518 sive
1024 3492 1047 3518 a
1069 3484 1211 3519 nemine

116 3523 361 3569 possideatur,
393 3527 515 3571 potest
536 3524 624 3560 inihi
646 3525 840 3570 adquirere
862 3527 1147 3573 possessionem,
1179 3529 1211 3564 si

118 3637 159 3679 (1)
180 3636 226 3671 iri
243 3638 303 3672 im.
398 3640 442 3678 (2)
467 3638 619 3680 quamvis
638 3641 750 3674 autem
768 3639 806 3672 in
825 3650 964 3683 corpore
982 3652 1052 3675 non
1071 3652 1209 3676 consen-

117 3682 255 3715 serimus
273 3695 337 3716 scr.
431 3684 475 3725 (8)
499 3685 533 3717 et
550 3684 612 3717 im.
624 3684 778 3729 Krueqer
878 3686 921 3728 (4)
945 3687 986 3719 ut
1003 3686 1122 3731 celsus]
1143 3688 1178 3721 F
1183 3688 1209 3731 ²,

118 3726 252 3760 vitellus
264 3728 300 3761 F,
305 3728 315 3748 ¹
408 3729 453 3771 (5)
476 3727 566 3760 idem
581 3728 631 3760 F2
722 3733 768 3773 (6)
793 3729 929 3763 domino
944 3732 980 3765 F
1059 3734 1103 3776 (7)
1129 3743 1208 3766 usu-

118 3772 289 3815 capionem
303 3771 354 3806 F²
440 3775 485 3815 (8)
509 3783 578 3806 non
592 3774 655 3809 del.
667 3775 749 3810 Hal.
838 3775 885 3818 (⁹)
907 3786 961 3811 res
973 3778 1009 3811 F
1086 3781 1146 3820 (ιο)
1171 3779 1207 3811 in

1200 129 1283 176 655

2125 136 2316 179 XXXXI
2347 139 2373 179 2

1282 254 1425 291 nomine
1456 265 1535 291 meo
1567 265 1646 290 eam
1676 256 1917 301 adipiscatur:
1962 259 2057 303 quod
2095 262 2132 295 et
2162 259 2280 305 ipsum
2311 258 2373 294 ad-

1281 300 1492 335 mittendum
1516 304 1581 336 est.

1328 343 1381 383 35
1414 346 1629 381 ULPJANUS⁵
1659 346 1750 394 libro
1780 348 1905 393 quinto
1930 348 1974 384 de
1997 349 2162 385 omnibus
2186 349 2372 385 tribunali-

1282 391 1349 427 bus
1394 390 1525 427 Exitus
1556 391 1820 427 controversiae
1850 394 2086 437 possessionis
2118 395 2177 430 hic
2208 397 2264 430 est
2293 397 2374 430 tan·

1282 440 1378 480 tum,
1410 440 1452 471 ut
1474 437 1575 482 prius
1598 437 1807 482 pronuntiet
1830 437 1955 481 iudex,
1989 442 2069 474 uter
2092 439 2297 484 possideat:
2322 440 2374 475 ita

1282 482 1376 517 enim
1391 481 1464 525 fiet,
1488 486 1530 517 ut
1549 483 1591 525 is,
1615 482 1676 527 qui
1692 482 1806 517 victus
1824 486 1879 518 est
1895 483 1939 518 de
1955 485 2191 529 possessione,
2210 485 2374 531 petitoris

1282 527 1448 572 partibus
1471 527 1643 572 fungatur
1667 531 1702 563 et
1724 531 1812 563 tunc
1838 527 1881 563 de
1906 528 2086 565 dominioss
2110 534 2315 574 quaeratur.

1330 570 1384 610 36
1408 573 1434 608 I
1438 582 1604 608 UMANUS
1630 573 1722 609 libro
1748 574 1854 608 tertio
1878 573 2014 609 decimo
2040 575 2079 610 di
2103 580 2258 611 estorum
2306 576 2375 620 Qui

1281 618 1441 663 pignoris
1474 628 1586 654 causa
1619 618 1771 653 fundum
1801 618 1968 654 creditori
1999 620 2126 664 tradit,
2157 621 2375 666 intellegitur

1285 664 1482 708 possidere.
1540 663 1604 699 sed
1651 668 1687 699 et
1725 664 1756 699 si
1797 664 1947 698 eundem
1987 666 2150 709 precario
2188 667 2374 711 rogaverit,

1283 718 1399 754 aeque
1431 719 1496 762 per
1527 709 1702 744 diutinam
1726 709 1990 754 possessionem
2016 711 2151 755 capiet:
2187 722 2270 746 nam
2295 722 2374 747 cum

1281 765 1464 799 possessio
1499 754 1686 790 creditoris
1720 765 1793 790 non
1821 754 1870 789 im
1897 754 1994 789 ediat
2017 756 2202 800 capionem
2213 758 2238 799 ⁷,
2272 757 2375 802 longe

1281 799 1399 835 minus
1424 801 1578 844 precarii
1600 800 1739 845 rogatio
1764 801 1859 845 impe
1887 800 2016 835 'mento
2037 811 2116 836 esse
2138 803 2234 836 non⁸
2258 802 2374 844 debet,

1283 855 1365 879 cum
1398 846 1480 890 plus
1509 845 1598 880 iuris
1630 846 1669 880 in
1700 845 1928 891 possessione
1962 846 2094 880 habeat
2123 847 2183 891 qui
2213 848 2375 892 precario

1282 901 1323 925 ro
1347 890 1460 926 averit
1485 901 1592 935 quam
1615 891 1678 936 qui
1702 891 1846 927 omnino
1870 901 1942 926 non
1965 891 2138 936 possidet.

1359 933 1381 972 7
1407 935 1645 971 MARCIANUS
1668 937 1759 972 libro
1783 936 1969 983 sinqularz'
1983 937 2032 971 ad
2047 937 2245 982 formulam
2263 937 2373 984 hypo-

1284 980 1481 1017 thecariam
1532 981 1611 1017 Re⁹
1633 981 1792 1028 pignoris
1815 981 1959 1017 nomine
1983 981 2069 1016 data
2094 985 2129 1017 et
2151 983 2376 1027 possessione

1282 1027 1427 1069 tradita,
1454 1026 1581 1062 deinde
1606 1037 1628 1061 a
1653 1027 1833 1063 creditore
1859 1027 2040 1063 conducta
2065 1028 2247 1072 convenit,
2272 1032 2312 1063 ut
2335 1028 2376 1071 is,

1283 1073 1344 1117 qui
1367 1073 1607 1118 hypothecam
1632 1072 1800 1115 dedisset,
1823 1083 1890 1126 pro
1906 1073 2032 1108 colono
2057 1073 2095 1107 in
2118 1083 2216 1118 agro,
2246 1073 2376 1108 ¹⁰aedi-

1284 1118 1353 1153 bus
1377 1122 1498 1153 autem
1521 1129 1588 1163 pro
1612 1118 1786 1164 inquilino
1811 1122 1877 1153 sit:
1910 1128 1975 1164 per
1999 1128 2060 1153 eos
2085 1118 2240 1154 creditor
2262 1119 2377 1164 possi-

1283 1162 1367 1198 dere
1390 1163 1542 1199 videtur.

1329 1205 1382 1247 38
1406 1208 1602 1245 IULIANUS
1622 1209 1714 1245 libro
1739 1209 2049 1262 quadraqensimo
2099 1212 2205 1243 uarto
2225 1209 2377 1255 diqesto-

1281 1265 1363 1289 rum
1404 1253 1472 1299 Qui
1496 1254 1637 1290 absenti
1661 1265 1762 1290 servo
1787 1255 1923 1298 scribit,
1949 1257 1992 1289 ut
2012 1254 2051 1290 in
2091 1254 2240 1289 'bertate
2262 1265 2377 1289 more-

1282 1303 1360 1343 tur,
1399 1310 1473 1336 non
1505 1310 1586 1335 eam
1615 1304 1769 1336 mentem
1801 1300 1931 1343 habet,
1966 1303 2009 1335 ut
2038 1300 2159 1335 statim
2182 1299 2265 1335 velit
2289 1300 2378 1335 servi

1281 1345 1546 1390 possessionem
1570 1345 1757 1390 dimittere,
1783 1346 1846 1381 sed
1870 1346 1982 1391 magis
2006 1345 2318 1381 destinationem¹¹
2342 1345 2378 1380 in

1282 1391 1320 1426 id
1344 1395 1487 1436 tempus
1513 1391 1688 1435 conferre,
1714 1402 1786 1437 quo
1812 1402 1936 1427 servus
1961 1391 2094 1426 certior
2117 1390 2236 1425 factus
2259 1390 2376 1426 fuerit.

1288 1440 1302 1471 1
1353 1436 1390 1472 Si
1414 1437 1494 1482 quis
1519 1437 1785 1482 possessionem
1818 1436 1922 1472 fundi
1952 1437 2004 1472 ita
2027 1435 2232 1479 tradiderit,
2266 1440 2306 1471 ut
2329 1436 2379 1470 ita

1282 1482 1424 1517 demum
1449 1482 1576 1518 cedere
1601 1493 1643 1518 ea
1667 1482 1781 1526 dicat,
1814 1483 1844 1518 si
1867 1482 1981 1527 ipsius
2006 1481 2139 1517 fundus
2164 1485 2277 1524 esset,
2307 1492 2378 1516 non

1282 1527 1424 1563 videtur
1446 1528 1627 1573 possessio
1651 1528 1801 1571 tradita,
1829 1528 1861 1563 si
1883 1527 2018 1563 fundus
2043 1527 2180 1562 alienus
2204 1527 2261 1563 sit.
2309 1527 2379 1562 hoc

1282 1573 1436 1618 amplius
1481 1573 1757 1609 existimandum
1800 1577 1855 1609 est
1897 1572 2146 1619 possessiones
2191 1573 2257 1607 sub
2294 1582 2378 1607 con-

1282 1618 1424 1654 dicione
1448 1618 1544 1654 tradi
1564 1629 1685 1671 posse,
1710 1620 1805 1655 sicut
1827 1629 1885 1655 res
1910 1620 1977 1654 sub
2001 1618 2210 1654 condicione
2228 1617 2377 1653 tradun-

1281 1667 1344 1699 tur
1371 1674 1487 1717 neque
1526 1665 1630 1700 ahter
1672 1665 1882 1710 accipientis
1924 1665 2036 1707 fiunt,
2078 1674 2184 1709 quam
2218 1663 2378 1698 condicio

1282 1712 1302 1744 2
1351 1709 1539 1745 exstiterit.
1589 1710 1627 1745 Si
1664 1710 1713 1753 is,
1754 1710 1815 1756 qui
1847 1710 1942 1745 Titio
1983 1720 2125 1745 servum
2161 1709 2378 1751 vendiderat,

1281 1755 1404 1791 heredi
1429 1755 1506 1790 eius
1530 1765 1610 1790 eum
1633 1755 1831 1799 tradiderit,
1856 1756 1991 1801 poterit
2013 1755 2118 1790 heres
2135 1764 2254 1790 rerum
2278 1754 2379 1789 here-

1282 1800 1493 1836 ditariarum
1516 1802 1781 1846 possessionem
1804 1811 1870 1846 per
1892 1811 1974 1837 eum
1993 1799 2271 1845 adprehendere,
2297 1800 2380 1845 quia

1282 1857 1354 1882 non
1379 1857 1502 1882 servus
1526 1847 1604 1882 iure
1627 1847 1857 1890 hereditario,
1882 1846 1946 1882 sed
1969 1846 2064 1882 actio
2079 1848 2107 1867 ¹²
2130 1856 2175 1881 ex
2199 1849 2316 1890 empto
2334 1845 2379 1879 ad

1282 1902 1364 1927 eum
1386 1892 1567 1936 pervenit:
1600 1902 1684 1928 nam
1716 1896 1753 1928 et
1783 1893 1814 1928 si
1847 1902 1891 1927 ex
1915 1892 1963 1928 sti
1989 1891 2090 1927 ulatu
2122 1891 2178 1927 vel
2201 1901 2246 1926 ex
2268 1894 2378 1926 testa-

1282 1941 1402 1973 mento
1436 1948 1560 1974 servus
1590 1938 1757 1973 testatori
1792 1937 1934 1974 debitus
1975 1937 2088 1972 uisset
2113 1940 2149 1972 et
2171 1937 2276 1972 heres
2301 1946 2379 1971 eum

1281 1983 1493 2027 accepisset,
1517 1994 1592 2019 non
1614 1984 1867 2029 prohiberetur
1880 1984 1908 2005 ¹³
1939 1993 2059 2018 rerum
2084 1981 2379 2018 hereditariarum

1280 2029 1547 2074 possessionem
1570 2039 1635 2074 per
1658 2028 1810 2065 eundem
1834 2029 2033 2074 adquirere.

1328 2071 1382 2111 39
1406 2073 1514 2109 loru
1534 2074 1626 2110 libro
1646 2075 1805 2110 secundo
1830 2085 1881 2110 ex
1891 2073 2043 2110 Minicio
2079 2073 2257 2109 Interesse
2279 2075 2378 2118 puto,

1282 2129 1354 2165 qua
1377 2123 1496 2155 mente
1528 2119 1627 2165 apud
1656 2124 1881 2165 sequestrum
1906 2119 2098 2165 deponitur
2128 2129 2196 2154 res.
2243 2128 2326 2153 nam
2350 2118 2378 2153 si

1282 2164 1502 2201 omittendae
1516 2166 1754 2210 possessionis
1773 2176 1896 2210 causa,
1911 2169 1948 2202 et
1963 2166 2033 2201 hoc
2049 2168 2175 2211 aperte
2190 2163 2298 2199 fuerit
2315 2174 2378 2209 ap-

1281 2211 1485 2255 probatum,
1501 2210 1548 2246 ad
1565 2211 1826 2256 usucapionem
1840 2211 2022 2257 possessio
2039 2211 2115 2246 eius
2128 2209 2293 2255 partibus
2307 2220 2377 2244 non

1281 2257 1511 2301 procederet:
1537 2260 1576 2291 at
1596 2257 1628 2292 si
1650 2257 1835 2293 custodiae
1853 2267 1965 2292 causa
1984 2256 2197 2302 deponatur,
2223 2255 2270 2290 ad
2293 2265 2378 2290 usu-

1283 2302 1472 2346 capionem
1489 2312 1567 2337 eam
1583 2302 1848 2347 possessionem
1866 2303 1994 2338 victori
2008 2301 2205 2348 procedere
2226 2303 2378 2336 constat.

1328 2346 1382 2385 40
1407 2348 1637 2383 AFRICANUS
1665 2348 1759 2384 libro
1791 2349 1942 2395 septimo
1977 2348 2226 2394 quaestionum
2274 2345 2312 2381 Si
2336 2345 2379 2380 de

1282 2402 1324 2428 eo
1349 2392 1481 2435 fundo,
1506 2403 1627 2439 quem,
1658 2404 1742 2429 cum
1764 2393 2005 2439 possiderem,
2036 2392 2175 2438 pignori
2197 2392 2262 2426 tibi
2286 2391 2378 2434 dedi,

1282 2448 1406 2474 servus
1430 2442 1515 2474 tuus
1539 2442 1576 2474 te
1601 2439 1749 2482 deiciat,
1782 2439 1902 2474 adhuc
1925 2442 1962 2474 te
1986 2438 2172 2484 possidere
2197 2438 2264 2479 ait,
2291 2447 2377 2482 quo-

1281 2484 1379 2519 niam
1412 2483 1522 2519 nihilo
1553 2484 1672 2520 minus
1704 2495 1770 2530 per
1798 2485 1811 2519 i
1838 2495 1917 2520 sum
1949 2494 2092 2520 servum
2115 2482 2377 2528 possessionem

1285 2533 1300 2564 1
1349 2530 1518 2565 retineas.
1575 2529 1612 2564 Si
1643 2530 1739 2566 forte
1773 2541 1815 2565 co
1832 2540 1937 2574 onus,
1978 2540 2044 2575 per
2080 2538 2184 2573 quem
2217 2527 2377 2563 dominus

1280 2574 1493 2620 possideret,
1519 2575 1734 2611 decessisset
1745 2576 1785 2611 ²⁴.
1821 2579 1971 2621 propter
1990 2575 2179 2610 utilitatem
2197 2576 2377 2618 receptum

1281 2623 1356 2663 est,
1386 2623 1428 2655 ut
1449 2630 1516 2666 per
1539 2620 1706 2656 colonum
1728 2621 1911 2667 possessio
1936 2624 1972 2656 et
1994 2620 2210 2655 retineretur
2233 2622 2270 2654 et
2293 2628 2376 2653 con-

1280 2665 1513 2701 tineretur¹⁵z
1545 2677 1616 2711 quo
1641 2671 1783 2702 mortuo
1807 2677 1879 2701 non
1903 2666 2023 2702 statim
2049 2665 2236 2701 dicendum
2261 2674 2338 2699 eam
2352 2664 2378 2684 ¹⁰

1280 2711 1518 2756 interpellari,
1544 2712 1608 2747 sed
1637 2715 1724 2748 tunc
1748 2712 1909 2754 demum,
1940 2722 2022 2747 cum
2048 2710 2211 2746 dominus
2235 2719 2376 2755 posses-

1281 2757 1420 2792 sionem
1444 2757 1559 2802 apisci
1583 2758 1788 2803 neglexerit.
1836 2757 1934 2792 aliud
1959 2755 2233 2792 existimandum
2257 2755 2324 2797 ait,
2349 2754 2377 2790 si

1282 2802 1432 2838 colonus
1470 2805 1599 2847 sponte
1634 2803 1869 2856 possessione
1915 2801 2131 2838 discesserit.
2185 2800 2250 2853 sed
2288 2800 2377 2851 haec

1280 2848 1332 2883 ita
1363 2857 1443 2883 esse
1474 2857 1577 2890 vera,
1613 2859 1645 2883 Sl
1677 2859 1781 2884 nemo
1811 2852 2006 2884 extraneus
2039 2857 2118 2882 eam
2141 2856 2214 2881 rem
2237 2848 2375 2896 interim

1280 2893 1492 2938 possederit,
1519 2893 1582 2929 sed
1607 2904 1746 2939 semper
1769 2894 1808 2929 in
1831 2893 2031 2929 hereditate
2056 2891 2174 2928 coloni
2196 2894 2375 2943 manserit.

1282 2943 1301 2973 2
1350 2938 1498 2974 Servum
1530 2943 1632 2974 tuum
1661 2950 1684 2974 a
1708 2939 1804 2975 Titio
1834 2939 1931 2974 bona
1953 2938 2024 2974 fide
2050 2938 2117 2973 emi
2149 2940 2185 2972 et
2208 2935 2374 2971 traditum

1280 2984 1445 3029 possedi,
1486 2984 1614 3020 deinde
1653 2995 1735 3020 cum
1775 2984 2028 3029 comperissem
2062 2986 2165 3017 tuum
2198 2991 2294 3023 esse,
2331 2990 2376 3014 ne

1280 3039 1362 3065 eum
1385 3033 1540 3075 peteres,
1567 3030 1685 3065 celare
1710 3040 1774 3065 coe
1800 3030 1823 3065 i.
1861 3040 1934 3066 non
1957 3029 2039 3065 ideo
2065 3027 2175 3073 magis
2199 3027 2268 3062 hoc
2286 3029 2373 3060 tem-

1280 3084 1370 3120 pore
1401 3075 1492 3110 clam
1522 3075 1706 3120 possidere
1730 3075 1764 3110 vi
1792 3075 1842 3110 eri
1865 3086 1922 3111 me
1946 3075 2013 3110 ait:
2051 3083 2134 3108 nam
2151 3075 2261 3124 ‘retro
2287 3081 2374 3121 quo-

1281 3130 1371 3165 que,
1408 3120 1440 3156 si
1467 3120 1587 3156 sciens
1616 3125 1719 3155 tuum
1751 3130 1893 3156 servum
1922 3131 1995 3155 non
2019 3130 2041 3154 a
2066 3119 2207 3153 dommo
2233 3126 2374 3151 emerim

1280 3169 1336 3209 et,
1374 3167 1496 3201 cum¹⁷
1536 3166 1628 3200 clam
1662 3175 1743 3200 eum
1774 3165 1960 3211 possidere
1992 3163 2206 3209 coepissem,
2248 3163 2373 3205 postea

1281 3211 1470 3247 certiorem
1482 3214 1519 3246 te
1542 3210 1699 3255 fecerim,
1723 3221 1797 3247 non
1815 3211 1894 3246 ideo
1921 3210 2090 3260 desinere·
2106 3217 2161 3242 me
2180 3206 2271 3257 elain
2289 3215 2372 3250 pos-

1281 3260 1301 3291 3
1349 3256 1476 3292 sidere.
1513 3255 1552 3291 Si
1576 3266 1717 3292 servum
1739 3267 1858 3292 meum
1875 3257 1992 3292 bonae
2010 3254 2093 3289 fidei
2110 3251 2370 3301 emptori-clam

1279 3301 1510 3346 abduxerim,
1541 3301 1729 3346 respondit
1752 3313 1825 3338 non
1848 3300 1960 3337 videri
1984 3309 2039 3334 me
2064 3298 2155 3333 clam
2178 3294 2372 3347 possidere,

1279 3347 1406 3392 quia¹⁸
1434 3356 1551 3391 neque
1590 3347 1746 3392 precarii
1775 3346 1961 3391 rogatione
1992 3352 2107 3388 neque
2137 3340 2373 3376 conductione

1279 3402 1369 3429 suae
1391 3391 1445 3427 rei
1469 3391 1652 3427 dominum
1675 3393 1791 3428 teneri
1814 3395 1850 3426 et
1873 3401 1945 3426 non
1974 3398 2081 3434 posse
2105 3395 2251 3438 causam
2275 3385 2371 3438 clau-

1280 3437 1441 3473 destinae
1471 3437 1710 3482 possessionis
1743 3438 1790 3474 ab
1813 3437 1869 3472 his
1894 3434 2033 3471 duabus
2058 3441 2176 3468 causis
2201 3440 2372 3483 separari.

1326 3481 1377 3520 41
1405 3482 1567 3518 Pinus
1601 3483 1694 3519 libro
1728 3483 1852 3530 primo
1886 3478 2150 3515 institutionum
2198 3475 2267 3528 Qui
2296 3485 2374 3511 iure

1280 3526 1534 3564 familiaritatis
1569 3528 1676 3565 amici
1707 3527 1859 3564 fundum
1886 3522 2101 3570 ingreditur.
2137 3531 2211 3557 non
2233 3520 2373 3557 indetur

1280 3644 1340 3677 ins.
1355 3644 1430 3678 edd.
1493 3644 1552 3687 (11)
1575 3654 1669 3677 suam
1682 3645 1742 3677 ins.
1755 3640 1810 3675 F·
1874 3641 1935 3682 (12)
1957 3639 2090 3673 actione
2102 3639 2156 3672 F’
2212 3639 2272 3681 (¹8)
2295 3647 2373 3682 pro-

1278 3688 1416 3722 hibetur
1433 3688 1488 3723 1⁶⁹²
1593 3690 1654 3732 (14)
1677 3687 1760 3730 quid
1779 3686 1865 3719 iuris
1883 3686 1929 3718 sit
1947 3684 2135 3718 videamus:
2162 3686 2195 3718 et
2213 3684 2374 3718 similiave

1279 3735 1469 3768 exciderunt
1522 3736 1581 3778 (15)
1607 3730 1904 3767 continuarem-S
1956 3733 2019 3772 (ιο)
2044 3730 2131 3763 eaF
2176 3730 2238 3773 (ιτ)
2260 3731 2333 3762 tum
2347 3729 2382 3763 F

1276 3780 1340 3823 (18)
1363 3779 1449 3824 quin
1461 3793 1523 3814 scr.
