2528 3918
181 127 335 171 L6.7

183 249 297 286 cenda
326 251 391 285 est.
440 247 597 293 alioquin
633 247 664 284 si
699 247 778 292 quis
815 245 949 283 maiore
980 247 1154 292 pecuniae
1184 257 1271 283 suae

183 298 287 340 parte
310 293 587 339 negotiationem
611 291 791 328 exercebit
804 294 826 335 ¹,
857 302 983 328 mrsus
1009 292 1170 338 locuples
1194 292 1270 328 fac-

181 344 241 375 tus
264 338 302 374 in
325 338 448 375 eadem
473 338 674 383 quantitate
701 337 951 382 negotiationis
981 337 1269 382 perseveraverit,

181 384 362 420 tenebitur
393 383 620 426 muneribus,
650 382 757 418 sicuti
787 382 1000 428 locupletes,
1038 382 1099 428 qui
1130 382 1272 419 modica

181 428 611 519 {ffssffl.rss⁰ssffffffi⁸.-
626 428 1097 519 ἳὲἑίἓῖωωέιξὲἒῗὲἒέαέἑ
1115 427 1272 518 {iiiiii}

181 523 202 555 9
249 519 322 556 divi
348 519 524 555 Hadriani
554 518 716 564 scripta²
751 522 817 555 est.
872 518 983 553 Divus
1012 528 1153 570 quoque
1184 518 1270 554 Pius

180 564 383 612 rescripsit,
415 568 471 608 ut,
505 564 669 609 quotiens
701 563 745 601 de
768 563 888 608 aliquo
912 563 1130 598 naviculario
1161 572 1269 608 quae-

181 613 302 653 ratur,
326 609 414 646 illud
438 609 658 652 excutiatur,
683 619 731 645 an
754 608 1059 654 effugiendorum
1082 618 1271 644 munerum

185 659 226 690 10
272 665 384 691 causa
406 655 595 700 imaginem
618 653 829 690 navicularii
847 653 982 688 induat.
1022 653 1269 689 conductores

181 700 289 736 etiam
311 700 535 745 vectigalium
558 699 637 736 fisci
659 699 873 736 necessitate
901 698 1168 734 subeundorum
1192 709 1268 734 mu-

181 745 388 791 nicipalium
419 755 607 781 munerum
642 755 715 781 non
751 744 1041 789 obstringuntur:
1078 743 1185 789 idque
1218 743 1271 779 ita

180 790 443 827 observandum
467 790 537 826 divi
557 790 688 827 fratres
706 789 979 834 rescripserunt.
1016 798 1059 823 ex
1079 799 1150 834 quo
1171 789 1268 834 prin-

181 836 287 882 cipali
310 836 483 882 rescripto
507 836 629 872 intelle
655 836 662 843 '
687 839 807 881 potest
830 845 902 870 non
926 834 1054 870 honori
1072 834 1269 870 conducto-

179 892 259 917 rum
283 881 419 924 datum,
443 891 488 917 ne
513 891 638 947 compe
665 885 772 916 antur
795 879 841 915 ad
861 889 1010 915 munera
1027 879 1268 925 municipalia,

179 926 244 962 sed
272 936 319 963 ne
349 930 588 963 extenuentur
647 925 839 961 facultates
873 935 1013 968 eorum,
1051 935 1144 970 quae
1183 925 1268 961 sub-

179 971 209 1007 s'
282 975 343 1008 tae
371 972 446 1008 sint
475 971 576 1007 fisco.
626 971 720 1007 unde
752 970 899 1006 subsisti
929 973 1065 1015 potest,
1107 980 1153 1005 an
1185 981 1268 1015 pro-

179 1017 217 1052 hi
243 1016 326 1053 endi
367 1017 441 1053 sint
480 1027 503 1052 a
535 1016 701 1062 praeside
738 1016 793 1051 vel
830 1018 1067 1068 procuratore
1104 1015 1270 1051 Caesaris

179 1061 287 1098 etiam
317 1062 348 1099 si
379 1062 474 1098 ultro
501 1072 542 1098 se
565 1061 718 1098 offerant
742 1060 1019 1114 mumcipalibus
1042 1060 1268 1096 muneribus:

178 1107 275 1153 quod
291 1107 442 1162 propius
462 1111 517 1144 est
537 1107 739 1148 defendere,
764 1106 834 1141 nisi
858 1116 888 1141 si
911 1105 1014 1150 paria
1031 1104 1120 1141 fisco
1141 1105 1270 1141 fecisse

181 1156 219 1188 11
269 1152 447 1189 dicantur.
490 1152 616 1189 Coloni
639 1161 780 1198 quoque
804 1150 970 1186 Caesaris
993 1160 1016 1185 a
1038 1151 1271 1186 muneribus⁵

177 1197 389 1241 liberantur,
413 1201 455 1233 ut
477 1198 656 1234 idoniores
676 1196 832 1242 praediis
852 1195 1035 1231 fiscalibus
1056 1196 1268 1232 habeantur.

181 1245 222 1278 12
269 1243 492 1289 Quibusdam
523 1242 681 1288 collegiis
712 1242 769 1277 vel
799 1241 1027 1286 corporibus,
1060 1242 1190 1287 quibus
1213 1241 1269 1277 ius

178 1288 333 1324 coeundi
367 1289 444 1334 lege
504 1288 688 1324 ermissum
722 1290 794 1330 est,
833 1286 1039 1322 immunitas
1080 1286 1268 1322 tribuitur:

177 1333 317 1370 scilicet
338 1334 390 1370 eis
415 1344 458 1369 co
486 1334 571 1379 egiis
595 1333 650 1368 vel
675 1332 897 1377 corporibus,
921 1331 959 1367 in
1003 1331 1108 1367 uibus
1127 1332 1270 1367 artificii

178 1379 234 1415 sui
258 1389 370 1415 causa
394 1379 641 1425 unusquisque
664 1377 883 1421 adsumitur,
918 1380 959 1412 ut
993 1377 1166 1412 'abrorum
1190 1387 1269 1413 cor-

176 1435 246 1478 pus
276 1428 332 1460 est
361 1427 397 1460 et
426 1424 457 1460 si
487 1434 559 1469 qua
582 1423 733 1459 eandem
755 1423 932 1458 rationem
955 1421 1100 1467 originis
1124 1423 1269 1466 habent,

176 1469 215 1505 1d
237 1473 294 1506 est
315 1469 449 1505 idcirco
472 1469 639 1505 instituta
661 1471 765 1510 sunt,
798 1471 839 1502 ut
861 1467 1103 1503 necessariam
1126 1478 1271 1514 operam

176 1515 330 1560 publicis
365 1514 581 1550 utilitatibus
612 1514 833 1550 exhiberent.
887 1523 955 1548 nec
987 1513 1154 1549 omnibus
1186 1524 1270 1558 pro-

177 1560 323 1603 miscue,
372 1560 411 1595 ui
429 1559 610 1606 adsumpti
629 1563 715 1596 sunt
734 1558 773 1594 in
793 1558 849 1594 his
870 1558 1039 1603 collegiis,
1064 1558 1270 1594 immunitas

177 1605 295 1648 datur,
319 1615 358 1641 se
406 1605 607 1641 artificibus
631 1604 829 1640 dumtaxat.
866 1614 933 1639 nec
958 1604 1004 1639 ab
1029 1604 1127 1639 omni
1151 1607 1270 1639 aetate

176 1651 283 1704 allegi
310 1654 483 1696 possunt,
514 1653 557 1686 ut
586 1650 666 1686 divo
690 1649 756 1685 Pio
786 1649 940 1695 placuit,
973 1649 1034 1694 qui
1064 1648 1271 1695 reprobavit

176 1696 338 1742 prohxae
357 1696 414 1732 vel
431 1695 622 1732 inbecillae
639 1694 831 1731 admodum
850 1694 979 1730 aetatis
998 1695 1170 1731 homines.
1207 1694 1271 1730 sed

176 1751 222 1777 ne
247 1741 389 1787 quidem
419 1752 497 1784 eos,
529 1740 591 1787 qui
622 1742 801 1786 augeant⁶
830 1739 1024 1776 facultates
1056 1743 1092 1775 et
1120 1749 1271 1775 munera

177 1786 374 1822 civitatium
398 1786 575 1822 sustinere
598 1789 760 1831 possunt,
785 1785 988 1830 privilegiis,
1014 1795 1106 1830 quae
1130 1785 1269 1821 tenuio—

175 1832 277 1868 ribus
321 1842 362 1868 er
381 1832 530 1877 collegia
549 1831 749 1867 distributis
769 1840 944 1867 concessa
966 1835 1063 1874 sunt,
1087 1830 1141 1866 uti
1163 1840 1271 1875 posse

181 1880 220 1913 13
267 1888 292 1923 p
306 1876 494 1913 urifariam
525 1876 761 1913 constitutum
790 1879 854 1912 est.
903 1875 998 1918 Eos,
1032 1876 1093 1922 qui
1122 1875 1160 1910 in
1190 1886 1268 1911 cor-

175 1923 325 1969 poribus
355 1923 475 1958 allecti
506 1925 607 1966 sunt,
647 1931 741 1967 quae
776 1921 1034 1957 immunitatem
1070 1921 1269 1967 praebent⁷

176 1968 489 2011 naviculariorum,
509 1968 540 2004 si
555 1968 730 2003 honorem
749 1966 1005 2002 decurionatus
1024 1966 1269 2011 adgnoverint,

177 2013 443 2060 compellendos
476 2013 597 2049 subire
654 2012 772 2047 ublica
800 2021 950 2047 munera
982 2022 1068 2047 acce
1093 2011 1125 2047 i:
1164 2011 1270 2056 idque

175 2059 285 2095 etiam
314 2059 565 2095 confirmatum
594 2024 733 2094 vigetur
763 2057 938 2102 rescripto
964 2056 1035 2093 divi
1090 2057 1269 2092 ertinacis.

223 2102 246 2142 7
272 2103 327 2148 (6)
354 2104 641 2140 TARRUMfflvas
662 2102 873 2138 Parmos
896 2102 1014 2138 libro⁸
1030 2103 1156 2149 primo
1180 2102 1270 2138 mili-

177 2150 310 2186 tarium
362 2148 585 2194 Quibusdam
617 2148 773 2194 aliquam
802 2147 1029 2183 vacationem
1059 2147 1272 2183 munerum⁹

175 2194 378 2241 graviorum
402 2193 565 2230 condicio
589 2193 732 2237 tribuit,
764 2197 806 2228 ut
829 2195 915 2228 sunt
938 2203 1139 2235 mensores,
1173 2192 1270 2237 optio

174 2239 445 2282 valetudinarii,
478 2239 624 2282 medici,
657 2238 831 2291 capsarii,
863 2241 900 2273 et
923 2238 1079 2273 artifices
1104 2243 1140 2273 et
1153 2239 1181 2259 ¹⁰
1210 2238 1272 2283 qui

175 2285 311 2322 fossam
330 2284 481 2329 faciunt,
505 2284 720 2327 veterinarii,
745 2284 977 2326 architectus,
1001 2283 1270 2328 gubernatores,

175 2330 348 2384 naupegi‚
386 2330 616 2374 ballistrarii,
655 2329 897 2375 speculan-iifl,
936 2327 1049 2371 fabri,
1086 2327 1271 2374 sagittarii,

176 2377 322 2420 aerari1‚
354 2375 567 2411 bucularum
594 2378 810 2416 structores,
843 2373 1084 2420 carpentarii,
1116 2373 1271 2409 scandu-

179 2422 272 2466 larii,
318 2420 522 2464 ladiatores‚
547 2420 729 2465 aquilices‚
753 2419 899 2463 tubarii,
926 2418 1117 2463 cornuarii,
1143 2429 1271 2454 arcua-

175 2467 240 2510 rii,
271 2478 296 2513 p
311 2466 481 2509 umbarii,
513 2465 671 2508 ferrarii,
704 2464 891 2510 lapidarii,
925 2468 960 2499 et
990 2464 1029 2499 hi
1052 2465 1114 2509 qui
1137 2464 1272 2500 calcem

178 2516 326 2556 cocunt,
359 2515 396 2548 et
419 2511 481 2557 qui
505 2511 630 2547 silvam
651 2509 848 2553 infindunt,
881 2510 943 2555 qui
973 2510 1165 2545 carbonem
1189 2520 1271 2545 cae-

177 2557 268 2593 dunt
303 2567 347 2593 ac
381 2560 531 2592 torrent.
579 2556 618 2591 in
650 2555 775 2592 eodem
807 2565 955 2591 numero
993 2555 1119 2590 haberi
1155 2555 1273 2591 solent

176 2602 268 2647 lani,
291 2606 497 2646 venatores,
521 2601 729 2644 victimarii,
760 2604 796 2636 et
819 2600 918 2646 optio
942 2599 1126 2644 fabricae,
1151 2603 1188 2635 et
1211 2600 1272 2644 qui

177 2648 293 2693 aegris
316 2651 462 2693 praesto
488 2651 590 2690 sunt,
619 2645 757 2682 librarii
782 2656 924 2699 quoque
947 2644 1009 2698 qui
1033 2645 1163 2681 docere
1186 2655 1270 2691 pos-

177 2694 269 2735 sint,
301 2698 338 2729 et
367 2693 577 2729 horreorum
606 2692 759 2735 librarii,
792 2695 829 2726 et
851 2691 991 2726 hbrarii
1015 2690 1270 2736 depositorum,

178 2743 213 2773 et
235 2738 374 2774 librarii
397 2737 634 2781 caducorum,
666 2741 702 2773 et
731 2736 915 2772 adiutores
940 2735 1270 2779 corniculariorum,

176 2787 214 2819 et
236 2787 428 2825 stratores,
459 2786 496 2819 et
518 2783 711 2829 polliones,
745 2786 780 2817 et
809 2781 977 2817 custodes
1002 2791 1203 2824 armorum,
1236 2786 1273 2817 et

176 2838 319 2910 Ετῖεοο,
343 2832 380 2864 et
400 2828 602 2864 bucinator.
636 2827 675 2863 hi
697 2827 808 2872 igitur
830 2837 954 2863 omnes
977 2826 1072 2862 inter
1093 2826 1269 2863 immunes

202 2884 224 2909 a
251 2877 366 2910 entur.

663 3011 740 3051 VII
750 3010 791 3051 ¹².

503 3077 567 3112 ms
590 3077 943 3110 LEGATIONIBUS.

230 3143 248 3182 1
283 3143 481 3181 viennas
506 3142 598 3179 libro
622 3146 747 3178 octavo
777 3143 827 3178 ad
849 3142 1072 3178 Massurium
1096 3141 1270 3178 Sabinum

179 3189 208 3226 L
275 3193 336 3226 tus
358 3188 585 3234 municipalis
608 3187 639 3223 si
663 3187 860 3223 deseruerit
889 3188 1121 3241 legationem,
1154 3197 1272 3233 poena

253 3234 367 3271 cietur
390 3232 691 3278 extraordinaria,
723 3236 841 3269 motus
866 3233 1011 3276 ordine,
1043 3236 1085 3268 ut
1113 3232 1270 3279 plerum-

179 3290 251 3362 qu{
272 3280 383 3361 ⁸132}
407 3323 499 3360 libro
522 3323 680 3377 seeundo
703 3324 914 3370 opinionum
961 3323 992 3358 L
1032 3326 1119 3376 ‚atus
1144 3326 1271 3375 contra

180 3380 255 3406 rem
272 3369 479 3423 publicam,
511 3379 614 3405 cuius
637 3369 776 3413 legatus
800 3371 871 3410 est,
902 3379 966 3413 per
1042 3379 1102 3404 um
1125 3379 1148 3403 a
1171 3379 1269 3413 prm-

183 3419 197 3451 1
249 3425 329 3460 cipe
348 3414 434 3460 quid
452 3414 637 3460 postulare
656 3417 786 3460 potest.
823 3413 952 3449 Utrum
973 3414 1053 3459 quis
1073 3413 1271 3450 deseruerit

178 3530 218 3570 (1)
241 3527 271 3561 ni
288 3528 349 3571 qni
368 3527 494 3561 maiore
512 3527 674 3571 pecuniae
691 3537 770 3560 suae
785 3529 880 3571 parte
897 3528 1159 3571 negotiationem
1177 3539 1269 3561 exer-

178 3572 274 3606 cebat
289 3585 352 3607 scr.
469 3575 512 3615 (2)
535 3573 697 3616 scriptum
716 3573 790 3607 edd.
906 3573 951 3615 (8)
975 3573 1227 3616 effugendorum
1241 3574 1275 3606 F

179 3620 221 3659 (4)
246 3618 518 3652 extenuantur-F
570 3620 612 3660 (5)
635 3616 898 3661 municipalibus
911 3619 971 3651 ine.
988 3618 1037 3651 F²
1097 3620 1143 3660 (s)
1167 3629 1267 3652 auxe-

178 3666 260 3695 runt
270 3675 333 3697 scr.
421 3665 464 3704 (Ἰ)
489 3665 528 3696 ut
540 3665 599 3697 ins.
614 3663 695 3697 Hal.
782 3665 828 3705 (8)
852 3662 1008 3696 liberoF
1079 3666 1125 3706 (9)
1151 3674 1266 3697 mune—

180 3718 293 3740 rorum
307 3709 343 3741 F
426 3710 487 3749 (ιο)
511 3711 546 3741 et
558 3709 619 3742 del.
717 3712 772 3747 (11)
797 3706 971 3751 spicularii
983 3720 1044 3741 scr.

227 3756 286 3795 (η)
312 3754 393 3787 Sub.
415 3760 499 3792 1...·2;
526 3754 611 3797 Pap.
634 3760 730 3788 s...12.
751 3761 801 3792 ιη
825 3754 914 3796 App.
935 3760 984 3793 ¹³3
1010 3753 1075 3787 Ed,
1097 3760 1209 3787 15...1s.
1223 3770 1267 3776 —

1264 122 1348 171 85⁰
1535 112 1553 167 <st

1474 48 1545 108 Ἣ

2000 139 2064 171 DE
2090 137 2419 172 meu-lomus

1339 248 1550 293 legationem
1573 257 1621 283 an
1644 257 1689 283 ex
1711 250 1914 284 necessaria
1933 260 2044 286 causa
2061 260 2197 287 moram
2215 261 2345 297 passus
2365 251 2420 293 sit,

1340 296 1361 328 2
1407 293 1523 347 ordini
1546 292 1685 345 patriae
1703 303 1790 329 suae
1809 295 1964 339 probare
1982 295 2099 331 debet.
2137 296 2297 334 Cessatio
2316 298 2421 333 unius

1339 339 1448 383 legat1
1471 348 1514 382 ei,
1539 349 1598 383 qui
1621 348 1750 374 munus
1773 342 1814 374 ut
1836 351 1857 376 o
1886 344 1979 376 ortet
2003 340 2101 384 obiit,
2126 352 2199 377 non
2221 346 2339 378 nocet.

1382 381 1409 436 ‚3
1435 386 1486 428 (3)
1510 382 1614 436 lom!
1639 394 1688 418 ex
1711 383 1832 419 eodem
1870 385 1947 421 ibro
1961 387 1988 408 ¹³
2034 385 2118 428 His,
2150 386 2212 431 qui
2240 397 2313 422 non
2341 397 2420 433 gra-

1339 431 1467 508 ιωίίᾳιω
1491 428 1711 508 ¹⁵legationem
1741 435 1989 475 susceperunt,
2022 431 2211 476 legativum
2241 441 2286 468 ex
2310 432 2422 467 forma

1338 484 1396 509 res
1413 485 1425 508 1
1442 483 1490 509 ua
1507 484 1560 509 ur.

1385 517 1411 556 4
1435 515 1489 572 (β)
1519 520 1745 572 ΛνιῑιςἈΝυε
1773 519 1864 556 libro
1895 522 2000 557 tertio
2032 523 2282 568 quaestionum
2335 523 2423 559 Cum

1339 567 1533 644 guaentur,
1558 574 1605 599 an
1627 574 1666 599 m
1689 574 1781 616 eum,
1806 564 1868 609 qui
1888 565 1927 601 in
1949 566 2125 612 legatione
2150 567 2205 610 sit,
2231 568 2326 605 actio
2345 568 2423 604 dari

1364 610 1479 652 ebeat,
1504 619 1576 645 non
1599 612 1673 644 tam
1695 613 1854 652 interest,
1878 610 1942 646 ubi
1965 612 2044 657 quis
2067 616 2131 648 aut
2150 613 2340 648 crediderit
2361 617 2424 649 aut

1341 653 1419 690 dari
1435 654 1634 707 ‚stipulatus
1658 654 1721 697 sit,
1755 665 1861 699 quam
1883 655 1990 699 illud,
2015 667 2062 693 an
2085 657 2121 693 id
2145 662 2266 694 actum
2290 658 2353 701 sit,
2385 662 2425 694 ut

1339 699 1524 743 legatioms
1548 702 1709 744 tempore
1733 700 1940 736 solveretur.

1388 743 1413 782 5
1444 742 1498 788 (4)
1529 743 1765 780 ΜΑΒοΙΑΝυε
1800 745 1891 781 libro
1921 745 2131 783 duodecimo
2163 748 2424 784 institutionum

1339 789 1531 825 Sciendum
1562 793 1617 825 est
1643 789 1840 826 debitorem
1862 790 1914 826 rei
1937 791 2104 836 publicae
2125 792 2140 828 l
2204 793 2302 829 tione
2325 792 2426 838 fungi

1339 845 1411 870 non
1440 845 1565 880 posse:
1595 838 1632 870 et
1660 835 1713 870 ita
1743 835 1844 872 divus
1874 836 1960 872 Pius
1992 836 2142 873 Claudio
2192 839 2358 874 aturnino
2389 842 2426 874 et

1345 883 1356 914 1
1406 879 1581 933 Εειιειίυο
1602 880 1795 932 rescripsit.
1833 880 1905 917 Sed
1923 884 1960 917 et
1978 891 2051 924 eos,
2077 882 2206 927 quibus
2225 883 2281 919 ius
2299 887 2424 928 postu-

1338 925 1437 960 landi
1454 936 1527 960 non
1543 929 1608 967 est,
1626 925 1803 970 legatione
1817 925 1919 971 fungi
1934 937 2007 963 non
2022 937 2129 972 posse
2145 931 2182 963 et
2194 927 2275 964 ideo
2291 928 2427 964 harena

1338 971 1486 1006 missum
1518 981 1591 1006 non
1620 970 1699 1006 iure
1728 971 1884 1016 legatum
1907 981 1987 1008 esse
2010 972 2158 1007 missum
2181 973 2252 1008 divi
2274 972 2425 1009 Severus

1340 1018 1359 1050 2
1408 1020 1444 1051 et
1474 1015 1678 1051 Antoninus
1709 1017 1980 1062 rescripserunt.
2036 1017 2227 1054 Debitores
2241 1018 2268 1040 ¹⁴
2306 1022 2426 1054 autem

1340 1063 1359 1095 3
1407 1060 1485 1096 fisci
1508 1071 1581 1096 non
1603 1061 1838 1106 prohibentur
1861 1062 2038 1107 legatione
2060 1062 2171 1108 fungi.
2214 1063 2252 1098 Si
2275 1073 2424 1099 accusa-

1337 1106 1388 1142 tio
1413 1105 1564 1141 alicuius
1587 1106 1731 1151 publice
1754 1106 1919 1142 instituta
1942 1108 2006 1150 sit,
2037 1118 2109 1143 non
2133 1112 2188 1143 est
2211 1108 2424 1153 compellen-

1338 1151 1405 1187 dus
1429 1156 1619 1186 accusator
1643 1151 1689 1186 ad
1713 1162 1795 1187 eum
1818 1152 1851 1187 le
1875 1152 2031 1188 ationem
2060 1153 2262 1199 suscipere,
2295 1153 2357 1198 qui
2387 1163 2426 1189 se

1338 1196 1491 1232 amicum
1514 1196 1570 1232 vel
1594 1196 1826 1232 domesticum
1886 1198 1935 1233 cit
1959 1198 2045 1242 eius,
2071 1198 2132 1243 qui
2153 1201 2366 1234 accusatur:
2392 1202 2428 1233 et

1339 1245 1360 1277 4
1405 1242 1458 1277 ita
1485 1241 1556 1277 divi
1578 1241 1709 1278 fratres
1732 1242 1884 1278 Aemilio
1907 1242 2004 1279 Rufo
2035 1243 2307 1296 rescripserunt.
2354 1243 2425 1279 Le-

1338 1287 1411 1332 gati
1433 1287 1586 1323 vicarios
1607 1286 1694 1322 dare
1713 1298 1787 1323 non
1806 1288 1896 1323 alios
1910 1289 1937 1309 ¹⁵
1960 1291 2111 1333 possunt
2127 1288 2197 1324 nisi
2214 1288 2307 1324 filios
2327 1298 2424 1325 suos.

1339 1336 1358 1367 5
1407 1332 1542 1368 Ordine
1570 1343 1663 1368 unus
1688 1333 1814 1378 uisque
1844 1343 1990 1369 munere
2018 1334 2205 1380 legationis
2234 1333 2336 1379 fungi
2365 1344 2426 1369 co-

1338 1378 1451 1422 gitur:
1486 1381 1522 1413 et
1552 1388 1625 1413 non
1694 1378 1745 1413 ‘as
1776 1378 2042 1423 compellendus
2072 1382 2128 1415 est
2154 1389 2301 1415 munere
2330 1378 2426 1423 lega-

1337 1423 1446 1459 tionis
1469 1423 1586 1468 fungi,
1618 1433 1725 1475 quam
1748 1423 1779 1459 si
1801 1424 1956 1469 priores,
1990 1424 2051 1469 qui
2066 1425 2092 1446 ¹⁰
2121 1424 2159 1459 in
2183 1424 2319 1460 curiam
2341 1424 2426 1459 lecti

1339 1472 1441 1511 sunt,
1472 1467 1589 1504 functi
1611 1472 1693 1504 sint.
1741 1469 1804 1504 sed
1828 1468 1860 1504 si
1881 1469 2011 1514 legatio
2035 1469 2080 1505 de
2102 1469 2318 1515 primoribus
2340 1468 2425 1505 viris

1339 1513 1517 1550 desideret
1545 1524 1719 1559 personas
1752 1518 1788 1549 et
1811 1514 1873 1559 qui
1896 1514 2020 1550 ordine
2043 1518 2218 1550 vocantur
2240 1514 2426 1550 inferiores

1339 1559 1427 1602 sint,
1459 1570 1532 1595 non
1562 1569 1640 1595 esse
1669 1559 1931 1595 observandum
1960 1559 2119 1596 ordinem
2149 1559 2249 1596 divus
2273 1559 2426 1594 Hadria-

1341 1608 1360 1640 6
1407 1614 1475 1641 nus
1496 1604 1543 1639 ad
1562 1604 1807 1640 Clazomenios
1825 1605 2022 1650 rescripsit.
2062 1604 2288 1650 Praecipitur
2308 1609 2427 1640 autem

1339 1649 1456 1685 edicto
1481 1649 1551 1685 divi
1572 1649 1786 1694 Vespasiani
1809 1649 1974 1686 omnibus
2000 1650 2213 1692 civitatibus,
2237 1659 2282 1686 ne
2305 1650 2427 1695 plures

1340 1705 1446 1740 quam
1470 1698 1592 1730 ternos
1616 1695 1754 1740 legatos
1777 1695 1931 1730 mittant.

1385 1738 1411 1777 6
1436 1738 1490 1783 (5)
1519 1739 1725 1775 SGAEVOLA
1757 1740 1849 1776 libro
1877 1741 1997 1786 primo
2026 1740 2236 1786 reqularum
2290 1739 2426 1784 Legata

1339 1789 1478 1830 tempus
1527 1784 1667 1828 rodest,
1693 1795 1737 1820 ex
1760 1796 1831 1830 quo
1854 1785 1888 1821 le
1912 1789 1993 1821 atus
2018 1789 2160 1820 creatus
2183 1788 2255 1829 est,
2287 1795 2361 1820 non
2383 1794 2428 1820 ex

1345 1834 1357 1865 1
1408 1841 1478 1876 quo
1538 1841 1654 1866 omam
1683 1831 1789 1866 venit.
1838 1829 1883 1866 Se
1940 1831 1970 1866 si
1998 1840 2070 1865 non
2101 1834 2259 1873 constat,
2290 1829 2427 1875 legatus

1339 1875 1388 1911 sit
1411 1886 1458 1910 an
1481 1886 1565 1918 non,
1588 1875 1727 1911 Romae
1749 1880 1896 1921 praetor
1919 1875 1963 1911 de
1986 1875 2055 1911 hoc
2080 1875 2273 1920 cognoscit.

1387 1919 1410 1957 7
1437 1918 1491 1965 (6)
1527 1920 1723 1957 ULPIANUS
1755 1921 1846 1957 libro
1879 1928 2010 1967 quarto
2041 1920 2086 1956 de
2118 1920 2245 1967 officio
2269 1931 2425 1968 procon-

1340 1966 1431 2002 sulis
1477 1966 1570 2001 Filio
1590 1969 1739 2011 propter
1757 1968 1896 2011 patrem
1915 1965 2103 2011 legationis
2122 1965 2262 2002 vacatio
2279 1976 2325 2001 ne
2343 1975 2425 2001 con·

1341 2011 1499 2055 cedatur,
1523 2011 1718 2056 imperator
1740 2016 1863 2047 noster
1886 2022 1966 2047 cum
1989 2015 2094 2056 patre
2113 2010 2261 2047 Claudio
2281 2010 2428 2046 Callisto

1340 2056 1526 2102 rescripsit
1547 2057 1586 2092 in
1609 2056 1700 2092 haec
1722 2057 1849 2092 verba:
1875 2056 1990 2101 ‘Quod
2008 2056 2202 2099 desideras,
2227 2060 2268 2092 ut
2283 2059 2430 2102 propter

1341 2102 1563 2147 ‘legationem
1586 2103 1700 2148 patris
1723 2102 1778 2137 tui
1800 2113 1822 2137 a
1844 2101 2020 2147 legatione
2043 2106 2083 2136 tu
2106 2111 2230 2144 vaces,
2258 2101 2295 2137 in
2317 2101 2427 2136 inter-

1341 2147 1453 2183 ‘vallis
1482 2148 1676 2191 honorum,
1709 2147 1770 2192 qui
1792 2151 1974 2192 sumptum
1996 2147 2146 2191 habent,
2177 2150 2275 2183 recte
2306 2146 2427 2182 obser-

1340 2196 1474 2228 ‘vaturz
1496 2192 1533 2228 in
1549 2192 1736 2238 impendiis
1748 2193 1776 2214 ¹⁷
1791 2192 2018 2238 legationum,
2035 2202 2126 2237 quae
2141 2193 2219 2228 solo
2234 2191 2428 2227 ministerio

1342 2238 1543 2280 ‘obeuntur,
1568 2238 1708 2274 diversa
1733 2248 1842 2273 causa
1864 2238 1942 2273 est’.

1387 2280 1412 2321 8
1434 2282 1488 2326 (7)
1509 2283 1755 2319 ΡΑΡΙΝΙΔΝσε
1776 2283 1867 2319 libro
1880 2284 2006 2330 primo
2025 2292 2282 2329 responsorum
2316 2280 2429 2316 Filius

1341 2328 1487 2367 decurio
1521 2339 1588 2373 pro
1620 2333 1724 2374 patre
1754 2328 1942 2372 legationis
1974 2327 2133 2364 officium
2162 2326 2331 2371 suscepit.
2385 2335 2429 2360 ea

1341 2384 1398 2409 res
1421 2373 1551 2416 filium,
1580 2384 1650 2419 quo
1674 2373 1792 2408 minus
1821 2372 1944 2408 ordine
1968 2384 2032 2408 suo
2057 2373 2196 2417 legatus
2220 2371 2427 2417 proficisca-

1341 2423 1418 2461 tur,
1451 2429 1523 2454 non
1552 2422 1719 2454 excusat:
1760 2422 1864 2464 pater
1891 2422 2011 2453 tamen
2042 2417 2176 2453 biennii
2206 2415 2426 2452 vacationem

1340 2464 1521 2544 vigdicare
1543 2464 1694 2510 poterit,
1725 2464 1809 2509 quia
1839 2473 1904 2508 per
1934 2462 2046 2498 filium
2077 2462 2255 2508 legatione
2283 2461 2428 2497 functus

1340 2509 1374 2546 vi
1399 2513 1490 2544 etur.

1387 2552 1413 2592 9
1443 2552 1497 2598 (8)
1530 2553 1688 2590 ΡΔυισε
1718 2554 1809 2590 libro
1835 2554 1959 2600 primo
1988 2562 2244 2599 responsorum
2302 2550 2428 2586 ²⁸Res-

1340 2599 1467 2645 pondit
1491 2610 1583 2642 eum,
1609 2599 1670 2644 qui
1690 2598 1869 2644 legatione
1892 2597 2040 2633 functus
2064 2601 2130 2639 est,
2153 2598 2248 2632 intra
2267 2599 2428 2641 tempora

1340 2645 1538 2681 vacationis
1569 2643 1759 2690 praefinita
1789 2654 1862 2679 non
1893 2646 2059 2688 oportere
2091 2641 2256 2687 compelli
2284 2651 2427 2677 rursum

1341 2691 1388 2726 ad
1404 2690 1664 2726 defendendum
1680 2689 1862 2735 publicum
1878 2689 2069 2733 negotium,
2087 2686 2226 2723 etiamsi
2243 2686 2287 2722 de
2305 2686 2427 2722 eadem

1344 2741 1358 2771 1
1409 2746 1521 2772 causa
1548 2735 1715 2780 litigetur.
1763 2735 2012 2779 ‘Imperatores
2035 2732 2239 2769 Antoninus
2262 2735 2299 2767 et
2322 2731 2426 2767 Seve-

1341 2785 1418 2817 ‘rus
1431 2782 1459 2803 ¹⁹
1478 2780 1633 2826 Augusti
1652 2780 1829 2815 Germano
1840 2780 1871 2800 2⁰
1892 2778 2046 2815 Silvano.
2084 2777 2276 2822 Legatione
2296 2776 2428 2812 functis

1341 2826 1485 2862 ‘biennii
1506 2826 1646 2862 vacatio
1668 2824 1895 2861 conceditur:
1920 2834 1987 2859 nec
2005 2823 2166 2866 interest,
2190 2825 2313 2858 utrum
2331 2822 2427 2866 lega-

1342 2872 1402 2907 ‘tio
1426 2872 1463 2907 in
1487 2872 1577 2907 urbe
1601 2881 1648 2906 an
1667 2871 1705 2906 in
1725 2869 1908 2916 provincia
1929 2869 2115 2914 agentibus
2136 2868 2239 2904 nobis
2260 2866 2429 2902 mandata

1342 2921 1362 2953 2
1409 2917 1489 2953 ‘sit'.
1536 2916 1673 2952 Paulus
1702 2914 1888 2960 respondit
1917 2925 2017 2957 eum,
2050 2914 2111 2958 qui
2140 2912 2317 2958 legatione
2345 2911 2427 2947 fun-

1339 2963 1452 3008 gitur,
1477 2972 1522 2998 ne
1547 2972 1593 2997 ue
1616 2960 1741 2997 alienis
1763 2969 1879 3005 neque
1902 2959 2057 3005 propriis
2081 2958 2232 3003 negotiis
2256 2967 2295 2993 se
2317 2957 2427 2992 inter—

1339 3017 1474 3054 ponere
1496 3007 1541 3043 de
1567 3017 1636 3042 ere.
1682 3006 1720 3041 in
1752 3015 1824 3050 qua
1856 3015 1967 3040 causa
1997 3014 2070 3040 non
2101 3003 2212 3040 videri
2235 3012 2316 3038 eum
2340 3012 2428 3046 quo·

1341 3063 1410 3098 que
1428 3052 1646 3133 ifionfineriii
1670 3051 1744 3130 fluit
1763 3061 1844 3086 cum
1877 3050 1991 3085 amico
2024 3059 2091 3085 suo
2122 3051 2287 3094 praetore
2317 3047 2429 3092 gratis

1341 3109 1426 3134 cons
1467 3108 1526 3133 um
1576 3107 1618 3132 ar
1648 3107 1679 3131 ci
1706 3106 1753 3132 a.

1389 3141 1439 3181 10
1461 3140 1500 3186 (9
1558 3151 1642 3177 meu
1661 3107 1751 3176 lill’Jro
1772 3141 1875 3176 tertio
1895 3149 2150 3186 responsorum
2195 3137 2330 3173 Paulus
2350 3146 2427 3172 res-

1338 3188 1467 3234 pondit
1513 3198 1534 3224 e
1556 3197 1599 3223 eo
1623 3186 1764 3229 damno,
1789 3185 1885 3231 quod
1904 3183 2090 3230 legationis
2110 3187 2270 3228 tempore
2287 3182 2424 3227 legatus

1338 3243 1469 3287 passus
1492 3233 1598 3276 est²¹,
1621 3242 1727 3278 posse
1751 3241 1832 3266 eum
1852 3230 1958 3266 etiam
1977 3228 2162 3274 legationis
2182 3232 2347 3274 tempore
2367 3237 2428 3262 ex·

1365 3289 1458 3315 erm.

1339 3290 1363 3324 p
1389 3322 1435 3361 11
1462 3321 1546 3367 (10)
1569 3321 1675 3357 Imm
1705 3322 1796 3358 libro
1817 3321 1941 3367 primo
1964 3318 2225 3355 sententiarum
2272 3317 2426 3362 Legatus

1339 3372 1530 3414 antequam
1553 3366 1672 3403 officio
1695 3365 1883 3412 legationis
1906 3364 2052 3400 functus
2075 3363 2122 3399 sit
2135 3389 2144 3405 ,
2168 3363 2205 3398 in
2229 3372 2304 3398 rem
2326 3371 2428 3398 suam

1338 3414 1427 3449 nihil
1449 3422 1555 3459 agere
1578 3416 1707 3458 potest,
1731 3410 1889 3457 exceptis
1912 3410 1967 3445 his
1986 3418 2077 3454 quae
2096 3407 2149 3443 ad
2168 3407 2332 3443 iniuriam
2350 3406 2426 3442 eius

1342 3528 1423 3561 Bas.
1438 3528 1494 3568 54,
1507 3534 1535 3561 s.
1553 3545 1597 3550 —-
1619 3527 1668 3570 Cf.
1686 3527 1764 3561 Cod.
1783 3527 1834 3566 10,
1848 3528 1891 3558 63
1982 3523 2042 3564 (13)
2067 3521 2157 3555 idem
2172 3532 2212 3554 ex
2224 3531 2251 3554 e.
2265 3520 2288 3553 1.
2302 3520 2363 3554 del.
2379 3519 2429 3554 F'

1338 3575 1396 3616 (1⁴)
1421 3571 1635 3605 dubitaresF
1711 3572 1770 3613 (ιε)
1795 3569 1882 3603 alius
1894 3569 1929 3602 F
2026 3569 2085 3608 (w)
2107 3567 2137 3599 si
2156 3566 2354 3610 quipriores
2365 3577 2427 3598 scr.

1338 3619 1397 3660 (ιτ)
1421 3617 1458 3650 in
1470 3617 1719 3659 intercapedine
1731 3628 1793 3649 scr.
1862 3615 1923 3656 (ιε)
1947 3612 2068 3656 paulus
2085 3614 2145 3645 ins.
2166 3610 2218 3645 Ρ
2287 3611 2347 3653 (ιθ)
2373 3616 2431 3643 oue

1337 3662 1530 3696 Antoninus
1541 3664 1574 3695 et
1586 3661 1692 3695 Verus
1704 3674 1767 3695 scr.
1782 3667 1839 3694 aut
1849 3659 1989 3692 Severus
2001 3660 2034 3690 et
2045 3657 2172 3691 Antoni
2180 3666 2243 3689 nus
2307 3656 2372 3697 (20)
2395 3656 2428 3686 et

1339 3709 1398 3742 ins.
1492 3708 1552 3749 (21)
1578 3716 1611 3739 es
1623 3707 1656 3740 F
