2528 3918
102 136 257 168 CONST.
287 135 431 167 TANTA

99 247 291 293 ingenuos,
333 254 425 291 quae
464 241 511 279 ad
544 240 753 277 libertinos¹
794 240 1008 284 respiciunt:
1048 239 1112 274 ut²
1151 240 1186 272 et

98 293 156 330 ius
180 302 299 333 omne,
330 289 426 337 quod
449 288 492 324 de
515 287 684 333 gradibus
709 289 745 321 et
769 285 1013 322 adfinitatibus
1038 284 1184 319 descen-

100 338 169 381 dit,
205 337 450 390 legitimaeque
483 332 698 369 hereditates
731 335 766 366 et
795 331 909 366 omnis
939 331 984 366 ab
1016 330 1197 364 intestato

100 393 282 419 successio
306 386 342 416 et
358 379 618 415 Tertullianum
643 381 680 412 et
696 376 909 412 Orfitianum
933 380 1078 411 senatus
1101 384 1185 409 con-

101 429 252 469 sultam,
284 436 329 462 ex
359 425 489 471 quibus
512 424 650 459 mater³
674 426 710 457 et
732 422 795 457 filii
819 422 969 457 invicem
993 420 1060 457 sibi
1083 420 1186 455 here-

101 474 163 510 des
187 472 354 509 existunt.
394 471 431 505 in
454 469 612 515 geminos
636 468 747 503 libros
774 467 987 503 contulimus
1012 467 1187 501 bonorum

101 512 1004 599 {³2⁸⁸igisiiafflssssiffissinmcticiiffiffiffi{³2¹3}
1020 510 1186 592 {23¹3}

101 618 193 655 quae
225 608 269 644 de
299 607 416 660 operis
440 605 521 641 novi
545 603 829 640 nuntiationibus
855 603 1042 647 damnique
1065 583 1188 637 infecti

101 659 138 691 et
160 663 226 701 pro
250 652 420 690 aedificiis
444 651 572 686 dirutis
597 654 633 685 et
656 660 779 685 eorum
801 648 938 684 insidiis
970 652 1005 684 et
1029 657 1121 693 quae
1139 646 1188 698 ‘de

101 709 196 746 aqua
233 697 354 744 pluvia
393 696 550 732 arcenda
586 695 766 730 veteribus
807 693 1016 729 auctoribus
1054 693 1188 738 placita

101 749 203 787 sunt,
236 754 303 779 nec
334 753 407 778 non
439 742 483 777 de
514 740 715 787 publicanis
747 743 783 775 et
815 739 1067 775 donationibus
1090 737 1187 772 tam⁴

100 791 194 826 inter
230 789 327 825 vivos
364 798 472 833 quam
508 786 631 823 mortis
671 795 783 821 causa
818 784 1048 820 conficiendis
1081 786 1189 819 cauta

100 836 237 881 legibus
260 833 476 876 invenimus,
507 832 546 867 in
568 832 699 867 librum
724 830 941 875 singularem
966 829 1187 865 deduximus.

102 882 145 918 'lb
195 880 246 916 De
276 877 611 915 manumissionibus
640 880 760 912 autem
789 878 826 912 et
849 876 894 911 de
916 875 1055 911 liberali
1080 884 1190 910 causa

103 929 144 963 7ο
189 926 280 961 alius
305 925 397 960 liber
419 922 622 968 respondit:
655 920 960 967 Quemadmodum
993 925 1029 956 et
1059 920 1101 955 de
1126 919 1188 954 ad-

102 972 292 1017 quisitione
323 974 396 1005 tam
427 968 572 1004 dominii
604 978 712 1012 quam
740 967 979 1020 possessionis
998 970 1047 1018 ‘et
1076 965 1189 1016 titulis

101 1028 163 1098 ‘7¹3¹
194 1027 278 1098 3332
301 1015 488 1097 iffi‘ssffffl
503 1013 909 1095 v¹3¹1¹1¹1¹131²ii³112ei1ssa¹ii21330
924 1012 1102 1102 iiiiii,
1122 1021 1190 1097 1¹2¹ssss

125 1109 162 1143 ui
185 1107 334 1143 iudicati
357 1106 411 1141 vel
434 1106 472 1141 in
494 1105 572 1140 iure
597 1103 751 1139 confessi
775 1107 869 1146 sunt,
896 1107 931 1138 et
952 1103 995 1138 de
1014 1103 1190 1138 bonorum

101 1120 364 1190 detentionibus
385 1155 422 1187 et
440 1149 728 1186 venditionibusss
749 1153 784 1184 et
803 1152 844 1184 ut
864 1159 908 1184 ne
930 1148 1014 1193 quid
1035 1148 1071 1182 in
1091 1147 1190 1182 frau-

102 1202 144 1234 7e
190 1198 270 1233 dem
294 1196 510 1233 creditorum
529 1195 604 1231 fiat.
642 1195 801 1240 Postque
825 1194 915 1229 haec
940 1194 1058 1229 omnia
1082 1193 1190 1227 inter-

102 1244 199 1280 dicta
234 1243 431 1289 glomerata
467 1245 569 1277 sunt:
610 1244 645 1275 et
683 1240 852 1286 deinceps
891 1240 1118 1284 exceptiones
1157 1241 1192 1273 et

102 1289 146 1326 de
176 1293 377 1334 temporum
406 1286 674 1333 prolixitatibus
705 1289 741 1320 et
772 1285 816 1321 de
847 1285 1124 1330 obligationibus
1157 1287 1192 1318 et

102 1334 303 1371 actionibus
321 1333 412 1369 liber
428 1333 557 1368 iterum
576 1331 765 1376 singularis
784 1330 1005 1367 extenditur:
1030 1333 1072 1365 ut
1087 1339 1191 1375 prae-

101 1380 179 1416 fata
207 1383 310 1416 sexta
370 1388 429 1414 ars
463 1377 599 1414 totius⁷
639 1377 857 1422 digestorum
888 1375 1076 1412 voluminis
1110 1378 1190 1410 octo

103 1429 123 1461 8
169 1425 270 1461 libris
300 1424 346 1460 de
372 1423 502 1459 niatur.
550 1422 729 1468 Septimus
761 1426 880 1458 autem
913 1424 949 1457 et
979 1421 1192 1456 novissimus

103 1470 275 1507 articulus
307 1470 524 1515 digestorum
555 1479 619 1504 sex
651 1468 752 1504 libris
783 1468 958 1503 formatus
982 1470 1048 1503 est.
1097 1477 1167 1511 quo
1180 1467 1193 1487 ⁸

103 1517 147 1553 de
170 1515 461 1561 stipulationibus
485 1524 550 1550 seu
576 1514 766 1550 verborum
789 1512 1092 1559 obligationibus⁹
1115 1515 1152 1547 et
1165 1513 1194 1533 ¹⁰

102 1560 371 1598 fideiussoribus
396 1564 432 1596 et
454 1559 736 1603 mandatoribus,
762 1570 828 1595 nec
850 1569 923 1594 non
941 1558 1192 1594 novationibus

103 1611 139 1644 et
169 1606 407 1643 solutionibus
441 1609 478 1641 et
509 1604 843 1651 acceptilationibus
876 1608 912 1640 et
935 1603 980 1639 de
1003 1603 1192 1648 praetoriis

102 1653 148 1689 sti
175 1651 393 1688 ulationibus
425 1661 529 1687 omne
561 1650 656 1696 quod
694 1651 750 1686 ius
791 1650 1008 1686 invenitur¹¹
1052 1649 1192 1693 gemino

102 1710 145 1735 vo
161 1698 279 1734 umine
302 1697 515 1742 inscriptum
540 1700 610 1738 est,
641 1696 737 1741 quod
760 1697 798 1731 in
821 1696 922 1731 libris
948 1694 1103 1740 antiquis
1128 1705 1193 1729 nec

104 1747 149 1779 8a
195 1743 375 1779 numerari
398 1742 568 1788 possibile
591 1741 672 1777 fuit.
720 1742 770 1776 Et
792 1746 876 1787 post
899 1742 968 1776 hoc
993 1740 1062 1775 duo
1088 1740 1191 1775 terri-

102 1789 193 1826 biles
207 1789 234 1811 '2
258 1788 340 1825 libri
362 1788 471 1834 positi
494 1791 578 1824 sunt
600 1798 666 1834 pro
691 1787 829 1823 delictis
850 1787 997 1832 privatis
1019 1790 1054 1821 et
1073 1791 1193 1822 extra-

108 2517 150 2558 (1)
175 2525 260 2557 quae
271 2516 340 2548 tam
351 2514 394 2548 ad
405 2514 571 2556 ingenuos
583 2523 683 2555 quam
694 2512 737 2545 ad
748 2511 808 2546 lib.
823 2513 851 2546 S

110 2563 154 2603 (3)
177 2562 299 2594 matres
312 2560 341 2593 S
403 2561 447 2601 (4)
471 2560 520 2592 sic
532 2559 570 2601 S,
583 2569 661 2591 nam
675 2558 710 2591 F

108 2605 358 2640 venditionibus
370 2618 428 2638 om.
444 2604 493 2638 F¹
579 2605 623 2647 (τ)
648 2603 770 2636 totium
784 2604 819 2636 F
878 2606 937 2646 ;(8)
962 2605 1010 2638 sic
1023 2603 1062 2645 S,
1076 2614 1159 2646 quos
1173 2603 1208 2636 F

110 2653 156 2694 (9)
179 2661 237 2685 seu.
249 2650 340 2685 verb.
352 2649 419 2684 obl.
434 2661 492 2683 om.
508 2649 558 2683 F¹
671 2650 731 2689 (ιο)
756 2648 796 2682 de
813 2651 872 2683 ins.
889 2650 918 2683 S

109 2696 282 2730 invenitur
293 2695 348 2729 ius
358 2708 421 2729 scr.
515 2695 575 2737 (12)
600 2693 735 2728 tcrbiles
748 2694 782 2726 F

912 2515 954 2555 (2)
980 2514 1020 2545 ut
1032 2525 1089 2546 om.
1107 2513 1141 2545 F
1144 2512 1158 2532 ²
1171 2512 1200 2545 S

769 2559 811 2599 (5)
836 2558 1033 2602 inseptaeF
1095 2560 1139 2599 (6)
1166 2560 1199 2590 et

1028 2651 1083 2691 (11)
1109 2649 1199 2691 quod

110 2818 203 2854 quas
225 2818 292 2844 nos
314 2807 397 2842 item
421 2809 462 2841 ut
491 2805 635 2852 reliqua
666 2805 908 2852 expendimus
938 2809 972 2841 et
1002 2809 1074 2841 tam
1106 2817 1201 2852 quae

111 2852 161 2888 ad
190 2853 366 2899 inqenuos
396 2862 504 2897 quam
535 2862 630 2898 quae
653 2852 703 2887 ad
732 2851 917 2887 libertinos
939 2852 1127 2898 pertinent
1150 2862 1200 2887 ex

111 2908 245 2944 maqna
294 2908 342 2932 ua
362 2901 470 2933 antea
491 2897 657 2933 iacebant
675 2897 892 2942 confusione
911 2901 946 2931 et
966 2897 1063 2932 ambi
1089 2897 1201 2931 uitate

111 2943 162 2978 ad
176 2953 261 2978 mun
289 2953 347 2978 am
362 2942 568 2978 brevitatem
581 2942 836 2988 perduximus,
855 2942 1009 2977 duorum
1027 2942 1055 2977 li
1077 2953 1199 2977 rorum

111 2999 299 3024 numerum
320 2988 364 3023 iis
383 2987 556 3032 sufficere
575 2988 753 3023 arbitrati.
789 2987 1037 3023 subtexuimus
1058 2988 1103 3022 iis
1122 2998 1201 3022 suc-

112 3034 289 3069 cessiones
320 3043 465 3078 quoque
487 3043 610 3067 omnes
634 3043 728 3078 quae
751 3036 926 3068 vocantur
950 3033 995 3068 ab
1020 3033 1200 3074 intestato,

111 3078 296 3124 eidemque
331 3078 422 3113 libro
458 3088 552 3123 quae
587 3077 631 3112 de
665 3079 856 3124 qeneribus
891 3079 1087 3113 constituta
1117 3083 1201 3112 sunt

112 3134 307 3170 eorumque
329 3122 469 3170 qradus
496 3123 713 3158 inseruimus
744 3126 779 3158 et
810 3123 861 3158 ad
881 3127 1082 3160 extremum
1107 3134 1199 3159 com-

107 3169 299 3216 posuimus
328 3178 423 3214 quae
452 3171 538 3202 sunt
568 3167 613 3203 de
639 3168 861 3204 Tertulliano
886 3172 920 3203 et
947 3168 1123 3213 Orfitiano
1147 3179 1200 3203 se-

113 3217 221 3249 natus
244 3212 421 3256 consulto,
444 3223 495 3249 ex
512 3213 645 3259 quibus
663 3216 796 3249 matres
816 3217 851 3249 et
868 3214 940 3260 filii
962 3214 1110 3249 invicem
1133 3213 1204 3249 sibi

114 3262 161 3294 7a
205 3257 354 3295 heredes
374 3258 479 3304 fiunt.
528 3257 699 3294 Procedit
721 3259 850 3294 deinde
874 3259 963 3294 liber
986 3259 1098 3302 alius„
1129 3269 1201 3304 quo

113 3306 260 3341 cavetur
282 3303 328 3339 de
350 3314 460 3350 opere
483 3314 575 3339 novo
599 3304 638 3338 in
669 3304 845 3349 aedificiis
875 3304 978 3349 facto
1010 3308 1046 3339 et
1074 3304 1118 3338 de
1148 3305 1201 3338 in-

115 3348 309 3384 demnitate
325 3348 555 3395 praestanda
571 3352 729 3395 propter
748 3349 915 3394 aedificia
935 3349 1148 3385 collabentia
1168 3353 1202 3383 et

115 3394 264 3430 ruinosa
287 3397 322 3428 et
344 3393 390 3428 de
413 3394 477 3436 iis,
509 3394 575 3439 qui
604 3393 774 3429 damnum
806 3394 957 3440 alz‘quod
979 3395 1031 3429 ita
1055 3394 1144 3429 dant
1167 3397 1201 3428 et

116 3439 181 3483 qui
197 3449 315 3484 aquae
334 3449 443 3474 eursu
461 3439 597 3474 vicinos
616 3438 764 3474 laedunt
783 3440 916 3485 quique
927 3439 1078 3485 publiea
1096 3439 1202 3474 vecti-

116 3483 218 3527 qalia
240 3483 426 3530 eolliqunt,
450 3484 533 3519 item
552 3483 597 3518 de
615 3483 870 3520 donationibus
890 3488 964 3519 tum
981 3484 1203 3531 simplicibus

118 3527 160 3563 7b
207 3538 314 3580 quam
338 3528 463 3563 mortis
486 3539 598 3564 causa
622 3528 728 3564 datis.
778 3527 828 3565 Et
855 3539 985 3565 rursus
1011 3529 1055 3564 de
1077 3539 1202 3563 manu-

118 3572 285 3624 missione
308 3572 561 3618 qualicumque
588 3575 623 3608 et
645 3573 690 3608 de
712 3576 967 3610 controversiis
989 3585 1100 3620 super
1124 3585 1201 3608 eam

118 3619 161 3653 70
207 3615 386 3662 quidquid
407 3616 570 3661 habetur,
601 3629 674 3653 uno
704 3619 795 3654 libro
820 3620 1032 3655 continetur.
1080 3619 1202 3654 Etiam

120 3672 214 3707 quae
237 3661 282 3696 de
296 3663 526 3714 possessione
547 3667 632 3698 sunt
655 3667 689 3698 et
706 3675 779 3710 per
802 3675 881 3699 eam
901 3665 1054 3710 capione
1075 3664 1202 3699 titulis-

120 3717 190 3752 que
220 3716 300 3741 eam
323 3705 572 3743 traducentibus
593 3708 632 3743 in
654 3718 766 3742 unum
789 3709 952 3743 volumen
976 3709 1201 3744 contulimus.

120 3751 168 3787 ‘id
213 3750 263 3787 Et
280 3752 424 3788 omnim
444 3751 623 3799 quidquid
641 3752 793 3789 liabetur
811 3754 855 3789 de
876 3754 1104 3795 iudicialibus
1122 3764 1202 3789 sen-

1168 114 1275 156 XXI

1926 122 2080 153 CONST.
2113 120 2351 152 ΔΕΔΩΚΕΝ

1254 232 1387 282 ὁμοίως
1409 236 1482 269 τοῖς
1506 231 1624 268 ἄλλοις
1656 234 1993 281 κατασκεψάμενοι,
2023 232 2088 268 τάς
2119 246 2158 268 τε
2190 233 2239 267 εἰς
2270 231 2352 266 τοὺς

1255 283 1294 315 εὑ
1319 278 1512 329 γεγονότας
1535 278 1599 314 τάς
1621 292 1662 313 τε
1686 281 1734 313 εἰς
1757 279 1839 315 τοὺς
1867 279 2131 327 ἀπελευθέρους
2155 281 2353 326 φερομένας

1256 328 1294 360 ἐκ
1318 323 1449 368 πολλῆς
1472 326 1533 369 τῆς
1557 325 1773 372 ὲζιιπροσθεν
1797 324 2000 372 συγχύσεώς
2028 338 2069 360 τε
2093 327 2154 358 καὶ
2176 320 2353 369 ἀσαφείας

1255 372 1304 406 εἰς
1326 369 1501 418 καθαρὰν
1524 366 1705 417 ἠγάγομεν
1725 375 1937 416 συντομίαν,
1963 370 2027 405 δύο
2048 369 2208 415 βιβλίων
2229 366 2354 403 αὐταῖς

1255 414 1420 461 ἀοιθμὸν
1462 413 1586 463 ἀρκεῖν
1629 415 1865 461 νενομικότες.
1922 415 2268 464 προσανεπλέξαμεν
2315 412 2355 448 δὲ

1257 449 1377 496 αἶ’)τοῖς
1420 464 1480 494 καὶ
1523 460 1587 495 τὰς
1631 460 1671 501 ἐξ
1713 457 1914 495 άδιαθέτου
1954 461 2174 507 καλουμένας
2213 457 2354 495 ἁπάσας

1257 505 1443 550 διαδοχάς,
1474 509 1535 540 καὶ
1568 502 1677 540 αὐτὰς
1707 505 1773 540 τὰς
1802 508 1881 540 τῶν
1904 510 2023 554 γενῶν
2047 506 2165 548 τάξεις
2188 509 2250 540 καὶ
2273 504 2355 540 τοὺς

1257 555 1318 588 ἐπὶ
1347 550 1489 587 τούτοις
1520 550 1691 596 βαθμοὺς
1727 551 1975 599 ἐγγράψαντες
2011 554 2067 596 τῷ
2103 551 2255 597 βιβλίῳ,
2293 553 2355 585 καὶ

1257 601 1319 634 ἐπὶ
1350 598 1412 640 τῆς
1441 598 1607 640 ἐσχατιᾶς
1637 592 1761 631 αὐτῶν
1783 596 1831 630 τὰ
1855 601 1938 645 περὶ
1962 600 2027 631 τοῦ
2052 598 2290 633 Tertullianiu
2314 609 2355 631 τε

1257 647 1317 678 καὶ
1343 642 1532 679 Orfitianiu
1556 640 1693 676 συνεθ’
1719 655 1812 687 αμεν
1836 641 2031 689 δόγματος,
2066 644 2104 684 ἐξ
2130 636 2183 677 ὧν
2206 645 2355 690 μητέρες

1258 693 1302 724 'la
1348 701 1389 723 τε
1409 691 1471 722 καὶ
1490 685 1617 723 παῖδες
1632 655 1798 731 άλλῖᾖλων
1818 686 1979 730 διάδοχοι
1996 693 2171 734 γίνονται.
2205 687 2356 735 Πρόεισι

1258 732 1299 769 δὲ
1323 733 1447 781 ἐφεξῆς
1470 732 1618 778 βιβλίον
1640 730 1727 767 ἄλλο
1755 732 1802 767 τὰ
1833 746 1875 768 τε
1899 737 1981 781 περὶ
2005 735 2083 767 τῶν
2109 736 2147 768 ἐν
2172 731 2355 778 οἰκοδομή-

1255 792 1370 826 μασιν
1399 781 1536 826 ἔργων,
1575 781 1637 812 καὶ
1666 777 1712 812 τὰ
1743 782 1826 826 περὶ
1857 780 1919 823 τῆς
1949 780 2027 813 τῶν
2059 776 2357 813 ὀλισθαινόντων

1257 839 1297 860 τε
1321 827 1382 859 καὶ
1406 826 1715 872 καταφερομένων
1737 823 1948 869 οἰκημάτων
1968 821 2175 871 ἀσφαλείας,
2200 829 2259 858 καὶ
2277 825 2357 858 τῶν

1259 873 1298 905 ἐν
1322 868 1464 904 τούτοις
1485 883 1523 903 τι
1547 869 1849 917 κακουργούντων
1873 873 1934 903 καὶ
1959 871 1998 903 ἐκ
2021 871 2084 913 τῆς
2108 872 2185 904 τῶν
2208 867 2358 903 ’ὑδάτων

1259 917 1370 964 φορᾶς
1389 912 1617 949 ἀδικούντων
1638 914 1721 949 τοὺς
1743 914 1863 957 πέλας,
1888 919 1948 949 καὶ
1968 914 2014 949 τὰ
2034 919 2118 963 περὶ
2137 917 2214 950 τῶν
2230 912 2356 963 ἀθροι-

1260 960 1403 1005 ζόντων
1433 960 1480 994 τὰ
1512 959 1668 1004 δημόσια
1700 959 1803 1003 τέλη,
1837 964 1898 994 καὶ
1928 960 2017 1009 πρός
2040 974 2079 1008 γε
2106 959 2256 1008 δωρεῶν
2281 962 2357 994 τῶν

1258 1021 1298 1041 τε
1322 1004 1638 1053 ἀπροσδιορίστων
1661 1006 1741 1040 τῶν
1764 1020 1804 1040 τε
1829 1007 1878 1041 εἰς
1902 1007 2049 1052 ἔννοιαν
2077 1005 2242 1050 τελευτῆς
2272 1002 2356 1040 ἀνα-

1260 1055 1302 1089 ”lb
1350 1055 1561 1107 φερομένων
1593 1052 1835 1096 νομοθετοῦν.
1892 1055 1965 1085 Καὶ
1999 1053 2109 1086 αὐθις
2140 1052 2176 1086 εἴ
2201 1065 2239 1086 τι
2275 1054 2359 1097 περὶ

1258 1100 1320 1142 τῆς
1344 1099 1545 1133 οποιασοῦν
1569 1096 1778 1145 ἐλευθερίας
1803 1099 1904 1132 ἐστὶν
1928 1094 1950 1141 ἢ
1973 1101 2033 1131 καὶ
2057 1099 2135 1132 τῶν
2158 1093 2251 1145 ὑπὲρ
2275 1096 2359 1131 ταύ-

1260 1148 1302 1179 'le
1347 1154 1411 1187 της
1434 1139 1602 1190 ἀγώνων,
1626 1144 1734 1177 τοῦτο
1756 1143 1810 1177 ἑνὶ
1832 1141 2082 1191 παραδέδοται
2102 1141 2250 1188 βιβλίῳ.
2280 1140 2360 1176 “En

1261 1188 1300 1224 δὲ
1324 1192 1384 1223 καὶ
1409 1187 1456 1223 τὰ
1481 1191 1565 1236 περὶ
1589 1189 1699 1243 νομῆς
1722 1191 1783 1222 καὶ
1807 1189 1869 1231 τῆς
1894 1185 1944 1223 δι’
1979 1184 2085 1232 αὐτῆς
2115 1188 2273 1231 κτήσεως
2300 1190 2361 1221 καὶ

1260 1236 1338 1269 τῶν
1373 1235 1598 1281 εἰσαγουσιῦν
1639 1232 1754 1277 αυτὴν
1795 1235 1928 1269 αἰτιῶν
1968 1235 2018 1269 εἰς
2057 1236 2097 1269 ἓν
2136 1232 2360 1278 ἀπεθέμεθα

1261 1281 1308 1315 7d
1354 1279 1580 1327 σύγγραμμα.
1628 1281 1703 1313 Καὶ
1731 1279 1769 1313 εἴ
1786 1283 1827 1313 τί
1847 1292 1888 1326 γε
1912 1275 2004 1314 ὅλως
2028 1283 2112 1328 περὶ
2137 1277 2360 1314 δικαστικῶν

1263 1328 1365 1360 ἐστὶν
1395 1322 1620 1372 ἀποφάσεων
1648 1338 1689 1359 τε
1720 1328 1782 1359 καὶ
1810 1328 1889 1360 τῶν
1921 1328 1961 1360 ἐν
1990 1325 2130 1360 τούτοις
2161 1324 2246 1359 τινὰ
2268 1322 2361 1359 κατὰ

1261 1372 1369 1419 σφῶν
1393 1367 1518 1405 αὐτῶν
1542 1367 1831 1418 ὁμολογούντων,
1855 1374 1917 1405 καὶ
1941 1372 2004 1415 τῆς
2027 1372 2106 1406 τῶν
2129 1369 2252 1406 ὄντων
2275 1366 2360 1404 ἀνα-

1261 1415 1470 1466 χωρήσεως,
1501 1419 1562 1450 καὶ
1595 1414 1822 1461 δανειστικῆς
1852 1430 1894 1451 τε
1924 1418 2076 1461 κατοχῆς
2099 1420 2158 1451 καὶ
2182 1414 2360 1464 πράσεως,

1261 1467 1322 1497 καὶ
1352 1464 1415 1506 τῆς
1444 1463 1523 1497 τῶν
1555 1460 1786 1510 πραγμάτων
1818 1460 2034 1511 διακρίσεώς
2063 1476 2104 1497 τε
2129 1465 2189 1496 καὶ
2213 1460 2361 1506 κηδεμο-

1262 1513 1350 1550 νίας,
1376 1510 1437 1542 καῖ
1460 1509 1526 1543 τοῦ
1548 1507 1598 1553 μή
1622 1521 1658 1542 τι
1683 1508 1825 1543 παθεῖν
1848 1508 1932 1543 τοὺς
1955 1506 2189 1551 δανείζοντας
2215 1505 2361 1552 βλάβος,

1263 1559 1304 1589 Te
1351 1557 1411 1588 καὶ
1435 1555 1542 1588 τοῦτο
1567 1548 1585 1587 o‘
1636 1557 1699 1587 ίως
1723 1554 1772 1587 εἰς
1796 1556 1837 1587 ἒν
1862 1552 2058 1602 ἥθροισται
2081 1552 2239 1599 βιβλίον.
2287 1555 2361 1587 Καὶ

1262 1598 1329 1634 τὸν
1364 1600 1442 1633 τῶν
1478 1599 1571 1634 inter
1598 1599 1695 1634 icton
1730 1602 1793 1633 τει
1831 1598 1972 1643 τρόπον
2007 1595 2049 1634 οὗ
2087 1598 2253 1634 πλείοσιν
2286 1597 2363 1632 ἑνος

1263 1642 1579 1693 παραδεδώκαμεν
1610 1643 1765 1690 βιβλίου.
1815 1645 1960 1680 ἐκεῖθέν
1991 1658 2033 1679 τε
2063 1646 2124 1681 ἐπὶ
2153 1644 2216 1680 τὰς
2245 1657 2362 1692 παρα-

1261 1689 1401 1739 γραφὰς
1432 1694 1492 1724 καὶ
1516 1689 1598 1724 τοὺς
1623 1686 1685 1725 ἐπ’
1715 1691 1839 1725 αὑταῖς
1862 1693 2102 1738 τεταγμένους
2128 1689 2363 1736 ἐχωρήσαμεν

1262 1735 1425 1785 χρόνους,
1458 1739 1519 1770 καὶ
1549 1735 1616 1771 τὸν
1646 1736 1726 1770 τῶν
1757 1737 1897 1779 ἐνοχῶν
1926 1749 1967 1771 τε
1996 1739 2058 1771 καὶ
2089 1732 2246 1784 ἀγωγῶν
2274 1732 2361 1771 άπε-

1263 1782 1414 1828 θέμεθα
1445 1781 1596 1830 τρόπον.
1644 1785 1705 1815 καὶ
1738 1781 1987 1830 συνηγάγομεν
2017 1781 2060 1816 τὸ
2084 1783 2159 1818 πᾶν
2185 1780 2229 1825 δὴ
2253 1782 2363 1816 τοῦτο

1261 1831 1384 1876 μέρος,
1422 1819 1534 1875 οὗπερ
1570 1823 1708 1875 ἡγεῖται
1743 1826 1790 1862 τὰ
1823 1831 1906 1874 περὶ
1938 1829 2017 1862 τῶν
2052 1826 2283 1871 διακατοχῶν
2316 1823 2363 1861 ὠς

1263 1874 1403 1921 εἴρηται
1425 1876 1676 1922 γεγραμμένα,
1708 1874 1757 1907 εἰς
1786 1869 1884 1908 όκτα)
1913 1872 2074 1918 βιβλίων
2097 1870 2276 1921 ἀριθμόν,
2309 1875 2362 1906 ἕκ-

1263 1932 1330 1953 τον
1361 1917 1406 1962 δὴ
1433 1920 1542 1953 τοῦτο
1570 1921 1677 1972 μέρος
1707 1919 1770 1962 τῆς
1793 1915 1875 1962 ὅλης
1900 1918 2104 1960 συντάξεως
2126 1915 2360 1963 ἀποθέμενοι.

1265 1968 1284 2000 8
1339 1963 1384 1999 Τὸ
1418 1962 1458 1998 δὲ
1488 1962 1532 2007 δὴ
1561 1977 1626 1999 του
1660 1963 1798 1999 παντὸς
1827 1963 2054 2006 τελευταῖον,
2086 1961 2177 2013 ὅπερ
2206 1962 2363 2020 ἕβδομον

1264 2006 1404 2053 ἁπάσης
1435 2012 1538 2044 ἐστὶν
1565 2010 1627 2054 τῆς
1659 2014 1924 2057 πραγματείας,
1958 2010 1997 2051 ἕξ
2027 2009 2187 2055 βιβλίων
2210 2010 2363 2055 amesae?

1264 2054 1541 2099 περιέσταλται,
1578 2052 1776 2100 ἀοχόμενον
1805 2057 1875 2101 μὲν
1906 2058 1945 2089 ἐκ
1976 2057 2055 2090 τῶν
2088 2041 2363 2104 ἐπερωτῆσεων,

1265 2099 1460 2145 διαβαῖνον
1492 2099 1532 2135 δὲ
1563 2089 1624 2135 διά
1653 2114 1694 2135 τε
1724 2102 1804 2135 τῶν
1833 2098 1926 2150 ὑπὲρ
1955 2102 2081 2149 ἐγγυῆς
2102 2103 2365 2150 γεγραμμένων

1264 2149 1325 2180 καὶ
1348 2147 1410 2190 τῆς
1432 2147 1512 2181 τῶν
1535 2148 1653 2195 χρεῶν
1677 2145 1899 2191 καταβολῆς,
1931 2150 1991 2180 καὶ
2017 2145 2216 2182 διαλύσεώς
2238 2161 2279 2182 τε
2303 2149 2364 2181 καὶ

1266 2190 1476 2239 ἐλευθερίας
1508 2189 1651 2234 αὐτῶν,
1684 2194 1744 2226 καὶ
1775 2194 1855 2227 τῶν
1888 2193 2114 2240 εἰσηγμένων
2139 2195 2178 2228 ἐκ
2201 2194 2264 2237 τῆς
2286 2193 2365 2227 τῶν

1265 2236 1480 2285 πραιτόρων
1495 2239 1718 2284 νομοθεσίας
1734 2238 1998 2286 ἐπερωτησεων
2011 2235 2118 2286 (ἅπερ
2131 2235 2280 2275 ἅπαντα
2298 2237 2363 2272 δύο

1265 2278 1356 2330 παρ’
1382 2280 1485 2327 ἡμῶν
1502 2283 1742 2318 συνέσταλται
1760 2283 1926 2328 βιβλίοις,
1948 2288 2068 2318 καίτοι
2087 2297 2129 2331 γε
2149 2285 2364 2331 ὲμπροσθεν

1265 2330 1310 2363 8α
1356 2325 1440 2363 οὐδὲ
1471 2329 1587 2364 εἰπεῖν
1620 2331 1721 2364 ἐστὶν
1753 2328 1823 2365 ὅσα
1855 2330 2114 2372 moserano)-
2152 2329 2289 2378 Προϊὸν
2325 2328 2365 2363 δὲ

1264 2374 1313 2408 εἰς
1347 2373 1414 2408 τὸν
1448 2371 1539 2422 ὑπὲρ
1573 2376 1653 2409 τῶν
1688 2374 1926 2422 ἐγκλημάτων
1965 2374 2074 2422 λόγον
2114 2379 2175 2409 καὶ
2214 2371 2365 2409 ἅπαντα

1264 2418 1464 2467 καταλέγον
1498 2416 1618 2455 ὁπόσα
1649 2421 1727 2455 τῶν
1759 2434 1799 2456 τε
1828 2425 2087 2468 μετριωτέρων
2118 2422 2220 2455 ἐστὶν
2250 2417 2362 2467 ἁμαρ-

1268 2513 1308 2552 (1)
1332 2514 1385 2554 τε]
1411 2509 1451 2545 δὲ
1474 2513 1625 2546 Herclzer

2324 2765 2363 2772 ..-.

1270 2806 1390 2841 tentiis
1414 2808 1449 2840 et
1472 2805 1518 2839 de
1541 2805 1597 2845 iis,
1622 2805 1688 2850 qui
1709 2805 1746 2839 in
1772 2805 1851 2839 iure
1876 2805 2047 2850 quiddam
2072 2810 2200 2842 contra
2222 2818 2260 2842 se
2280 2819 2361 2843 con-

1267 2852 1363 2896 fessi
1383 2856 1479 2891 sunt,
1504 2853 1538 2884 et
1562 2849 1607 2884 de
1632 2850 1806 2885 bonorum
1831 2851 2000 2893 cessione,
2026 2854 2060 2886 et
2080 2852 2124 2887 cle
2144 2853 2363 2888 creditorum

1270 2897 1444 2932 bonorum
1471 2896 1702 2941 possessione
1731 2898 1767 2930 et
1796 2896 2016 2939 venditione,
2048 2901 2084 2931 et
2115 2897 2159 2932 de
2189 2898 2363 2934 bonorum

1269 2942 1500 2987 separatione
1525 2943 1559 2974 et
1583 2951 1684 2982 eura,
1709 2943 1743 2975 et
1767 2952 1812 2976 ne
1835 2942 1924 2987 quid
1944 2942 2149 2978 detrimenti
2167 2944 2364 2979 creditores

1269 2987 1438 3028 subeant,
1469 2997 1512 3020 ea
1538 2996 1681 3030 quoque
1706 2986 1743 3020 in
1765 2997 1877 3021 unum
1902 2988 2066 3023 volumen
2092 2989 2243 3025 collecta
2266 2993 2361 3024 sunt.

1271 3035 1312 3066 'Ie
1359 3031 1407 3065 Ec
1446 3031 1718 3066 interdictorum
1756 3032 1981 3068 ordinationi
2017 3045 2089 3068 non
2123 3035 2213 3081 plus
2251 3046 2362 3069 unum

1270 3077 1399 3112 librum
1425 3077 1686 3122 deputavimus.
1735 3077 1818 3112 inde
1838 3079 2084 3123 processimus
2107 3080 2157 3114 ad
2179 3081 2363 3126 exceptio-

1270 3133 1333 3157 nes
1357 3125 1391 3156 et
1414 3125 1550 3157 statuta
1575 3121 1619 3156 de
1643 3122 1688 3156 iis
1713 3125 1888 3169 tempora,
1913 3127 1948 3158 et
1970 3124 2230 3170 obli'qationum
2252 3127 2362 3161 actio-

1270 3178 1428 3213 numque
1457 3167 1634 3202 rationem
1666 3168 1919 3214 explicuimus.
1967 3172 2002 3204 et
2032 3171 2237 3206 universam
2267 3170 2363 3206 lianc

1263 3216 1423 3260 partem,
1441 3212 1545 3247 cuius
1561 3223 1690 3258 aymen
1707 3214 1845 3250 ducunt
1860 3224 1955 3260 quae
1971 3214 2015 3250 cle
2032 3216 2204 3251 bonorum
2215 3227 2362 3262 posses-

1269 3258 1432 3293 sionibus
1445 3261 1485 3291 ut
1500 3257 1662 3293 diximus
1675 3259 1814 3305 scripta
1830 3263 1928 3302 sunt,
1944 3261 1980 3295 in
1998 3264 2078 3296 octo
2096 3261 2207 3297 libros
2222 3261 2361 3308 redeqi-

1270 3314 1361 3344 mus,
1384 3306 1527 3338 sextam
1545 3313 1624 3337 eam
1645 3304 1806 3340 universi
1823 3306 1945 3351 operis
1955 3309 2102 3351 partem
2123 3306 2358 3342 declarantes.

1272 3352 1291 3383 8
1342 3348 1507 3384 Omnium
1531 3351 1650 3384 autem
1665 3352 1865 3403 postrema,
1890 3361 1985 3396 quae
2003 3352 2165 3386 universi
2184 3355 2360 3386 tractatus

1270 3394 1423 3440 septima
1453 3397 1524 3437 est,
1555 3404 1624 3429 sex
1655 3395 1829 3430 librorum
1859 3406 2009 3431 numero
2034 3396 2359 3443 comprehenditur,

1271 3438 1448 3484 incipiens
1471 3450 1495 3474 a
1517 3439 1829 3485 stipulationibus,
1861 3440 1944 3475 inde
1973 3445 2090 3476 autem
2107 3452 2271 3487 perqens
2287 3452 2360 3486 per

1271 3495 1315 3518 ea
1339 3494 1434 3529 quae
1456 3483 1555 3519 dicta
1578 3490 1665 3519 sunt
1688 3485 1732 3519 de
1752 3485 2047 3530 fideiussionibus
2069 3490 2104 3521 et
2127 3486 2171 3520 de
2194 3496 2359 3520 numera-

1273 3529 1429 3564 tionibus
1458 3528 1657 3564 debitorum
1691 3533 1726 3564 et
1756 3530 1996 3566 solutionibus
2025 3535 2059 3565 et
2090 3531 2360 3566 liberationibus

1272 3578 1307 3608 et
1331 3573 1375 3608 de
1397 3574 1691 3620 stipulationibus
1708 3577 1901 3620 praetoria
1925 3575 2171 3611 iurisdictione
2203 3576 2359 3611 inductis

1272 3621 1380 3664 (quae
1404 3621 1524 3655 omnia
1548 3620 1651 3666 apud
1673 3631 1740 3654 nos
1764 3620 1904 3656 duobus
1928 3621 2029 3655 libris
2052 3619 2358 3666 comprehendun-

1272 3668 1344 3707 tur,
1374 3675 1454 3699 cum
1486 3668 1595 3700 antea
1624 3676 1669 3700 ne
1699 3665 1774 3701 dici
1801 3665 1944 3710 quidem
1967 3668 2095 3710 posset
2124 3669 2213 3710 quot
2243 3666 2359 3702 absol-

1273 3712 1317 3744 Sa
1363 3713 1542 3752 verentur)
1552 3721 1564 3744 .·
1592 3710 1799 3756 procedens
1829 3720 1918 3745 mox
1948 3709 1999 3744 ad
2030 3711 2279 3746 tractationem
2315 3711 2358 3746 de

1271 3755 1560 3792 accusationibus
1596 3759 1632 3791 et
1674 3755 1848 3802 eolli'qens
1889 3765 2136 3800 quaecumque
2174 3757 2356 3802 pertinent
