2528 3918
194 114 339 158 msr.
370 113 469 167 1111,
505 116 523 154 1

1281 104 1339 152 44
1777 121 1839 151 nii·
1869 120 1970 152 OBL.
2001 121 2043 160 Q.
2073 121 2133 152 iix
2161 121 2262 152 DEL.
2293 122 2416 155 msc.

190 236 330 280 'equum
352 230 514 277 gestandi
538 240 648 266 causa
671 229 934 266 commodatum
957 228 1026 265 sibi
1047 228 1186 274 longius
1207 228 1271 263 ali-
1341 227 1491 273 ‘quidem
1524 231 1565 264 ιιι
1574 255 1588 281 ,·
1617 229 1776 274 quamvis
1808 229 1886 275 ipse
1919 229 2060 267 debitor
2089 240 2166 267 eam
2196 241 2271 272 rem
2302 231 2420 274 subri-

192 282 270 324 'quo
296 277 453 318 duxerit,
478 275 574 320 quod
596 278 732 311 veteres
755 274 976 320 scripserunt
999 274 1043 310 de
1067 284 1127 316 eo,
1152 273 1213 318 qui
1234 273 1274 309 in

191 327 209 358 7
258 323 380 358 'aciem
417 330 546 366 equum
575 319 801 365 perduxisset
811 320 834 355 ¹.
880 319 1022 356 Placuit
1050 323 1169 354 tamen
1199 328 1272 360 eos,

191 370 199 382 '
224 369 262 404 ui
285 368 392 403 rebus
417 364 649 400 commodatis
673 365 776 400 aliter
798 368 1000 407 uterentur,
1033 374 1139 416 quam
1168 366 1272 398 uten-

191 414 198 427 ·
226 423 266 448 as
290 410 504 456 acceperint,
528 410 580 444 ita
601 409 737 445 furtum
760 410 997 452 committere,
1021 419 1053 444 si
1075 418 1114 444 se
1137 407 1271 443 intelle-

191 460 285 503 'gant
307 456 343 491 id
365 455 474 490 invito
499 454 641 491 domino
665 454 786 491 facere
808 465 957 500 eumque
982 454 1013 489 si
1042 452 1274 488 intellexisset

191 505 270 538 ’non
294 501 559 547 permissurum,
583 509 628 535 ac
650 500 681 535 si
703 500 957 545 permissurum
982 498 1148 540 credant,
1173 501 1273 533 extra

191 547 333 582 'crimen
355 545 484 580 videri:
509 555 531 581 o
558 544 644 580 tima
667 555 754 580 sane
777 544 1012 586 distinctione,
1037 543 1120 588 quia
1138 542 1273 577 furtum

190 595 210 627 8
258 591 343 627 'sine
367 589 500 625 affectu
564 589 666 626 randi
689 600 761 626 non
786 589 1026 625 committitur.
1074 587 1145 623 Sed
1164 587 1223 622 et2
1243 587 1273 622 si

189 636 323 671 'credat-
356 634 483 679 aliquis
514 635 624 671 invito
659 634 800 670 domino
835 645 874 670 se
904 644 978 669 rem
1014 631 1273 668 commodatam

189 681 285 716 'sibi⁸
298 682 532 724 contrectare,
550 678 693 714 domino
715 683 835 715 autem
857 678 997 714 volente
1019 677 1056 713 id
1078 677 1160 719 fiat,
1185 677 1271 712 dici-

189 727 256 760 'tur
277 726 414 760 furtum
434 735 510 761 non
531 724 620 760 fieri.
656 724 749 760 unde
772 724 859 758 illud
882 723 1081 768 quaesitum
1101 725 1166 764 est,
1192 732 1273 757 cum

189 770 315 806 ’Titius
339 779 479 805 servum
501 769 632 805 Maevii
656 769 914 810 sollicitaverit,
946 771 987 803 ut
1018 767 1191 812 quasdam
1213 777 1271 802 res

189 815 340 850 'domino
365 814 565 861 subriperet
588 818 624 850 et
647 814 692 849 ad
718 824 797 849 eum
820 813 1008 859 perferret,
1032 815 1069 848 et
1091 821 1213 847 servus
1236 811 1272 847 id

189 860 244 895 'ad
264 859 443 895 Maevium
492 860 661 901 ertulerit,
685 859 857 901 Maevius,
883 858 966 893 dum
988 857 1065 893 vult
1084 857 1216 892 Titium
1236 856 1272 892 in

188 906 274 950 'ipso
308 904 438 940 delicto
488 904 745 950 eprehendere,
776 903 935 948 permisit
966 913 1067 938 servo
1099 902 1272 954 quasdam

189 950 254 985 'res
278 949 325 985 ad
348 959 428 985 eum
451 949 627 995 perferre,
660 953 778 984 utrum
808 948 896 983 furti
927 958 974 983 an
997 947 1089 983 servi
1113 957 1219 983 corru
1245 950 1272 981 ti

188 994 328 1031 'iudicio
359 998 525 1030 teneatur
549 994 682 1036 Titius,
715 1004 762 1029 an
792 993 959 1028 neutro?⁴
997 996 1034 1028 et
1065 1003 1146 1028 cum
1169 1002 1215 1028 no
1242 992 1271 1027 is

187 1040 415 1120 &tantu
429 1039 900 1130 {332222222123555332
909 1037 1272 1128 &tries-332⁰&

1165 1108 1174 1124 2

211 1130 336 1166 usdam
369 1139 483 1175 neque
513 1129 600 1164 furti
633 1139 747 1173 neque
779 1128 871 1164 servi
902 1138 1007 1163 corru
1034 1128 1062 1162 ti
1096 1127 1272 1163 actionem

186 1175 462 1220 praestantibus,
476 1174 688 1227 quibusdam
698 1173 786 1208 furti
795 1177 992 1208 tantummo
1020 1183 1040 1208 o
1050 1185 1059 1208 z
1073 1182 1139 1208 nos
1147 1172 1271 1207 huius-

186 1219 283 1255 modi
313 1219 500 1255 calliditati
532 1219 671 1254 obviam
703 1222 827 1254 euntes
850 1229 915 1263 per
938 1222 1098 1253 nostram
1122 1216 1271 1252 decisio-

186 1263 287 1301 nem‘
314 1264 495 1301 sanximus
520 1274 592 1299 non
615 1264 729 1299 solum
750 1263 838 1298 furti
861 1263 1054 1305 actionem,
1080 1262 1143 1298 sed
1166 1262 1272 1297 etiam

186 1309 278 1346 servi
301 1310 459 1355 corrupti
484 1313 610 1345 contra
633 1319 713 1344 eum
737 1308 830 1344 dari:
864 1309 948 1344 licet
981 1308 1074 1343 enim
1096 1307 1127 1343 is
1150 1317 1271 1342 servus

186 1355 340 1391 deterior
363 1365 385 1389 a
409 1354 637 1391 sollicitatore
659 1354 801 1389 minime
823 1353 942 1389 factus
967 1356 1021 1389 est
1044 1356 1080 1388 et
1098 1352 1178 1388 ideo
1199 1362 1271 1387 non

186 1404 403 1436 concurrant
443 1399 605 1444 regulae,
649 1409 739 1444 quae
775 1399 866 1434 servi
901 1397 1061 1443 corrupti
1095 1396 1272 1433 actionem

185 1445 463 1487 introducerent,
487 1448 606 1479 tamen
631 1443 817 1479 consilium
842 1443 1060 1488 corruptoris
1085 1442 1132 1478 ad
1153 1441 1271 1494 perni-

187 1491 275 1526 ciem
298 1490 486 1535 probitatis
510 1489 602 1525 servi
624 1489 866 1525 introductum
890 1492 963 1532 est,
996 1491 1037 1523 ut
1061 1487 1108 1523 sit
1131 1497 1163 1522 ei
1185 1497 1271 1532 poe-

186 1536 276 1571 nalis
307 1535 401 1571 actio
425 1535 610 1580 imposita,
634 1538 814 1579 tamquam
837 1544 877 1569 re
898 1533 978 1579 ipsa
1000 1533 1128 1568 fuisset
1150 1542 1272 1567 servus

187 1584 397 1625 corruptus,
429 1590 475 1615 ne
506 1590 551 1615 ex
581 1579 782 1615 huiusmodi
812 1579 859 1614 im
885 1578 1023 1614 unitate
1046 1581 1083 1613 et
1103 1577 1142 1613 in
1164 1576 1272 1612 alium

185 1636 344 1706 30‘312231‘
377 1625 437 1705 ‘¹3¹³
461 1624 592 1705 {5233ss
606 1623 1056 1705 mussitasse&
1079 1622 1272 1703 ἰιέἲὲῗὲζ

187 1681 392 1751 'hominump
400 1681 536 1750 ffirrtum
558 1714 610 1758 fit,
633 1714 743 1750 veluti
765 1714 796 1750 si
819 1714 898 1767 quis
920 1714 1112 1750 liberorum
1130 1715 1272 1764 nostro-

185 1761 291 1803 'rum,
322 1760 384 1814 qui
405 1760 444 1795 in
466 1762 645 1805 potestate
667 1763 792 1796 nostra
815 1762 863 1795 sit
871 1760 897 1803 ⁶,
929 1759 1122 1804 subreptus
1151 1757 1270 1793 fuerit.

187 1809 228 1841 10
275 1805 485 1858 'Aliquando
509 1808 629 1841 autem
652 1804 760 1840 etiam
782 1814 869 1840 suae
891 1804 944 1840 rei
966 1804 1116 1856 quisque
1137 1802 1273 1838 furtum

185 1851 392 1893 'committit,
412 1850 522 1886 veluti
540 1850 571 1886 si
591 1850 729 1885 debitor
746 1859 821 1885 rem
840 1859 947 1895 quam
967 1848 1135 1885 creditori
1148 1848 1272 1893 pigno-

187 1896 243 1931 'ris
267 1905 379 1931 causa
402 1895 501 1931 dedit
523 1895 751 1931 subtraxerit.

189 1944 223 1976 11
321 1940 511 1976 *Interdum
533 1939 621 1976 furti
642 1943 805 1982 tenetur,
837 1938 898 1984 qui
928 1938 1005 1991 ipse
1034 1938 1170 1975 furtum
1200 1948 1273 1974 non

185 1985 338 2021 'fecer-it:
360 1985 475 2031 qualis
494 1988 560 2028 est,
582 1985 683 2021 cuius
704 1995 772 2030 ope
783 1988 820 2020 et
831 1984 978 2020 consilio
990 1983 1126 2019 furtum
1135 1982 1273 2018 factum

187 2031 259 2067 ’est.
295 2031 332 2066 in
355 2041 426 2076 quo
451 2040 596 2066 numero
622 2034 695 2073 est,
729 2029 791 2075 qui
820 2029 886 2064 tibi
917 2039 1080 2065 nummos
1103 2027 1272 2070 excussit,

187 2076 235 2111 'ut
257 2076 349 2111 alius
373 2086 434 2111 eos
457 2079 617 2121 raperet,
651 2078 715 2111 aut
738 2074 876 2111 obstitit
898 2074 979 2117 tibi,
1011 2078 1052 2109 ut
1083 2073 1174 2110 alius
1197 2083 1272 2108 rem

185 2122 293 2157 'tuam
325 2121 522 2166 exciperet,
552 2121 607 2156 vel
637 2131 720 2156 oves
752 2123 817 2156 aut
848 2119 956 2155 boves
979 2122 1061 2155 tuas
1084 2118 1270 2164 fugaverit,

185 2167 235 2202 ’ut
259 2166 350 2202 alius
374 2176 435 2202 eas
458 2166 655 2211 exciperet:
682 2169 718 2201 et
739 2166 809 2201 hoc
831 2168 967 2201 veteres
987 2164 1208 2209 scripserunt
1227 2162 1272 2214 de

185 2212 257 2254 'eo,
281 2211 341 2256 qui
362 2221 482 2256 panno
505 2211 614 2247 rubro
638 2210 775 2256 fugavit
797 2213 1006 2246 armentum.
1045 2208 1109 2245 sed
1132 2209 1163 2244 si
1186 2207 1271 2254 quid

184 2252 1271 2337 ffifflffussmfissiumm⁶2⁸¹Z⁰nnss¹⁸f2²0tffi2a13²dffitiffi

184 2346 297 2382 'beat‘
332 2349 371 2382 at
393 2327 457 2382 ubi,
479 2356 548 2391 ope
566 2346 698 2381 Maevii
717 2327 833 2380 ''I'itius
850 2344 987 2380 furtum
1004 2344 1140 2386 fecerit,
1164 2344 1269 2379 ambo

181 2391 270 2427 furti
300 2394 476 2427 tenentur.
522 2400 591 2436 ope
615 2391 761 2427 consilio
786 2390 861 2426 eius
884 2399 1026 2442 quoque
1047 2389 1182 2424 furtum
1206 2388 1269 2424 ad-

182 2436 273 2472 mitti
295 2436 453 2479 videtur,
486 2436 548 2481 qui
570 2436 686 2472 scalas
708 2435 803 2471 forte
824 2435 991 2471 fenestris
1015 2434 1185 2479 supponit
1207 2437 1271 2469 aut

181 2483 193 2517 i
220 2492 278 2518 sas
302 2481 479 2518 fenestras
502 2481 559 2517 vel
581 2481 712 2517 ostium
736 2480 908 2525 effringit,
939 2483 982 2515 ut
1012 2480 1103 2515 alius
1133 2478 1270 2514 furtum

198 2530 328 2569 aceret,
352 2526 455 2572 quive
477 2525 694 2563 ferramenta
716 2525 764 2562 ad
787 2524 1042 2571 effringendum
1065 2529 1130 2560 aut
1153 2523 1270 2576 scalas

182 2576 223 2607 ut
241 2572 405 2607 fenestris
424 2575 712 2617 supponerentur
730 2570 1014 2613 commodaverit,
1032 2570 1148 2606 sciens
1169 2579 1269 2605 cuius

183 2620 253 2660 (12)
299 2617 415 2662 gratia
438 2616 724 2653 commodaverit.
761 2619 858 2652 certe
905 2615 943 2651 ui
965 2615 1100 2651 nullam
1123 2624 1270 2666 operam

181 2662 229 2698 ad
250 2662 387 2698 furtum
409 2661 612 2697 faciendum
635 2661 808 2704 adhibuit,
832 2626 904 2696 sedl
919 2664 1060 2696 tantum
1084 2659 1269 2708 consilium

183 2707 281 2743 dedit
303 2710 412 2751 atque
434 2707 598 2742 hortatus
622 2710 677 2743 est
699 2706 747 2742 ad
776 2705 913 2741 furtum
942 2704 1164 2747 faciendum,
1196 2714 1269 2740 non

186 2754 226 2787 12
251 2754 320 2794 (13)
367 2754 510 2787 tenetur
530 2751 628 2787 furti.
673 2751 732 2794 Hi,
757 2751 819 2797 qui
840 2751 879 2786 in
900 2750 1103 2796 parentium
1125 2749 1181 2786 vel
1204 2748 1267 2785 do-

182 2797 357 2832 minorum
380 2799 559 2842 potestate
582 2800 684 2839 sunt,
715 2796 747 2833 si
769 2807 844 2832 rem
867 2795 918 2831 eis
942 2794 1160 2840 subripiant,
1191 2794 1267 2829 fur-

181 2844 258 2877 tum
290 2841 430 2887 quidem
459 2841 528 2877 illis
558 2841 698 2877 faciunt
728 2844 764 2877 et
791 2851 850 2877 res
872 2840 910 2876 in
932 2840 1099 2876 furtivam
1123 2849 1268 2877 causam

182 2886 279 2922 cadit
300 2897 368 2922 nec
391 2887 437 2922 ob
460 2886 498 2921 id
521 2887 566 2922 ab
590 2887 662 2922 ullo
686 2886 839 2932 usucapi
860 2889 992 2931 potest,
1017 2888 1208 2931 antequam
1230 2884 1268 2920 in

183 2931 315 2967 domini
348 2935 563 2977 potestatem
598 2935 815 2974 revertatur,
851 2931 914 2967 sed
946 2931 1036 2966 furti
1069 2930 1163 2966 actio
1195 2940 1268 2966 non

182 2976 354 3019 nascitur,
378 2977 463 3022 quia
485 2987 551 3012 nec
576 2986 619 3011 ex
642 2977 713 3012 alia
735 2976 808 3012 ulla
828 2986 939 3012 causa
983 2978 1077 3012 otest
1095 2975 1188 3011 inter
1206 2985 1267 3011 eos

183 3023 254 3064 (14)
301 3021 395 3057 actio
427 3021 544 3057 nasci:
576 3021 607 3056 si
637 3032 719 3057 vero
751 3032 820 3067 ope
848 3032 891 3057 co
938 3021 946 3028 “
975 3031 996 3056 ο
1021 3020 1167 3057 alterius
1190 3019 1266 3055 fur-

181 3070 259 3102 tum
290 3066 427 3102 factum
457 3065 584 3109 fuerit,
616 3067 700 3118 quia
722 3067 844 3111 utique
865 3066 1001 3102 furtum
1024 3065 1266 3108 committitur,

183 3112 432 3148 convenienter
460 3111 520 3146 ille
549 3110 637 3146 furti
659 3114 819 3154 tenetur,
851 3111 935 3156 quia
962 3120 1083 3147 verum
1114 3113 1169 3146 est
1199 3119 1267 3155 ope

183 3156 331 3192 consilio
356 3156 432 3192 eius
454 3155 590 3191 furtum
612 3155 748 3191 factum
772 3166 859 3192 esse.

187 3203 226 3237 13
251 3203 322 3245 (15)
413 3200 551 3236 ‘¹'Furti
573 3204 692 3237 autem
715 3201 809 3237 actio
834 3201 867 3237 ei
886 3200 1066 3246 competit,
1090 3200 1191 3236 cuius
1210 3200 1265 3235 in-

183 3246 303 3282 'terest
324 3257 398 3282 rem
421 3246 553 3290 salvam
578 3255 674 3288 esse,
705 3246 788 3282 licet
819 3246 981 3282 dominus
1004 3256 1076 3282 non
1099 3245 1165 3282 sit:
1196 3245 1264 3281 ita-

183 3292 262 3337 ’que
284 3301 352 3335 nec
377 3291 517 3327 domino
541 3291 645 3326 aliter
668 3291 846 3335 competit,
895 3301 978 3327 uam
1001 3291 1033 3326 si
1055 3290 1132 3327 eius
1153 3290 1264 3326 inter-

185 3339 227 3371 14
250 3338 321 3379 (16)
368 3336 424 3372 'sit
445 3343 521 3372 rem
543 3346 615 3371 non
646 3336 771 3381 perire.
819 3336 874 3371 Un
900 3346 919 3371 e
943 3339 1084 3372 constat
1112 3335 1264 3372 credito-

183 3382 267 3417 'rem
297 3381 342 3417 de
398 3381 407 3390 ’
456 3391 518 3417 ore
541 3381 648 3417 subre
674 3383 709 3416 to
732 3380 820 3416 furti
842 3391 947 3425 agere
969 3391 1075 3426 posse
1085 3381 1103 3423 ,‘
1128 3380 1265 3417 etiamsi

182 3426 350 3478 idoneum
372 3392 567 3463 gffitorem
597 3426 645 3461 ha
671 3428 748 3478 eat,
779 3426 862 3471 quia
892 3425 1034 3471 expedit
1065 3425 1097 3461 ei
1126 3424 1265 3485 pignori

182 3475 302 3516 potius
332 3471 536 3507 incumbere
570 3480 676 3516 quam
710 3481 748 3505 in
781 3480 970 3516 personam
1005 3480 1126 3515 agere:
1172 3469 1262 3507 adeo

188 3580 228 3621 (ι)
241 3581 289 3613 nic
297 3578 523 3622 AfflOGai„
534 3579 743 3623 produxisset
758 3580 842 3619 TC‘,
855 3579 1050 3622 perduxerit
1062 3582 1117 3615 B·
1161 3583 1208 3625 (2)
1219 3584 1264 3625 etl

188 3622 338 3658 AT‘CO
352 3624 441 3666 Gai„
459 3638 518 3659 om.
531 3625 619 3659 BP
705 3626 750 3666 (3)
773 3624 1010 3657 commodatam
1033 3626 1098 3659 tibi
1111 3640 1170 3661 om.
1187 3628 1264 3662 Gai.

187 3669 233 3709 (4)
260 3669 336 3701 Cod.
351 3671 384 3706 6,
403 3677 431 3710 2,
452 3676 489 3703 πο
597 3671 642 3712 (ε.)
671 3669 747 3704 Gai.
762 3670 794 3709 3,
809 3676 873 3704 19⁹.
888 3676 955 3703 που.
970 3677 1026 3703 20²
1136 3672 1184 3713 (ο)
1207 3672 1264 3713 nit]

187 3714 267 3755 AB,
280 3717 311 3746 ut
327 3715 380 3754 0⁸,
393 3718 472 3747 nunt
489 3713 589 3749 T·C⁰
601 3715 691 3757 Gaia,
703 3716 767 3747 inc.
785 3714 830 3746 1¹·
920 3715 966 3757 (¹1)
994 3715 1070 3749 Gai.
1085 3718 1115 3759 3,
1128 3724 1264 3752 zoa-2⁰6

1342 273 1485 317 puerit,
1518 273 1626 309 nihilo
1657 274 1773 313 minus
1804 274 1972 315 creditori
2001 276 2169 321 competit
2197 276 2292 317 actio
2322 275 2419 316 furti.

1344 320 1384 352 15
1409 318 1478 360 (17)
1527 318 1625 354 'Item
1647 319 1679 355 si
1699 318 1787 356 runo
1810 319 1978 365 polienda
2000 320 2203 357 curandave
2225 324 2289 358 aut
2309 321 2420 359 sarci-

1342 363 1455 398 'nator
1477 363 1664 399 sarcienda
1686 364 1896 401 vestimenta
1925 364 2087 403 mercede
2117 369 2216 402 certa
2242 366 2423 413 acceperit

1341 406 2116 498 lissqniiiffl‘ssffffiinipffimffifflsit
2138 410 2326 455 ²⁰⁶⁰¹¹⁶¹¹¹‘
2349 421 2422 448 '²⁰¹²

1523 479 1532 495 ,
1958 466 1995 490 m
2135 466 2214 494 eam
2244 466 2320 492 rem
2349 466 2422 492 non

1343 497 1486 542 ’pen-ire,
1519 508 1600 533 cum
1629 498 1760 535 iudicio
1782 499 1892 536 locati
1915 510 1937 534 a
1959 499 2095 536 fullone
2117 504 2182 536 aut
2203 499 2423 539 sarcinatore

1342 542 1425 577 'rem
1454 553 1556 578 suam
1586 544 1750 589 persequi
1779 545 1919 589 potest.⁴
1962 543 2025 580 sed
2048 548 2085 580 et
2105 545 2222 582 bonae
2243 545 2327 582 fidei
2349 556 2421 582 em-

1340 587 1434 632 ptori
1457 587 1627 632 subrepta
1648 599 1688 624 re
1706 599 1813 634 quam
1833 589 1965 632 emerit,
1990 590 2148 642 quamvis
2168 589 2332 627 dominus
2350 601 2421 627 non

1340 632 1396 674 sit,
1421 632 1622 684 omnimodo
1647 634 1817 686 competit
1833 633 1921 670 furti
1941 639 2047 678 actio,
2072 635 2367 687 quemadmodum
2386 639 2422 672 et

1341 676 1517 712 creditori.
1561 677 1687 714 fullom
1716 689 1798 717 vero
1823 682 1859 714 et
1881 680 2093 715 sarcinatori
2116 691 2188 716 non
2211 681 2314 717 aliter
2335 680 2422 716 furti

1341 722 2370 822 Sssfflsse‘reeifflsssssudssaat'ssffimfflsss‘i’ssssissdsso'ssississ’t3¹22&
2391 725 2422 807 ἓξ

1341 811 1517 848 ’solvendo
1542 822 1614 848 non
1637 816 1739 856 sunt,
1770 817 1857 849 tunc
1903 814 1964 850 uia
1986 814 2032 850 ab
2057 825 2108 851 eis
2130 826 2235 852 suum
2259 815 2422 852 dominus

1341 857 1520 902 'consequi
1543 867 1616 896 non
1638 858 1772 903 possit,
1795 858 1865 903 ipsi
1913 859 2030 895 omino
2053 858 2140 896 furti
2162 861 2256 896 actio
2280 870 2421 906 compe-

1340 902 1411 945 'tit,
1444 902 1528 947 quia
1556 903 1626 939 hoc
1657 913 1744 939 casu
1765 903 1877 948 ipsius
1899 904 2048 940 interest
2069 915 2144 948 rem
2168 905 2300 942 salvam
2324 905 2422 946 esse!

1338 946 1431 982 idem
1444 950 1498 983 est
1510 950 1546 983 et
1557 948 1588 983 si
1599 947 1636 983 in
1647 952 1751 993 parte
1763 948 1931 984 solvendo
1943 948 2015 984 sint
2025 949 2114 986 fullo
2126 953 2191 986 aut
2208 950 2420 988 sarcinator.

1343 995 1383 1028 16
1409 994 1477 1034 (18)
1526 993 1558 1014 ⁹'
1593 1002 1660 1028 uae
1695 993 1740 1029 de
1772 992 1909 1029 fullone
1942 997 1979 1029 et
2008 995 2227 1032 sarcinatore
2258 994 2421 1038 din'mus,

1341 1037 1475 1072 'eadem
1486 1041 1522 1074 et
1608 1048 1688 1073 eum
1708 1038 1767 1074 cui
1786 1038 2009 1075 commodata
2027 1049 2084 1076 res
2104 1043 2160 1077 est
2177 1038 2424 1077 transferenda

1341 1083 1484 1118 'veteres
1521 1083 1788 1119 existimabant:
1825 1093 1909 1119 nam
1943 1087 1984 1120 ut
2016 1084 2076 1121 ille
2105 1084 2195 1121 fullo
2225 1085 2422 1122 mercedem

1340 1127 1556 1172 'accipiendo
1592 1128 1790 1164 custodiam
1820 1131 1999 1174 praestat,
2029 1129 2082 1165 ita
2109 1130 2140 1167 is
2171 1140 2331 1176 quoque,
2362 1130 2423 1176 qui

1341 1172 1574 1208 'commodum
1596 1172 1719 1210 utendi
1749 1173 1918 1219 percipit,
1950 1173 2109 1210 similiter
2138 1185 2284 1211 necesse
2313 1174 2423 1215 habet

1342 1218 1549 1253 'custodiam
1572 1219 1778 1263 praestare.⁴
1813 1218 1876 1254 sed
1896 1222 2020 1254 nostra
2035 1219 2257 1264 providentia
2277 1219 2383 1255 etiam
2394 1221 2422 1241 ¹⁰

1339 1262 1409 1298 hoc
1432 1263 1470 1297 in
1494 1263 1732 1299 decisionibus
1752 1264 1883 1299 nostris
1903 1264 2111 1307 emendavit,
2141 1266 2216 1300 Ηιιι
2234 1265 2271 1300 in
2291 1264 2422 1300 domini

1340 1307 1386 1342 sit
1409 1308 1604 1351 voluntate,
1628 1308 1702 1343 sive
1726 1308 1938 1344 commodati
1957 1309 2133 1345 actionem
2153 1309 2321 1346 adversus
2343 1320 2422 1346 eum

1338 1353 1401 1432 pui
1423 1363 1498 1388 rem
1522 1352 1782 1388 commodatam
1805 1354 1944 1399 accepit
1966 1365 2107 1390 movere
2130 1355 2327 1398 desiderat,
2351 1355 2423 1390 sive

1355 1397 1425 1433 urti
1456 1398 1624 1434 adversus
1656 1408 1737 1433 eum
1767 1398 1828 1444 qui
1857 1409 1932 1434 rem
1955 1399 2149 1445 subripuit,
2185 1404 2221 1436 et
2252 1400 2423 1436 alterutra

1340 1452 1461 1479 earum
1492 1443 1606 1479 electa
1637 1443 1815 1479 dominum
1846 1454 1919 1479 non
1967 1454 2047 1480 osse
2070 1455 2115 1480 ex
2137 1445 2354 1490 paenitentia
2376 1445 2422 1480 ad

1340 1488 1488 1524 alteram
1518 1489 1638 1524 venire
1669 1489 1855 1524 actionem.
1892 1455 1964 1524 sed)
1986 1489 2016 1524 si
2047 1489 2186 1542 quidem
2213 1490 2328 1526 furem
2352 1490 2421 1525 ele·

1339 1533 1439 1578 gerit,
1463 1534 1562 1568 illum
1586 1533 1646 1578 qui
1668 1544 1743 1569 rem
1762 1533 1931 1569 utendam
1950 1538 2089 1580 accepit
2106 1535 2248 1580 penitus
2266 1535 2419 1570 liberari.

1339 1578 1395 1613 sin
1418 1582 1538 1614 autem
1561 1578 1803 1614 commodator
1825 1579 1944 1614 veniat
1967 1579 2136 1615 adversus
2160 1590 2240 1615 eum
2265 1580 2326 1626 qui
2347 1590 2421 1615 rem

1339 1623 1508 1659 utendam
1532 1624 1690 1669 accepit,
1714 1624 1783 1669 ipsi
1806 1623 1948 1669 quidem
1970 1624 2068 1660 nullo
2091 1624 2196 1661 modo
2222 1628 2422 1671 competere

1339 1679 1446 1713 posse
1469 1668 1638 1704 adversus
1661 1668 1775 1704 furem
1795 1668 1883 1704 furti
1902 1670 2090 1712 actionem,
2115 1681 2195 1706 eum
2213 1674 2343 1713 autem,
2362 1671 2421 1715 qui

1338 1724 1405 1793 pro
1428 1723 1468 1749 re
1491 1713 1714 1749 commodata
1738 1714 1963 1757 convenitur,
1987 1724 2093 1759 posse
2116 1715 2285 1751 adversus
2308 1715 2421 1750 furem

1356 1758 1426 1794 urti
1448 1759 1580 1794 habere
1603 1759 1797 1802 actionem,
1828 1759 1880 1794 ita
1901 1762 2038 1802 tamen,
2069 1760 2099 1795 si
2122 1760 2284 1796 dominus
2307 1760 2421 1796 sciens

1339 1814 1414 1839 rem
1445 1813 1523 1839 esse
1554 1804 1760 1856 subreptam
1789 1803 1958 1840 adversus
1990 1814 2070 1840 eum
2104 1805 2163 1841 cui
2184 1816 2242 1841 res
2267 1816 2421 1841 commo-

1340 1848 1425 1884 data
1446 1848 1515 1884 fuit
1536 1853 1713 1895 pervenit:
1738 1849 1793 1884 sin
1810 1852 1929 1885 autem
1949 1849 2089 1885 nescius
2108 1854 2144 1885 et
2162 1849 2328 1886 dubitans
2347 1861 2422 1886 rem

1339 1904 1412 1930 non
1447 1904 1526 1930 esse
1560 1894 1657 1939 apud
1691 1904 1771 1929 eum
1805 1894 2018 1930 commodati
2052 1895 2228 1931 actionem
2257 1895 2422 1938 instituit,

1339 1942 1467 1984 postea
1497 1942 1617 1975 autem
1647 1950 1687 1975 re
1718 1942 1901 1985 comperta
1929 1940 2042 1976 voluit
2071 1940 2249 1982 remittere
2281 1940 2421 1986 quidem

1341 1983 1555 2020 commodati
1577 1984 1765 2027 actionem,
1789 1984 1837 2020 ad
1858 1983 1945 2020 furti
1968 1988 2087 2021 autem
2110 1985 2311 2031 pervenire,
2335 1989 2422 2021 tunc

1339 2029 1484 2065 licentia
1505 2029 1537 2064 ei
1561 2029 1780 2065 concedatur
1803 2033 1840 2065 et
1861 2029 2031 2066 adversus
2053 2030 2169 2067 furem
2187 2031 2304 2071 venire
2323 2030 2420 2067 nullo

1340 2074 1524 2110 obstaculo
1547 2075 1579 2110 ei
1598 2074 1822 2120 opponendo,
1847 2075 2014 2120 quoniam
2032 2076 2189 2113 incertus
2209 2076 2421 2113 constitutus

1339 2120 1448 2156 movit
1479 2119 1648 2156 adversus
1680 2130 1760 2156 eum
1814 2120 1852 2156 ui
1873 2130 1948 2156 rem
1970 2120 2140 2157 utendam
2162 2121 2302 2168 accepit
2325 2131 2420 2157 com-

1339 2164 1474 2200 modati
1496 2165 1673 2201 actionem
1697 2165 1776 2208 (nisi
1823 2165 1939 2201 omino
1965 2165 2010 2202 ab
2035 2176 2077 2202 eo
2101 2166 2326 2203 satisfactum
2348 2169 2420 2203 est:

1338 2213 1425 2245 tunc
1449 2210 1578 2246 etenim
1601 2210 1801 2246 omnimodo
1823 2210 1939 2246 furem
1961 2221 1984 2246 a
2007 2210 2147 2250 domino
2172 2211 2313 2257 quidem
2334 2210 2421 2247 furti

1338 2255 1480 2291 actione
1492 2255 1646 2298 liberari,
1671 2255 1893 2300 suppositum
1913 2259 2032 2291 autem
2050 2266 2128 2292 esse
2143 2256 2187 2299 ei,
2211 2255 2271 2301 qui
2292 2266 2359 2302 pro
2382 2267 2421 2292 re

1338 2299 1407 2336 sibi
1434 2300 1658 2336 commodata
1681 2300 1823 2336 domino
1847 2300 2046 2344 satisfecit),
2071 2311 2152 2337 cum
2174 2300 2419 2338 manifestissi-

1338 2355 1434 2381 mum
1453 2348 1517 2388 est,
1543 2345 1648 2380 etiam
1668 2345 1699 2380 si
1717 2345 1763 2381 ab
1780 2345 1881 2381 initio
1900 2345 2062 2382 dominus
2074 2346 2251 2387 actionem
2268 2346 2422 2382 instituit

1338 2390 1552 2426 commodati
1568 2390 1712 2435 ignarus
1731 2400 1807 2426 rem
1827 2400 1905 2427 esse
1923 2391 2138 2437 subreptam,
2156 2394 2283 2438 postea
2301 2395 2421 2429 autem

1337 2435 1407 2471 hoc
1431 2435 1463 2471 ei
1487 2435 1627 2480 cognito
1659 2435 1828 2471 adversus
1858 2434 1973 2472 furem
2003 2436 2184 2480 transivit,
2217 2435 2417 2476 omnimodo

1336 2479 1482 2516 liberari
1513 2490 1594 2516 eum
1624 2480 1684 2526 qui
1713 2491 1789 2533 rem
1811 2480 2078 2534 'commodatam
2109 2481 2264 2527 accepit,
2297 2491 2414 2528 quem-

1337 2536 1488 2622 ἓὲἒὲἓθ
1505 2535 1650 2606 diffie
1660 2525 2199 2623 αἰῖῃιᾚηὲοῗῗέἒεὲιῒῖᾚ
2215 2523 2417 2618 ἷὲῐῖῗηξζ

1337 2625 1409 2651 sive
1431 2615 1469 2650 in
1493 2615 1644 2653 solidum
1666 2615 1834 2652 solvendo
1858 2616 1904 2652 sit
1925 2626 1956 2652 is
1980 2616 2041 2662 qui
2062 2627 2137 2652 rem
2160 2615 2418 2661 commodatam

1340 2663 1379 2695 17
1406 2663 1474 2704 (19)
1521 2660 1671 2706 accepit.
1724 2660 1839 2696 ¹2‘Sed
1861 2661 1904 2704 is,
1928 2660 2025 2706 apud
2047 2671 2151 2707 quem
2173 2671 2232 2699 res
2256 2660 2418 2709 deposita

1337 2706 1420 2748 'est,
1453 2705 1652 2742 custodiam
1674 2716 1747 2742 non
1765 2709 1948 2758 praestat,
1979 2705 2043 2742 sed
2064 2710 2203 2743 tantum
2225 2706 2264 2743 in
2286 2717 2329 2744 eo
2352 2706 2416 2743 ob-

1337 2750 1474 2786 ‘noxius
1499 2753 1571 2793 est,
1603 2751 1634 2786 si
1657 2750 1742 2796 quid
1762 2760 1841 2796 ipse
1863 2750 1944 2788 dolo
1967 2750 2061 2787 malo
2091 2750 2237 2790 fecerit:
2268 2762 2340 2799 qua
2372 2751 2418 2788 de

1336 2796 1458 2832 'causa
1489 2795 1520 2831 si
1548 2806 1605 2831 res
1638 2796 1671 2831 ei
1701 2796 1872 2841 subrepta
1900 2794 2025 2838 fuerit,
2061 2795 2143 2842 quia
2175 2796 2417 2838 restituendae

1336 2840 1422 2877 *eius
1435 2841 1463 2862 ¹³
1485 2840 1628 2876 nomine
1651 2840 1802 2886 depositi
1824 2851 1896 2877 non
1925 2843 2067 2881 tenetur
2097 2851 2164 2877 nec
2195 2840 2242 2878 ob
2272 2838 2310 2878 id
2340 2842 2415 2878 eius

1336 2885 1493 2922 'interest
1514 2896 1589 2921 rem
1612 2885 1745 2922 salvam
1768 2895 1858 2929 esse,
1880 2885 1969 2926 furti
1988 2896 2093 2932 agere
2111 2896 2184 2922 non
2227 2889 2330 2929 otest,
2354 2886 2416 2923 sed

1339 2933 1378 2967 18
1402 2933 1471 2973 (20)
1519 2930 1614 2966 'furti
1653 2930 1746 2967 actio
1782 2929 1924 2967 domino
1959 2930 2138 2984 competit.
2215 2942 2239 2979 ιι
2278 2941 2416 2972 summa

1335 2975 1527 3012 ’sciendum
1550 2978 1604 3012 est
1627 2974 1827 3021 quaesitum
1850 2985 1944 3018 esse,
1977 2986 2024 3012 an
2046 2976 2208 3022 impubes
2231 2986 2304 3012 rem
2328 2975 2412 3013 alie-

1334 3021 1427 3062 'nam
1457 3019 1651 3056 amovendo
1680 3019 1816 3056 furtum
1837 3019 1960 3056 faciat.
1993 3024 2028 3056 et
2056 3021 2194 3066 placet,
2226 3021 2310 3073 quia
2338 3021 2414 3062 fur-

1335 3066 1420 3102 'tum
1443 3076 1488 3101 ex
1510 3064 1642 3101 affectu
1665 3065 1845 3108 consistit,
1868 3066 1921 3102 ita
1944 3065 2084 3106 demum
2106 3065 2255 3110 obligari
2279 3076 2319 3102 eo
2345 3065 2413 3102 cri-

1334 3110 1438 3147 'mine
1458 3109 1695 3155 impuberem,
1719 3111 1751 3146 si
1771 3110 1954 3156 proximus
1976 3110 2157 3157 pubertati
2180 3110 2227 3147 sit
2249 3114 2287 3146 et
2308 3110 2354 3147 ob
2377 3110 2415 3147 id

1336 3157 1377 3191 19
1401 3158 1471 3199 (21)
1520 3155 1711 3200 'intellegat
1743 3165 1782 3192 se
1814 3155 2035 3201 delinquere-⁴
2080 3153 2185 3192 Furti
2215 3155 2309 3191 actio
2341 3155 2415 3192 sive

1333 3200 1433 3253 dupli
1451 3200 1524 3236 sive
1544 3199 1733 3253 quadrupli
1750 3203 1890 3253 tantum
1910 3201 1957 3236 ad
1974 3209 2112 3253 poenae
2129 3200 2413 3253 persecutionem

1331 3248 1501 3326 pertinet:
1537 3255 1621 3281 nam
1650 3255 1764 3291 ipsius
1793 3255 1846 3281 rei
1875 3249 2158 3290 persecutionem
2191 3249 2413 3283 extrinsecus

1356 3290 1441 3327 abet
1463 3290 1637 3333 dominus,
1660 3301 1768 3336 quam
1790 3293 1853 3326 aut
1874 3289 2082 3327 vindicando
2106 3293 2170 3335 aut
2193 3289 2412 3336 condicendo

1331 3339 1452 3380 potest
1475 3335 1627 3372 auferre.
1670 3334 1735 3373 sed
1757 3335 1946 3372 vindicatio
1971 3334 2111 3381 quidem
2134 3334 2306 3380 adversus
2328 3346 2411 3381 pos-

1331 3390 1507 3416 sessorem
1539 3384 1610 3423 est,
1642 3380 1716 3416 sive
1746 3379 1806 3415 fur
1834 3380 1848 3416 i
1873 3390 1913 3417 se
1942 3377 2104 3426 possidet
2125 3379 2198 3416 sive
2219 3379 2309 3416 alius
2333 3380 2410 3426 qui-

1330 3425 1433 3461 libet:
1466 3424 1643 3462 condictio
1674 3429 1793 3461 autem
1868 3435 1991 3461 versus
2019 3424 2136 3471 ipsum
2165 3424 2281 3461 furem
2310 3425 2410 3461 here·

1331 3469 1454 3507 demve
1477 3471 1564 3514 eius,
1587 3470 1673 3506 licet
1694 3481 1767 3506 non
1788 3469 1980 3516 possideat,
2005 3469 2183 3515 competit.

2109 3584 2170 3623 (10)
2194 3583 2295 3616 otiam
2307 3595 2365 3615 om.
2383 3582 2416 3616 T

1331 3586 1375 3626 (a)
1404 3583 1590 3624 Gaianas
1726 3583 1772 3625 (ο)
1799 3582 1877 3618 Gai.
1889 3584 1921 3622 3.
1931 3589 1987 3617 zoe

2057 3628 2116 3669 (12)
2145 3626 2409 3670 Gaianotzo·

1333 3629 1389 3671 (ii)
1415 3630 1546 3670 §testa
1561 3641 1601 3662 a·
1615 3627 1695 3662 cod.
1710 3629 1742 3668 6,
1752 3635 1779 3670 2,
1789 3635 1836 3667 22,
1846 3634 1869 3661 i.
1879 3635 1896 3662 ι

1333 3675 1393 3716 (1⁸)
1416 3673 1501 3714 eius]
1514 3673 1641 3714 Aoni„
1654 3673 1727 3706 eius
1739 3672 1789 3705 rei
1801 3672 1874 3706 ΒΕ

2508 0 2528 58 ’,Ξ

2518 66 2528 113 ἑ

2518 163 2528 175 N

2518 179 2528 211 ἓ
