2528 3918
105 123 161 152 DE
190 119 382 152 PECULIO

1186 99 1362 170 195-

2216 103 2349 146 XVl

837 505 1018 555 LIBER
1049 505 1304 565 QUINTUS
1336 505 1610 555 DECIMUS.

606 635 623 672 Ι
636 633 661 673 ¹.

494 701 554 732 DE
581 699 789 732 PEOULio.

147 767 163 805 1
200 767 394 803 ULPJANUS
415 767 505 802 libro
530 767 720 802 vicensimo
745 777 841 801 nono
862 768 913 801 ad
931 766 1085 802 edictum
1122 766 1186 802 Or-

98 813 271 849 dinarium
295 816 439 857 praetor
463 812 658 846 arbitratus
685 814 738 846 est
760 812 860 856 prius
885 822 946 847 eos
980 815 1187 847 contractus

98 869 273 911 exponere
306 869 426 893 eorum
458 858 518 902 qui
551 857 688 892 alienae
719 857 892 901 potestati
917 857 1067 892 subiecti
1092 860 1186 898 sunt,

97 916 157 950 qm
168 905 205 939 in
217 903 367 939 solidum
388 903 551 937 tribuunt
570 903 757 944 actionem,
779 902 829 937 sic
852 902 979 937 deinde
999 902 1045 937 ad
1066 902 1187 937 hunc²

99 954 113 985 1
163 949 358 994 pervenire,
383 948 444 983 ubi
469 948 513 983 de
537 948 676 993 peculio
699 947 805 982 datur
824 948 930 982 actio.
978 947 1048 983 Est
1068 951 1187 982 autem

97 995 223 1040 triplex
246 995 315 1029 hoc
340 993 511 1028 edictum:
544 997 608 1028 0111
639 993 731 1028 0111111
764 993 807 1027 (10
831 993 970 1037 peculio
996 996 1059 1027 aut
1083 992 1127 1027 de
1150 993 1187 1027 in

98 1043 116 1075 2
164 1050 238 1075 rem
258 1049 360 1074 verso
382 1042 445 1073 aut
465 1038 561 1083 quod
581 1039 679 1073 iussu
701 1038 785 1073 hinc
798 1038 912 1073 oritur
924 1039 1028 1073 actio.
1066 1038 1188 1073 Verba

97 1089 214 1121 autern
240 1085 344 1120 edicti
367 1085 455 1119 talia
479 1087 580 1118 sunt:
607 1083 722 1128 ‘Quod
747 1094 827 1118 cum
851 1093 910 1126 eo,
945 1084 1004 1129 qui
1036 1084 1073 1118 in
1099 1084 1186 1118 alte-

98 1134 117 1167 3
165 1131 249 1166 ‘n‘us
274 1134 453 1175 potestate
478 1133 590 1172 esset,
622 1129 803 1173 negotium
833 1133 971 1173 gestum
995 1129 1083 1164 erit'.
1132 1130 1187 1164 De

97 1187 138 1212 eo
163 1176 337 1220 loquitur,
370 1186 443 1210 non
467 1174 511 1209 de
536 1185 595 1209 ea:
629 1174 692 1209 sed
716 1178 836 1209 tamen
862 1178 896 1209 et
921 1175 966 1209 ob
993 1185 1071 1209 eam
1096 1185 1187 1219 quae

96 1225 116 1256 4
164 1225 218 1257 001
240 1220 398 1256 feminini
423 1230 528 1255 sexus
554 1220 696 1254 dabitur
720 1230 763 1255 ex
782 1220 851 1255 1100
874 1220 989 1255 edicto
1010 1221 1115 1255 actio.
1151 1220 1188 1254 Si

96 1278 176 1303 cum
200 1267 382 1311 impubere
405 1265 477 1301 filio
502 1265 655 1300 familias
679 1265 734 1300 vel
758 1275 858 1300 servo
885 1269 1109 1301 contractum
1130 1266 1186 1307 sit,

95 1313 146 1348 ita
170 1312 311 1347 dabitur
334 1311 372 1346 in
396 1311 575 1346 dominum
599 1311 654 1346 vel
677 1314 814 1356 patrem
839 1311 882 1345 de
905 1311 1058 1355 peculio,
1084 1311 1114 1346 si
1134 1311 1186 1346 lo-

95 1362 115 1393 5
165 1357 340 1402 cupletius
374 1367 495 1392 eorum
520 1356 698 1401 peculium
721 1356 857 1390 factum
882 1360 945 1391 est.
994 1356 1187 1391 Potestatis

94 1404 242 1439 verbum
285 1402 518 1438 communiter
560 1402 806 1446 accipiendum
843 1405 899 1436 est
933 1405 1008 1436 tam
1042 1402 1079 1436 in
1114 1401 1186 1437 filio

97 1452 117 1484 6
165 1458 271 1494 quam
301 1448 337 1482 in
369 1458 482 1483 servo.
530 1447 607 1482 Nec
631 1447 742 1491 magis
768 1447 983 1482 dominium3
1007 1457 1188 1482 servorum

96 1505 174 1530 esse
198 1493 433 1539 spectandum
457 1503 565 1538 quam
588 1492 797 1528 facultatem
821 1493 976 1527 habendi
1001 1503 1080 1528 eos:
1115 1503 1188 1528 non

97 1540 188 1575 enim
219 1539 334 1574 solum
365 1549 547 1574 servorum
578 1538 803 1583 propriorum
834 1538 976 1573 nomine
1001 1538 1187 1573 convenie-

96 1596 185 1627 mur,
206 1585 290 1620 item
311 1584 561 1626 communium,
582 1594 702 1618 verum
723 1593 845 1618 eorum
866 1594 1007 1629 quoque
1020 1583 1081 1628 qui
1094 1584 1189 1619 bona

95 1631 165 1666 fide
189 1630 291 1665 nobis
316 1630 491 1671 serviunt,
526 1629 598 1664 sive
628 1628 730 1664 liberi
765 1629 835 1664 sint
859 1629 932 1664 sive
956 1629 1047 1664 servi
1072 1629 1187 1664 alieni.

142 1674 167 1712 2
200 1675 430 1711 Pomomvs
460 1675 551 1710 libro
587 1676 713 1720 quinto
750 1674 800 1709 ad
833 1673 1008 1710 Sabinum
1054 1674 1113 1709 Ex
1147 1685 1189 1710 ea

96 1732 216 1764 causa,
242 1731 286 1755 ex
310 1731 380 1766 qua
405 1721 534 1756 soleret
558 1730 680 1755 servus
705 1719 925 1755 fructuarius
946 1720 1000 1755 vel
1021 1721 1188 1755 usuarius

96 1767 326 1811 adquirere⁴,
351 1766 388 1801 in
412 1776 510 1808 eum,
536 1765 637 1800 cuius
663 1776 749 1800 usus
773 1765 913 1800 fructus
938 1766 992 1800 vel
1015 1776 1103 1800 usus
1129 1766 1186 1808 sit,

97 1813 190 1848 actio
213 1812 399 1846 dumtaxat
421 1812 464 1846 de
484 1811 625 1857 peculio
649 1815 859 1855 ceteraeque
871 1811 1086 1847 honorariae
1099 1811 1187 1846 dan-

96 1862 165 1899 tur,
191 1868 235 1892 ex
258 1857 402 1902 reliquis
427 1857 464 1891 in
489 1857 669 1891 dominum
692 1857 934 1901 proprietatis.

141 1902 164 1941 3
187 1902 380 1938 mmm
397 1902 487 1938 libro
507 1903 698 1938 vicensimo
718 1913 813 1937 nono
835 1902 885 1936 ad
896 1901 1050 1937 edictum
1085 1901 1189 1937 Licet

95 1950 238 1984 tamen5
261 1951 423 1993 praetor,
456 1947 487 1982 si
521 1958 602 1982 cum
627 1958 668 1982 eo
695 1947 755 1992 qui
779 1947 814 1981 in
839 1951 1017 1992 potestate
1040 1947 1087 1982 sit
1109 1957 1187 1992 ges-

95 1999 170 2029 tum
194 1994 250 2035 sit,
275 1994 485 2038 polliceatur
509 1993 696 2035 actionem,
720 1998 840 2027 tamen
865 1993 1048 2028 sciendum
1074 1997 1128 2028 est
1152 1996 1187 2027 et

96 2040 126 2075 si
149 2040 187 2075 in
210 2039 339 2074 nullius
365 2039 412 2073 sit
435 2042 631 2083 potestate,
664 2038 742 2073 dari
767 2038 810 2073 de
833 2038 973 2083 peculio
999 2038 1187 2080 actionem,

96 2090 136 2120 ut
159 2089 247 2131 puta
271 2085 301 2119 si
326 2095 406 2119 cum
430 2095 530 2119 servo
555 2083 767 2119 hereditario
794 2087 1019 2119 contractum
1039 2084 1085 2118 sit
1105 2088 1188 2119 ante

100 2135 114 2166 1
165 2130 298 2165 aditam
321 2129 565 2165 hereditatem.
615 2129 717 2164 Unde
737 2129 860 2164 Labeo
881 2129 1006 2164 scribit
1024 2132 1060 2163 et
1084 2129 1114 2164 si
1132 2140 1187 2165 se-

97 2176 214 2211 cundo
250 2175 398 2210 tertiove
429 2174 543 2219 gradu
576 2175 791 2209 substitutus
825 2175 872 2210 sit
907 2185 1029 2209 servus
1062 2178 1097 2209 et
1127 2174 1187 2209 de-

96 2221 329 2256 liberantibus
354 2220 475 2265 primis
499 2220 689 2254 heredibus
716 2230 795 2254 cum
821 2230 862 2255 eo
888 2223 1111 2255 contractum
1129 2220 1186 2262 sit,

96 2278 178 2302 mox
202 2266 473 2311 repudiantibus
499 2265 548 2300 eis
573 2266 649 2309 ipse
673 2265 762 2300 liber
793 2265 968 2310 heresque
1001 2266 1186 2308 exstiterit,

95 2322 202 2358 posse
234 2311 304 2347 dici
339 2311 383 2346 de
413 2310 553 2355 peculio
587 2321 667 2346 eum
700 2310 879 2345 conveniri
911 2314 947 2346 et
979 2310 1022 2346 de
1053 2311 1090 2345 in
1114 2321 1187 2345 rem

97 2362 115 2392 2
164 2367 276 2392 verso.
324 2356 430 2391 Parvi
462 2359 582 2391 autem
612 2356 739 2398 refert,
773 2366 895 2391 servus
927 2356 1006 2401 quis
1039 2357 1189 2391 masculi

97 2414 142 2438 an
166 2402 321 2437 mulieris
345 2402 468 2437 fuerit:
502 2412 585 2436 nam
617 2401 661 2436 de
685 2401 826 2446 peculio
852 2406 887 2436 et
909 2402 1035 2436 mulier
1059 2412 1186 2437 conve-

97 2452 116 2483 3
165 2449 291 2483 nietur.
339 2447 471 2482 Pedius
504 2446 610 2481 etiam
640 2447 839 2492 impuberes
872 2446 1033 2482 dominos
1058 2447 1101 2482 de
1125 2457 1186 2492 pe-

98 2493 189 2528 culio
216 2493 365 2537 obligari
389 2493 457 2527 ait:
491 2503 564 2527 11011
596 2492 688 2527 0111111
720 2503 801 2527 011111
831 2492 919 2537 ipsis
943 2492 1187 2537 impuberibus

98 2539 337 2580 contrahitur,
374 2542 415 2572 ut
448 2537 578 2573 tutoris
614 2537 864 2572 auctoritatem
899 2542 1049 2582 spectes.
1094 2537 1187 2572 idem

97 2584 205 2619 adicit
228 2583 401 2628 pupillum
425 2594 497 2618 non
521 2593 627 2627 posse
647 2593 748 2618 servo
796 2583 948 2618 eculium
969 2583 1188 2618 constituere

97 2633 117 2664 4
164 2639 229 2664 nec
261 2628 392 2663 tutoris
423 2629 647 2663 auctoritate.
695 2628 737 2662 In
785 2628 894 2663 uriosi
918 2638 1059 2673 quoque
1083 2639 1186 2663 cura-

96 2679 209 2710 torem
233 2674 381 2709 dicimus
407 2674 561 2708 dandam
586 2673 629 2708 de
652 2673 792 2718 peculio
817 2673 1010 2708 actionem:
1045 2684 1128 2708 nam
1153 2678 1189 2709 et

96 2721 205 2755 huius
216 2721 240 2741 5·
266 2730 388 2754 servus
412 2719 592 2764 peculium
615 2719 750 2753 habere
772 2722 902 2763 potest,
928 2730 1002 2754 non
1026 2719 1056 2753 si
1079 2718 1188 2753 fuerit

98 2775 325 2807 concessum,
351 2768 391 2799 ut
414 2765 564 2806 habeat,
589 2764 653 2799 sed
677 2764 707 2798 si
731 2775 803 2798 non
826 2764 934 2798 fuerit
957 2764 1185 2808 prohibitum,

97 2814 116 2846 5
164 2821 208 2845 ne
231 2810 373 2845 habeat.
422 2809 459 2844 Si
489 2809 583 2844 filius
613 2809 766 2844 familias
797 2810 852 2844 vel
884 2820 1007 2844 servus
1032 2820 1097 2854 pro
1123 2810 1186 2844 ali-

98 2867 166 2901 quo
191 2855 428 2890 fideiusserint
451 2855 506 2889 vel
529 2855 617 2890 alias
640 2854 894 2889 intervenerint
917 2855 972 2889 vel
995 2854 1186 2890 mandave-

96 2901 187 2943 rint,
219 2904 413 2936 tractatum
446 2904 517 2942 est,
550 2910 597 2935 an
629 2900 675 2935 sit
699 2900 742 2934 de
765 2900 904 2944 peculio
930 2900 1036 2934 actio.
1075 2904 1110 2934 et
1134 2904 1188 2935 est

97 2946 213 2981 verius
248 2947 285 2980 in
320 2956 420 2981 servo
456 2956 602 2980 causam
636 2945 852 2980 fideiubendi
886 2945 940 2980 vel
972 2945 1187 2980 111011(10111116

97 2991 347 3036 spectandam,
380 3001 486 3035 quam
520 2991 731 3025 sententiam
764 2994 800 3025 et
824 2990 947 3026 Celsus
970 2990 1060 3025 libro
1086 2995 1186 3026 sexto

97 3037 226 3082 probat
245 3037 282 3070 in
302 3047 402 3071 servo
422 3035 640 3071 fideiussore.
677 3036 707 3070 si
726 3035 832 3080 igitur
852 3035 954 3080 quasi
972 3035 1188 3071 intercessor

97 3092 219 3116 servus
242 3082 482 3123 intervenerit,
507 3092 579 3116 non
602 3091 676 3116 rem
707 3081 924 3125 peculiarem
956 3091 1081 3125 agens,
1114 3092 1187 3116 non

99 3130 117 3160 6
165 3127 379 3171 obligabitur
403 3126 564 3162 dominus
590 3126 633 3161 de
656 3126 807 3171 peculio.
855 3126 1014 3161 Iulianus
1047 3137 1188 3171 quoque

99 3172 187 3207 libro
214 3171 421 3207 duodecimo
447 3172 664 3216 digestorum
696 3171 837 3213 scribit,
872 3171 902 3205 si
932 3181 1054 3206 servus
1086 3182 1186 3206 man-

100 3217 244 3260 daverit,
268 3221 310 3251 ut
331 3217 497 3252 creditori
516 3227 595 3251 meo
616 3217 823 3259 solveretur,
843 3216 975 3251 referre
995 3216 1055 3258 ait,
1081 3227 1187 3261 quam

100 3272 243 3296 causam
263 3262 455 3296 mandandi
474 3262 657 3297 habuerit:
680 3261 710 3296 si
730 3272 793 3305 pro
816 3261 992 3296 creditore
1012 3272 1077 3296 suo
1100 3262 1187 3297 solvi

99 3307 289 3349 mandavit,
314 3317 391 3342 esse
416 3308 609 3352 obligatum
635 3307 814 3341 dominum
839 3307 883 3341 de
906 3307 1064 3352 peculio:
1091 3307 1187 3352 quod

100 3351 130 3386 si
153 3352 396 3387 intercessoris
420 3352 539 3387 officio
564 3352 710 3387 functus
735 3352 791 3394 sit,
816 3362 888 3386 non
908 3352 1056 3396 obligari
1075 3352 1186 3387 domi-

102 3400 118 3430 7
168 3408 252 3431 1111111
266 3397 309 3432 (10
321 3398 471 3442 peculio.
510 3397 575 3431 Cui
600 3397 773 3441 congruit,
799 3396 895 3441 quod
918 3397 1011 3431 idem
1024 3397 1185 3432 Iulianus

100 3441 232 3483 scribit,
254 3442 400 3477 siafilio
413 3453 490 3478 meo
511 3442 754 3477 fideiussorem
772 3452 956 3486 accepero,
977 3442 1146 3486 quidquid
1165 3453 1187 3476 a

101 3486 308 3521 fideiussore
324 3497 507 3532 accepero,
526 3487 563 3522 id
579 3497 634 3522 me
650 3497 723 3522 non
744 3486 787 3522 de
798 3487 834 3521 in
846 3497 921 3522 rem
931 3497 1044 3530 verso,
1067 3487 1130 3522 sed
1143 3487 1186 3522 de

148 3601 187 3641 (1)
214 3599 623 3635 Sab.1...5.·1...17.19...32.
637 3608 749 3635 36...41.
764 3608 817 3639 433
838 3602 903 3634 Ed.
919 3608 946 3634 6.
961 3607 1078 3634 33...35.
1092 3608 1138 3634 42.
1153 3608 1188 3633 44

104 3652 194 3683 ...49;
215 3645 300 3687 Pap.
319 3652 361 3678 18.
377 3652 504 3684 50...5·13
524 3648 612 3689 App.
627 3653 673 3680 58.
695 3664 740 3670 —
760 3646 846 3679 Bas.
863 3647 916 3684 18,
929 3653 956 3679 5.
971 3664 1015 3669 —
1040 3646 1091 3689 C's.
1110 3646 1189 3679 Cod.

106 3691 137 3727 4,
152 3696 188 3722 26
307 3690 349 3731 (2)
375 3690 441 3721 huc
454 3689 488 3722 F
598 3692 639 3731 (3)
665 3691 884 3724 dominumF
980 3691 1023 3731 (4)
1049 3691 1078 3722 01
1093 3691 1189 3722 0111110

104 3744 183 3766 usus
197 3735 328 3766 fructus
344 3734 394 3767 vel
407 3745 486 3767 usus
500 3735 545 3767 sit
558 3736 617 3768 ins.
686 3737 728 3778 (5)
741 3737 867 3777 10111011]
882 3739 951 3767 111111
964 3747 1024 3768 scr.
1089 3737 1143 3776 (δ’)
1156 3739 1189 3766 01
1220 3742 1224 3774 1

1259 631 1399 683 peculio
1414 632 1556 666 actione
1571 631 1731 667 mandati
1747 636 2023 678 praestaturum.
2049 635 2142 670 idem
2152 635 2310 688 accipias
2320 638 2356 671 et

1258 688 1295 711 111
1312 676 1403 711 servi
1420 676 1640 719 fideiussore,
1658 677 1822 730 idemque
1842 678 1873 713 si
1892 678 1983 713 alius
2002 680 2087 714 mihi
2106 691 2170 725 pro
2190 680 2262 716 fiho
2276 691 2354 717 meo

1259 722 1419 757 debitore
1432 723 1606 757 solvisset.
1633 723 1728 767 quod
1740 734 1769 758 01
1790 724 1884 758 filius
1900 734 2000 759 meus
2018 724 2157 760 debitor
2177 736 2249 761 non
2266 725 2354 762 fuis-

1259 771 1324 809 set,
1339 768 1549 812 exceptione
1565 768 1637 803 doli
1654 768 1899 804 fideiussorem
1915 780 2065 804 usurum
2083 774 2127 812 et,
2141 770 2171 805 si
2180 771 2354 814 solvisset,

1259 815 1278 847 8
1327 812 1575 847 condicturum
1594 813 1729 848 scribit.
1779 814 1816 849 Si
1836 825 1971 857 servus,
1994 826 2075 850 cum
2096 826 2134 851 se
2155 827 2220 860 pro
2242 817 2354 852 libero

1256 861 1406 903 gereret,
1433 858 1727 903 compromiserit,
1753 860 1948 905 quaeritur,
1969 870 2015 895 an
2037 861 2080 895 de
2099 862 2238 906 peculio
2260 863 2354 898 actio

1258 914 1301 938 ex
1332 913 1451 948 poena
1484 904 1731 948 compromissi
1754 905 1857 950 quasi
1881 916 1925 941 ex
1948 906 2089 950 negotio
2113 910 2212 951 gesto
2238 907 2357 942 danda

1257 949 1321 991 sit,
1359 949 1464 983 sicuti
1499 949 1720 985 traiecticiae
1753 951 1927 995 pecuniae
1960 951 2075 986 datur.
2124 951 2187 986 sed
2218 952 2287 987 1100
2321 957 2356 988 01

1256 994 1396 1030 Nervae
1430 993 1502 1029 filio
1538 998 1573 1029 et
1604 995 1691 1029 mihi
1722 996 1860 1031 videtur
1889 996 2006 1031 verius
2033 1007 2076 1032 ex
2101 998 2354 1041 compromisso

1258 1039 1443 1091 servi-non
1469 1039 1624 1074 dandam
1649 1040 1693 1076 de
1715 1042 1856 1086 peculio
1882 1042 2079 1084 actionem,
2112 1042 2196 1087 quia
2227 1053 2292 1077 nec
2326 1044 2356 1078 si

1256 1085 1389 1120 iudiclo
1428 1085 1685 1121 condemnetur
1722 1097 1866 1130 servus,
1911 1088 2017 1122 datur
2059 1088 2096 1122 in
2133 1098 2213 1122 eum
2248 1089 2353 1123 actio.

1257 1133 1277 1165 9
1326 1130 1396 1166 Sed
1429 1130 1459 1165 si
1490 1130 1584 1166 filius
1617 1131 1807 1168 fideiussor
1838 1133 1892 1168 vel
1926 1133 2028 1178 quasi
2052 1133 2272 1168 interventor
2295 1144 2355 1169 00-

1258 1179 1386 1221 ceptus
1411 1176 1476 1217 sit,
1502 1187 1549 1211 an
1575 1176 1618 1212 de
1641 1178 1782 1222 peculio
1807 1182 1947 1223 patrem
1970 1179 2125 1223 obligat,
2159 1179 2354 1223 quaeritur.

1258 1226 1293 1256 et
1325 1225 1379 1257 est
1410 1232 1493 1256 vera
1519 1221 1643 1257 Sabini
1668 1226 1702 1257 et
1727 1223 1841 1259 Cassii
1866 1224 2045 1259 sententia
2077 1224 2356 1260 existimantium

1257 1277 1396 1312 semper
1428 1267 1577 1312 obligari
1608 1272 1749 1313 patrem
1774 1269 1818 1304 de
1841 1270 1981 1315 peculio
2008 1273 2044 1304 et
2068 1270 2202 1304 distare
2225 1270 2261 1304 in
2286 1270 2356 1305 hoc

1260 1316 1300 1347 10
1349 1323 1371 1347 a
1395 1323 1509 1349 servo.
1558 1312 1676 1357 Quare
1709 1318 1744 1349 01
1775 1325 1819 1349 ex
1852 1315 2104 1360 compromisso
2129 1319 2232 1360 pater
2256 1319 2355 1350 tene-

1256 1358 1365 1393 bitur.
1403 1362 1438 1393 et
1458 1358 1509 1393 ita
1528 1358 1749 1404 Papinianus
1771 1371 1913 1405 quoque
1936 1360 2028 1395 libro
2053 1371 2148 1396 nono
2174 1360 2354 1405 quaestio-

1258 1415 1342 1438 num
1367 1404 1492 1438 scribit
1516 1414 1581 1439 nec
1606 1405 1778 1440 interesse
1803 1406 1864 1448 ait,
1890 1417 1933 1441 ex
1958 1416 2029 1451 qua
2054 1416 2165 1441 causa
2191 1417 2354 1451 compro-

1257 1449 1412 1491 miserit,
1448 1453 1569 1484 utrum
1603 1460 1646 1484 ex
1678 1461 1721 1485 ea
1754 1461 1882 1493 causa,
1921 1462 1964 1486 ex
1996 1462 2068 1497 qua
2099 1451 2240 1496 potuit⁷
2275 1462 2355 1486 cum

1257 1499 1360 1539 patre
1385 1494 1428 1529 de
1452 1495 1592 1540 peculio
1618 1506 1733 1540 agere,
1759 1507 1806 1531 an
1829 1507 1911 1532 vero
1938 1508 1982 1532 ex
2005 1498 2072 1532 ea⁸
2096 1507 2168 1549 qua
2191 1508 2353 1577 110ηὲ0-

1261 1544 1298 1574 11
1349 1540 1419 1574 tuit
1429 1540 1454 1581 ⁹,
1481 1551 1562 1575 cum
1582 1551 1626 1575 ex
1646 1541 1821 1587 stipulatu
1842 1547 1946 1587 pater
1966 1546 2209 1578 convenlatur.
2258 1543 2273 1577 I
2301 1553 2355 1577 em

1258 1585 1382 1637 scribit
1417 1585 1566 1620 iudicati
1604 1598 1746 1632 quoque
1780 1592 1920 1632 patrem
1956 1587 2000 1623 de
2035 1588 2175 1633 peculio
2213 1588 2355 1623 actione

1258 1636 1390 1673 tenen,
1416 1631 1513 1676 quod
1538 1635 1572 1666 et
1595 1632 1789 1668 Marcellus
1814 1637 1936 1678 putat,
1970 1634 2076 1668 etiam
2101 1633 2178 1668 eius
2203 1633 2355 1668 actionis

1258 1677 1410 1718 nomine,
1436 1687 1481 1711 ex
1507 1687 1578 1721 qua
1601 1688 1673 1712 non
1694 1679 1811 1723 potuit
1830 1682 1933 1723 pater
1951 1678 1995 1713 de
2015 1679 2154 1724 peculio
2176 1679 2354 1714 actionem

1257 1722 1352 1774 pati:
1377 1733 1460 1756 nam
1485 1722 1578 1757 sicut
1601 1723 1638 1757 in
1663 1724 1893 1769 stipulatione
1918 1725 2142 1759 contrahitur
2167 1735 2247 1759 cum
2269 1723 2352 1766 filio,

1257 1772 1308 1802 110
1342 1767 1474 1802 iudicio
1509 1769 1690 1803 contrahi:
1736 1769 1885 1814 proinde
1920 1780 1992 1804 non
2028 1770 2198 1814 originem
2234 1769 2354 1804 iudicii

1259 1813 1511 1857 spectandam,
1546 1813 1609 1848 sed
1641 1814 1755 1859 ipsam
1787 1814 1936 1850 iudicati
1967 1815 2063 1849 velut
2087 1815 2351 1859 obligationem.

1259 1869 1369 1902 quare
1407 1863 1441 1893 et
1477 1859 1506 1893 si
1539 1859 1641 1903 quasi
1674 1859 1840 1894 defensor
1873 1859 2130 1895 condemnatus
2163 1860 2228 1902 sit,
2262 1860 2351 1895 idem

1262 1907 1300 1938 12
1348 1907 1462 1948 putat.
1510 1903 1569 1938 Ex
1599 1904 1732 1939 furtiva
1764 1915 1875 1940 causa
1914 1905 1987 1941 filio
2025 1906 2166 1950 quidem
2200 1905 2353 1940 familias

1259 1949 1399 1984 condici
1422 1959 1530 1994 posse
1555 1954 1707 1985 constat.
1746 1960 1793 1985 an
1816 1961 1899 1986 vero
1924 1951 1961 1985 in
1983 1956 2123 2003 patrem
2148 1951 2203 1986 vel
2227 1951 2264 1986 in
2290 1951 2351 1986 do-

1257 1994 1390 2029 minum
1416 1995 1459 2029 de
1479 1995 1620 2039 peculio
1641 1995 1760 2030 danda
1778 2000 1842 2037 est,
1869 2000 2071 2041 quaeritur:
2098 2000 2132 2031 et
2152 1999 2206 2031 est
2223 1996 2352 2038 verius,

1257 2040 1293 2074 in
1319 2044 1491 2085 quantum
1514 2040 1596 2075 locu
1623 2041 1726 2076 letior
1751 2041 1914 2076 dominus
1932 2041 2052 2077 factus
2078 2046 2172 2077 esset
2193 2052 2235 2076 ex
2255 2041 2351 2077 furto

1257 2086 1367 2128 facto,
1388 2086 1566 2120 actionem
1611 2096 1629 2120 e
1649 2087 1788 2131 peculio
1810 2087 1983 2122 dandam:
2009 2087 2102 2122 idem
2122 2087 2245 2122 Labeo
2268 2098 2351 2131 pro-

1258 2132 1338 2173 bat,
1371 2131 1456 2175 quia
1487 2131 1748 2175 iniquissimum
1781 2136 1835 2167 est
1867 2143 1910 2167 ex
1934 2132 2030 2167 furto
2056 2132 2147 2168 servi
2172 2132 2351 2167 dominum

1257 2176 1469 2221 locupletari
1499 2176 1644 2221 impune
1659 2178 1695 2212 ¹⁰.
1751 2188 1834 2212 nam
1868 2182 1902 2212 et
1934 2178 2031 2213 circa
2063 2189 2181 2213 rerum
2215 2182 2350 2212 amota-

1256 2233 1336 2257 rum
1370 2222 1548 2256 actionem
1579 2221 1674 2257 filiae
1704 2222 1859 2258 familias
1892 2224 2034 2258 nomine
2065 2223 2101 2258 in
2125 2223 2161 2257 id
2186 2223 2281 2267 quod
2306 2223 2351 2257 ad

1260 2270 1299 2302 13
1348 2271 1485 2312 patrem
1520 2268 1679 2312 pervenit
1710 2268 1879 2313 competit
1911 2268 2004 2303 actio
2038 2268 2082 2303 de
2113 2268 2266 2313 peculio.
2315 2268 2352 2303 Si

1256 2313 1350 2347 filius
1382 2312 1535 2347 familias
1568 2312 1730 2348 duumvir
1762 2314 1896 2358 pupillo
1931 2324 2005 2348 rem
2030 2314 2164 2349 salvam
2188 2313 2266 2348 fore
2291 2324 2350 2348 ca-

1256 2358 1331 2393 veri
1355 2369 1427 2393 non
1452 2358 1599 2400 curavit,
1624 2358 1843 2403 Papinianus
1870 2359 1960 2394 libro
1986 2370 2081 2394 nono
2104 2358 2351 2403 quaestionum

1258 2403 1301 2438 de
1334 2403 1475 2448 peculio
1508 2404 1685 2438 actionem
1719 2408 1921 2448 competere
1953 2404 2014 2439 ait.
2063 2415 2129 2439 nec
2161 2404 2350 2456 quicquam

1256 2452 1396 2483 mutare
1432 2448 1606 2490 arbitror,
1638 2460 1684 2483 an
1715 2450 1900 2484 voluntate
1923 2450 2036 2494 patris
2061 2449 2206 2485 decurio
2231 2449 2350 2485 factus

1256 2494 1322 2536 sit,
1361 2494 1527 2538 quoniam
1557 2505 1632 2529 rem
1664 2495 1845 2539 publicam
1876 2495 2010 2530 salvam
2041 2494 2119 2530 fore
2150 2498 2254 2540 pater
2285 2494 2348 2530 ob-

1257 2539 1402 2575 strictus
1427 2543 1493 2574 est.

1302 2583 1327 2621 4
1352 2584 1582 2619 POMPONIUS
1610 2584 1700 2619 libro
1731 2586 1881 2630 septimo
1913 2585 1963 2620 ad
1993 2584 2167 2620 Sabinum
2214 2584 2346 2620 Peculii

1257 2634 1312 2665 est
1335 2640 1407 2665 non
1430 2629 1478 2671 id,
1505 2629 1605 2664 cuius
1630 2639 1752 2664 servus
1777 2640 1937 2665 seorsum
1962 2640 1983 2665 a
2008 2630 2149 2665 domino
2174 2630 2349 2665 rationem

1257 2675 1439 2716 habuerit,
1471 2675 1534 2709 sed
1566 2675 1662 2719 quod
1694 2674 1858 2710 dominus
1889 2676 1966 2720 ipse
1998 2676 2217 2720 separaverit
2248 2686 2349 2710 suam

1257 2723 1317 2755 a¹¹
1344 2720 1434 2755 servi
1458 2720 1632 2755 rationem
1657 2720 1881 2755 discernens:
1907 2731 1990 2755 nam
2015 2731 2096 2755 cum
2121 2720 2214 2756 servi
2238 2731 2347 2765 pecu-

1257 2767 1342 2801 lium
1373 2769 1489 2801 totum
1513 2765 1667 2800 adimere
1690 2765 1744 2800 vel
1769 2776 1898 2810 augere
1922 2766 1977 2801 vel
2000 2766 2160 2801 minuere
2184 2765 2347 2801 dominus

1256 2811 1386 2856 possit,
1420 2810 1771 2845 animadvertendum
1804 2814 1859 2846 est
1889 2821 1962 2846 non
1994 2811 2079 2856 quid
2111 2821 2253 2853 servus,
2286 2811 2348 2846 sed

1257 2856 1342 2901 quid
1373 2856 1536 2890 dominus
1570 2855 1810 2890 constituendi
1842 2856 1977 2891 servilis
2001 2856 2134 2901 peculii
2156 2856 2271 2901 gratia
2294 2856 2346 2891 fe-

1260 2905 1273 2936 1
1326 2901 1422 2936 cerit.
1472 2900 1542 2935 Sed
1565 2901 1635 2935 hoc
1658 2900 1709 2935 ita
1732 2911 1854 2936 verum
1877 2905 1982 2946 puto,
2008 2902 2038 2936 si
2062 2901 2181 2937 debito
2207 2912 2347 2936 servum

1256 2947 1407 2981 liberare
1431 2946 1542 2980 voluit
1566 2945 1749 2987 dominus,
1782 2950 1841 2988 ut,
1874 2947 2013 2981 etiamsi
2043 2946 2141 2982 nuda
2164 2947 2347 2982 voluntate

1256 2991 1430 3026 remiserit
1454 2990 1617 3025 dominus
1642 2991 1736 3035 quod
1760 2991 1940 3034 debuerit,
1975 2992 2114 3027 desinat
2139 3002 2260 3027 servus
2285 2992 2345 3026 de-

1256 3037 1350 3071 bitor
1383 3046 1476 3071 esse:
1511 3035 1541 3070 si
1571 3046 1653 3070 vero
1686 3036 1830 3071 nomina
1861 3037 1912 3072 ita
1941 3037 2067 3072 fecerit
2091 3037 2273 3078 dominus,
2306 3040 2346 3071 ut

1257 3082 1360 3126 quasi
1384 3081 1578 3116 debitorem
1604 3091 1642 3115 se
1666 3091 1767 3116 servo
1791 3081 1946 3125 faceret,
1972 3093 2053 3117 cum
2077 3093 2116 3117 re
2138 3092 2222 3117 vera
2247 3081 2344 3116 debi-

1256 3132 1313 3162 tor
1336 3137 1408 3161 non
1434 3130 1545 3168 esset,
1571 3130 1698 3160 contra
1721 3130 1827 3171 puto:
1853 3137 1892 3162 re
1917 3127 2020 3170 enim,
2046 3138 2117 3162 non
2140 3127 2257 3162 verbis
2281 3137 2343 3171 pe-

1258 3176 1276 3206 2
1326 3172 1457 3207 culium
1490 3170 1690 3215 augendum
1715 3176 1779 3207 est.
1827 3172 1886 3207 Ex
1909 3173 1964 3207 his
1989 3176 2140 3217 apparet
2162 3182 2235 3206 non
2260 3171 2344 3216 quid

1257 3228 1379 3252 servus
1403 3217 1588 3261 ignorante
1620 3216 1761 3252 domino
1793 3218 1961 3252 habuerit
1991 3217 2121 3262 peculii
2153 3227 2248 3258 esse,
2280 3216 2343 3250 sed

1257 3262 1340 3307 quid
1371 3262 1528 3296 volente:
1562 3261 1718 3306 alioquin
1751 3266 1786 3297 et
1810 3263 1906 3307 quod
1930 3263 2108 3307 subripuit
2131 3272 2252 3296 servus
2278 3261 2340 3295 do-

1257 3311 1275 3342 3
1323 3307 1430 3347 mino,
1451 3306 1513 3341 fiet
1531 3307 1672 3350 peculii,
1695 3308 1790 3352 quod
1812 3319 1884 3343 non
1905 3312 1959 3343 est
1978 3318 2109 3342 verum.
2147 3306 2216 3341 Sed
2236 3315 2342 3349 saepe

1255 3353 1313 3395 fit,
1346 3356 1386 3386 ut
1416 3352 1602 3396 ignorante
1634 3352 1776 3387 domino
1807 3353 1955 3397 incipiat
1986 3352 2095 3387 minui
2119 3351 2208 3386 servi
2232 3361 2340 3394 pecu-

1254 3398 1351 3439 lium,
1375 3396 1484 3433 veluti
1508 3408 1588 3432 cum
1612 3397 1779 3432 damnum
1800 3398 1941 3433 domino
1963 3398 2024 3432 dat
2043 3407 2163 3431 servus
2184 3399 2247 3429 aut
2265 3394 2339 3428 fur-

1255 3445 1275 3476 4
1322 3447 1398 3476 tum
1432 3441 1530 3476 facit.
1579 3442 1617 3477 Si
1649 3453 1752 3487 opem
1783 3442 1920 3478 ferente
1956 3452 2055 3477 servo
2091 3451 2169 3475 meo
2205 3439 2340 3490 furtum

1254 3487 1339 3521 mihi
1361 3486 1500 3529 feceris,
1523 3487 1560 3522 id
1584 3498 1628 3522 ex
1650 3487 1790 3533 peculio
1816 3488 2061 3523 deducendum
2085 3490 2156 3527 est,
2181 3495 2251 3528 quo
2275 3495 2336 3518 mi-

1952 3600 1993 3639 (7)
2019 3598 2113 3639 potui
2127 3610 2187 3629 scr.
2294 3597 2337 3636 (8)

1257 3600 1359 3632 huius
1373 3601 1434 3633 dez.
1537 3601 1580 3642 (6)
1606 3601 1806 3633 mandandis
1820 3601 1854 3632 F

1883 3645 1942 3685 (10)
1966 3642 2301 3684 locupletarumpune
2312 3643 2345 3674 F

1259 3655 1298 3677 ex
1310 3646 1370 3678 ins.
1386 3646 1486 3687 (edd.)
1558 3647 1602 3688 (9)
1628 3647 1724 3688 potui
1739 3659 1800 3678 scr.

1259 3693 1312 3731 (111
1340 3701 1432 3723 suam
1446 3694 1477 3732 0]
1492 3693 1583 3732 deta,
1597 3702 1724 3723 summa
1737 3693 1769 3723 1³

2000 3789 2063 3820 25*
