2528 3918
193 94 322 138 11.2

194 225 336 251 sumus:
377 214 593 258 ubicumque
622 215 768 258 praetor
798 211 898 248 salva
926 211 1113 248 maiestate
1143 211 1281 264 imperii

196 259 253 296 sui
283 259 453 304 salvoque
483 267 582 293 more
612 257 786 293 maiorum
807 257 864 293 ius
888 256 1006 293 dicere
1030 256 1226 300 constitmt,
1249 257 1280 292 is

194 305 296 341 locus
318 308 416 339 recte
438 303 494 338 ius
518 312 564 347 ap
591 301 729 337 ellatur.

244 346 294 386 12
314 348 552 384 MARCIANUS
573 346 651 382 ibro
655 347 780 394 primo
793 346 1054 381 institutionum
1093 343 1280 380 Nonnum-

195 403 301 439 quam
328 393 383 428 ius
407 392 513 427 etiam
536 401 601 437 pro
627 390 889 427 necessitudine
912 390 1061 426 dicimus
1084 389 1193 425 veluti
1211 387 1282 425 ‘est

195 438 280 473 mihi
302 438 358 472 ius
382 436 604 482 cognationis
626 436 682 471 vel
705 432 931 471 adfinitatis’.

699 527 772 567 11⁸.

195 596 256 628 DE
279 593 470 627 ORIGI'NE
490 593 613 626 Imus
634 593 695 625 ΕΤ
715 592 900 626 OMNIUM
921 591 1281 624 MAGISTRATUUM

359 638 420 672 ΕΤ
444 637 749 673 SUCCESSIONE
774 634 1112 670 PRUDEN'HUM2.

244 704 262 741 1
294 704 418 741 GAIUs
430 704 520 741 libro
525 706 650 752 primo
672 704 722 740 ad
740 703 852 750 leqem
870 701 1057 737 duodecim
1078 701 1282 737 tabularum

194 749 373 785 Facturus
404 749 521 794 legum
550 753 771 786 vetustarum
800 747 1127 792 interpretationem
1159 756 1282 782 neces-

194 794 288 830 sario
319 794 444 839 prius³
467 795 513 830 ab
544 794 643 830 urbis
674 793 782 829 initiis
813 791 1044 837 repetendum
1076 791 1281 833 existimavi,

194 850 266 875 non
298 838 383 884 quia
412 839 515 875 velim
544 839 712 875 verbosos
744 836 1014 873 commentarios
1045 835 1183 879 facere,
1220 836 1284 871 sed

195 883 292 930 quod
324 883 366 919 in
393 884 558 920 omnibus
592 884 700 919 rebus
734 881 974 917 animadverto
1010 880 1047 916 id
1085 881 1282 961 pterfeptum

1014 936 1100 962 cons
1119 936 1180 961 are
1205 938 1214 961 ε
1248 930 1283 961 et

195 939 285 971 esse,
317 928 414 974 quod
445 938 489 964 ex
519 929 682 964 omnibus
714 927 788 963 suis
808 926 981 992 ⁴partibus
997 971 1185 1016 mcipium
1217 974 1271 1006 est

195 977 292 1010 certe
327 973 500 1019 cuiusque
534 974 586 1008 rei
615 972 800 1018 potissima
853 981 938 1016 pars

195 1018 322 1054 deinde
345 1018 376 1053 si
398 1018 435 1054 in
458 1018 536 1054 foro
558 1028 685 1054 causas
705 1016 905 1052 dicent-ibus
928 1026 953 1051 n
991 1025 1030 1051 as
1054 1020 1095 1050 ut
1113 1015 1165 1051 ita
1184 1016 1282 1051 dixe-

193 1063 261 1099 rim
283 1062 423 1099 videtur
454 1073 531 1098 esse
562 1063 661 1098 nulla
691 1060 912 1107 praefatione
942 1060 1040 1096 facta
1070 1060 1179 1096 iudici
1209 1071 1283 1096 rem

195 1118 391 1154 exponere:
427 1111 560 1153 quanto
592 1107 701 1151 magis
724 1106 1051 1158 interpretationem
1073 1105 1283 1151 promitten-

193 1153 291 1189 tibus
324 1153 573 1188 inconveniens
607 1152 674 1187 erit
703 1154 842 1187 omissis
873 1150 981 1186 initiis
1013 1154 1121 1195 atque
1151 1150 1285 1196 origine

193 1208 267 1234 non
286 1198 438 1243 repetita
458 1202 565 1242 atque
583 1197 692 1232 illotis
711 1201 752 1231 ut
770 1196 823 1231 ita
843 1195 992 1231 dixerim
1011 1195 1175 1231 manibus
1198 1206 1282 1241 pro-

194 1243 291 1279 tinus
311 1243 496 1278 materiam
516 1241 819 1287 interpretationis
838 1241 1021 1276 tractare?
1043 1251 1198 1286 namque
1217 1241 1284 1275 nisi

193 1287 301 1324 fallor
318 1287 409 1323 istae
432 1286 673 1332 praefationes
694 1290 729 1322 et
746 1286 914 1321 libentius
935 1296 1001 1321 nos
1026 1285 1072 1320 ad
1094 1285 1282 1321 lectionem

193 1333 399 1413 protpositae
422 1332 590 1367 materiae
612 1331 817 1377 producunt
840 1334 876 1366 et
895 1341 976 1366 cum
999 1331 1049 1366 ibi
1072 1331 1282 1373 venerimus,

195 1378 250 1414 evi
277 1378 445 1413 entiorem
468 1380 654 1423 praestant
675 1377 906 1412 intellectum.

241 1421 268 1460 2
286 1422 516 1458 Poupomvs
524 1422 615 1458 libro
627 1421 810 1468 sz‘nqulari
819 1419 1012 1457 oaewhiridii
1031 1419 1283 1456 Necessarium

194 1467 315 1514 itaque
344 1468 449 1503 nobis
472 1466 610 1502 videtur
631 1467 744 1512 ipsius
767 1466 854 1502 iuris
879 1466 1045 1511 originem
1069 1469 1178 1511 atque
1199 1476 1282 1510 pro-

197 1515 212 1548 1
263 1523 403 1548 cessum
434 1512 688 1548 demonstrare.
733 1512 786 1557 Et
819 1511 962 1556 quidem
995 1510 1096 1546 initio
1133 1510 1283 1546 civitatis

193 1562 339 1610 nostrae
380 1557 535 1610 populus
570 1557 654 1609 ‚sin-e
693 1557 770 1609 lege
804 1560 922 1599 certa,
964 1555 1041 1591 sine
1074 1555 1152 1607 iure
1186 1559 1282 1591 certo

193 1605 863 1683 {nffissssaffiffflssztgffzffsszff
878 1600 1283 1691 satiqtgffisffl

194 1692 339 1728 civitate
377 1693 496 1737 ipsum
526 1691 719 1728 Romulum
754 1692 908 1727 traditur
941 1691 1114 1743 populum
1147 1690 1186 1726 in
1219 1691 1282 1725 tri-

190 1737 291 1782 ginta
312 1741 434 1782 partes
466 1737 638 1780 divisisse,
663 1747 752 1782 quas
781 1740 904 1782 partes
933 1746 1053 1771 curias
1091 1735 1284 1780 appellavit

191 1785 393 1827 propterea,
416 1781 512 1826 quod
535 1785 622 1817 tunc
643 1782 697 1817 rei
718 1782 885 1832 publicae
910 1791 1032 1817 curam
1054 1789 1119 1824 per
1141 1782 1282 1814 senten-

191 1827 261 1862 tias
283 1826 439 1871 partium
461 1835 582 1860 earum
607 1825 828 1870 expediebat.
870 1828 906 1860 et
923 1825 976 1859 ita
994 1825 1089 1868 leges
1110 1823 1283 1868 quasdam

193 1875 230 1907 et
259 1871 338 1916 ipse
369 1871 526 1906 curiatas
557 1870 603 1905 ad
633 1871 806 1915 populum
836 1870 955 1922 tulitz·
971 1869 1131 1904 tulerunt
1162 1872 1197 1904 et
1227 1879 1282 1921 se-

192 1916 1283 2010 flsssssstffexffgssibmflffaeuississ⁸flffin⁸t331¹33³ribu⁶s³ft3ffibiss

193 2005 377 2058 Superbus
391 2005 596 2057 Demarati
610 1971 782 2057 gorinthii
804 2005 920 2046 filius,
953 2015 996 2056 eit
1026 2004 1282 2056 principalibus

191 2051 286 2086 viris.
321 2060 352 2086 ιε
375 2050 476 2093 liber,
499 2053 540 2085 ιιι
563 2050 726 2092 diximus,
750 2061 772 2085 a
798 2050 951 2095 pellatur
973 2059 1028 2084 lus
1053 2049 1152 2084 civile
1174 2049 1282 2094 Papl-

192 2095 351 2137 rianum,
382 2105 456 2130 non
479 2095 563 2140 quia
585 2095 749 2141 Papirius
772 2061 818 2130 ge
842 2105 907 2130 suo
957 2093 1124 2139 uicquam
1146 2093 1196 2129 ibi
1218 2094 1281 2128 ad-

192 2141 295 2183 iecit,
331 2139 394 2175 sed
429 2139 525 2191 quod
559 2140 654 2184 leges
686 2140 762 2175 sine
793 2139 918 2175 ordine
963 2142 1041 2174 atas
1073 2140 1109 2173 in
1147 2140 1283 2173 unum⁵

193 2187 213 2221 3
262 2188 471 2230 composuit
518 2184 669 2220 Exactis
693 2184 820 2220 deinde
843 2183 986 2229 regibus
1021 2184 1098 2228 lege
1130 2184 1281 2218 tribuni-

194 2229 251 2266 cia
285 2239 407 2265 omnes
441 2229 535 2274 leges
566 2229 634 2264 hae
670 2229 898 2264 exoleverunt
930 2228 1131 2273 iterumque
1164 2228 1282 2280 coepit

193 2275 347 2355 phopulus
363 2273 548 2340 Romanus
571 2274 706 2353 ιιιο8τ1ιὲ)
730 2285 768 2312 m
814 2274 842 2309 's
865 2273 942 2309 iure
967 2277 1004 2352 eg
1025 2272 1283 2325 consuetudine

194 2367 217 2400 4
242 2323 664 2409 (Ῑέιῖὢᾞιξᾝὲἔε
698 2322 777 2399 {323²
809 2328 942 2415 iffi
965 2327 1281 2414 ἏὲἛιὲἒῖἓξᾞς

194 2409 315 2452 fieret,
356 2408 494 2454 placuit
526 2408 671 2453 publica
706 2411 920 2444 auctoritate
955 2407 1078 2442 decem
1113 2411 1281 2442 constitm

194 2455 300 2497 viros,
324 2463 388 2499 per
411 2463 501 2498 quos
523 2456 728 2498 peterentur
750 2454 845 2498 leges
870 2463 892 2487 a
912 2451 1059 2487 Graecis
1079 2451 1281 2486 civitatibus

195 2503 231 2535 et
244 2498 367 2534 civitas
377 2498 590 2534 fundaretur
600 2498 756 2542 legibus:
782 2507 871 2542 quas
890 2496 927 2531 in
947 2496 1089 2531 tabulas
1109 2496 1257 2531 eboreas
1269 2496 1282 2517 ⁸

195 2544 412 2590 perscriptas
427 2554 492 2588 pro
511 2543 637 2578 rostris
654 2544 942 2588 composuerunt,
966 2545 1008 2576 ut
1030 2541 1169 2586 possint
1186 2541 1281 2586 leges

196 2588 355 2633 apertius
388 2588 542 2633 percipi:
577 2587 770 2632 datumque
801 2590 856 2622 est
890 2586 940 2622 eis
971 2586 1026 2621 ius
1059 2596 1101 2621 eo
1126 2596 1220 2621 anno
1244 2585 1282 2620 in

197 2633 340 2669 civitate
370 2643 563 2675 summum,
595 2633 648 2668 uti
677 2632 772 2677 leges
796 2635 832 2667 et
856 2632 1090 2676 corrigerent,
1127 2631 1158 2666 si
1189 2641 1280 2675 opus

197 2681 310 2720 esset,
351 2680 386 2712 et
416 2677 735 2722 interpretarentur
765 2687 810 2712 ne
835 2687 880 2712 ue
911 2676 1118 2721 provocatio
1151 2676 1197 2711 ab
1229 2675 1280 2711 eis

195 2723 290 2759 sicut
320 2732 342 2757 a
364 2722 507 2767 reliquis
531 2722 797 2767 magistratibus
811 2688 932 2756 (lieret.
980 2721 1040 2766 qui
1070 2720 1138 2772 ipsi
1169 2720 1280 2755 anim-

195 2766 426 2803 adverterunt
459 2767 593 2811 aliquid
623 2767 746 2802 deesse
777 2766 854 2802 istis
878 2766 1001 2812 primis
1024 2766 1160 2810 legibus
1184 2765 1280 2800 ideo-

196 2822 265 2857 que
287 2811 448 2857 sequenti
472 2821 565 2846 anno
590 2812 678 2847 alias
702 2812 792 2847 duas
816 2811 862 2846 ad
886 2811 1027 2846 easdem
1050 2810 1193 2846 tabulas
1217 2810 1280 2845 ad-

194 2857 373 2892 iecerunt:
407 2859 443 2891 et
472 2857 523 2891 ita
554 2866 597 2891 ex
628 2856 837 2892 accedenti⁹
861 2856 1059 2901 appellatae
1082 2859 1167 2891 sunt
1189 2855 1280 2900 leges

195 2901 383 2937 duodecim
413 2900 626 2936 tabularum.
675 2912 824 2946 quarum
847 2900 1074 2936 ferendarum
1098 2903 1281 2935 auctorem

194 2946 307 2982 fuisse
349 2945 552 2981 decemviris
585 2946 842 2981 Hermodorum
876 2945 1052 2991 quendam
1086 2945 1281 3026 Εὲἒθείιιιιι

195 2994 215 3027 5
263 2990 463 3027 exulantem
487 2990 524 3025 in
546 2990 650 3025 Italia
673 2991 815 3035 quidam
838 2991 1063 3026 rettulerunt.
1146 2991 1154 2998 '
1197 2990 1281 3034 legi-

193 3036 264 3072 bus
286 3035 370 3071 lata’s
393 3045 456 3070 coe
481 3035 510 3070 it
534 3038 586 3076 (ut
605 3036 814 3071 naturaliter
834 3036 971 3071 evenire
990 3035 1091 3078 solet,
1114 3039 1156 3071 ut
1173 3035 1280 3070 inter-

193 3080 349 3126 pretatio
382 3078 458 3115 desi
485 3084 599 3115 eraret
623 3080 849 3124 prudentium
880 3081 1130 3116 auctoritatem
1147 3081 1187 3122 ¹⁰)
1218 3091 1280 3115 ne-

193 3124 389 3162 cessariam
412 3134 490 3160 esse
513 3124 790 3169 disputationem
805 3127 830 3146 ¹¹
854 3125 935 3161 fori.
971 3126 1061 3160 haec
1085 3125 1279 3177 disputatio

195 3173 234 3207 et
262 3170 333 3206 hoc
362 3169 437 3210 ius,
473 3169 567 3214 quod
602 3169 678 3204 sine
710 3170 843 3214 scripto
874 3170 969 3205 venit
1002 3173 1236 3215 compositum
1259 3179 1282 3204 a

195 3213 453 3261 prudentibus,
483 3213 630 3259 propria
659 3215 800 3259 parte¹²
824 3215 944 3260 aliqua
974 3225 1045 3250 non
1069 3214 1280 3260 appellatur,

195 3329 236 3371 (1)
259 3327 347 3372 Pap.
367 3344 415 3352 —-
437 3326 586 3361 Graecae
594 3327 752 3361 versionis
784 3328 941 3361 articula-s
958 3328 1116 3372 quasdam
1134 3327 1277 3361 servavit

194 3373 346 3418 Epieome
357 3372 460 3416 leynam
473 3372 674 3415 (Zachariae
683 3373 734 3405 ine
778 3372 980 3405 raeco-Rom.
993 3372 1055 3406 vol.
1071 3379 1088 3406 2
1097 3384 1133 3416 p.
1148 3379 1203 3406 278
1212 3372 1275 3415 σᾳ.)

209 3425 226 3453 2
263 3416 481 3461 prudentium
495 3417 532 3451 F
545 3418 579 3451 in
597 3417 703 3451 indice
714 3416 751 3457 S,
773 3426 886 3448 eorum
894 3416 951 3460 F’,
974 3418 1136 3451 rubricam
1154 3429 1214 3450 om.
1231 3415 1275 3449 F¹

195 3464 239 3505 (s)
288 3461 395 3506 (opuli
429 3461 600 3504 Montani)
618 3461 674 3494 iu·
690 3473 753 3495 scr.
847 3463 890 3503 (4)
913 3463 962 3495 n'c
970 3461 1031 3503 ffl,
1042 3461 1275 3505 potentissima

195 3473 286 3543 μὲ)
295 3519 364 3541 αα»
430 3508 519 3541 aecio
608 3507 652 3548 (s)
675 3506 786 3557 nntipi
805 3506 840 3539 F
925 3507 968 3548 (e)
994 3506 1109 3549 aliqua
1124 3506 1176 3539 uti
1194 3505 1277 3540 F’S

195 3552 376 3596 σιηιΕρίι,
386 3551 476 3585 aliF
482 3551 492 3573 ¹
583 3552 629 3594 (τ)
650 3551 976 3593 ποντηκονταΕρίι.
1068 3552 1113 3592 (8)
1138 3550 1275 3584 eborea·

194 3597 366 3639 confimat
372 3597 464 3640 Epit-
523 3597 568 3639 (ο)
579 3595 667 3631 eicS
675 3607 744 3629 eum
754 3596 858 3638 Epir„
867 3595 1054 3628 accidentia
1070 3596 1103 3629 F
1155 3597 1216 3637 (ιο)
1227 3596 1276 3630 eie

195 3640 234 3682 S,
242 3640 443 3675 auctoritate
453 3641 489 3675 F
538 3641 596 3683 (1¹)
605 3641 654 3675 et'c
664 3641 751 3683 deu„
764 3639 993 3683 disputatione
1005 3639 1067 3673 Fu
1124 3641 1184 3682 (12)
1197 3650 1274 3683 par·

195 3686 241 3727 te]
253 3685 481 3730 appellatione
495 3697 558 3719 scr.
638 3685 697 3726 (1³)
721 3685 810 3718 eati·
819 3694 852 3727 p.
862 3695 895 3717 n.
906 3694 937 3719 ο.
951 3684 1105 3727 partibus
1118 3685 1180 3718 dol.
1189 3684 1274 3718 Hal.

2153 104 2216 136 DE
2245 103 2434 138 omem

1347 215 1389 248 ut
1419 215 1560 248 ceterae
1589 215 1712 264 partes
1743 212 1831 248 iuris
1860 213 1935 248 suis
1967 213 2170 248 nominibus
2194 213 2433 258 designantur,

1347 256 1440 293 datis
1463 256 1617 302 propriis
1639 256 1840 292 nominibus
1864 256 1991 292 ceteris
2014 257 2177 309 partibus
2189 257 2228 299 ¹³,
2253 257 2317 293 sed
2337 268 2432 293 com-

1347 304 1368 337 6
1413 302 1513 336 muni
1536 300 1677 336 nomine
1700 301 1900 346 appellatur
1922 301 1978 336 ius
2003 301 2114 337 civile.
2157 301 2295 337 Deinde
2316 312 2359 337 ex
2377 302 2433 338 his

1346 346 1482 390 legibus
1507 345 1630 381 eodem
1652 349 1810 391 tempore
1828 345 1904 381 fere
1923 346 2081 382 actiones
2102 347 2319 392 compositae
2338 351 2433 390 sunt,

1347 390 1476 435 quibus
1499 390 1591 425 inter
1613 400 1652 426 se
1673 390 1835 426 homines
1865 390 2121 443 disceptarent:
2155 401 2244 436 quas
2275 392 2433 427 actiones

1347 445 1392 470 ne
1422 435 1577 480 populus
1608 438 1717 480 prout
1746 435 1851 470 vellet
1883 435 2137 478 inst1tueret¹⁴,
2177 439 2294 471 certas
2328 436 2432 471 solle-

1347 490 1518 525 mnesque
1538 489 1616 515 esse
1634 479 1838 515 voluerunt:
1864 483 1900 515 et
1917 481 2118 526 appellatur
2136 481 2226 516 haec
2244 490 2328 532 pars
2346 481 2434 516 iuris

1347 524 1433 569 legis
1450 524 1622 566 actiones,
1645 523 1684 560 id
1707 528 1762 560 est
1783 524 1960 569 legitimae
1983 525 2154 561 actiones.
2190 529 2294 561 etita
2311 525 2434 560 eodem

1346 579 1462 648 paene
1483 572 1642 614 tempore
1664 568 1735 604 tria
1755 569 1844 604 baec
1867 569 1947 604 iura
1969 574 2056 605 nata
2079 573 2180 605 sunt:
2204 570 2281 615 lege
2294 571 2321 591 ¹⁵
2344 570 2433 605 duo-

1373 613 1463 649 ecim
1485 614 1690 649 tabularum
1713 624 1757 649 ex
1779 613 1835 649 his
1858 613 1970 649 fluere
2003 615 2120 659 coepit
2149 614 2205 650 ius
2239 615 2357 657 civile,
2390 625 2434 650 ex

1348 658 1460 693 isdem
1482 658 1568 703 legis
1593 658 1751 694 actiones
1771 659 1989 703 compositae
2008 663 2102 694 sunt.
2140 659 2296 694 omnium
2315 663 2434 695 tamen

1348 703 1476 738 harum
1500 707 1535 738 et
1557 703 1814 748 interpretandi
1836 703 1985 739 scientia
2008 707 2044 738 et
2060 703 2219 739 actiones
2242 703 2339 749 apud
2361 705 2433 740 col-

1348 748 1477 792 legium
1507 747 1716 792 pontificum
1746 751 1867 790 erant,
1900 758 1944 783 ex
1978 748 2107 793 quibus
2139 749 2434 791 constituebatur,

1349 793 1427 838 quis
1451 793 1636 838 quoquo¹⁶
1659 803 1753 828 anno
1778 796 1960 837 praeesset
1991 793 2150 838 privatis.
2198 796 2234 829 et
2264 793 2339 829 fere
2368 805 2433 839 po-

1348 837 1455 882 pulus
1479 837 1582 872 annis
1604 847 1716 883 prope
1739 841 1881 873 centum
1905 837 1974 872 hac
1992 837 2248 874 consuetudine
2265 849 2352 874 usus
2369 842 2433 874 est.

1350 884 1370 916 7
1415 883 1549 918 Postea
1572 892 1652 917 cum
1674 882 1814 927 Appius
1834 881 2002 918 Claudius
2026 883 2271 928 proposuisset
2283 884 2310 905 ¹⁷
2334 886 2369 919 et
2389 883 2435 918 ad

1348 926 1499 962 formam
1514 926 1707 972 redegisset
1722 927 1787 962 has
1805 927 1974 969 actiones,
1993 927 2137 963 Gnaeus
2155 927 2299 963 Flavius
2317 928 2436 963 scriba

1349 972 1424 1007 eius
1448 971 1604 1007 libertini
1626 971 1719 1007 filius
1742 971 1950 1017 subreptum
1972 972 2100 1007 librum
2123 973 2256 1018 populo
2278 972 2435 1015 tradidit,

1350 1019 1386 1052 et
1416 1015 1506 1052 adeo
1536 1019 1677 1061 gratum
1706 1015 1775 1051 fuit
1797 1016 1834 1051 id
1856 1027 1985 1052 munus
2016 1017 2167 1062 populo,
2199 1021 2241 1053 ut
2270 1018 2436 1053 tribunus

1349 1061 1462 1107 plebis
1494 1061 1594 1096 fieret
1617 1065 1653 1096 et
1676 1064 1821 1096 senator
1845 1065 1880 1096 et
1902 1062 2026 1097 aedilis
2058 1062 2200 1098 curulis.
2247 1062 2306 1098 hic
2335 1062 2436 1104 liber,

1350 1106 1411 1151 qui
1430 1106 1589 1142 actiones
1609 1106 1776 1148 continet,
1801 1106 2004 1150 appellatur
2023 1106 2078 1143 ius
2099 1107 2199 1143 civile
2213 1106 2435 1149 Flavianum,

1350 1151 1444 1187 sicut
1477 1151 1536 1186 ille
1570 1151 1626 1186 ius
1663 1151 1763 1186 civile
1794 1151 2046 1196 Papirianum:
2081 1162 2164 1187 nam
2194 1162 2261 1187 nec
2293 1151 2437 1188 Gnaeus

1350 1196 1496 1231 Flavius
1528 1195 1573 1231 de
1603 1206 1669 1231 suo
1701 1196 1891 1241 quicquam
1922 1196 2051 1232 adiecit
2073 1196 2176 1232 libro.
2224 1207 2270 1232 au
2295 1200 2437 1232 escente

1351 1241 1493 1276 civitate
1524 1240 1608 1286 quia
1639 1240 1786 1276 deerant
1819 1240 1993 1285 quaedam
2047 1251 2154 1276 enera
2185 1251 2274 1287 agen
2301 1242 2309 1249 “
2322 1268 2331 1284 ,
2364 1252 2435 1277 ιιοιι

1350 1290 1433 1331 post
1463 1286 1613 1321 multum
1643 1285 1811 1331 temporis
1843 1286 1998 1330 spatium
2057 1289 2160 1322 extus
2189 1287 2313 1322 Aelius
2348 1286 2437 1321 alias

1351 1331 1510 1367 actiones
1535 1331 1735 1375 composuit
1759 1334 1795 1365 et
1817 1330 1946 1365 librum
1968 1341 2015 1382 po
2043 1331 2102 1367 ulo
2134 1331 2249 1374 dedit,
2281 1331 2343 1384 qui
2372 1341 2436 1376 ap-

1351 1379 1371 1411 8
1417 1376 1571 1422 pellatur
1592 1375 1649 1411 ius
1672 1375 1873 1410 Aelianum.
1910 1375 2002 1411 Dein
2028 1386 2047 1411 e
2071 1386 2152 1411 cum
2176 1380 2270 1412 esset
2291 1387 2329 1411 ιιι
2352 1376 2436 1411 civi-

1350 1424 1426 1456 tate
1447 1421 1505 1456 lex
1529 1420 1715 1456 duodecim
1738 1420 1941 1455 tabularum
1965 1424 2001 1455 et
2022 1420 2079 1456 ius
2102 1421 2218 1464 civile,
2253 1425 2373 1457 essent
2403 1424 2436 1456 et

1350 1466 1436 1511 legis
1471 1466 1650 1508 actiones,
1685 1466 1819 1507 evenit,
1853 1469 1895 1500 ut
1950 1465 2026 1501 lebs
2057 1466 2095 1501 in
2119 1465 2333 1502 discordiam
2357 1476 2435 1501 cum

1350 1511 1512 1556 patribus
1544 1510 1743 1556 perveniret
1775 1513 1811 1545 et
1833 1519 1915 1545 sece
1941 1515 2016 1545 eret
2039 1510 2179 1555 sibique
2200 1511 2280 1546 iura
2304 1511 2438 1546 consti-

1350 1559 1485 1598 tueret,
1521 1566 1614 1601 quae
1644 1555 1724 1590 iura
1758 1554 1854 1600 plebi
1886 1555 1977 1590 scita
2007 1559 2193 1591 vocantur.
2240 1566 2324 1592 mox
2355 1566 2435 1591 cum

1350 1604 1518 1637 revocata
1541 1604 1596 1636 est
1617 1600 1731 1644 plebs,
1756 1599 1840 1651 quia
1862 1600 1996 1635 multae
2020 1600 2218 1636 discordiae
2238 1600 2433 1636 nasceban-

1351 1649 1411 1681 tur
1433 1645 1478 1681 de
1500 1645 1556 1680 his
1578 1645 1692 1690 plebis
1716 1644 1827 1686 scitis,
1850 1655 1915 1690 pro
1939 1645 2075 1690 legibus
2098 1645 2235 1690 placuit
2254 1648 2290 1681 et
2309 1655 2353 1680 ea
2371 1645 2436 1680 ob-

1351 1690 1485 1726 servari
1506 1691 1583 1735 lege
1605 1689 1814 1725 Hortensia:
1852 1692 1887 1724 et
1917 1689 1968 1725 ita
1997 1690 2134 1725 factum
2166 1694 2238 1732 est,
2275 1693 2316 1725 ut
2344 1690 2440 1725 inter

1351 1735 1464 1780 plebis
1488 1735 1578 1770 scita
1602 1738 1638 1769 et
1659 1734 1771 1778 legem
1802 1734 1939 1778 species
1972 1735 2210 1770 constituendi
2239 1735 2437 1777 interesset,

1352 1783 1372 1814 9
1418 1782 1580 1824 potestas
1605 1782 1723 1814 autem
1755 1778 1878 1813 eadem
1909 1782 2013 1814 esset.
2060 1779 2197 1815 Deinde
2228 1779 2313 1824 quia
2344 1779 2436 1814 diffi-

1353 1824 1419 1860 cile
1442 1824 1543 1869 plebs
1569 1824 1756 1859 convenire
1780 1823 1909 1868 coepit,
1934 1823 2088 1869 populus
2114 1828 2210 1860 certe
2232 1824 2343 1860 multo
2369 1823 2436 1859 dif-

1350 1869 1478 1904 ficilius
1500 1869 1537 1904 in
1560 1873 1661 1903 tanta
1685 1868 1791 1903 turba
1813 1868 2014 1911 hominum,
2046 1869 2240 1905 necessitas
2271 1869 2351 1915 ipsa
2375 1879 2437 1904 cu-

1350 1925 1427 1949 ram
1450 1914 1501 1949 rei
1523 1914 1689 1958 publicae
1712 1913 1759 1948 ad
1781 1917 1945 1948 senatum
1968 1913 2134 1949 deduxit:
2166 1914 2218 1949 ita
2241 1914 2361 1959 coepit
2381 1923 2437 1949 se-

1350 1962 1456 1994 natus
1481 1969 1519 1994 se
1540 1959 1766 2003 interponere
1790 1961 1825 1993 et
1848 1958 2018 2003 quidquid
2042 1959 2286 1995 constituisset
2315 1959 2436 1994 obser·

1350 2004 1521 2046 vabatur,
1553 2003 1660 2049 idque
1690 2003 1746 2038 ius
1779 2003 2028 2048 appellabatur
2051 2007 2198 2040 senatus
2222 2003 2435 2040 consultum.

1353 2052 1394 2084 10
1440 2049 1578 2084 Eodem
1611 2052 1772 2093 tempore
1803 2052 1839 2084 et
1869 2049 2098 2093 magistratus
2128 2049 2209 2084 iura
2239 2048 2438 2084 reddebant

1351 2097 1387 2129 et
1415 2098 1457 2128 ut
1487 2093 1621 2129 scirent
1653 2093 1765 2136 cives,
1797 2093 1893 2138 quod
1915 2093 1971 2128 ius
1995 2093 2040 2129 de
2062 2104 2204 2174 qsuagffie
2226 2104 2266 2130 re
2289 2093 2438 2139 quisque

1351 2138 1511 2174 dicturus
1532 2141 1636 2181 esset,
1661 2148 1769 2183 seque
1787 2138 2053 2183 praemunirent
2064 2140 2074 2160 ¹
2093 2165 2102 2181 ,
2171 2139 2241 2175 'cta
2259 2148 2437 2184 propone·

1350 2184 1449 2218 bant.
1497 2194 1590 2229 quae
1621 2183 1739 2219 edicta
1768 2186 1974 2228 praetorum
2002 2183 2059 2219 ius
2090 2184 2320 2219 honorarium
2351 2193 2437 2219 con-

1350 2228 1560 2263 stituerunt:
1585 2228 1816 2264 honorarium
1837 2228 1976 2271 dicitur,
1996 2228 2092 2273 quod
2111 2229 2157 2264 ab
2177 2229 2313 2264 honore
2332 2238 2436 2273 prae-

1354 2276 1390 2307 11
1440 2273 1529 2308 toris
1553 2276 1710 2308 venerat.
1757 2272 1957 2308 Novissime
1976 2273 2070 2308 sicut
2089 2273 2136 2308 ad
2148 2274 2337 2318 pauciores
2349 2273 2435 2307 iuris

1350 2317 1591 2353 constituendi
1625 2318 1700 2352 vias
1741 2317 1914 2351 transisse
1947 2317 2034 2361 ipsis
2068 2318 2174 2352 rebus
2219 2317 2438 2352 dictantibus

1349 2362 1537 2413 videbatur
1559 2371 1624 2406 per
1645 2363 1766 2405 partes
1781 2361 1818 2403 ¹⁹,
1844 2360 1970 2412 evenit,
1994 2364 2036 2396 ut
2057 2371 2205 2397 necesse
2227 2365 2322 2397 esset
2331 2362 2362 2383 ²⁰
2384 2363 2436 2397 rei

1349 2405 1935 2495 fflhssffinssfflprffiffiaffssffiie
1948 2407 2435 2496 {ffiezffngfflffifgz

1349 2500 1409 2531 tur
1441 2495 1635 2531 constituto
1668 2495 1828 2540 principe
1860 2494 1983 2530 datum
2015 2499 2070 2531 est
2101 2496 2232 2538 eiius,
2267 2499 2309 2531 ut
2339 2495 2434 2541 quod

1353 2543 1391 2575 12
1440 2540 1694 2582 constituisset,
1719 2545 1837 2575 ratum
1861 2543 1963 2575 esset.
2011 2540 2067 2575 Ita
2089 2541 2127 2577 in
2151 2541 2292 2576 civitate
2311 2544 2435 2577 nostra

1350 2588 1413 2620 aut
1435 2585 1530 2627 iure,
1554 2584 1593 2620 id
1616 2588 1671 2620 est
1693 2584 1781 2630 lege,
1806 2585 2054 2628 constituitur,
2086 2588 2149 2621 aut
2173 2589 2230 2621 est
2251 2585 2435 2638 proprium

1349 2631 1404 2665 ius
1425 2629 1536 2672 civile,
1562 2629 1658 2675 quod
1677 2629 1754 2665 sine
1773 2629 1907 2674 scripto
1926 2630 1963 2664 in
1983 2630 2060 2665 sola
2078 2630 2306 2675 prudentium
2325 2634 2433 2666 mter·

1348 2674 1549 2755 pretatione
1581 2674 1764 2717 consistit,
1796 2679 1860 2710 aut
1890 2678 1975 2710 sunt
2007 2675 2094 2727 legis
2129 2675 2307 2718 actiones,
2342 2685 2436 2720 quae

1364 2730 1499 2756 ormam
1519 2719 1645 2764 agendi
1665 2719 1858 2762 continent,
1882 2723 1946 2754 aut
1964 2719 2059 2764 plebi
2078 2720 2219 2761 scitum,
2242 2719 2339 2766 quod
2357 2720 2435 2755 sine

1349 2765 1564 2800 auctoritate
1585 2768 1728 2810 patrum
1752 2768 1807 2800 est
1825 2765 2068 2807 constitutum,
2093 2768 2157 2800 aut
2175 2768 2230 2800 est
2248 2765 2433 2810 magistra-

1348 2814 1450 2845 tuum
1474 2809 1646 2851 edictum,
1671 2809 1765 2844 unde
1786 2809 1885 2845 ius²³
1906 2809 2137 2845 honorarium
2160 2809 2338 2851 nascitur,
2371 2815 2434 2845 aut

1349 2858 1496 2890 senatus
1520 2854 1741 2896 consultum,
1773 2853 1868 2899 quod
1891 2853 2006 2890 solum
2037 2858 2164 2890 senatu
2196 2854 2435 2890 constituente

1348 2899 1529 2935 inducitur
1552 2899 1629 2934 sine
1651 2899 1736 2944 lege,
1761 2902 1825 2934 aut
1848 2902 1902 2934 est
1924 2899 2128 2951 principalis
2154 2899 2372 2942 constitutio,
2395 2898 2433 2934 id

1349 2947 1404 2981 est
1423 2948 1464 2980 ut
1506 2943 1578 2979 uod
1602 2944 1677 2996 ipse
1699 2944 1865 2996 princeps
1887 2943 2074 2979 constituit
2090 2954 2154 2989 pro
2170 2944 2248 2990 lege
2263 2948 2431 2980 servetur.

1398 2992 1437 3025 13
1514 2992 1572 3024 ost
1582 2988 1750 3034 originem
1761 2988 1848 3023 iuris
1868 2991 1904 3023 et
1922 2998 2129 3033 processum
2148 2988 2328 3034 cognitum
2346 2999 2432 3024 con-

1349 3043 1500 3079 sequens
1524 3038 1589 3075 est,
1614 3038 1654 3068 ut
1677 3033 1721 3085 de
1740 3033 2007 3085 magistratuum
2027 3033 2227 3069 nominibus
2246 3037 2282 3069 et
2299 3034 2435 3086 origine

1349 3083 2174 3168 ffiffissifflzzutssz’ffstt?effigie?
2183 3088 2355 3168 (1θέῃὲιῖ
2364 3088 2431 3158 ’ἓέἒ

1349 3168 1441 3204 enim
1464 3168 1519 3203 ius
1543 3168 1579 3202 in
1603 3168 1754 3203 civitate·
1769 3178 1864 3210 esse,
1900 3167 1966 3203 nisi
1997 3168 2086 3209 sint,
2121 3168 2182 3213 qui
2211 3168 2290 3202 iura
2312 3177 2433 3219 regere

1347 3213 1512 3258 possint?
1554 3217 1637 3258 post
1666 3213 1736 3248 hoc
1769 3213 1849 3248 dein
1859 3213 1889 3234 ²⁴
1920 3212 1965 3248 de
1995 3219 2182 3248 auctorum
2205 3222 2432 3248 successione

1346 3327 1404 3369 (14)
1429 3326 1607 3359 instituere
1619 3325 1654 3358 F
1738 3326 1796 3367 (ιό)
1819 3327 1868 3359 εἰσ
1879 3325 1950 3367 FR,
1964 3327 2044 3358 nata
2056 3327 2135 3357 sunt
2143 3324 2233 3368 leges
2245 3326 2333 3368 dett„
2350 3326 2431 3357 nata

1344 3373 1425 3404 sunt
1444 3370 1579 3414 lataque
1601 3369 1676 3412 lege
1690 3381 1755 3404 scr.
1849 3371 1906 3411 (te)
1931 3379 2062 3412 qnoque
2083 3369 2165 3403 Hal.
2258 3370 2316 3411 (ιτ)
2341 3379 2430 3402 com·

1344 3416 1513 3460 posuisset
1534 3415 1685 3449 Muretus
1776 3415 1836 3456 (18)
1869 3414 2097 3458 praemuniret
2114 3415 2193 3448 lion·
2288 3415 2348 3456 (1⁹)
2381 3415 2431 3447 sie

1345 3461 1433 3502 libri,
1447 3461 1514 3494 πίει·
1522 3460 1612 3504 quod
1618 3470 1679 3503 per
1690 3462 1848 3503 papartes
1855 3460 1903 3499 F'3
1916 3458 2097 3492 uidebatur
2106 3459 2185 3501 des)
2195 3457 2359 3502 p(ublica)
2367 3468 2431 3502 per

1343 3509 1468 3549 partes,
1481 3505 1596 3538 evenit
1611 3516 1688 3547 nen,
1701 3505 1767 3538 πίει·
1777 3511 1928 3547 praestat
1950 3516 2015 3538 rem
2027 3504 2193 3547 publicam
2207 3516 2268 3537 non
2284 3504 2430 3548 qemina-

1342 3551 1429 3585 tione
1436 3551 1578 3594 adicere,
1585 3550 1647 3583 sed
1652 3550 1847 3593 aequatione
1854 3556 1995 3592 repetere
2003 3556 2255 3593 exsequentium
2277 3549 2341 3590 (2ο)
2351 3558 2428 3580 nec-

1343 3595 1473 3628 essetF
1585 3595 1644 3636 (21)
1668 3593 1771 3637 probe
1780 3603 1895 3636 regere
1903 3593 1986 3627 Hal.
2099 3595 2162 3636 (22)
2183 3596 2339 3636 poterant
2351 3592 2430 3627 libri

1344 3641 1407 3682 (2³)
1430 3639 1471 3672 de
1483 3639 1587 3674 ins-F
1671 3639 1734 3679 (2⁴)
1759 3637 1879 3671 deinde
1890 3637 1920 3672 S
