2528 3918
7 76 11 79 -
0 57 8 66 -’
0 0 23 52 ra

113 144 172 175 DE
202 142 378 175 VENTRE
405 143 455 173 IN
483 142 602 174 Poss.
631 142 751 173 ΜΙΤΤ.

112 251 318 290 hereditatis
349 251 429 297 ipse
459 252 567 294 ferat,
607 251 787 297 quadrans
823 251 916 286 inter
952 251 1084 288 liberos
1125 251 1201 287 eius

112 298 299 335 dividatur.
346 297 409 333 sed
440 298 471 333 si
504 298 607 333 ambo
636 296 700 332 filii
729 297 801 332 sint
829 297 1044 342 emancipati
1073 300 1114 333 et
1136 297 1200 331 ha-

111 346 220 380 beant
248 343 378 388 singuli
408 346 576 388 nepotes,
615 342 766 384 eveniet,
805 343 846 376 ut
878 341 1007 388 singuli
1038 342 1201 387 singulos

112 389 276 425 semisses
300 399 381 423 cum
404 387 594 433 nepotibus
618 387 693 422 suis
714 387 870 422 dividant
888 386 949 429 ita,
974 391 1015 422 ut
1032 388 1105 433 ipsi
1124 387 1200 432 qui-

112 435 191 471 dem
215 433 429 478 quadrantes
453 432 580 475 ferant,
606 436 753 477 nepotes
779 436 898 468 autem
922 432 1084 469 residuos
1113 442 1198 478 qua-

112 480 274 515 drantes:
308 482 343 514 et
371 478 403 514 si
433 478 524 513 alter
553 477 643 513 duos
675 477 784 522 filios,
817 477 907 512 alter
930 481 1003 513 tres
1028 478 1199 520 habeant,

113 525 291 570 quadrans
315 533 407 559 unus
431 523 524 558 inter
547 523 655 566 duos,
689 523 780 558 alius
803 523 897 558 inter
920 526 992 558 tres
1018 522 1199 559 dividitur.

116 573 153 605 12
202 569 239 605 Si
271 569 350 614 quis
379 578 423 604 ex
453 568 643 613 nepotibus
673 567 872 612 portionem
901 578 1004 603 suam
1027 568 1199 610 omiserit,

111 615 257 658 eveniet,
281 618 322 649 ut
345 624 415 649 non
440 613 487 648 ad
506 617 645 658 patrem
663 613 749 653 eius,
774 613 837 649 sed
856 614 968 658 magis
986 613 1033 649 ad
1052 614 1201 649 fratrem

113 661 300 707 pertineat.
349 658 411 694 sed
436 662 470 693 et
493 659 524 694 si
548 669 669 694 omnes
694 663 842 703 nepotes
867 659 1043 703 omittant,
1067 662 1199 704 patruo

110 705 197 742 nihil
226 704 431 746 adcrescet,
471 704 534 739 sed
569 704 637 739 soli
665 704 777 749 patri:
818 703 911 748 quod
943 707 980 741 et
1010 704 1065 741 si¹
1098 707 1202 749 pater

118 755 153 785 13
201 750 374 792 omiserit,
411 753 497 784 tunc
529 752 658 795 patruo
691 749 885 785 adcrescet.
938 749 1200 794 Emancipatus

111 796 203 831 filius
228 795 257 831 si
283 794 424 840 quidem
448 798 596 839 nepotes
619 794 657 829 in
681 795 737 830 avi
760 797 940 840 potestate
963 805 1037 830 non
1053 795 1200 837 habeat,

111 841 281 876 fratribus
312 840 385 875 suis
417 840 596 875 conferet:
628 840 691 876 sed
723 840 752 875 si
784 840 855 876 sint
886 844 1051 885 nepotes,
1083 839 1202 877 voluit

112 897 190 922 eum
222 889 368 931 praetor
398 885 479 920 filiis
513 885 586 921 suis
623 885 683 930 qui
713 889 797 920 sunt
827 885 864 920 in
901 889 1078 930 potestate
1115 885 1200 920 solis

112 932 289 974 conferre,
314 930 457 974 merito,
506 930 567 965 uia
590 930 761 966 veniendo
787 931 833 966 ad
857 931 1033 966 bonorum
1057 940 1199 975 posses-

116 981 153 1012 14
200 976 336 1013 sionem
357 975 427 1010 illis
451 941 536 1011 80qu
559 976 724 1011 iniuriam
742 975 841 1011 facit.
878 975 984 1011 Nunc
1005 976 1199 1018 videamuS,

111 1026 282 1068 quantum
306 1021 357 1056 eis
382 1020 555 1056 conferat.
605 1024 639 1056 et
663 1021 803 1066 quidem
828 1031 986 1066 semper,
1021 1032 1102 1056 cum
1125 1021 1198 1055 fra-

111 1068 224 1103 tribus
264 1067 510 1111 emancipatus
551 1066 708 1111 confert,
746 1066 880 1102 virilem
918 1067 987 1102 sibi
1024 1066 1196 1102 detrahit:

110 1117 228 1148 utrum
253 1116 288 1147 et
311 1112 348 1146 in
372 1121 413 1147 eo
439 1122 526 1147 casu
550 1111 684 1147 virilem
709 1112 892 1154 detrahat,
920 1122 966 1147 an
989 1123 1090 1156 vero,
1115 1111 1199 1157 quia

111 1158 289 1193 dimidiam
313 1161 451 1202 partem
474 1157 630 1192 habeat2
660 1158 835 1193 bonorum
860 1157 1112 1202 possessionis,
1145 1157 1197 1192 di-

110 1203 251 1239 midiam
277 1206 414 1247 partem
439 1202 545 1237 etiam
569 1203 744 1238 bonorum
768 1213 914 1238 suorum
940 1203 1125 1238 conferat?
1164 1205 1199 1237 et

109 1253 196 1295 puto
221 1248 401 1284 dimidiam
418 1250 556 1282 tantum
574 1248 749 1283 bonorum
767 1248 819 1283 eis
835 1252 972 1292 partem
992 1248 1196 1283 conferre³:

110 1305 193 1329 nam
217 1297 253 1329 et
277 1293 306 1329 si
329 1293 421 1328 alius
446 1293 690 1338 emancipatus
722 1293 769 1329 sit
796 1293 909 1336 filius,
943 1293 1034 1329 alius
1066 1293 1103 1328 in
1132 1303 1196 1338 po-

110 1343 239 1375 testate
262 1342 432 1380 retentus,
458 1338 552 1374 filius
578 1339 823 1383 emancipatus
848 1339 903 1374 his
925 1339 1065 1374 duobus
1087 1349 1197 1383 nepo-

110 1386 205 1420 tibus
230 1394 337 1420 unam
360 1387 498 1429 partem
523 1387 663 1418 tantum
689 1383 849 1419 conferet
869 1387 905 1420 et
925 1388 1055 1429 patruo
1075 1395 1197 1420 eorum

111 1431 170 1475 qui
193 1430 231 1465 in
254 1432 432 1474 potestate
456 1429 587 1464 mansit
612 1440 719 1464 unam
742 1433 882 1474 partem
908 1429 1023 1472 dabit,
1055 1429 1198 1465 tertiam

110 1477 186 1521 ipse
209 1474 376 1510 habebit:
401 1485 468 1510 nec
493 1474 588 1519 quod
611 1475 802 1519 nepotibus
825 1474 1008 1510 confertur
1028 1485 1050 1510 a
1067 1480 1197 1520 patruo

110 1520 349 1566 emancipato,
381 1519 450 1564 ipsi
480 1519 575 1565 patri
606 1520 809 1556 conferent:
842 1520 912 1555 hoc
942 1521 1035 1556 enim
1058 1532 1130 1556 non
1155 1521 1197 1555 de

110 1566 212 1602 bonis
250 1566 324 1608 avi,
366 1565 429 1601 sed
465 1569 613 1610 propter
650 1566 745 1600 bona
780 1570 906 1610 postea
945 1566 996 1601 eis
1033 1566 1195 1601 accessit.

114 1615 151 1647 15
199 1611 349 1647 Eveniet
372 1610 494 1655 igitur,
528 1614 569 1645 ut
597 1614 701 1656 pater
731 1611 975 1656 emancipatus
1001 1610 1031 1647 si
1056 1615 1198 1647 centum

109 1658 146 1692 in
169 1657 272 1693 bonis
297 1657 445 1699 habeat,
472 1656 727 1701 quinquaginta
750 1657 820 1692 sibi
845 1657 1029 1699 detrahat,
1054 1657 1198 1693 residua

111 1702 365 1748 quinquaginta
400 1701 562 1737 omnibus
594 1701 801 1747 nepotibus,
841 1702 878 1737 id
914 1706 968 1738 est
1003 1702 1086 1738 filiis
1124 1702 1197 1738 suis

111 1748 290 1790 conferat,
322 1751 386 1782 aut
417 1746 447 1782 si
477 1758 587 1782 unum
619 1751 785 1792 nepotem
817 1748 949 1783 habeat
982 1751 1016 1783 et
1041 1748 1130 1783 duos
1154 1758 1198 1783 ex

110 1794 179 1829 alio
204 1796 436 1838 pronepotes,
467 1792 518 1827 ita
547 1792 681 1828 dividat
713 1793 984 1838 quinquaginta,
1016 1797 1057 1828 ut
1086 1804 1197 1838 nepos

110 1840 242 1875 habeat
265 1838 388 1882 viginti
411 1837 582 1882 quinque,
637 1843 827 1883 ronepotes
858 1849 902 1873 ex
932 1839 1002 1873 alio
1026 1840 1121 1874 una⁴
1146 1839 1197 1873 vi—

109 1885 197 1930 ginti
227 1883 400 1929 quinque:
437 1893 520 1918 nam
551 1886 587 1919 et
643 1894 791 1919 onerum
823 1884 1059 1928 possessionis
1093 1884 1197 1919 ambo

114 1934 152 1966 16
200 1940 307 1964 unam
337 1932 475 1973 partem
505 1929 649 1964 habent.
699 1929 737 1964 Si
760 1929 807 1965 sit
829 1929 924 1964 filius
948 1929 985 1964 in
1008 1933 1197 1974 potestate,

110 1975 199 2010 alius
225 1974 490 2018 emancipatus,
524 1984 566 2009 ex
599 1974 768 2010 defuncto
802 1985 894 2010 unus
927 1985 1038 2019 nepos
1070 1975 1107 2009 in
1133 1986 1197 2019 po-

109 2024 254 2063 testate,
280 2019 371 2055 alius
396 2029 507 2063 nepos
532 2019 796 2064 emancipatus,
822 2021 1004 2064 eleganter
1027 2020 1199 2055 Scaevola

110 2069 260 2108 tractat,
303 2068 455 2110 patruus
497 2065 741 2109 emancipatus
782 2070 955 2109 quantum
994 2076 1038 2101 ne
1067 2065 1197 2107 otibus,

111 2115 281 2157 quantum
304 2110 409 2145 fratri
433 2121 498 2146 suo
525 2110 695 2145 conferat.
744 2114 780 2146 et
809 2110 860 2145 ait
888 2120 995 2156 posse
1025 2077 1095 2146 (1ξο1
1124 2114 1197 2146 tres

110 2168 190 2193 eum
218 2160 339 2201 partes
362 2155 517 2198 1505155,
548 2166 656 2190 00501
688 2156 772 2198 51111,
798 2166 906 2191 unam
936 2156 1057 2199 fratri,
1090 2166 1198 2191 unam

110 2203 187 2238 istis
213 2202 443 2237 collaturum:
478 2202 635 2246 quamvis
668 2201 706 2235 hi
733 2202 876 2237 minusss
909 2212 1015 2246 quam
1046 2205 1197 2246 patruus

110 2259 154 2283 ex
185 2247 382 2282 hereditate
414 2246 470 2281 avi
503 2250 737 2282 concurrente
768 2251 871 2292 patre
901 2248 974 2282 sint
996 2247 1196 2282 habituri⁷:

114 2297 152 2328 17
201 2302 292 2338 quae
315 2292 492 2328 sententia
515 2302 599 2327 vera
623 2296 687 2328 est.
738 2292 807 2327 Sed
831 2296 867 2327 et
891 2293 920 2327 si
945 2292 1018 2328 sint
1042 2292 1112 2328 (100
1137 2303 1197 2328 05-

110 2342 212 2384 potes
246 2348 289 2373 ex
321 2338 447 2373 eodem
477 2337 551 2372 filio
582 2338 688 2383 hique
720 2337 934 2382 emancipati
969 2342 1053 2373 sunt
1088 2342 1124 2374 et
1155 2349 1199 2374 ex

111 2384 223 2420 altero
248 2393 372 2419 eorum
395 2393 574 2428 pronepos
597 2383 635 2418 111
659 2386 836 2428 potestate
855 2383 1033 2418 defuncti:
1059 2387 1198 2428 partem

111 2429 258 2466 habebit
288 2438 400 2473 nepos
432 2439 544 2470 unus,
584 2429 714 2464 aliam⁸
751 2439 863 2474 nepos
900 2439 981 2464 cum
1013 2428 1086 2465 filio
1120 2440 1196 2464 suo.

112 2475 174 2511 sed
198 2478 234 2510 et
256 2474 312 2510 si⁹
335 2484 446 2518 nepos
471 2476 507 2509 et
529 2483 573 2509 ex
597 2474 666 2509 alio
686 2478 815 2520 nepote
837 2474 1004 2510 (15100010
1025 2475 1094 2509 (100
1114 2486 1196 2520 pro-

111 2523 275 2565 nepotes:
300 2530 393 2554 unus
410 2529 454 2554 ex
470 2519 727 2564 pronepotibus
745 2520 991 2564 emancipatus
1008 2520 1075 2556 soli
1094 2520 1198 2555 fratri

112 2576 176 2601 suo
202 2564 364 2600 conferat
387 2565 457 2606 vel,
482 2564 513 2599 si
535 2564 648 2600 frater
670 2575 742 2600 non
767 2568 836 2608 est,
862 2565 930 2601 soli
952 2569 1100 2611 patruo,
1127 2576 1198 2601 non

112 2612 218 2646 etiam
240 2614 371 2656 patruo
396 2610 531 2645 maiori.

157 2654 182 2693 2
207 2655 263 2691 ΡΑ
272 2665 366 2691 ULUS
387 2655 477 2691 libro
502 2655 806 2701 quadraye7zsz'm0
825 2657 949 2702 primo
976 2657 1025 2691 ad
1044 2657 1196 2693 edictum

112 2701 209 2737 Nihil
232 2701 269 2735 in
291 2701 360 2736 1150
383 2704 486 2753 parte
509 2700 618 2735 edicti
642 2700 735 2735 eavit
758 2705 915 2745 praetor,
940 2705 980 2736 ut
999 2702 1117 2746 legata
1136 2712 1197 2737 ex-

114 2746 225 2792 ceptis
254 2756 417 2791 persoms
441 2756 552 2790 nepos
579 2749 755 2790 praestet:
789 2746 852 2781 sed
884 2750 1004 2791 potest
1036 2747 1198 2792 superior

113 2802 228 2827 sermo
253 2795 289 2826 et
311 2791 356 2826 ad
380 2791 476 2826 hunc
502 2801 623 2826 casum
646 2790 782 2826 referri.
818 2801 901 2826 nam
925 2792 1121 2827 absurdum
1144 2796 1199 2828 est

112 2841 250 2882 patrem
286 2835 427 2881 quidem
464 2835 539 2871 eius
577 2836 694 2880 legata
728 2840 929 2880 praestare,
965 2837 1083 2882 ipsum
1114 2848 1196 2873 vero

112 2883 194 2928 plus
218 2882 366 2924 habere,
396 2892 477 2916 cum
501 2881 623 2917 eadem
647 2881 855 2918 condicione
878 2882 916 2917 in
939 2882 1088 2918 eandem
1112 2893 1194 2927 par-

112 2933 184 2964 tem
207 2931 383 2963 vocantur
395 2929 432 2961 ¹⁰.

160 2971 183 3010 3
217 2971 456 3008 MARCELLUS
488 2971 577 3007 libro
608 2981 703 3007 nono
735 2972 954 3018 diqestorum
1010 2973 1077 3017 Qui
1107 2973 1196 3009 duos

113 3018 206 3054 filios
228 3018 400 3061 habebat,
426 3017 577 3052 alterum
600 3026 644 3052 ex
667 3017 723 3052 his
746 3017 998 3063 emancipavit,
1032 3022 1196 3063 nepotem

114 3073 158 3099 ex
181 3073 223 3099 eo
245 3062 284 3098 in
305 3065 484 3107 potestate
507 3061 671 3098 retinuit:
701 3063 945 3108 emancipatus
975 3063 1088 3099 filium
1117 3074 1195 3099 sus-

114 3108 195 3143 tulit
218 3111 254 3143 et
276 3118 298 3143 a
321 3111 424 3153 patre
447 3107 682 3143 exheredatus
706 3111 778 3143 est:
805 3119 955 3152 quaero,
982 3119 1062 3144 cum
1086 3108 1198 3145 frater

115 3154 190 3188 eius
221 3156 258 3189 et
286 3153 364 3198 ipse
393 3152 638 3197 emancipatus
669 3154 883 3197 praeteritus
914 3154 960 3189 sit
990 3158 1025 3189 et
1049 3157 1196 3198 nepotes

115 3209 158 3233 ex
182 3198 404 3243 emancipato
428 3198 501 3234 filio
526 3199 571 3233 ab
597 3208 661 3233 avo
685 3198 832 3234 heredes
856 3199 1022 3242 instituti,
1048 3199 1132 3244 quid
1154 3199 1196 3234 de

115 3244 290 3278 bonorum
311 3243 574 3288 possessione¹¹
599 3243 688 3279 iuris
712 3243 784 3279 sit?
823 3247 859 3279 et
882 3244 967 3290 quid
990 3245 1141 3288 intersit,
1167 3244 1197 3279 si

116 3288 375 3340 emancipatum
406 3298 563 3333 quoque,
602 3298 645 3324 ex
682 3298 753 3333 quo
788 3292 935 3341 nepotes
972 3293 1076 3325 erant
1109 3290 1196 3333 nati,

115 3336 345 3379 praetentum
363 3343 440 3369 esse
455 3344 642 3379 ponamus.
678 3334 856 3379 respondi,
882 3334 912 3370 si
926 3335 1038 3370 filium
1057 3338 1196 3371 retento

115 3389 160 3414 ex
183 3389 225 3414 eo
249 3381 377 3423 nepote
400 3379 675 3424 emancipaverit
698 3382 734 3414 et
756 3380 1000 3425 emancipatus
1027 3390 1193 3426 procrea-

116 3493 159 3535 (1)
184 3492 272 3534 quod
284 3493 312 3524 si
325 3494 357 3524 et
368 3505 429 3525 scr.
536 3495 578 3534 (2)
602 3492 764 3526 1151151Ρ2
874 3494 915 3535 (3)
941 3493 1058 3527 debere
1071 3495 1130 3527 ins.
1146 3494 1197 3527 F2

118 3539 160 3579 (4)
185 3548 254 3570 uno
268 3538 303 3570 F
402 3540 442 3577 (5)
468 3537 584 3570 debere
597 3539 656 3571 ins.
670 3538 721 3571 F²
832 3540 876 3580 (6)
902 3539 938 3570 111
950 3538 1071 3581 minus]
1086 3539 1123 3571 ni
1133 3539 1196 3571 mi-

118 3592 180 3615 nus
193 3582 255 3624 1³2,
275 3582 465 3615 nominibus
481 3582 529 3614 F¹
622 3584 662 3624 (7)
687 3585 827 3626 patruus
847 3584 1072 3626 emancipatus
1091 3593 1192 3625 quan·

118 3629 189 3659 tum
214 3628 327 3670 nepoti
352 3638 411 3660 suo
438 3626 595 3660 conferat.
639 3630 672 3661 et
691 3628 740 3660 ait
755 3638 848 3671 posse
866 3628 933 3660 dici
951 3630 1016 3660 tres
1028 3639 1103 3661 eum
1119 3639 1194 3671 par-

118 3674 166 3705 tes
185 3672 302 3713 facere,
327 3683 427 3705 unam
445 3671 519 3713 sibi,
538 3682 637 3705 unam
658 3673 765 3715 fratri,
789 3684 890 3706 unam
909 3673 965 3706 isti
985 3672 1200 3715 collaturum,

120 3718 268 3758 quamvis
286 3717 340 3750 hio
360 3718 470 3750 minus
487 3727 585 3758 quam
594 3719 734 3760 patruus
745 3729 783 3750 ex
796 3718 979 3751 hereditate
990 3718 1044 3751 avi
1056 3729 1197 3752 concur-

120 3764 211 3794 rente
224 3762 324 3795 fratre
337 3763 380 3794 sit
390 3762 566 3795 habiturus
577 3775 639 3795 scr.
738 3765 781 3804 (8)
807 3763 873 3795 alia
887 3765 922 3797 F
1011 3765 1054 3805 (9)
1079 3764 1122 3795 sit
1135 3766 1197 3797 ins.

1192 126 1276 172 555

2030 130 2236 173 XXXVII
2268 133 2301 173 8.
2333 132 2357 171 9

1271 250 1362 286 verit
1385 250 1497 284 tilium
1521 252 1557 285 et
1580 249 1683 284 heres
1709 254 1857 296 uterque
1882 263 1992 297 nepos
2025 252 2209 288 institutus
2239 252 2357 294 fuerit,

1271 299 1375 341 pater
1409 306 1531 331 eorum
1570 294 1825 347 exheredatus,
1865 297 1955 332 alius
1993 297 2087 333 filius
2122 298 2357 343 praeteritus:

1271 342 1370 376 solus
1394 339 1489 376 filius
1513 343 1727 386 praeteritus
1752 340 1927 376 bonorum
1953 343 2212 387 possessionem
2234 347 2359 378 contra

1270 386 1412 421 tabulas
1436 388 1558 430 petere
1580 385 1731 431 poterit:
1758 386 1992 422 exheredatus
2018 388 2109 422 enim
2135 389 2254 424 obstat
2277 389 2358 423 filiis

1270 431 1343 467 suis
1368 434 1451 476 post
1474 431 1793 476 emancipationem
1823 433 2048 477 susceptis12.
2096 445 2139 469 05
2167 434 2216 469 oti
2240 438 2358 469 tamen

1270 480 1407 512 retento
1440 476 1477 511 in
1510 479 1689 521 potestate
1723 478 1895 511 bonorum
1926 479 2103 522 possessio
2159 479 2357 521 aridebet,

1271 521 1449 566 quoniam,
1475 522 1505 557 si
1529 524 1632 566 pater
1655 521 1733 556 eius
1754 522 1997 567 emancipatus
2018 525 2230 567 praeteritus
2252 528 2356 566 esset,

1270 567 1374 603 simul
1400 577 1480 601 cum
1505 577 1547 602 eo
1572 567 1748 602 bonorum
1772 567 2033 611 possessionem
2055 570 2217 614 accipere
2237 574 2359 614 posset

1270 615 1417 657 propter
1439 611 1476 646 id
1501 615 1611 657 caput
1635 611 1756 655 edicti,
1789 612 1883 656 quod
1908 622 1930 646 a
1953 613 2091 648 Iuliano
2115 614 2357 649 introductum

1271 661 1335 701 est,
1360 657 1395 692 id
1420 661 1475 692 est
1498 667 1541 692 ex
1567 667 1658 692 nova
1676 657 1848 700 clausula,
1874 667 1940 692 nec
1958 658 2062 692 debet
2079 659 2263 694 deterioris
2281 671 2357 695 esse

1271 702 1507 744 condicionis,
1539 702 1622 747 quia
1654 706 1758 747 pater
1789 702 1864 738 eius
1889 703 2123 738 exheredatus
2149 704 2204 738 sit.
2252 705 2358 750 idque

1271 748 1303 783 ei
1326 747 1521 793 praeterito
1547 758 1687 792 quoque
1711 747 1887 792 praestari
1913 748 2102 792 oportebit.
2151 750 2213 784 sed
2238 750 2357 784 fratris

1269 793 1357 835 eius,
1384 793 1444 837 qui
1464 795 1547 837 post
1564 793 1883 872 emancipationem
1902 797 2006 828 natus
2026 797 2089 835 est,
2115 794 2252 829 diversa
2274 806 2355 830 con-

1272 838 1364 873 dicio
1386 840 1469 872 est:
1504 848 1698 872 conservan
1725 849 1746 872 a
1776 842 1832 873 est
1861 842 1980 873 tamen
2010 842 2045 873 51
2075 839 2126 873 1111
2155 839 2200 873 5(1
2224 840 2355 875 virilem

1269 887 1408 928 partem
1431 883 1624 925 hereditas,
1651 883 1744 918 sicut
1769 883 1874 918 etiam
1899 883 2134 928 imperator¹³
2157 886 2356 920 Antoninus

1269 929 1307 963 in
1357 937 1485 963 ersona
1509 928 1651 972 nepotis
1678 939 1721 963 ex
1745 928 1818 963 filia
1841 929 2038 974 rescripsit.

1316 939 1353 1010 af
1366 973 1623 1008 MODESTJNUS
1644 974 1734 1009 libro
1759 977 1865 1009 sexto
1883 975 2147 1020 pandectarum
2191 975 2355 1010 Emanci-

1269 1022 1355 1064 pato
1381 1018 1459 1064 quis
1488 1018 1562 1054 filio
1595 1018 1742 1054 retinuit
1765 1029 1809 1055 ex
1842 1029 1883 1054 5ο
1914 1023 2063 1064 nepotes
2093 1019 2130 1054 in
2160 1023 2354 1064 potestate:

1269 1064 1364 1099 filius
1397 1064 1644 1109 emancipatus
1675 1065 1851 1110 susceptis
1884 1068 2011 1109 postea
2042 1065 2162 1100 liberis
2195 1065 2357 1100 decessit.

1269 1109 1406 1155 placuit
1428 1109 1465 1144 in
1490 1111 1546 1144 avi
1570 1113 1750 1154 potestate
1774 1113 1959 1145 manentes
1985 1111 2088 1145 simul
2108 1121 2187 1145 cum
2208 1111 2274 1152 his,
2301 1111 2358 1155 qui

1269 1159 1353 1200 post
1392 1155 1713 1200 emancipationem
1753 1156 1828 1190 nati
1869 1159 1971 1198 sunt,
2010 1156 2153 1191 decreto
2186 1156 2359 1191 bonorum

1270 1201 1533 1245 possessionem
1558 1201 1733 1246 accipere,
1758 1205 1924 1236 manente
1949 1211 2002 1244 eo,
2028 1206 2078 1244 ut,
2112 1201 2142 1237 si
2166 1201 2250 1236 velit
2274 1212 2359 1236 avus

1270 1246 1337 1282 sibi
1361 1256 1426 1291 per
1450 1249 1599 1291 nepotes
1625 1246 1782 1291 adquiri,
1815 1247 1911 1282 bona
1935 1257 2001 1282 sua
2027 1246 2190 1282 conferat
2213 1251 2275 1281 aut
2299 1257 2359 1282 ne-

1269 1296 1372 1337 potes
1388 1292 1600 1336 emancipet,
1625 1296 1666 1326 ut
1690 1292 1758 1327 sibi
1778 1293 2053 1327 emolumentum
2071 1295 2243 1337 paternae
2259 1292 2359 1327 here-

1270 1337 1392 1372 ditatis
1418 1336 1626 1382 adquirant:
1656 1337 1763 1382 idque
1792 1338 1844 1372 ita
1867 1337 1968 1373 divus
1992 1337 2139 1373 Marcus
2163 1338 2359 1382 rescripsit.

1315 1382 1339 1419 5
1365 1382 1473 1417 IDEM
1499 1382 1591 1418 libro
1623 1388 1729 1418 sexto
1763 1383 2050 1436 differentiarum
2101 1382 2138 1417 Si
2162 1393 2274 1428 nepos
2299 1394 2359 1418 ex-

1268 1427 1462 1463 heredatus
1487 1428 1591 1464 heres
1612 1428 1771 1464 extiterit
1787 1439 1830 1472 ei,
1857 1439 1961 1474 quem
1979 1439 2065 1464 avus
2082 1428 2249 1463 heredem
2265 1428 2360 1463 fece-

1268 1477 1336 1516 rat,
1362 1473 1488 1508 deinde
1513 1477 1617 1519 pater
1641 1474 1717 1509 51115
1743 1475 1988 1519 emancipatus
2013 1477 2227 1510 testamento
2256 1480 2360 1518 prae·

1269 1519 1396 1554 teritus
1429 1519 1586 1573 accipiat
1617 1524 1743 1555 contra
1772 1520 1914 1555 tabulas
1938 1519 2053 1565 patris
2078 1520 2253 1555 bonorum
2275 1530 2358 1565 pos-

1270 1564 1481 1607 sessionem,
1513 1565 1613 1610 1ungi
1636 1565 1730 1610 patri
1754 1576 1820 1601 suo
1845 1575 1956 1610 nepos
1980 1576 2053 1600 non
2076 1565 2226 1610 poterit,
2257 1565 2319 1600 sed
2335 1566 2358 1585 ¹¹⁴

1270 1614 1310 1645 ut
1334 1613 1529 1646 extraneus
1554 1610 1784 1653 excludetur,
1819 1611 1903 1656 quia
1934 1621 2007 1645 000
2038 1621 2103 1646 500
2127 1610 2269 1646 nomine
2294 1621 2358 1645 avo

1270 1656 1372 1691 heres
1399 1655 1566 1691 extiterit.

1316 1699 1341 1738 6
1374 1700 1578 1736 SCAEVOLA
1614 1701 1706 1738 libro
1744 1703 1869 1747 quinto
1908 1701 2157 1747 quaestionum
2212 1700 2249 1736 Si
2282 1701 2358 1745 quis

1269 1747 1382 1781 filium
1412 1747 1548 1782 habens
1578 1747 1615 1782 in
1674 1750 1827 1782 otestate
1852 1750 2060 1782 extraneum
2083 1747 2120 1781 in
2144 1746 2283 1791 nepotis
2308 1747 2357 1781 lo-

1270 1803 1351 1827 cum
1376 1792 1479 1836 quasi
1503 1802 1547 1828 ex
1571 1802 1613 1828 eo
1678 1792 1711 1827 io
1726 1793 1753 1814 ¹⁵
1785 1795 1909 1827 natum
1942 1792 2105 1837 adoptet,
2137 1803 2220 1827 mox
2249 1791 2357 1827 filium

1269 1837 1487 1882 emancipet,
1521 1849 1592 1872 non
1616 1838 1782 1882 iungetur
1806 1838 1864 1873 hie
1889 1848 2001 1882 nepos
2026 1837 2098 1873 filio
2123 1837 2357 1882 emancipato,

1270 1884 1352 1928 quia
1378 1883 1480 1918 desiit
1504 1893 1583 1918 esse
1606 1883 1832 1928 emancipato
1857 1894 1902 1919 ex
1925 1882 2058 1918 liberis.

1317 1926 1339 1965 7
1369 1928 1648 1964 TRYPHONINUS
1669 1928 1759 1964 libro
1783 1933 1889 1963 sexto
1914 1929 2050 1963 decimo
2075 1927 2358 1974 disputationum

1270 1974 1307 2009 Si
1339 1977 1422 2019 post
1454 1974 1774 2019 emancipationem
1803 1973 1868 2009 filii
1899 1977 2088 2019 susceptus
2121 1983 2164 2008 ex
2188 1983 2229 2008 eo
2254 1972 2358 2008 fuerit

1271 2030 1392 2064 nepos,
1419 2019 1664 2055 conservanda
1686 2019 1737 2054 illi
1763 2019 1831 2054 erit
1853 2020 2023 2065 portio¹⁶,
2053 2018 2116 2054 sed
2164 2021 2286 2060 nanta,
2311 2018 2359 2053 vi-

1271 2065 1429 2100 deamus.
1483 2064 1532 2099 fin
1559 2074 1577 2099 e
1608 2065 1702 2100 enim
1733 2068 1863 2108 patruo
1896 2065 2030 2109 scripto
2062 2064 2147 2099 here
2175 2063 2183 2070 ”
2215 2064 2359 2099 0011515-

1270 2110 1350 2146 dem
1382 2110 1504 2144 datum
1562 2120 1632 2145 unc
1662 2114 1846 2156 nepotem,
1885 2113 2024 2155 patrem
2053 2112 2173 2144 autem
2204 2109 2359 2144 eiusdem

1270 2155 1503 2202 praeteritum
1533 2155 1715 2200 accepisse
1748 2158 1874 2190 contra
1902 2155 2046 2190 tabulas
2076 2155 2251 2189 bonorum
2275 2165 2358 2199 pos-

1271 2201 1476 2237 sessionem.
1524 2200 1621 2246 quod
1653 2201 1699 2236 ad
1729 2200 1885 2236 edictum
1914 2200 2091 2246 praetoris
2124 2199 2266 2242 attinet,
2305 2210 2359 2235 se-

1270 2247 1394 2282 misses
1420 2247 1596 2282 bonorum
1619 2246 1727 2282 fient:
1753 2256 1849 2281 nunc
1863 2257 1946 2282 vero
1967 2250 2050 2290 post
2070 2244 2359 2280 constitutionem

1271 2292 1341 2328 divi
1364 2292 1420 2327 Pii
1444 2292 1475 2326 si
1500 2295 1733 2327 conservatur
1756 2301 1841 2336 pars
1865 2291 2006 2344 nepoti,
2034 2294 2154 2325 utrum
2178 2290 2289 2325 virilis
2314 2300 2359 2324 an

1271 2341 1399 2382 quarta
1420 2337 1548 2372 debeat
1567 2337 1727 2372 servari?
1751 2347 1833 2371 nam
1859 2337 1889 2372 si
1911 2347 1948 2371 111
1972 2336 2028 2371 avi
2051 2338 2157 2370 natus
2180 2338 2360 2380 potestate

1273 2383 1417 2426 fuisset,
1457 2383 1742 2427 coniungebatur
1772 2382 1809 2416 in
1839 2391 1948 2417 unam
1976 2385 2115 2427 partem
2147 2391 2226 2415 eum
2256 2384 2354 2425 patre

1271 2439 1348 2464 suo.
1398 2431 1435 2463 et
1465 2438 1708 2473 proponamus
1738 2437 1816 2462 esse
1847 2427 1956 2462 alium
1980 2437 2022 2462 ex
2048 2425 2171 2462 eodem
2194 2429 2356 2470 nepotem

1270 2474 1307 2508 in
1338 2473 1474 2509 familia
1505 2473 1579 2509 avi:
1620 2473 1690 2509 duo
1728 2483 1837 2508 unam
1875 2475 2037 2517 quartam
2067 2471 2225 2506 habituri
2258 2475 2358 2506 erant

1271 2523 1373 2564 patre
1397 2529 1519 2555 eorum
1545 2519 1744 2563 accipiente
1769 2521 1895 2553 contra
1918 2517 2061 2553 tabulas
2080 2516 2255 2552 bonorum
2275 2527 2357 2561 pos-

1271 2565 1482 2607 sessionem,
1523 2564 1555 2599 si
1582 2564 1775 2600 fuissent¹⁷
1807 2563 1844 2598 in
1876 2563 1931 2598 avi
1962 2565 2159 2607 potestate:
2198 2572 2244 2596 an
2276 2572 2359 2614 ergo

1272 2621 1367 2646 nunc
1391 2610 1428 2645 in
1452 2609 1674 2645 sescunciam
1698 2608 1851 2644 tuendus
1876 2608 1941 2650 sit,
1974 2607 2034 2653 qui
2064 2617 2137 2642 non
2165 2607 2203 2641 in
2226 2606 2359 2642 famiha

1271 2659 1432 2691 retentus
1457 2655 1536 2690 est?
1574 2659 1608 2690 et
1633 2655 1691 2690 cui
1715 2653 1885 2689 abscedet
1907 2663 2010 2698 pars,
2044 2662 2136 2698 quae
2165 2652 2249 2687 huic
2282 2662 2357 2688 055-

1273 2712 1358 2737 5015
1389 2705 1460 2744 551,
1491 2700 1587 2745 patri
1616 2700 1692 2735 5105
1722 2702 1862 2734 1501010
1886 2709 1933 2733 50
1956 2702 1992 2734 51
2042 2698 2173 2733 atruo?
2211 2701 2248 2733 et
2270 2701 2358 2742 puto

1272 2751 1307 2782 et
1336 2750 1485 2792 patruo:
1518 2756 1601 2781 nam
1625 2749 1661 2781 et
1683 2745 1839 2790 legatum
1863 2743 1976 2780 eidem
2025 2747 2123 2780 atum
2146 2746 2357 2788 praestaret.

1736 2882 1852 2921 VIIII
1864 2881 1903 2922 ¹⁸.

1272 2952 1333 2984 DE
1368 2951 1553 2984 VENTRE
1585 2949 1635 2981 IN
1666 2947 2003 2981 POSSESSIONEM
2030 2947 2268 2981 MITTENDO
2298 2947 2358 2980 ΕΤ

1626 2993 1864 3027 CURATORE
1887 2993 2003 3027 EIUS.

1320 3061 1339 3098 1
1375 3061 1569 3097 ULPIANUS
1590 3061 1680 3096 libro
1707 3059 2010 3106 quadraqensimo
2033 3060 2157 3106 primo
2186 3059 2235 3094 ad
2265 3058 2356 3094 edic-

1273 3112 1346 3142 tum
1394 3106 1508 3141 Sicuti
1530 3106 1724 3141 liberorum
1749 3115 1889 3148 eorum,
1922 3105 1982 3150 qui
2005 3105 2076 3140 iam
2098 3104 2136 3139 in
2159 3105 2266 3139 rebus
2289 3103 2355 3137 1111-

1272 3152 1384 3187 manis
1416 3154 1517 3194 sunt,
1557 3161 1679 3186 euram
1708 3153 1854 3195 praetor
1884 3150 2027 3194 habuit,
2063 3149 2116 3185 ita
2147 3149 2254 3200 etiam
2283 3158 2355 3189 eos,

1273 3198 1332 3243 qui
1361 3196 1518 3231 nondum
1547 3196 1623 3231 nati
1654 3196 1742 3238 sint,
1781 3199 1929 3241 propter
1959 3206 1975 3231 s
2003 3205 2057 3231 em
2085 3193 2255 3245 nascendi
2284 3203 2355 3227 non

1272 3242 1437 3287 neglexit.
1484 3251 1566 3276 nam
1581 3242 1609 3263 ¹⁹
1639 3244 1675 3276 et
1704 3241 1773 3277 hac
1804 3244 1908 3286 parte
1939 3251 1959 3277 e
1998 3240 2045 3276 cti
2070 3250 2128 3275 eos
2153 3242 2264 3273 tuitus
2288 3240 2354 3278 est,

1273 3289 1355 3323 dum
1379 3290 1538 3323 ventrem
1560 3286 1669 3322 mittit
1691 3286 1729 3321 in
1752 3286 2012 3331 possessionem
2040 3284 2117 3320 viee
2146 3286 2271 3318 contra
2300 3286 2353 3316 ta-

1277 3338 1289 3368 1
1340 3332 1444 3368 bulas
1464 3333 1640 3368 bonorum
1657 3331 1905 3377 possessionis.
1937 3331 2170 3374 Praegnatem
2186 3337 2263 3363 esse
2276 3337 2352 3361 mu-

1271 3379 1393 3414 lierem
1423 3381 1564 3423 oportet
1592 3377 1793 3414 omnimodo
1824 3387 1890 3413 nec
1920 3376 2037 3411 dicere
2066 3384 2104 3410 se
2126 3375 2354 3419 praegnatem

1275 3495 1333 3533 (10)
1359 3493 1566 3525 voeanturF
1631 3494 1685 3532 (11)
1709 3491 1943 3534 possessionem
1957 3487 2016 3528 1³²,
2033 3486 2170 3537 0712.·F¹.
2217 3486 2274 3525 (12)
2299 3494 2349 3516 exr

1273 3537 1448 3571 heredatus
1467 3538 1556 3570 enim
1575 3536 1684 3570 obstat
1701 3536 1781 3569 filiis
1800 3536 1868 3568 suis
1888 3536 1960 3577 post
1977 3533 2270 3573 emancipationem
2284 3539 2353 3560 sus-

1274 3583 1376 3625 ceptis
1389 3583 1448 3615 del·
1611 3583 1668 3624 (13)
1693 3582 1877 3623 imperatur
1891 3579 1923 3610 F
2077 3578 2132 3628 (151)
2159 3573 2211 3607 vel
2226 3575 2282 3607 ins.
2305 3573 2353 3606 ΓΙ

1275 3630 1331 3669 (15)
1356 3627 1464 3660 filium
1477 3628 1513 3660 F
1594 3629 1654 3669 (16)
1678 3627 1772 3670 potio
1783 3626 1818 3657 F
1904 3624 1961 3663 (17)
1986 3621 2081 3653 ambo
2095 3632 2153 3652 ms.

1318 3673 1379 3715 (18)
1405 3673 1490 3716 cjtp.
1504 3680 1558 3706 554
1571 3685 1602 3705 η.
1617 3680 1642 3706 4.
1655 3690 1701 3695 —-
1721 3671 1801 3704 Sab.
1815 3676 1839 3702 1.
1853 3676 1880 3702 2.
1897 3674 1983 3705 4...9;
2011 3666 2252 3716 Pap.·s.10.—-
2266 3664 2350 3696 Bas.

1274 3720 1327 3759 40,
1342 3725 1368 3751 4.
1383 3725 1466 3752 4...13
1574 3720 1633 3757 (19)
1660 3718 1691 3749 et
1705 3715 1786 3747 alias
1799 3723 1911 3746 eornm
1925 3721 2036 3744 curam
2050 3712 2118 3751 egit
2130 3710 2288 3742 similiave
2302 3720 2347 3740 ex»

1274 3765 1420 3796 ciderunt

2018 3813 2081 3842 70*
