<?xml version="1.0" encoding="UTF-8"?>
<!DOCTYPE html PUBLIC "-//W3C//DTD XHTML 1.0 Transitional//EN"
    "http://www.w3.org/TR/xhtml1/DTD/xhtml1-transitional.dtd">
<html xmlns="http://www.w3.org/1999/xhtml" xml:lang="en" lang="en">
 <head>
  <title>
</title>
<meta http-equiv="Content-Type" content="text/html;charset=utf-8" />
  <meta name='ocr-system' content='tesseract 3.04.00' />
  <meta name='ocr-capabilities' content='ocr_page ocr_carea ocr_par ocr_line ocrx_word'/>
</head>
<body>
  <div class='ocr_page' id='page_1' title='image "./corpusjuriscivil01krueuoft_0392.png"; bbox 0 0 2528 3918; ppageno 0'>
   <div class='ocr_carea' id='block_1_1' title="bbox 200 125 362 168">
    <p class='ocr_par' dir='ltr' id='par_1_1' title="bbox 200 125 362 168">
     <span class='ocr_line' id='line_1_1' title="bbox 200 125 362 168; baseline -0.006 0"><span class='ocrx_word' id='word_1_1' title='bbox 200 125 310 168; x_wconf 92' lang='lat' dir='ltr'>XXI</span> <span class='ocrx_word' id='word_1_2' title='bbox 344 129 362 167; x_wconf 93' lang='lat'>1</span> 
     </span>
    </p>
   </div>
   <div class='ocr_carea' id='block_1_2' title="bbox 199 243 1299 1328">
    <p class='ocr_par' dir='ltr' id='par_1_2' title="bbox 199 243 1297 832">
     <span class='ocr_line' id='line_1_2' title="bbox 248 243 1295 291; baseline -0.004 -8"><span class='ocrx_word' id='word_1_3' title='bbox 248 245 302 285; x_wconf 88' lang='grc'>37</span> <span class='ocrx_word' id='word_1_4' title='bbox 336 245 530 282; x_wconf 70' lang='lat' dir='ltr'>mmm</span> <span class='ocrx_word' id='word_1_5' title='bbox 550 245 642 280; x_wconf 80' lang='lat' dir='ltr'>libro</span> <span class='ocrx_word' id='word_1_6' title='bbox 654 245 779 291; x_wconf 76' lang='lat' dir='ltr'>primo</span> <span class='ocrx_word' id='word_1_7' title='bbox 801 244 851 280; x_wconf 86' lang='lat' dir='ltr'>ad</span> <span class='ocrx_word' id='word_1_8' title='bbox 869 245 1021 280; x_wconf 80' lang='lat' dir='ltr'>edictum</span> <span class='ocrx_word' id='word_1_9' title='bbox 1043 243 1212 279; x_wconf 79' lang='lat' dir='ltr'>aedilium</span> <span class='ocrx_word' id='word_1_10' title='bbox 1235 253 1295 279; x_wconf 83' lang='lat' dir='ltr'>cu-</span> 
     </span>
     <span class='ocr_line' id='line_1_3' title="bbox 199 287 1294 335; baseline -0.005 -7"><span class='ocrx_word' id='word_1_11' title='bbox 199 293 337 328; x_wconf 80' lang='lat' dir='ltr'>rulium</span> <span class='ocrx_word' id='word_1_12' title='bbox 382 290 613 335; x_wconf 82' lang='lat' dir='ltr'><strong>Praecipiunt</strong></span> <span class='ocrx_word' id='word_1_13' title='bbox 636 289 779 331; x_wconf 75' lang='lat' dir='ltr'>aediles,</span> <span class='ocrx_word' id='word_1_14' title='bbox 804 300 850 326; x_wconf 89' lang='lat' dir='ltr'>ne</span> <span class='ocrx_word' id='word_1_15' title='bbox 872 293 1051 330; x_wconf 54' lang='lat' dir='ltr'>veterator</span> <span class='ocrx_word' id='word_1_16' title='bbox 1070 299 1136 334; x_wconf 92' lang='lat' dir='ltr'>pro</span> <span class='ocrx_word' id='word_1_17' title='bbox 1157 287 1294 323; x_wconf 89' lang='lat' dir='ltr'>novicio</span> 
     </span>
     <span class='ocr_line' id='line_1_4' title="bbox 202 333 1294 373; baseline -0.005 -1"><span class='ocrx_word' id='word_1_18' title='bbox 202 341 341 373; x_wconf 83' lang='lat' dir='ltr'>veneat.</span> <span class='ocrx_word' id='word_1_19' title='bbox 377 340 414 371; x_wconf 92' lang='lat' dir='ltr'>et</span> <span class='ocrx_word' id='word_1_20' title='bbox 436 335 506 370; x_wconf 92' lang='lat' dir='ltr'>hoc</span> <span class='ocrx_word' id='word_1_21' title='bbox 531 335 687 370; x_wconf 89' lang='lat' dir='ltr'>edictum</span> <span class='ocrx_word' id='word_1_22' title='bbox 706 335 858 371; x_wconf 68' lang='lat' dir='ltr'>fallaciis</span> <span class='ocrx_word' id='word_1_23' title='bbox 877 335 1099 370; x_wconf 89' lang='lat' dir='ltr'>venditorum</span> <span class='ocrx_word' id='word_1_24' title='bbox 1120 333 1294 368; x_wconf 84' lang='lat' dir='ltr'>occurrit:</span> 
     </span>
     <span class='ocr_line' id='line_1_5' title="bbox 202 378 1294 426; baseline -0.005 -8"><span class='ocrx_word' id='word_1_25' title='bbox 202 382 335 426; x_wconf 88' lang='lat' dir='ltr'>ubique</span> <span class='ocrx_word' id='word_1_26' title='bbox 359 381 451 415; x_wconf 90' lang='lat' dir='ltr'>enim</span> <span class='ocrx_word' id='word_1_27' title='bbox 475 384 603 415; x_wconf 90' lang='lat' dir='ltr'>curant</span> <span class='ocrx_word' id='word_1_28' title='bbox 627 379 770 423; x_wconf 79' lang='lat' dir='ltr'>aediles,</span> <span class='ocrx_word' id='word_1_29' title='bbox 795 391 841 416; x_wconf 88' lang='lat' dir='ltr'>ne</span> <span class='ocrx_word' id='word_1_30' title='bbox 865 384 1041 425; x_wconf 86' lang='lat' dir='ltr'>emptores</span> <span class='ocrx_word' id='word_1_31' title='bbox 1062 389 1084 413; x_wconf 90' lang='lat' dir='ltr'>a</span> <span class='ocrx_word' id='word_1_32' title='bbox 1105 378 1294 413; x_wconf 86' lang='lat' dir='ltr'>venditori-</span> 
     </span>
     <span class='ocr_line' id='line_1_6' title="bbox 202 424 1295 477; baseline -0.005 -15"><span class='ocrx_word' id='word_1_33' title='bbox 202 428 271 462; x_wconf 89' lang='lat' dir='ltr'>bus</span> <span class='ocrx_word' id='word_1_34' title='bbox 304 425 635 461; x_wconf 85' lang='lat' dir='ltr'>circumveniantur.</span> <span class='ocrx_word' id='word_1_35' title='bbox 671 429 712 460; x_wconf 90' lang='lat' dir='ltr'>ut</span> <span class='ocrx_word' id='word_1_36' title='bbox 742 435 826 461; x_wconf 90' lang='lat' dir='ltr'>ecce</span> <span class='ocrx_word' id='word_1_37' title='bbox 857 425 1015 477; x_wconf 77' lang='lat' dir='ltr'>plerique</span> <span class='ocrx_word' id='word_1_38' title='bbox 1046 424 1164 459; x_wconf 89' lang='lat' dir='ltr'>solent</span> <span class='ocrx_word' id='word_1_39' title='bbox 1194 434 1295 458; x_wconf 89' lang='lat' dir='ltr'>man-</span> 
     </span>
     <span class='ocr_line' id='line_1_7' title="bbox 204 468 1295 517; baseline -0.005 -10"><span class='ocrx_word' id='word_1_40' title='bbox 204 472 316 517; x_wconf 91' lang='lat' dir='ltr'>cipia,</span> <span class='ocrx_word' id='word_1_41' title='bbox 349 481 441 516; x_wconf 87' lang='lat' dir='ltr'>quae</span> <span class='ocrx_word' id='word_1_42' title='bbox 465 470 605 506; x_wconf 86' lang='lat' dir='ltr'>novicia</span> <span class='ocrx_word' id='word_1_43' title='bbox 629 481 701 506; x_wconf 89' lang='lat' dir='ltr'>non</span> <span class='ocrx_word' id='word_1_44' title='bbox 725 475 827 512; x_wconf 89' lang='lat' dir='ltr'>sunt,</span> <span class='ocrx_word' id='word_1_45' title='bbox 860 480 961 515; x_wconf 82' lang='lat' dir='ltr'>quasi</span> <span class='ocrx_word' id='word_1_46' title='bbox 995 469 1134 504; x_wconf 89' lang='lat' dir='ltr'>novicia</span> <span class='ocrx_word' id='word_1_47' title='bbox 1167 468 1295 503; x_wconf 88' lang='lat' dir='ltr'>distra-</span> 
     </span>
     <span class='ocr_line' id='line_1_8' title="bbox 201 515 1297 561; baseline -0.004 -10"><span class='ocrx_word' id='word_1_48' title='bbox 201 517 287 552; x_wconf 88' lang='lat' dir='ltr'>here</span> <span class='ocrx_word' id='word_1_49' title='bbox 311 515 358 550; x_wconf 90' lang='lat' dir='ltr'>ad</span> <span class='ocrx_word' id='word_1_50' title='bbox 381 516 451 551; x_wconf 97' lang='grc'>1100</span> <span class='ocrx_word' id='word_1_51' title='bbox 466 517 494 557; x_wconf 92' lang='lat'>¹,</span> <span class='ocrx_word' id='word_1_52' title='bbox 526 520 567 550; x_wconf 93' lang='lat' dir='ltr'>ut</span> <span class='ocrx_word' id='word_1_53' title='bbox 597 515 709 561; x_wconf 89' lang='lat' dir='ltr'>pluris</span> <span class='ocrx_word' id='word_1_54' title='bbox 733 515 906 550; x_wconf 84' lang='lat' dir='ltr'>vendant:</span> <span class='ocrx_word' id='word_1_55' title='bbox 940 518 1209 560; x_wconf 90' lang='lat' dir='ltr'>praesumptum</span> <span class='ocrx_word' id='word_1_56' title='bbox 1242 517 1297 548; x_wconf 91' lang='lat' dir='ltr'>est</span> 
     </span>
     <span class='ocr_line' id='line_1_9' title="bbox 203 560 1296 613; baseline -0.003 -17"><span class='ocrx_word' id='word_1_57' title='bbox 203 562 296 597; x_wconf 91' lang='lat' dir='ltr'>enim</span> <span class='ocrx_word' id='word_1_58' title='bbox 322 571 365 596; x_wconf 88' lang='lat' dir='ltr'>ea</span> <span class='ocrx_word' id='word_1_59' title='bbox 386 560 583 606; x_wconf 90' lang='lat' dir='ltr'>mancipia,</span> <span class='ocrx_word' id='word_1_60' title='bbox 609 571 701 613; x_wconf 87' lang='lat' dir='ltr'>quae</span> <span class='ocrx_word' id='word_1_61' title='bbox 724 561 827 595; x_wconf 88' lang='lat' dir='ltr'>rudia</span> <span class='ocrx_word' id='word_1_62' title='bbox 851 564 952 602; x_wconf 87' lang='lat' dir='ltr'>sunt,</span> <span class='ocrx_word' id='word_1_63' title='bbox 977 560 1195 604; x_wconf 82' lang='lat' dir='ltr'>simpliciora</span> <span class='ocrx_word' id='word_1_64' title='bbox 1219 568 1296 594; x_wconf 88' lang='lat' dir='ltr'>esse</span> 
     </span>
     <span class='ocr_line' id='line_1_10' title="bbox 199 604 1294 651; baseline -0.003 -10"><span class='ocrx_word' id='word_1_65' title='bbox 199 610 240 642; x_wconf 87' lang='lat' dir='ltr'>et</span> <span class='ocrx_word' id='word_1_66' title='bbox 263 606 310 641; x_wconf 90' lang='lat' dir='ltr'>ad</span> <span class='ocrx_word' id='word_1_67' title='bbox 334 606 530 641; x_wconf 90' lang='lat' dir='ltr'>ministeria</span> <span class='ocrx_word' id='word_1_68' title='bbox 554 610 693 651; x_wconf 80' lang='lat' dir='ltr'>aptiora</span> <span class='ocrx_word' id='word_1_69' title='bbox 718 611 753 641; x_wconf 91' lang='lat' dir='ltr'>et</span> <span class='ocrx_word' id='word_1_70' title='bbox 776 606 949 641; x_wconf 85' lang='lat' dir='ltr'>dociliora</span> <span class='ocrx_word' id='word_1_71' title='bbox 972 608 1008 639; x_wconf 90' lang='lat' dir='ltr'>et</span> <span class='ocrx_word' id='word_1_72' title='bbox 1031 604 1078 639; x_wconf 87' lang='lat' dir='ltr'>ad</span> <span class='ocrx_word' id='word_1_73' title='bbox 1101 614 1206 639; x_wconf 91' lang='lat' dir='ltr'>omne</span> <span class='ocrx_word' id='word_1_74' title='bbox 1230 604 1294 638; x_wconf 92' lang='lat' dir='ltr'>mi-</span> 
     </span>
     <span class='ocr_line' id='line_1_11' title="bbox 203 650 1296 695; baseline -0.004 -8"><span class='ocrx_word' id='word_1_75' title='bbox 203 651 389 687; x_wconf 87' lang='lat' dir='ltr'>nisterium</span> <span class='ocrx_word' id='word_1_76' title='bbox 422 651 574 686; x_wconf 89' lang='lat' dir='ltr'>habilia:</span> <span class='ocrx_word' id='word_1_77' title='bbox 606 652 691 686; x_wconf 88' lang='lat' dir='ltr'>trita</span> <span class='ocrx_word' id='word_1_78' title='bbox 722 662 804 686; x_wconf 82' lang='lat' dir='ltr'>vero</span> <span class='ocrx_word' id='word_1_79' title='bbox 841 650 1020 695; x_wconf 89' lang='lat' dir='ltr'>mancipia</span> <span class='ocrx_word' id='word_1_80' title='bbox 1055 653 1092 685; x_wconf 89' lang='lat' dir='ltr'>et</span> <span class='ocrx_word' id='word_1_81' title='bbox 1125 654 1296 684; x_wconf 90' lang='lat' dir='ltr'>veterana</span> 
     </span>
     <span class='ocr_line' id='line_1_12' title="bbox 203 693 1294 732; baseline -0.004 0"><span class='ocrx_word' id='word_1_82' title='bbox 203 696 348 732; x_wconf 83' lang='lat' dir='ltr'>difficile</span> <span class='ocrx_word' id='word_1_83' title='bbox 392 700 445 732; x_wconf 88' lang='lat' dir='ltr'>est</span> <span class='ocrx_word' id='word_1_84' title='bbox 479 696 674 732; x_wconf 89' lang='lat' dir='ltr'>reformare</span> <span class='ocrx_word' id='word_1_85' title='bbox 711 700 746 731; x_wconf 91' lang='lat' dir='ltr'>et</span> <span class='ocrx_word' id='word_1_86' title='bbox 780 696 825 731; x_wconf 89' lang='lat' dir='ltr'>ad</span> <span class='ocrx_word' id='word_1_87' title='bbox 860 706 944 731; x_wconf 91' lang='lat' dir='ltr'>suos</span> <span class='ocrx_word' id='word_1_88' title='bbox 979 705 1096 730; x_wconf 92' lang='lat' dir='ltr'>mores</span> <span class='ocrx_word' id='word_1_89' title='bbox 1127 693 1294 730; x_wconf 88' lang='lat' dir='ltr'>formare.</span> 
     </span>
     <span class='ocr_line' id='line_1_13' title="bbox 204 739 1295 788; baseline -0.003 -11"><span class='ocrx_word' id='word_1_90' title='bbox 204 742 288 788; x_wconf 91' lang='lat' dir='ltr'>quia</span> <span class='ocrx_word' id='word_1_91' title='bbox 318 742 427 787; x_wconf 83' lang='lat' dir='ltr'>igitur</span> <span class='ocrx_word' id='word_1_92' title='bbox 450 741 666 776; x_wconf 87' lang='lat' dir='ltr'>venaliciarii</span> <span class='ocrx_word' id='word_1_93' title='bbox 689 742 809 777; x_wconf 88' lang='lat' dir='ltr'>sciunt</span> <span class='ocrx_word' id='word_1_94' title='bbox 830 740 937 775; x_wconf 87' lang='lat' dir='ltr'>facile</span> <span class='ocrx_word' id='word_1_95' title='bbox 961 740 1102 775; x_wconf 91' lang='lat' dir='ltr'>decurri</span> <span class='ocrx_word' id='word_1_96' title='bbox 1126 739 1172 774; x_wconf 90' lang='lat' dir='ltr'>ad</span> <span class='ocrx_word' id='word_1_97' title='bbox 1196 739 1295 775; x_wconf 85' lang='lat' dir='ltr'>novi-</span> 
     </span>
     <span class='ocr_line' id='line_1_14' title="bbox 202 786 1297 832; baseline -0.003 -10"><span class='ocrx_word' id='word_1_98' title='bbox 202 788 340 823; x_wconf 87' lang='lat' dir='ltr'>ciorum</span> <span class='ocrx_word' id='word_1_99' title='bbox 364 787 594 832; x_wconf 78' lang='lat' dir='ltr'>emptionem,</span> <span class='ocrx_word' id='word_1_100' title='bbox 618 787 752 822; x_wconf 89' lang='lat' dir='ltr'>idcirco</span> <span class='ocrx_word' id='word_1_101' title='bbox 777 786 996 830; x_wconf 82' lang='lat' dir='ltr'>interpolant</span> <span class='ocrx_word' id='word_1_102' title='bbox 1019 789 1236 820; x_wconf 89' lang='lat' dir='ltr'>veteratores</span> <span class='ocrx_word' id='word_1_103' title='bbox 1262 788 1297 819; x_wconf 91' lang='lat' dir='ltr'>et</span> 
     </span>
    </p>

    <p class='ocr_par' dir='ltr' id='par_1_3' title="bbox 199 829 1297 964">
     <span class='ocr_line' id='line_1_15' title="bbox 228 829 1296 877; baseline -0.004 -9"><span class='ocrx_word' id='word_1_104' title='bbox 228 843 268 868; x_wconf 91' lang='lat' dir='ltr'>ro</span> <span class='ocrx_word' id='word_1_105' title='bbox 293 832 440 868; x_wconf 90' lang='lat' dir='ltr'>noviciis</span> <span class='ocrx_word' id='word_1_106' title='bbox 463 831 631 867; x_wconf 85' lang='lat' dir='ltr'>vendunt.</span> <span class='ocrx_word' id='word_1_107' title='bbox 668 832 764 877; x_wconf 91' lang='lat' dir='ltr'>quod</span> <span class='ocrx_word' id='word_1_108' title='bbox 787 842 832 866; x_wconf 93' lang='lat' dir='ltr'>ne</span> <span class='ocrx_word' id='word_1_109' title='bbox 855 831 936 872; x_wconf 90' lang='lat' dir='ltr'>fiat,</span> <span class='ocrx_word' id='word_1_110' title='bbox 962 831 1031 865; x_wconf 92' lang='lat' dir='ltr'>hoc</span> <span class='ocrx_word' id='word_1_111' title='bbox 1057 830 1173 865; x_wconf 88' lang='lat' dir='ltr'>edicto</span> <span class='ocrx_word' id='word_1_112' title='bbox 1199 829 1296 865; x_wconf 91' lang='lat' dir='ltr'>aedi-</span> 
     </span>
     <span class='ocr_line' id='line_1_16' title="bbox 199 844 1297 922; baseline -0.004 -9"><span class='ocrx_word' id='word_1_113' title='bbox 199 844 255 913; x_wconf 64' lang='lat' dir='ltr'>fes</span> <span class='ocrx_word' id='word_1_114' title='bbox 279 877 510 913; x_wconf 86' lang='lat' dir='ltr'>denuntiant:</span> <span class='ocrx_word' id='word_1_115' title='bbox 536 881 572 912; x_wconf 90' lang='lat' dir='ltr'>et</span> <span class='ocrx_word' id='word_1_116' title='bbox 593 876 672 912; x_wconf 91' lang='lat' dir='ltr'>ideo</span> <span class='ocrx_word' id='word_1_117' title='bbox 698 877 728 912; x_wconf 91' lang='lat' dir='ltr'>si</span> <span class='ocrx_word' id='word_1_118' title='bbox 753 876 837 922; x_wconf 92' lang='lat' dir='ltr'>quid</span> <span class='ocrx_word' id='word_1_119' title='bbox 859 876 1046 921; x_wconf 81' lang='lat' dir='ltr'>ignorante</span> <span class='ocrx_word' id='word_1_120' title='bbox 1067 879 1226 921; x_wconf 83' lang='lat' dir='ltr'>emptore</span> <span class='ocrx_word' id='word_1_121' title='bbox 1245 876 1297 909; x_wconf 87' lang='lat' dir='ltr'>ita</span> 
     </span>
     <span class='ocr_line' id='line_1_17' title="bbox 201 922 638 964; baseline -0.002 -6"><span class='ocrx_word' id='word_1_122' title='bbox 201 922 361 964; x_wconf 88' lang='lat' dir='ltr'>venierit,</span> <span class='ocrx_word' id='word_1_123' title='bbox 385 922 638 958; x_wconf 89' lang='lat' dir='ltr'>redhibebitur.</span> 
     </span>
    </p>

    <p class='ocr_par' dir='ltr' id='par_1_4' title="bbox 199 964 1299 1328">
     <span class='ocr_line' id='line_1_18' title="bbox 249 964 1298 1006; baseline -0.006 -1"><span class='ocrx_word' id='word_1_124' title='bbox 249 964 303 1006; x_wconf 88' lang='lat'>38</span> <span class='ocrx_word' id='word_1_125' title='bbox 327 967 434 1003; x_wconf 72' lang='lat' dir='ltr'><em>IDEM</em></span> <span class='ocrx_word' id='word_1_126' title='bbox 454 967 545 1002; x_wconf 78' lang='lat' dir='ltr'>libro</span> <span class='ocrx_word' id='word_1_127' title='bbox 568 967 726 1003; x_wconf 80' lang='lat' dir='ltr'>secundo</span> <span class='ocrx_word' id='word_1_128' title='bbox 750 967 800 1002; x_wconf 83' lang='lat' dir='ltr'>ad</span> <span class='ocrx_word' id='word_1_129' title='bbox 822 966 976 1002; x_wconf 81' lang='lat' dir='ltr'>edictum</span> <span class='ocrx_word' id='word_1_130' title='bbox 1001 965 1171 1001; x_wconf 76' lang='lat' dir='ltr'>aedilium</span> <span class='ocrx_word' id='word_1_131' title='bbox 1191 975 1298 1000; x_wconf 82' lang='lat' dir='ltr'>curu—</span> 
     </span>
     <span class='ocr_line' id='line_1_19' title="bbox 202 1009 1298 1062; baseline -0.004 -14"><span class='ocrx_word' id='word_1_132' title='bbox 202 1012 291 1048; x_wconf 81' lang='lat' dir='ltr'>lium</span> <span class='ocrx_word' id='word_1_133' title='bbox 337 1012 482 1048; x_wconf 86' lang='lat' dir='ltr'>Aediles</span> <span class='ocrx_word' id='word_1_134' title='bbox 518 1012 636 1047; x_wconf 87' lang='lat' dir='ltr'>aiunt:</span> <span class='ocrx_word' id='word_1_135' title='bbox 672 1012 753 1057; x_wconf 80' lang='lat' dir='ltr'>‘Qui</span> <span class='ocrx_word' id='word_1_136' title='bbox 784 1012 943 1047; x_wconf 89' lang='lat' dir='ltr'>iumenta</span> <span class='ocrx_word' id='word_1_137' title='bbox 966 1011 1143 1052; x_wconf 89' lang='lat' dir='ltr'>vendunt,</span> <span class='ocrx_word' id='word_1_138' title='bbox 1176 1009 1298 1062; x_wconf 83' lang='lat' dir='ltr'>palam</span> 
     </span>
     <span class='ocr_line' id='line_1_20' title="bbox 205 1055 1298 1102; baseline -0.003 -10"><span class='ocrx_word' id='word_1_139' title='bbox 205 1061 314 1094; x_wconf 87' lang='lat' dir='ltr'>‘recte</span> <span class='ocrx_word' id='word_1_140' title='bbox 338 1057 505 1099; x_wconf 89' lang='lat' dir='ltr'>dicunto,</span> <span class='ocrx_word' id='word_1_141' title='bbox 531 1057 616 1102; x_wconf 91' lang='lat' dir='ltr'>quid</span> <span class='ocrx_word' id='word_1_142' title='bbox 639 1058 675 1092; x_wconf 91' lang='lat' dir='ltr'>in</span> <span class='ocrx_word' id='word_1_143' title='bbox 700 1067 842 1102; x_wconf 90' lang='lat' dir='ltr'>quoque</span> <span class='ocrx_word' id='word_1_144' title='bbox 866 1067 990 1092; x_wconf 91' lang='lat' dir='ltr'>eorum</span> <span class='ocrx_word' id='word_1_145' title='bbox 1014 1056 1128 1091; x_wconf 89' lang='lat' dir='ltr'>morbi</span> <span class='ocrx_word' id='word_1_146' title='bbox 1151 1055 1298 1100; x_wconf 79' lang='lat' dir='ltr'>vitiique</span> 
     </span>
     <span class='ocr_line' id='line_1_21' title="bbox 199 1101 1299 1148; baseline -0.005 -9"><span class='ocrx_word' id='word_1_147' title='bbox 199 1103 273 1146; x_wconf 82' lang='lat' dir='ltr'>⁴sit,</span> <span class='ocrx_word' id='word_1_148' title='bbox 298 1103 421 1148; x_wconf 90' lang='lat' dir='ltr'>utique</span> <span class='ocrx_word' id='word_1_149' title='bbox 444 1103 576 1148; x_wconf 88' lang='lat' dir='ltr'>optime</span> <span class='ocrx_word' id='word_1_150' title='bbox 600 1107 728 1138; x_wconf 87' lang='lat' dir='ltr'>ornata</span> <span class='ocrx_word' id='word_1_151' title='bbox 751 1102 926 1138; x_wconf 89' lang='lat' dir='ltr'>vendendi</span> <span class='ocrx_word' id='word_1_152' title='bbox 947 1112 1058 1137; x_wconf 90' lang='lat' dir='ltr'>causa</span> <span class='ocrx_word' id='word_1_153' title='bbox 1078 1101 1222 1143; x_wconf 84' lang='lat' dir='ltr'>fuerint,</span> <span class='ocrx_word' id='word_1_154' title='bbox 1246 1101 1299 1134; x_wconf 87' lang='lat' dir='ltr'>ita</span> 
     </span>
     <span class='ocr_line' id='line_1_22' title="bbox 205 1145 1297 1193; baseline -0.005 -9"><span class='ocrx_word' id='word_1_155' title='bbox 205 1149 439 1193; x_wconf 85' lang='lat' dir='ltr'>‘emptoribus</span> <span class='ocrx_word' id='word_1_156' title='bbox 462 1148 650 1183; x_wconf 87' lang='lat' dir='ltr'>tradentur</span> <span class='ocrx_word' id='word_1_157' title='bbox 661 1148 686 1182; x_wconf 78' lang='lat'>2.</span> <span class='ocrx_word' id='word_1_158' title='bbox 724 1147 754 1183; x_wconf 90' lang='lat' dir='ltr'>si</span> <span class='ocrx_word' id='word_1_159' title='bbox 779 1148 864 1193; x_wconf 90' lang='lat' dir='ltr'>quid</span> <span class='ocrx_word' id='word_1_160' title='bbox 887 1148 940 1182; x_wconf 89' lang='lat' dir='ltr'>ita</span> <span class='ocrx_word' id='word_1_161' title='bbox 961 1146 1099 1182; x_wconf 87' lang='lat' dir='ltr'>factum</span> <span class='ocrx_word' id='word_1_162' title='bbox 1122 1157 1194 1181; x_wconf 90' lang='lat' dir='ltr'>non</span> <span class='ocrx_word' id='word_1_163' title='bbox 1219 1145 1297 1187; x_wconf 85' lang='lat' dir='ltr'>erit,</span> 
     </span>
     <span class='ocr_line' id='line_1_23' title="bbox 200 1193 1298 1229; baseline -0.003 -1"><span class='ocrx_word' id='word_1_164' title='bbox 200 1194 260 1229; x_wconf 76' lang='lat' dir='ltr'>‘de</span> <span class='ocrx_word' id='word_1_165' title='bbox 282 1194 501 1229; x_wconf 84' lang='lat' dir='ltr'>ornamentis</span> <span class='ocrx_word' id='word_1_166' title='bbox 525 1193 753 1228; x_wconf 86' lang='lat' dir='ltr'>restituendis</span> <span class='ocrx_word' id='word_1_167' title='bbox 776 1193 984 1227; x_wconf 90' lang='lat' dir='ltr'>iumentisve</span> <span class='ocrx_word' id='word_1_168' title='bbox 1008 1195 1298 1227; x_wconf 87' lang='lat' dir='ltr'>ornamentorum</span> 
     </span>
     <span class='ocr_line' id='line_1_24' title="bbox 200 1237 1297 1283; baseline -0.003 -10"><span class='ocrx_word' id='word_1_169' title='bbox 200 1238 596 1274; x_wconf 57' lang='grc'>611011111101011111110111118</span> <span class='ocrx_word' id='word_1_170' title='bbox 617 1239 654 1273; x_wconf 92' lang='lat' dir='ltr'>in</span> <span class='ocrx_word' id='word_1_171' title='bbox 675 1238 800 1273; x_wconf 92' lang='lat' dir='ltr'>diebus</span> <span class='ocrx_word' id='word_1_172' title='bbox 821 1238 1016 1283; x_wconf 85' lang='lat' dir='ltr'>sexaginta,</span> <span class='ocrx_word' id='word_1_173' title='bbox 1042 1237 1158 1272; x_wconf 91' lang='lat' dir='ltr'>morbi</span> <span class='ocrx_word' id='word_1_174' title='bbox 1178 1241 1297 1271; x_wconf 90' lang='lat' dir='ltr'>autem</span> 
     </span>
     <span class='ocr_line' id='line_1_25' title="bbox 204 1281 1298 1328; baseline -0.003 -10"><span class='ocrx_word' id='word_1_175' title='bbox 204 1284 334 1319; x_wconf 83' lang='lat' dir='ltr'>‘vitiive</span> <span class='ocrx_word' id='word_1_176' title='bbox 358 1293 468 1318; x_wconf 87' lang='lat' dir='ltr'>causa</span> <span class='ocrx_word' id='word_1_177' title='bbox 491 1283 655 1328; x_wconf 85' lang='lat' dir='ltr'>inemptis</span> <span class='ocrx_word' id='word_1_178' title='bbox 679 1283 853 1318; x_wconf 85' lang='lat' dir='ltr'>faciendis</span> <span class='ocrx_word' id='word_1_179' title='bbox 876 1283 914 1318; x_wconf 90' lang='lat' dir='ltr'>in</span> <span class='ocrx_word' id='word_1_180' title='bbox 939 1293 1003 1318; x_wconf 89' lang='lat' dir='ltr'>sex</span> <span class='ocrx_word' id='word_1_181' title='bbox 1026 1282 1218 1323; x_wconf 92' lang='lat' dir='ltr'>mensibus,</span> <span class='ocrx_word' id='word_1_182' title='bbox 1243 1281 1298 1316; x_wconf 89' lang='lat' dir='ltr'>vel</span> 
     </span>
    </p>
   </div>
   <div class='ocr_carea' id='block_1_3' title="bbox 200 1326 1314 1409">
    <p class='ocr_par' dir='ltr' id='par_1_5' title="bbox 200 1326 1314 1409">
     <span class='ocr_line' id='line_1_26' title="bbox 200 1326 1314 1409; baseline -0.004 -45"><span class='ocrx_word' id='word_1_183' title='bbox 200 1332 287 1409; x_wconf 59' lang='lat'><strong>:3110</strong></span> <span class='ocrx_word' id='word_1_184' title='bbox 312 1328 458 1364; x_wconf 89' lang='lat' dir='ltr'>minoris</span> <span class='ocrx_word' id='word_1_185' title='bbox 484 1339 564 1363; x_wconf 90' lang='lat' dir='ltr'>cum</span> <span class='ocrx_word' id='word_1_186' title='bbox 588 1328 748 1363; x_wconf 88' lang='lat' dir='ltr'>venirent</span> <span class='ocrx_word' id='word_1_187' title='bbox 770 1328 923 1371; x_wconf 85' lang='lat' dir='ltr'>fuerint,</span> <span class='ocrx_word' id='word_1_188' title='bbox 947 1328 985 1363; x_wconf 93' lang='lat' dir='ltr'>in</span> <span class='ocrx_word' id='word_1_189' title='bbox 1009 1338 1103 1363; x_wconf 91' lang='lat' dir='ltr'>anno</span> <span class='ocrx_word' id='word_1_190' title='bbox 1127 1326 1314 1369; x_wconf 64' lang='lat' dir='ltr'>iudicium&gt;</span> 
     </span>
    </p>
   </div>
   <div class='ocr_carea' id='block_1_4' title="bbox 186 1372 1301 2137">
    <p class='ocr_par' dir='ltr' id='par_1_6' title="bbox 186 1372 1301 2137">
     <span class='ocr_line' id='line_1_27' title="bbox 241 1372 1299 1418; baseline -0.003 -10"><span class='ocrx_word' id='word_1_191' title='bbox 241 1374 393 1409; x_wconf 89' lang='lat' dir='ltr'>abimus.</span> <span class='ocrx_word' id='word_1_192' title='bbox 431 1374 462 1408; x_wconf 90' lang='lat' dir='ltr'>si</span> <span class='ocrx_word' id='word_1_193' title='bbox 482 1374 638 1408; x_wconf 90' lang='lat' dir='ltr'>iumenta</span> <span class='ocrx_word' id='word_1_194' title='bbox 657 1374 760 1418; x_wconf 87' lang='lat' dir='ltr'>paria</span> <span class='ocrx_word' id='word_1_195' title='bbox 780 1374 883 1409; x_wconf 90' lang='lat' dir='ltr'>simul</span> <span class='ocrx_word' id='word_1_196' title='bbox 906 1373 1080 1409; x_wconf 90' lang='lat' dir='ltr'>venierint</span> <span class='ocrx_word' id='word_1_197' title='bbox 1099 1376 1134 1408; x_wconf 89' lang='lat' dir='ltr'>et</span> <span class='ocrx_word' id='word_1_198' title='bbox 1146 1372 1299 1407; x_wconf 89' lang='lat' dir='ltr'>alterum</span> 
     </span>
     <span class='ocr_line' id='line_1_28' title="bbox 199 1417 1299 1461; baseline -0.002 -8"><span class='ocrx_word' id='word_1_199' title='bbox 199 1419 253 1454; x_wconf 62' lang='lat' dir='ltr'>&gt;‘in</span> <span class='ocrx_word' id='word_1_200' title='bbox 284 1429 328 1454; x_wconf 87' lang='lat' dir='ltr'>ea</span> <span class='ocrx_word' id='word_1_201' title='bbox 361 1429 472 1454; x_wconf 88' lang='lat' dir='ltr'>causa</span> <span class='ocrx_word' id='word_1_202' title='bbox 502 1418 628 1461; x_wconf 83' lang='lat' dir='ltr'>fuerit,</span> <span class='ocrx_word' id='word_1_203' title='bbox 666 1423 706 1453; x_wconf 92' lang='lat' dir='ltr'>ut</span> <span class='ocrx_word' id='word_1_204' title='bbox 737 1419 916 1454; x_wconf 86' lang='lat' dir='ltr'>redhiberi</span> <span class='ocrx_word' id='word_1_205' title='bbox 947 1418 1094 1459; x_wconf 90' lang='lat' dir='ltr'>debeat,</span> <span class='ocrx_word' id='word_1_206' title='bbox 1127 1417 1299 1452; x_wconf 91' lang='lat' dir='ltr'>iudicium</span> 
     </span>
     <span class='ocr_line' id='line_1_29' title="bbox 206 1463 1300 1509; baseline -0.003 -10"><span class='ocrx_word' id='word_1_207' title='bbox 206 1470 221 1499; x_wconf 93' lang='lat'>1</span> <span class='ocrx_word' id='word_1_208' title='bbox 273 1464 459 1506; x_wconf 87' lang='lat' dir='ltr'>‘dabimus,</span> <span class='ocrx_word' id='word_1_209' title='bbox 481 1474 551 1508; x_wconf 90' lang='lat' dir='ltr'>quo</span> <span class='ocrx_word' id='word_1_210' title='bbox 572 1468 763 1509; x_wconf 90' lang='lat' dir='ltr'>utrumque</span> <span class='ocrx_word' id='word_1_211' title='bbox 782 1464 1036 1499; x_wconf 87' lang='lat' dir='ltr'>redhibeatur⁷.</span> <span class='ocrx_word' id='word_1_212' title='bbox 1083 1463 1300 1507; x_wconf 90' lang='lat' dir='ltr'>Loquuntur</span> 
     </span>
     <span class='ocr_line' id='line_1_30' title="bbox 204 1507 1300 1548; baseline -0.002 -4"><span class='ocrx_word' id='word_1_213' title='bbox 204 1512 223 1544; x_wconf 87' lang='lat'>2</span> <span class='ocrx_word' id='word_1_214' title='bbox 273 1509 405 1544; x_wconf 86' lang='lat' dir='ltr'>aediles</span> <span class='ocrx_word' id='word_1_215' title='bbox 419 1510 456 1544; x_wconf 91' lang='lat' dir='ltr'>in</span> <span class='ocrx_word' id='word_1_216' title='bbox 468 1509 537 1544; x_wconf 92' lang='lat' dir='ltr'>hoc</span> <span class='ocrx_word' id='word_1_217' title='bbox 551 1509 667 1544; x_wconf 90' lang='lat' dir='ltr'>edicto</span> <span class='ocrx_word' id='word_1_218' title='bbox 682 1509 726 1544; x_wconf 92' lang='lat' dir='ltr'>de</span> <span class='ocrx_word' id='word_1_219' title='bbox 737 1509 902 1545; x_wconf 88' lang='lat' dir='ltr'>iumentis</span> <span class='ocrx_word' id='word_1_220' title='bbox 914 1508 1155 1548; x_wconf 85' lang='lat' dir='ltr'>redhibendis.</span> <span class='ocrx_word' id='word_1_221' title='bbox 1182 1507 1300 1543; x_wconf 88' lang='lat' dir='ltr'>Causa</span> 
     </span>
     <span class='ocr_line' id='line_1_31' title="bbox 203 1552 1299 1600; baseline -0.002 -11"><span class='ocrx_word' id='word_1_222' title='bbox 203 1558 324 1590; x_wconf 89' lang='lat' dir='ltr'>autem</span> <span class='ocrx_word' id='word_1_223' title='bbox 345 1554 450 1589; x_wconf 90' lang='lat' dir='ltr'>huius</span> <span class='ocrx_word' id='word_1_224' title='bbox 471 1554 578 1589; x_wconf 89' lang='lat' dir='ltr'>edicti</span> <span class='ocrx_word' id='word_1_225' title='bbox 598 1555 722 1589; x_wconf 91' lang='lat' dir='ltr'>eadem</span> <span class='ocrx_word' id='word_1_226' title='bbox 742 1559 808 1597; x_wconf 87' lang='lat' dir='ltr'>est,</span> <span class='ocrx_word' id='word_1_227' title='bbox 829 1565 921 1600; x_wconf 92' lang='lat' dir='ltr'>quae</span> <span class='ocrx_word' id='word_1_228' title='bbox 940 1554 1057 1589; x_wconf 89' lang='lat' dir='ltr'>manci</span> <span class='ocrx_word' id='word_1_229' title='bbox 1084 1553 1200 1588; x_wconf 91' lang='lat' dir='ltr'>iorum</span> <span class='ocrx_word' id='word_1_230' title='bbox 1217 1552 1299 1588; x_wconf 86' lang='lat' dir='ltr'>red-</span> 
     </span>
     <span class='ocr_line' id='line_1_32' title="bbox 205 1598 1300 1643; baseline -0.002 -9"><span class='ocrx_word' id='word_1_231' title='bbox 205 1603 225 1634; x_wconf 86' lang='lat'><strong>3</strong></span> <span class='ocrx_word' id='word_1_232' title='bbox 272 1599 520 1635; x_wconf 90' lang='lat' dir='ltr'>hibendorum.</span> <span class='ocrx_word' id='word_1_233' title='bbox 568 1599 618 1634; x_wconf 85' lang='lat' dir='ltr'>Et</span> <span class='ocrx_word' id='word_1_234' title='bbox 640 1599 716 1634; x_wconf 84' lang='lat' dir='ltr'>fere</span> <span class='ocrx_word' id='word_1_235' title='bbox 740 1600 863 1635; x_wconf 87' lang='lat' dir='ltr'>eadem</span> <span class='ocrx_word' id='word_1_236' title='bbox 888 1603 973 1635; x_wconf 90' lang='lat' dir='ltr'>sunt</span> <span class='ocrx_word' id='word_1_237' title='bbox 994 1600 1032 1634; x_wconf 93' lang='lat' dir='ltr'>in</span> <span class='ocrx_word' id='word_1_238' title='bbox 1083 1599 1123 1641; x_wconf 84' lang='lat' dir='ltr'>&#39;s,</span> <span class='ocrx_word' id='word_1_239' title='bbox 1149 1608 1240 1643; x_wconf 92' lang='lat' dir='ltr'>quae</span> <span class='ocrx_word' id='word_1_240' title='bbox 1262 1598 1300 1632; x_wconf 94' lang='grc'>111</span> 
     </span>
     <span class='ocr_line' id='line_1_33' title="bbox 201 1643 1299 1690; baseline -0.002 -11"><span class='ocrx_word' id='word_1_241' title='bbox 201 1645 411 1690; x_wconf 83' lang='lat' dir='ltr'>mancipiis,</span> <span class='ocrx_word' id='word_1_242' title='bbox 445 1644 541 1689; x_wconf 91' lang='lat' dir='ltr'>quod</span> <span class='ocrx_word' id='word_1_243' title='bbox 573 1645 620 1680; x_wconf 90' lang='lat' dir='ltr'>ad</span> <span class='ocrx_word' id='word_1_244' title='bbox 641 1645 804 1680; x_wconf 90' lang='lat' dir='ltr'>morbum</span> <span class='ocrx_word' id='word_1_245' title='bbox 827 1645 994 1680; x_wconf 87' lang='lat' dir='ltr'>vitiumve</span> <span class='ocrx_word' id='word_1_246' title='bbox 1018 1644 1163 1679; x_wconf 86' lang='lat' dir='ltr'>attinet:</span> <span class='ocrx_word' id='word_1_247' title='bbox 1197 1643 1299 1689; x_wconf 88' lang='lat' dir='ltr'>quid-</span> 
     </span>
     <span class='ocr_line' id='line_1_34' title="bbox 204 1689 1301 1735; baseline -0.002 -11"><span class='ocrx_word' id='word_1_248' title='bbox 204 1689 290 1735; x_wconf 88' lang='lat' dir='ltr'>quid</span> <span class='ocrx_word' id='word_1_249' title='bbox 311 1690 422 1734; x_wconf 87' lang='lat' dir='ltr'>igitur</span> <span class='ocrx_word' id='word_1_250' title='bbox 444 1690 528 1725; x_wconf 87' lang='lat' dir='ltr'>hic³</span> <span class='ocrx_word' id='word_1_251' title='bbox 552 1689 715 1732; x_wconf 80' lang='lat' dir='ltr'>diximus,</span> <span class='ocrx_word' id='word_1_252' title='bbox 740 1691 813 1726; x_wconf 90' lang='lat' dir='ltr'>huc</span> <span class='ocrx_word' id='word_1_253' title='bbox 838 1691 905 1726; x_wconf 90' lang='lat' dir='ltr'>erit</span> <span class='ocrx_word' id='word_1_254' title='bbox 927 1689 1228 1725; x_wconf 86' lang='lat' dir='ltr'>transferendum.</span> <span class='ocrx_word' id='word_1_255' title='bbox 1265 1693 1301 1723; x_wconf 92' lang='lat' dir='ltr'>et</span> 
     </span>
     <span class='ocr_line' id='line_1_35' title="bbox 200 1734 1301 1780; baseline -0.002 -10"><span class='ocrx_word' id='word_1_256' title='bbox 200 1735 235 1770; x_wconf 86' lang='lat' dir='ltr'>si</span> <span class='ocrx_word' id='word_1_257' title='bbox 265 1739 446 1770; x_wconf 88' lang='lat' dir='ltr'>mortuum</span> <span class='ocrx_word' id='word_1_258' title='bbox 481 1734 591 1770; x_wconf 88' lang='lat' dir='ltr'>fuerit</span> <span class='ocrx_word' id='word_1_259' title='bbox 620 1735 838 1778; x_wconf 89' lang='lat' dir='ltr'>iumentum,</span> <span class='ocrx_word' id='word_1_260' title='bbox 873 1736 952 1780; x_wconf 88' lang='lat' dir='ltr'>pari</span> <span class='ocrx_word' id='word_1_261' title='bbox 983 1735 1088 1770; x_wconf 91' lang='lat' dir='ltr'>modo</span> <span class='ocrx_word' id='word_1_262' title='bbox 1120 1734 1301 1769; x_wconf 89' lang='lat' dir='ltr'>redhiberi</span> 
     </span>
     <span class='ocr_line' id='line_1_36' title="bbox 204 1779 1299 1826; baseline -0.002 -11"><span class='ocrx_word' id='word_1_263' title='bbox 204 1783 225 1815; x_wconf 86' lang='lat'>4</span> <span class='ocrx_word' id='word_1_264' title='bbox 271 1780 414 1825; x_wconf 89' lang='lat' dir='ltr'>poterit,</span> <span class='ocrx_word' id='word_1_265' title='bbox 434 1780 731 1825; x_wconf 87' lang='lat' dir='ltr'>quemadmodum</span> <span class='ocrx_word' id='word_1_266' title='bbox 750 1781 968 1826; x_wconf 89' lang='lat' dir='ltr'>mancipium</span> <span class='ocrx_word' id='word_1_267' title='bbox 979 1783 1109 1825; x_wconf 87' lang='lat' dir='ltr'>potest.</span> <span class='ocrx_word' id='word_1_268' title='bbox 1157 1779 1299 1814; x_wconf 91' lang='lat' dir='ltr'>Iumen-</span> 
     </span>
     <span class='ocr_line' id='line_1_37' title="bbox 202 1825 1299 1870; baseline -0.002 -9"><span class='ocrx_word' id='word_1_269' title='bbox 202 1830 323 1861; x_wconf 86' lang='lat' dir='ltr'>torum</span> <span class='ocrx_word' id='word_1_270' title='bbox 354 1829 473 1860; x_wconf 86' lang='lat' dir='ltr'>autem</span> <span class='ocrx_word' id='word_1_271' title='bbox 505 1826 746 1870; x_wconf 84' lang='lat' dir='ltr'>appellatione</span> <span class='ocrx_word' id='word_1_272' title='bbox 779 1836 827 1861; x_wconf 91' lang='lat' dir='ltr'>an</span> <span class='ocrx_word' id='word_1_273' title='bbox 850 1836 956 1861; x_wconf 92' lang='lat' dir='ltr'>omne</span> <span class='ocrx_word' id='word_1_274' title='bbox 978 1835 1090 1870; x_wconf 91' lang='lat' dir='ltr'>pecus</span> <span class='ocrx_word' id='word_1_275' title='bbox 1116 1825 1299 1860; x_wconf 89' lang='lat' dir='ltr'>continea-</span> 
     </span>
     <span class='ocr_line' id='line_1_38' title="bbox 201 1870 1301 1913; baseline -0.001 -8"><span class='ocrx_word' id='word_1_276' title='bbox 201 1875 276 1913; x_wconf 83' lang='lat' dir='ltr'>tur,</span> <span class='ocrx_word' id='word_1_277' title='bbox 302 1870 496 1906; x_wconf 87' lang='lat' dir='ltr'>videamus.</span> <span class='ocrx_word' id='word_1_278' title='bbox 534 1875 570 1905; x_wconf 91' lang='lat' dir='ltr'>et</span> <span class='ocrx_word' id='word_1_279' title='bbox 594 1870 739 1906; x_wconf 83' lang='lat' dir='ltr'>difficile</span> <span class='ocrx_word' id='word_1_280' title='bbox 763 1875 836 1913; x_wconf 90' lang='lat' dir='ltr'>est,</span> <span class='ocrx_word' id='word_1_281' title='bbox 867 1875 909 1907; x_wconf 89' lang='lat' dir='ltr'>ut</span> <span class='ocrx_word' id='word_1_282' title='bbox 940 1870 1184 1906; x_wconf 89' lang='lat' dir='ltr'>contineatur:</span> <span class='ocrx_word' id='word_1_283' title='bbox 1217 1880 1301 1904; x_wconf 87' lang='lat' dir='ltr'>nam</span> 
     </span>
     <span class='ocr_line' id='line_1_39' title="bbox 207 1915 1300 1995; baseline -0.001 -44"><span class='ocrx_word' id='word_1_284' title='bbox 207 1916 305 1951; x_wconf 88' lang='lat' dir='ltr'>aliud</span> <span class='ocrx_word' id='word_1_285' title='bbox 337 1915 540 1995; x_wconf 66' lang='lat' dir='ltr'>sifinificant</span> <span class='ocrx_word' id='word_1_286' title='bbox 569 1916 746 1958; x_wconf 87' lang='lat' dir='ltr'>iumenta,</span> <span class='ocrx_word' id='word_1_287' title='bbox 779 1916 878 1951; x_wconf 90' lang='lat' dir='ltr'>aliud</span> <span class='ocrx_word' id='word_1_288' title='bbox 909 1915 1130 1960; x_wconf 85' lang='lat' dir='ltr'>significatur</span> <span class='ocrx_word' id='word_1_289' title='bbox 1160 1915 1300 1960; x_wconf 85' lang='lat' dir='ltr'>pecoris</span> 
     </span>
     <span class='ocr_line' id='line_1_40' title="bbox 186 1960 1299 2007; baseline 0 -12"><span class='ocrx_word' id='word_1_290' title='bbox 186 1964 224 1996; x_wconf 48' lang='lat'>&gt;5</span> <span class='ocrx_word' id='word_1_291' title='bbox 272 1970 365 2006; x_wconf 89' lang='lat' dir='ltr'>appe</span> <span class='ocrx_word' id='word_1_292' title='bbox 393 1961 522 1995; x_wconf 91' lang='lat' dir='ltr'>atione.</span> <span class='ocrx_word' id='word_1_293' title='bbox 570 1961 709 1996; x_wconf 89' lang='lat' dir='ltr'>Idcirco</span> <span class='ocrx_word' id='word_1_294' title='bbox 735 1961 886 2007; x_wconf 86' lang='lat' dir='ltr'>elogium</span> <span class='ocrx_word' id='word_1_295' title='bbox 909 1961 994 1996; x_wconf 87' lang='lat' dir='ltr'>huic</span> <span class='ocrx_word' id='word_1_296' title='bbox 1019 1961 1136 1996; x_wconf 90' lang='lat' dir='ltr'>edicto</span> <span class='ocrx_word' id='word_1_297' title='bbox 1161 1960 1299 1995; x_wconf 91' lang='lat' dir='ltr'>subiec-</span> 
     </span>
     <span class='ocr_line' id='line_1_41' title="bbox 198 2005 1300 2052; baseline -0.001 -11"><span class='ocrx_word' id='word_1_298' title='bbox 198 2010 282 2041; x_wconf 84' lang='lat' dir='ltr'>tum</span> <span class='ocrx_word' id='word_1_299' title='bbox 315 2010 386 2048; x_wconf 88' lang='lat' dir='ltr'>est,</span> <span class='ocrx_word' id='word_1_300' title='bbox 422 2006 523 2041; x_wconf 91' lang='lat' dir='ltr'>cuius</span> <span class='ocrx_word' id='word_1_301' title='bbox 555 2006 664 2041; x_wconf 90' lang='lat' dir='ltr'>verba</span> <span class='ocrx_word' id='word_1_302' title='bbox 686 2007 777 2042; x_wconf 92' lang='grc'>11800</span> <span class='ocrx_word' id='word_1_303' title='bbox 801 2010 904 2042; x_wconf 87' lang='lat' dir='ltr'>sunt:</span> <span class='ocrx_word' id='word_1_304' title='bbox 930 2010 1035 2052; x_wconf 86' lang='lat' dir='ltr'>‘quae</span> <span class='ocrx_word' id='word_1_305' title='bbox 1058 2005 1102 2040; x_wconf 89' lang='lat' dir='ltr'>de</span> <span class='ocrx_word' id='word_1_306' title='bbox 1124 2006 1300 2040; x_wconf 89' lang='lat' dir='ltr'>iumento-</span> 
     </span>
     <span class='ocr_line' id='line_1_42' title="bbox 202 2050 1299 2104; baseline 0 -19"><span class='ocrx_word' id='word_1_307' title='bbox 202 2054 296 2086; x_wconf 83' lang='lat' dir='ltr'>‘rum</span> <span class='ocrx_word' id='word_1_308' title='bbox 321 2051 476 2086; x_wconf 89' lang='lat' dir='ltr'>sanitate</span> <span class='ocrx_word' id='word_1_309' title='bbox 499 2051 664 2094; x_wconf 84' lang='lat' dir='ltr'>diximus,</span> <span class='ocrx_word' id='word_1_310' title='bbox 691 2051 735 2087; x_wconf 91' lang='lat' dir='ltr'>de</span> <span class='ocrx_word' id='word_1_311' title='bbox 753 2055 870 2087; x_wconf 91' lang='lat' dir='ltr'>cetero</span> <span class='ocrx_word' id='word_1_312' title='bbox 891 2061 1033 2104; x_wconf 84' lang='lat' dir='ltr'>quoque</span> <span class='ocrx_word' id='word_1_313' title='bbox 1050 2061 1182 2103; x_wconf 82' lang='lat' dir='ltr'>pecore</span> <span class='ocrx_word' id='word_1_314' title='bbox 1202 2050 1299 2086; x_wconf 91' lang='lat' dir='ltr'>omni</span> 
     </span>
     <span class='ocr_line' id='line_1_43' title="bbox 205 2095 1300 2137; baseline -0.001 -6"><span class='ocrx_word' id='word_1_315' title='bbox 205 2098 226 2131; x_wconf 86' lang='grc'><strong>6</strong></span> <span class='ocrx_word' id='word_1_316' title='bbox 274 2096 487 2131; x_wconf 81' lang='lat' dir='ltr'>‘venditores</span> <span class='ocrx_word' id='word_1_317' title='bbox 522 2096 706 2131; x_wconf 86' lang='lat' dir='ltr'>faciunto’.</span> <span class='ocrx_word' id='word_1_318' title='bbox 767 2096 870 2132; x_wconf 89' lang='lat' dir='ltr'>Unde</span> <span class='ocrx_word' id='word_1_319' title='bbox 905 2097 1060 2132; x_wconf 78' lang='lat' dir='ltr'>dubitari</span> <span class='ocrx_word' id='word_1_320' title='bbox 1096 2095 1218 2137; x_wconf 91' lang='lat' dir='ltr'>desiit,</span> <span class='ocrx_word' id='word_1_321' title='bbox 1254 2106 1300 2130; x_wconf 91' lang='lat' dir='ltr'>an</span> 
     </span>
    </p>
   </div>
   <div class='ocr_carea' id='block_1_5' title="bbox 204 2141 1350 2187">
    <p class='ocr_par' dir='ltr' id='par_1_7' title="bbox 204 2141 1350 2187">
     <span class='ocr_line' id='line_1_44' title="bbox 204 2141 1350 2187; baseline -0.001 -11"><span class='ocrx_word' id='word_1_322' title='bbox 204 2141 275 2176; x_wconf 90' lang='lat' dir='ltr'>hoc</span> <span class='ocrx_word' id='word_1_323' title='bbox 296 2141 411 2176; x_wconf 89' lang='lat' dir='ltr'>edicto</span> <span class='ocrx_word' id='word_1_324' title='bbox 432 2142 541 2176; x_wconf 92' lang='lat' dir='ltr'>boves</span> <span class='ocrx_word' id='word_1_325' title='bbox 561 2152 702 2187; x_wconf 93' lang='lat' dir='ltr'>quoque</span> <span class='ocrx_word' id='word_1_326' title='bbox 722 2142 991 2178; x_wconf 88' lang='lat' dir='ltr'>contineantur:</span> <span class='ocrx_word' id='word_1_327' title='bbox 1015 2141 1145 2177; x_wconf 85' lang='lat' dir='ltr'>etenim</span> <span class='ocrx_word' id='word_1_328' title='bbox 1164 2141 1300 2175; x_wconf 89' lang='lat' dir='ltr'>iumen·</span> <span class='ocrx_word' id='word_1_329' title='bbox 1348 2151 1350 2153; x_wconf 92' lang='lat'>·</span> 
     </span>
    </p>
   </div>
   <div class='ocr_carea' id='block_1_6' title="bbox 202 2185 1303 3578">
    <p class='ocr_par' dir='ltr' id='par_1_8' title="bbox 202 2185 1303 3578">
     <span class='ocr_line' id='line_1_45' title="bbox 202 2185 1302 2231; baseline -0.001 -10"><span class='ocrx_word' id='word_1_330' title='bbox 202 2190 324 2222; x_wconf 86' lang='lat' dir='ltr'>torum</span> <span class='ocrx_word' id='word_1_331' title='bbox 348 2186 587 2231; x_wconf 86' lang='lat' dir='ltr'>appellatione</span> <span class='ocrx_word' id='word_1_332' title='bbox 610 2198 684 2222; x_wconf 90' lang='grc'>11011</span> <span class='ocrx_word' id='word_1_333' title='bbox 708 2187 883 2225; x_wconf 81' lang='lat' dir='ltr'>contineri</span> <span class='ocrx_word' id='word_1_334' title='bbox 907 2197 968 2222; x_wconf 91' lang='lat' dir='ltr'>eos</span> <span class='ocrx_word' id='word_1_335' title='bbox 991 2187 1107 2222; x_wconf 91' lang='lat' dir='ltr'>verius</span> <span class='ocrx_word' id='word_1_336' title='bbox 1133 2190 1205 2228; x_wconf 92' lang='lat' dir='ltr'>est,</span> <span class='ocrx_word' id='word_1_337' title='bbox 1237 2185 1302 2221; x_wconf 90' lang='lat' dir='ltr'>sed</span> 
     </span>
     <span class='ocr_line' id='line_1_46' title="bbox 206 2231 1301 2278; baseline -0.001 -12"><span class='ocrx_word' id='word_1_338' title='bbox 206 2235 225 2266; x_wconf 83' lang='lat'><strong>7</strong></span> <span class='ocrx_word' id='word_1_339' title='bbox 273 2232 413 2276; x_wconf 89' lang='lat' dir='ltr'>pecoris</span> <span class='ocrx_word' id='word_1_340' title='bbox 425 2232 665 2278; x_wconf 83' lang='lat' dir='ltr'>appellatione</span> <span class='ocrx_word' id='word_1_341' title='bbox 678 2233 970 2268; x_wconf 90' lang='lat' dir='ltr'>continebuntur.</span> <span class='ocrx_word' id='word_1_342' title='bbox 1018 2231 1090 2267; x_wconf 89' lang='lat' dir='ltr'>Sed</span> <span class='ocrx_word' id='word_1_343' title='bbox 1111 2231 1203 2266; x_wconf 90' lang='lat' dir='ltr'>enim</span> <span class='ocrx_word' id='word_1_344' title='bbox 1215 2235 1301 2266; x_wconf 89' lang='lat' dir='ltr'>sunt</span> 
     </span>
     <span class='ocr_line' id='line_1_47' title="bbox 202 2276 1300 2324; baseline -0.001 -13"><span class='ocrx_word' id='word_1_345' title='bbox 202 2276 393 2322; x_wconf 81' lang='lat' dir='ltr'>quaedam,</span> <span class='ocrx_word' id='word_1_346' title='bbox 415 2289 506 2324; x_wconf 90' lang='lat' dir='ltr'>quae</span> <span class='ocrx_word' id='word_1_347' title='bbox 525 2279 562 2313; x_wconf 93' lang='lat' dir='ltr'>in</span> <span class='ocrx_word' id='word_1_348' title='bbox 582 2278 785 2313; x_wconf 88' lang='lat' dir='ltr'>hominibus</span> <span class='ocrx_word' id='word_1_349' title='bbox 806 2278 947 2323; x_wconf 90' lang='lat' dir='ltr'>quidem</span> <span class='ocrx_word' id='word_1_350' title='bbox 966 2277 1131 2312; x_wconf 90' lang='lat' dir='ltr'>morbum</span> <span class='ocrx_word' id='word_1_351' title='bbox 1149 2276 1300 2318; x_wconf 84' lang='lat' dir='ltr'>faciunt,</span> 
     </span>
     <span class='ocr_line' id='line_1_48' title="bbox 204 2322 1301 2376; baseline -0.005 -16"><span class='ocrx_word' id='word_1_352' title='bbox 204 2323 242 2360; x_wconf 86' lang='lat' dir='ltr'>in</span> <span class='ocrx_word' id='word_1_353' title='bbox 265 2323 431 2360; x_wconf 86' lang='lat' dir='ltr'>iumentis</span> <span class='ocrx_word' id='word_1_354' title='bbox 464 2334 537 2359; x_wconf 90' lang='lat' dir='ltr'>non</span> <span class='ocrx_word' id='word_1_355' title='bbox 569 2323 679 2358; x_wconf 89' lang='lat' dir='ltr'>adeo:</span> <span class='ocrx_word' id='word_1_356' title='bbox 715 2328 757 2358; x_wconf 90' lang='lat' dir='ltr'>ut</span> <span class='ocrx_word' id='word_1_357' title='bbox 784 2327 878 2376; x_wconf 81' lang='lat' dir='ltr'>puta</span> <span class='ocrx_word' id='word_1_358' title='bbox 909 2323 939 2358; x_wconf 89' lang='lat' dir='ltr'>si</span> <span class='ocrx_word' id='word_1_359' title='bbox 970 2322 1087 2357; x_wconf 90' lang='lat' dir='ltr'>mulus</span> <span class='ocrx_word' id='word_1_360' title='bbox 1121 2325 1301 2356; x_wconf 90' lang='lat' dir='ltr'>castratus</span> 
     </span>
     <span class='ocr_line' id='line_1_49' title="bbox 206 2366 1300 2420; baseline -0.005 -14"><span class='ocrx_word' id='word_1_361' title='bbox 206 2373 279 2414; x_wconf 87' lang='lat' dir='ltr'>est,</span> <span class='ocrx_word' id='word_1_362' title='bbox 315 2380 431 2415; x_wconf 91' lang='lat' dir='ltr'>neque</span> <span class='ocrx_word' id='word_1_363' title='bbox 465 2368 580 2404; x_wconf 91' lang='lat' dir='ltr'>morbi</span> <span class='ocrx_word' id='word_1_364' title='bbox 614 2378 730 2420; x_wconf 84' lang='lat' dir='ltr'>neque</span> <span class='ocrx_word' id='word_1_365' title='bbox 759 2368 836 2403; x_wconf 89' lang='lat' dir='ltr'>v1tii</span> <span class='ocrx_word' id='word_1_366' title='bbox 870 2367 956 2420; x_wconf 82' lang='lat' dir='ltr'>quid</span> <span class='ocrx_word' id='word_1_367' title='bbox 986 2368 1118 2402; x_wconf 90' lang='lat' dir='ltr'>habere</span> <span class='ocrx_word' id='word_1_368' title='bbox 1149 2366 1300 2408; x_wconf 85' lang='lat' dir='ltr'>videtur,</span> 
     </span>
     <span class='ocr_line' id='line_1_50' title="bbox 231 2412 1302 2491; baseline -0.004 -41"><span class='ocrx_word' id='word_1_369' title='bbox 231 2415 291 2450; x_wconf 91' lang='lat' dir='ltr'>uia</span> <span class='ocrx_word' id='word_1_370' title='bbox 315 2425 430 2460; x_wconf 89' lang='lat' dir='ltr'>neque</span> <span class='ocrx_word' id='word_1_371' title='bbox 453 2414 497 2449; x_wconf 90' lang='lat' dir='ltr'>de</span> <span class='ocrx_word' id='word_1_372' title='bbox 520 2414 730 2449; x_wconf 81' lang='lat' dir='ltr'>fortitudine</span> <span class='ocrx_word' id='word_1_373' title='bbox 754 2413 839 2459; x_wconf 90' lang='lat' dir='ltr'>quid</span> <span class='ocrx_word' id='word_1_374' title='bbox 863 2423 938 2449; x_wconf 78' lang='lat' dir='ltr'>elus</span> <span class='ocrx_word' id='word_1_375' title='bbox 964 2412 1163 2448; x_wconf 84' lang='lat' dir='ltr'>detrahitur</span> <span class='ocrx_word' id='word_1_376' title='bbox 1187 2422 1302 2491; x_wconf 59' lang='lat' dir='ltr'>neqlue</span> 
     </span>
     <span class='ocr_line' id='line_1_51' title="bbox 206 2427 1300 2504; baseline -0.004 -9"><span class='ocrx_word' id='word_1_377' title='bbox 206 2427 252 2496; x_wconf 60' lang='grc'>30</span> <span class='ocrx_word' id='word_1_378' title='bbox 282 2460 453 2502; x_wconf 88' lang='grc'>1111111810,</span> <span class='ocrx_word' id='word_1_379' title='bbox 487 2470 569 2494; x_wconf 90' lang='grc'>011111</span> <span class='ocrx_word' id='word_1_380' title='bbox 602 2459 648 2493; x_wconf 83' lang='grc'>811</span> <span class='ocrx_word' id='word_1_381' title='bbox 677 2458 919 2504; x_wconf 86' lang='lat' dir='ltr'>generandum</span> <span class='ocrx_word' id='word_1_382' title='bbox 950 2467 1143 2503; x_wconf 86' lang='lat' dir='ltr'>numquam</span> <span class='ocrx_word' id='word_1_383' title='bbox 1167 2457 1214 2492; x_wconf 91' lang='lat' dir='ltr'>sit</span> <span class='ocrx_word' id='word_1_384' title='bbox 1262 2467 1300 2492; x_wconf 89' lang='grc'>8-</span> 
     </span>
     <span class='ocr_line' id='line_1_52' title="bbox 206 2502 1302 2550; baseline -0.005 -9"><span class='ocrx_word' id='word_1_385' title='bbox 206 2505 300 2541; x_wconf 90' lang='lat' dir='ltr'>bilis.</span> <span class='ocrx_word' id='word_1_386' title='bbox 349 2505 491 2540; x_wconf 88' lang='lat' dir='ltr'>Caelius</span> <span class='ocrx_word' id='word_1_387' title='bbox 527 2514 668 2550; x_wconf 90' lang='lat' dir='ltr'>quoque</span> <span class='ocrx_word' id='word_1_388' title='bbox 703 2504 829 2539; x_wconf 87' lang='lat' dir='ltr'>scribit</span> <span class='ocrx_word' id='word_1_389' title='bbox 862 2514 936 2539; x_wconf 90' lang='lat' dir='ltr'>non</span> <span class='ocrx_word' id='word_1_390' title='bbox 971 2503 1091 2539; x_wconf 87' lang='lat' dir='ltr'>omnia</span> <span class='ocrx_word' id='word_1_391' title='bbox 1134 2502 1302 2537; x_wconf 84' lang='lat' dir='ltr'>animalia</span> 
     </span>
     <span class='ocr_line' id='line_1_53' title="bbox 206 2548 1302 2594; baseline -0.004 -8"><span class='ocrx_word' id='word_1_392' title='bbox 206 2553 367 2586; x_wconf 87' lang='lat' dir='ltr'>castrata</span> <span class='ocrx_word' id='word_1_393' title='bbox 391 2550 436 2585; x_wconf 93' lang='lat' dir='ltr'>ob</span> <span class='ocrx_word' id='word_1_394' title='bbox 461 2549 497 2584; x_wconf 92' lang='lat' dir='ltr'>id</span> <span class='ocrx_word' id='word_1_395' title='bbox 520 2549 636 2594; x_wconf 90' lang='lat' dir='ltr'>ipsum</span> <span class='ocrx_word' id='word_1_396' title='bbox 659 2549 787 2584; x_wconf 90' lang='lat' dir='ltr'>vitiosa</span> <span class='ocrx_word' id='word_1_397' title='bbox 810 2559 901 2590; x_wconf 91' lang='lat' dir='ltr'>esse,</span> <span class='ocrx_word' id='word_1_398' title='bbox 925 2548 994 2584; x_wconf 91' lang='grc'>11181</span> <span class='ocrx_word' id='word_1_399' title='bbox 1016 2559 1082 2593; x_wconf 92' lang='grc'>1110</span> <span class='ocrx_word' id='word_1_400' title='bbox 1109 2551 1164 2582; x_wconf 87' lang='lat' dir='ltr'>ter</span> <span class='ocrx_word' id='word_1_401' title='bbox 1186 2548 1302 2592; x_wconf 89' lang='lat' dir='ltr'>ipsam</span> 
     </span>
     <span class='ocr_line' id='line_1_54' title="bbox 210 2593 1302 2631; baseline -0.004 0"><span class='ocrx_word' id='word_1_402' title='bbox 210 2596 462 2631; x_wconf 86' lang='lat' dir='ltr'>castrationem</span> <span class='ocrx_word' id='word_1_403' title='bbox 486 2594 584 2629; x_wconf 86' lang='lat' dir='ltr'>facta</span> <span class='ocrx_word' id='word_1_404' title='bbox 608 2598 692 2630; x_wconf 91' lang='lat' dir='ltr'>sunt</span> <span class='ocrx_word' id='word_1_405' title='bbox 714 2594 955 2630; x_wconf 89' lang='lat' dir='ltr'>inbecilliora:</span> <span class='ocrx_word' id='word_1_406' title='bbox 990 2597 1026 2629; x_wconf 89' lang='lat' dir='ltr'>et</span> <span class='ocrx_word' id='word_1_407' title='bbox 1055 2593 1067 2628; x_wconf 93' lang='lat' dir='ltr'>i</span> <span class='ocrx_word' id='word_1_408' title='bbox 1094 2603 1134 2628; x_wconf 93' lang='lat' dir='ltr'>eo</span> <span class='ocrx_word' id='word_1_409' title='bbox 1166 2593 1302 2628; x_wconf 91' lang='lat' dir='ltr'>mulum</span> 
     </span>
     <span class='ocr_line' id='line_1_55' title="bbox 208 2638 1302 2675; baseline -0.002 0"><span class='ocrx_word' id='word_1_410' title='bbox 208 2651 281 2675; x_wconf 91' lang='lat' dir='ltr'>non</span> <span class='ocrx_word' id='word_1_411' title='bbox 312 2650 391 2675; x_wconf 92' lang='lat' dir='ltr'>esse</span> <span class='ocrx_word' id='word_1_412' title='bbox 422 2640 598 2675; x_wconf 86' lang='lat' dir='ltr'>vitiosum.</span> <span class='ocrx_word' id='word_1_413' title='bbox 642 2640 736 2674; x_wconf 89' lang='lat' dir='ltr'>idem</span> <span class='ocrx_word' id='word_1_414' title='bbox 765 2639 876 2675; x_wconf 85' lang='lat' dir='ltr'>refert</span> <span class='ocrx_word' id='word_1_415' title='bbox 906 2638 1049 2675; x_wconf 90' lang='lat' dir='ltr'>Ofilium</span> <span class='ocrx_word' id='word_1_416' title='bbox 1081 2638 1302 2673; x_wconf 88' lang='lat' dir='ltr'>existimasse</span> 
     </span>
     <span class='ocr_line' id='line_1_56' title="bbox 210 2683 1303 2730; baseline -0.002 -10"><span class='ocrx_word' id='word_1_417' title='bbox 210 2695 339 2730; x_wconf 89' lang='lat' dir='ltr'>equum</span> <span class='ocrx_word' id='word_1_418' title='bbox 365 2688 559 2720; x_wconf 85' lang='lat' dir='ltr'>castratum</span> <span class='ocrx_word' id='word_1_419' title='bbox 592 2695 719 2720; x_wconf 88' lang='lat' dir='ltr'>sanum</span> <span class='ocrx_word' id='word_1_420' title='bbox 751 2694 847 2727; x_wconf 91' lang='lat' dir='ltr'>esse,</span> <span class='ocrx_word' id='word_1_421' title='bbox 879 2684 986 2720; x_wconf 88' lang='lat' dir='ltr'>sicuti</span> <span class='ocrx_word' id='word_1_422' title='bbox 1017 2683 1130 2729; x_wconf 87' lang='lat' dir='ltr'>spado</span> <span class='ocrx_word' id='word_1_423' title='bbox 1162 2693 1303 2728; x_wconf 92' lang='lat' dir='ltr'>quoque</span> 
     </span>
     <span class='ocr_line' id='line_1_57' title="bbox 206 2729 1303 2775; baseline -0.001 -11"><span class='ocrx_word' id='word_1_424' title='bbox 206 2740 318 2765; x_wconf 87' lang='lat' dir='ltr'>sanus</span> <span class='ocrx_word' id='word_1_425' title='bbox 344 2734 416 2771; x_wconf 90' lang='lat' dir='ltr'>est,</span> <span class='ocrx_word' id='word_1_426' title='bbox 441 2729 504 2764; x_wconf 89' lang='lat' dir='ltr'>sed</span> <span class='ocrx_word' id='word_1_427' title='bbox 528 2730 558 2765; x_wconf 90' lang='lat' dir='ltr'>si</span> <span class='ocrx_word' id='word_1_428' title='bbox 582 2734 721 2775; x_wconf 88' lang='lat' dir='ltr'>emptor</span> <span class='ocrx_word' id='word_1_429' title='bbox 743 2729 936 2774; x_wconf 84' lang='lat' dir='ltr'>ignoravit,</span> <span class='ocrx_word' id='word_1_430' title='bbox 960 2729 1124 2764; x_wconf 87' lang='lat' dir='ltr'>venditor</span> <span class='ocrx_word' id='word_1_431' title='bbox 1146 2729 1233 2770; x_wconf 89' lang='lat' dir='ltr'>scit,</span> <span class='ocrx_word' id='word_1_432' title='bbox 1258 2738 1303 2763; x_wconf 89' lang='lat' dir='ltr'>ex</span> 
     </span>
     <span class='ocr_line' id='line_1_58' title="bbox 212 2773 1300 2819; baseline -0.002 -9"><span class='ocrx_word' id='word_1_433' title='bbox 212 2780 331 2819; x_wconf 90' lang='lat' dir='ltr'>empto</span> <span class='ocrx_word' id='word_1_434' title='bbox 367 2784 445 2809; x_wconf 92' lang='lat' dir='ltr'>esse</span> <span class='ocrx_word' id='word_1_435' title='bbox 481 2775 674 2810; x_wconf 89' lang='lat' dir='ltr'>actionem:</span> <span class='ocrx_word' id='word_1_436' title='bbox 719 2779 755 2810; x_wconf 93' lang='lat' dir='ltr'>et</span> <span class='ocrx_word' id='word_1_437' title='bbox 788 2785 910 2810; x_wconf 90' lang='lat' dir='ltr'>verum</span> <span class='ocrx_word' id='word_1_438' title='bbox 945 2778 1001 2809; x_wconf 92' lang='lat' dir='ltr'>est</span> <span class='ocrx_word' id='word_1_439' title='bbox 1033 2773 1128 2819; x_wconf 89' lang='lat' dir='ltr'>quod</span> <span class='ocrx_word' id='word_1_440' title='bbox 1165 2773 1300 2809; x_wconf 89' lang='lat' dir='ltr'>Ofilius.</span> 
     </span>
     <span class='ocr_line' id='line_1_59' title="bbox 212 2819 1303 2864; baseline -0.002 -9"><span class='ocrx_word' id='word_1_441' title='bbox 212 2822 232 2855; x_wconf 89' lang='lat'>8</span> <span class='ocrx_word' id='word_1_442' title='bbox 279 2819 487 2863; x_wconf 82' lang='lat' dir='ltr'>Quaesitum</span> <span class='ocrx_word' id='word_1_443' title='bbox 512 2825 576 2862; x_wconf 90' lang='lat' dir='ltr'>est,</span> <span class='ocrx_word' id='word_1_444' title='bbox 601 2820 631 2855; x_wconf 89' lang='lat' dir='ltr'>si</span> <span class='ocrx_word' id='word_1_445' title='bbox 654 2820 751 2854; x_wconf 89' lang='lat' dir='ltr'>mula</span> <span class='ocrx_word' id='word_1_446' title='bbox 770 2820 852 2855; x_wconf 89' lang='lat' dir='ltr'>talis</span> <span class='ocrx_word' id='word_1_447' title='bbox 872 2820 929 2862; x_wconf 91' lang='lat' dir='ltr'>sit,</span> <span class='ocrx_word' id='word_1_448' title='bbox 954 2823 996 2854; x_wconf 90' lang='lat' dir='ltr'>ut</span> <span class='ocrx_word' id='word_1_449' title='bbox 1012 2819 1210 2864; x_wconf 82' lang='lat' dir='ltr'>transiungi</span> <span class='ocrx_word' id='word_1_450' title='bbox 1231 2829 1303 2854; x_wconf 92' lang='lat' dir='ltr'>non</span> 
     </span>
     <span class='ocr_line' id='line_1_60' title="bbox 210 2864 1300 2911; baseline -0.001 -11"><span class='ocrx_word' id='word_1_451' title='bbox 210 2864 343 2911; x_wconf 84' lang='lat' dir='ltr'>possit,</span> <span class='ocrx_word' id='word_1_452' title='bbox 377 2874 423 2898; x_wconf 91' lang='lat' dir='ltr'>an</span> <span class='ocrx_word' id='word_1_453' title='bbox 456 2874 545 2899; x_wconf 89' lang='lat' dir='ltr'>sana</span> <span class='ocrx_word' id='word_1_454' title='bbox 577 2865 632 2899; x_wconf 89' lang='lat' dir='ltr'>sit.</span> <span class='ocrx_word' id='word_1_455' title='bbox 671 2869 706 2900; x_wconf 92' lang='lat' dir='ltr'>et</span> <span class='ocrx_word' id='word_1_456' title='bbox 730 2865 781 2899; x_wconf 91' lang='lat' dir='ltr'>ait</span> <span class='ocrx_word' id='word_1_457' title='bbox 803 2865 1023 2910; x_wconf 89' lang='lat' dir='ltr'>Pomponius</span> <span class='ocrx_word' id='word_1_458' title='bbox 1048 2874 1172 2899; x_wconf 87' lang='lat' dir='ltr'>sanam</span> <span class='ocrx_word' id='word_1_459' title='bbox 1205 2874 1300 2899; x_wconf 86' lang='lat' dir='ltr'>esse:</span> 
     </span>
     <span class='ocr_line' id='line_1_61' title="bbox 211 2909 1302 2955; baseline -0.001 -11"><span class='ocrx_word' id='word_1_460' title='bbox 211 2909 401 2955; x_wconf 90' lang='lat' dir='ltr'>plerasque</span> <span class='ocrx_word' id='word_1_461' title='bbox 443 2909 593 2954; x_wconf 90' lang='lat' dir='ltr'>denique</span> <span class='ocrx_word' id='word_1_462' title='bbox 634 2910 857 2945; x_wconf 89' lang='lat' dir='ltr'>carrucarias</span> <span class='ocrx_word' id='word_1_463' title='bbox 892 2910 983 2945; x_wconf 90' lang='lat' dir='ltr'>tales</span> <span class='ocrx_word' id='word_1_464' title='bbox 1015 2919 1111 2951; x_wconf 92' lang='lat' dir='ltr'>esse,</span> <span class='ocrx_word' id='word_1_465' title='bbox 1154 2912 1196 2944; x_wconf 91' lang='lat' dir='ltr'>ut</span> <span class='ocrx_word' id='word_1_466' title='bbox 1229 2920 1302 2945; x_wconf 92' lang='lat' dir='ltr'>non</span> 
     </span>
     <span class='ocr_line' id='line_1_62' title="bbox 211 2954 1301 3006; baseline -0.001 -16"><span class='ocrx_word' id='word_1_467' title='bbox 211 2957 233 2990; x_wconf 82' lang='lat'>9</span> <span class='ocrx_word' id='word_1_468' title='bbox 279 2954 441 3006; x_wconf 82' lang='lat' dir='ltr'>possint⁴</span> <span class='ocrx_word' id='word_1_469' title='bbox 466 2955 674 2999; x_wconf 86' lang='lat' dir='ltr'>transiungi.</span> <span class='ocrx_word' id='word_1_470' title='bbox 724 2955 820 2989; x_wconf 90' lang='lat' dir='ltr'>Idem</span> <span class='ocrx_word' id='word_1_471' title='bbox 844 2955 916 2998; x_wconf 86' lang='lat' dir='ltr'>ait,</span> <span class='ocrx_word' id='word_1_472' title='bbox 948 2955 979 2989; x_wconf 88' lang='lat' dir='ltr'>si</span> <span class='ocrx_word' id='word_1_473' title='bbox 1002 2958 1089 2989; x_wconf 89' lang='lat' dir='ltr'>nata</span> <span class='ocrx_word' id='word_1_474' title='bbox 1111 2955 1159 2989; x_wconf 91' lang='lat' dir='ltr'>sit</span> <span class='ocrx_word' id='word_1_475' title='bbox 1181 2964 1223 2989; x_wconf 94' lang='lat' dir='ltr'>eo</span> <span class='ocrx_word' id='word_1_476' title='bbox 1247 2955 1301 2989; x_wconf 91' lang='lat' dir='ltr'>in-</span> 
     </span>
     <span class='ocr_line' id='line_1_63' title="bbox 211 2999 1300 3045; baseline -0.002 -10"><span class='ocrx_word' id='word_1_477' title='bbox 211 3010 313 3044; x_wconf 77' lang='lat' dir='ltr'>gemo</span> <span class='ocrx_word' id='word_1_478' title='bbox 339 3003 402 3034; x_wconf 87' lang='lat' dir='ltr'>aut</span> <span class='ocrx_word' id='word_1_479' title='bbox 426 3009 592 3043; x_wconf 89' lang='lat' dir='ltr'>corpore,</span> <span class='ocrx_word' id='word_1_480' title='bbox 624 3003 665 3034; x_wconf 89' lang='grc'>111</span> <span class='ocrx_word' id='word_1_481' title='bbox 695 3000 845 3035; x_wconf 84' lang='grc'>8110111111</span> <span class='ocrx_word' id='word_1_482' title='bbox 877 3000 998 3045; x_wconf 82' lang='lat' dir='ltr'>iugum</span> <span class='ocrx_word' id='word_1_483' title='bbox 1029 3010 1101 3035; x_wconf 91' lang='lat' dir='ltr'>non</span> <span class='ocrx_word' id='word_1_484' title='bbox 1132 2999 1300 3044; x_wconf 89' lang='lat' dir='ltr'>patiatur,</span> 
     </span>
     <span class='ocr_line' id='line_1_64' title="bbox 218 3044 1300 3080; baseline -0.001 -1"><span class='ocrx_word' id='word_1_485' title='bbox 218 3047 257 3079; x_wconf 86' lang='lat'>10</span> <span class='ocrx_word' id='word_1_486' title='bbox 304 3054 428 3079; x_wconf 86' lang='lat' dir='ltr'>sanam</span> <span class='ocrx_word' id='word_1_487' title='bbox 460 3054 531 3078; x_wconf 92' lang='lat' dir='ltr'>non</span> <span class='ocrx_word' id='word_1_488' title='bbox 562 3054 649 3079; x_wconf 89' lang='lat' dir='ltr'>esse.</span> <span class='ocrx_word' id='word_1_489' title='bbox 696 3044 779 3080; x_wconf 88' lang='lat' dir='ltr'>Non</span> <span class='ocrx_word' id='word_1_490' title='bbox 810 3049 950 3080; x_wconf 89' lang='grc'>1811111111</span> <span class='ocrx_word' id='word_1_491' title='bbox 981 3049 1100 3080; x_wconf 86' lang='lat' dir='ltr'>autem</span> <span class='ocrx_word' id='word_1_492' title='bbox 1131 3044 1177 3079; x_wconf 94' lang='lat' dir='ltr'>ob</span> <span class='ocrx_word' id='word_1_493' title='bbox 1207 3054 1300 3079; x_wconf 89' lang='lat' dir='ltr'>mor-</span> 
     </span>
     <span class='ocr_line' id='line_1_65' title="bbox 212 3088 1300 3131; baseline -0.002 -6"><span class='ocrx_word' id='word_1_494' title='bbox 212 3089 297 3125; x_wconf 86' lang='lat' dir='ltr'>bum</span> <span class='ocrx_word' id='word_1_495' title='bbox 328 3088 493 3124; x_wconf 85' lang='lat' dir='ltr'>vitiumve</span> <span class='ocrx_word' id='word_1_496' title='bbox 524 3089 712 3124; x_wconf 89' lang='lat' dir='ltr'>redhibitio</span> <span class='ocrx_word' id='word_1_497' title='bbox 744 3090 863 3125; x_wconf 92' lang='lat' dir='ltr'>locum</span> <span class='ocrx_word' id='word_1_498' title='bbox 894 3090 1041 3125; x_wconf 91' lang='lat' dir='ltr'>habebit</span> <span class='ocrx_word' id='word_1_499' title='bbox 1063 3089 1100 3124; x_wconf 92' lang='lat' dir='ltr'>in</span> <span class='ocrx_word' id='word_1_500' title='bbox 1123 3089 1300 3131; x_wconf 89' lang='lat' dir='ltr'>iumentis,</span> 
     </span>
     <span class='ocr_line' id='line_1_66' title="bbox 213 3133 1303 3180; baseline -0.001 -10"><span class='ocrx_word' id='word_1_501' title='bbox 213 3144 335 3170; x_wconf 85' lang='lat' dir='ltr'>verum</span> <span class='ocrx_word' id='word_1_502' title='bbox 367 3133 475 3169; x_wconf 84' lang='lat' dir='ltr'>etiam</span> <span class='ocrx_word' id='word_1_503' title='bbox 510 3133 540 3168; x_wconf 92' lang='lat' dir='ltr'>si</span> <span class='ocrx_word' id='word_1_504' title='bbox 575 3138 699 3168; x_wconf 88' lang='lat' dir='ltr'>contra</span> <span class='ocrx_word' id='word_1_505' title='bbox 735 3134 868 3170; x_wconf 87' lang='lat' dir='ltr'>dictum</span> <span class='ocrx_word' id='word_1_506' title='bbox 902 3135 1199 3180; x_wconf 68' lang='lat' dir='ltr'>promissumve-¹,</span> <span class='ocrx_word' id='word_1_507' title='bbox 1236 3134 1303 3169; x_wconf 91' lang='lat' dir='ltr'>erit</span> 
     </span>
     <span class='ocr_line' id='line_1_67' title="bbox 217 3177 1301 3225; baseline -0.001 -11"><span class='ocrx_word' id='word_1_508' title='bbox 217 3182 255 3214; x_wconf 88' lang='lat' dir='ltr'>ll</span> <span class='ocrx_word' id='word_1_509' title='bbox 304 3178 404 3214; x_wconf 88' lang='lat' dir='ltr'>locus</span> <span class='ocrx_word' id='word_1_510' title='bbox 435 3177 661 3213; x_wconf 87' lang='lat' dir='ltr'>redhibitioni</span> <span class='ocrx_word' id='word_1_511' title='bbox 692 3180 852 3224; x_wconf 88' lang='lat' dir='ltr'>exemplo</span> <span class='ocrx_word' id='word_1_512' title='bbox 890 3180 1157 3225; x_wconf 88' lang='lat' dir='ltr'>mancipiorum.</span> <span class='ocrx_word' id='word_1_513' title='bbox 1205 3178 1301 3213; x_wconf 76' lang='lat' dir='ltr'>Ven-</span> 
     </span>
     <span class='ocr_line' id='line_1_68' title="bbox 213 3223 1301 3260; baseline -0.002 0"><span class='ocrx_word' id='word_1_514' title='bbox 213 3223 322 3260; x_wconf 86' lang='lat' dir='ltr'>dendi</span> <span class='ocrx_word' id='word_1_515' title='bbox 346 3227 465 3258; x_wconf 89' lang='lat' dir='ltr'>autem</span> <span class='ocrx_word' id='word_1_516' title='bbox 490 3233 600 3258; x_wconf 87' lang='lat' dir='ltr'>causa</span> <span class='ocrx_word' id='word_1_517' title='bbox 624 3230 787 3259; x_wconf 86' lang='lat' dir='ltr'>ornatum</span> <span class='ocrx_word' id='word_1_518' title='bbox 810 3225 1003 3259; x_wconf 84' lang='lat' dir='ltr'>iumentum</span> <span class='ocrx_word' id='word_1_519' title='bbox 1027 3224 1137 3258; x_wconf 86' lang='lat' dir='ltr'>videri</span> <span class='ocrx_word' id='word_1_520' title='bbox 1160 3223 1301 3258; x_wconf 89' lang='lat' dir='ltr'>Caelius</span> 
     </span>
     <span class='ocr_line' id='line_1_69' title="bbox 215 3268 1300 3312; baseline -0.001 -8"><span class='ocrx_word' id='word_1_521' title='bbox 215 3269 267 3304; x_wconf 87' lang='lat' dir='ltr'>ait</span> <span class='ocrx_word' id='word_1_522' title='bbox 297 3279 389 3310; x_wconf 91' lang='lat' dir='ltr'>non,</span> <span class='ocrx_word' id='word_1_523' title='bbox 421 3268 451 3303; x_wconf 87' lang='grc'>81</span> <span class='ocrx_word' id='word_1_524' title='bbox 482 3268 549 3302; x_wconf 85' lang='grc'>81111</span> <span class='ocrx_word' id='word_1_525' title='bbox 580 3272 720 3312; x_wconf 86' lang='grc'>1011111118</span> <span class='ocrx_word' id='word_1_526' title='bbox 744 3269 972 3311; x_wconf 88' lang='lat' dir='ltr'>venditionis,</span> <span class='ocrx_word' id='word_1_527' title='bbox 1008 3269 1078 3304; x_wconf 90' lang='lat' dir='ltr'>hoc</span> <span class='ocrx_word' id='word_1_528' title='bbox 1110 3272 1164 3303; x_wconf 90' lang='lat' dir='ltr'>est</span> <span class='ocrx_word' id='word_1_529' title='bbox 1194 3268 1300 3303; x_wconf 93' lang='lat' dir='ltr'>biduo</span> 
     </span>
     <span class='ocr_line' id='line_1_70' title="bbox 215 3312 1301 3358; baseline -0.002 -9"><span class='ocrx_word' id='word_1_530' title='bbox 215 3317 299 3349; x_wconf 89' lang='lat' dir='ltr'>ante</span> <span class='ocrx_word' id='word_1_531' title='bbox 322 3312 558 3349; x_wconf 89' lang='lat' dir='ltr'>venditionem</span> <span class='ocrx_word' id='word_1_532' title='bbox 582 3317 746 3347; x_wconf 88' lang='lat' dir='ltr'>ornatum</span> <span class='ocrx_word' id='word_1_533' title='bbox 771 3314 837 3355; x_wconf 87' lang='lat' dir='ltr'>sit,</span> <span class='ocrx_word' id='word_1_534' title='bbox 869 3314 933 3349; x_wconf 91' lang='lat' dir='ltr'>sed</span> <span class='ocrx_word' id='word_1_535' title='bbox 964 3314 995 3349; x_wconf 89' lang='lat' dir='ltr'>si</span> <span class='ocrx_word' id='word_1_536' title='bbox 1018 3314 1054 3348; x_wconf 92' lang='lat' dir='ltr'>in</span> <span class='ocrx_word' id='word_1_537' title='bbox 1079 3314 1158 3358; x_wconf 88' lang='lat' dir='ltr'>ipsa</span> <span class='ocrx_word' id='word_1_538' title='bbox 1181 3313 1301 3348; x_wconf 84' lang='lat' dir='ltr'>vendi-</span> 
     </span>
     <span class='ocr_line' id='line_1_71' title="bbox 215 3358 1303 3403; baseline -0.002 -9"><span class='ocrx_word' id='word_1_539' title='bbox 215 3359 313 3394; x_wconf 88' lang='lat' dir='ltr'>tione</span> <span class='ocrx_word' id='word_1_540' title='bbox 325 3362 491 3394; x_wconf 86' lang='lat' dir='ltr'>ornatum</span> <span class='ocrx_word' id='word_1_541' title='bbox 511 3358 568 3399; x_wconf 90' lang='lat' dir='ltr'>sit,</span> <span class='ocrx_word' id='word_1_542' title='bbox 596 3361 659 3391; x_wconf 88' lang='lat' dir='ltr'>aut</span> <span class='ocrx_word' id='word_1_543' title='bbox 678 3358 756 3392; x_wconf 90' lang='lat' dir='ltr'>ideo</span> <span class='ocrx_word' id='word_1_544' title='bbox 768 3359 792 3400; x_wconf 87' lang='lat'>⁰,</span> <span class='ocrx_word' id='word_1_545' title='bbox 820 3359 943 3403; x_wconf 91' lang='lat' dir='ltr'>inquit,</span> <span class='ocrx_word' id='word_1_546' title='bbox 963 3358 1087 3394; x_wconf 85' lang='lat' dir='ltr'>venale</span> <span class='ocrx_word' id='word_1_547' title='bbox 1108 3369 1189 3393; x_wconf 91' lang='lat' dir='ltr'>cum</span> <span class='ocrx_word' id='word_1_548' title='bbox 1208 3362 1303 3393; x_wconf 82' lang='lat' dir='ltr'>esset</span> 
     </span>
     <span class='ocr_line' id='line_1_72' title="bbox 216 3402 1300 3456; baseline -0.002 -17"><span class='ocrx_word' id='word_1_549' title='bbox 216 3404 269 3439; x_wconf 89' lang='lat' dir='ltr'>sic</span> <span class='ocrx_word' id='word_1_550' title='bbox 293 3407 458 3439; x_wconf 86' lang='lat' dir='ltr'>ornatum</span> <span class='ocrx_word' id='word_1_551' title='bbox 481 3402 734 3448; x_wconf 82' lang='lat' dir='ltr'>inspiceretur:</span> <span class='ocrx_word' id='word_1_552' title='bbox 767 3413 975 3456; x_wconf 85' lang='lat' dir='ltr'>semperque</span> <span class='ocrx_word' id='word_1_553' title='bbox 1007 3414 1089 3439; x_wconf 90' lang='grc'>011111</span> <span class='ocrx_word' id='word_1_554' title='bbox 1121 3403 1166 3438; x_wconf 91' lang='lat' dir='ltr'>de</span> <span class='ocrx_word' id='word_1_555' title='bbox 1196 3413 1300 3438; x_wconf 89' lang='lat' dir='ltr'>orna-</span> 
     </span>
     <span class='ocr_line' id='line_1_73' title="bbox 216 3447 1302 3490; baseline -0.001 -7"><span class='ocrx_word' id='word_1_556' title='bbox 216 3448 345 3483; x_wconf 80' lang='lat' dir='ltr'>mentis</span> <span class='ocrx_word' id='word_1_557' title='bbox 376 3458 398 3482; x_wconf 91' lang='grc'>8</span> <span class='ocrx_word' id='word_1_558' title='bbox 423 3448 511 3490; x_wconf 85' lang='grc'>’1111,</span> <span class='ocrx_word' id='word_1_559' title='bbox 547 3451 582 3482; x_wconf 88' lang='grc'>01</span> <span class='ocrx_word' id='word_1_560' title='bbox 612 3447 649 3481; x_wconf 87' lang='grc'>111</span> <span class='ocrx_word' id='word_1_561' title='bbox 681 3447 821 3481; x_wconf 88' lang='grc'>80110110</span> <span class='ocrx_word' id='word_1_562' title='bbox 854 3452 889 3482; x_wconf 87' lang='grc'>01</span> <span class='ocrx_word' id='word_1_563' title='bbox 920 3459 957 3483; x_wconf 90' lang='grc'>111</span> <span class='ocrx_word' id='word_1_564' title='bbox 981 3448 1098 3484; x_wconf 85' lang='grc'>0111010</span> <span class='ocrx_word' id='word_1_565' title='bbox 1124 3447 1302 3483; x_wconf 88' lang='lat' dir='ltr'>adiectum</span> 
     </span>
     <span class='ocr_line' id='line_1_74' title="bbox 218 3492 1302 3545; baseline -0.002 -17"><span class='ocrx_word' id='word_1_566' title='bbox 218 3497 290 3528; x_wconf 89' lang='lat' dir='ltr'>est:</span> <span class='ocrx_word' id='word_1_567' title='bbox 316 3496 393 3528; x_wconf 79' lang='lat' dir='ltr'>‘ven</span> <span class='ocrx_word' id='word_1_568' title='bbox 420 3492 499 3527; x_wconf 91' lang='lat' dir='ltr'>endi</span> <span class='ocrx_word' id='word_1_569' title='bbox 524 3502 634 3527; x_wconf 89' lang='grc'>081188</span> <span class='ocrx_word' id='word_1_570' title='bbox 653 3496 780 3527; x_wconf 86' lang='lat' dir='ltr'>ornata</span> <span class='ocrx_word' id='word_1_571' title='bbox 799 3492 907 3527; x_wconf 85' lang='lat' dir='ltr'>ducta</span> <span class='ocrx_word' id='word_1_572' title='bbox 927 3493 1034 3528; x_wconf 84' lang='lat' dir='ltr'>esse’:</span> <span class='ocrx_word' id='word_1_573' title='bbox 1059 3493 1191 3545; x_wconf 87' lang='lat' dir='ltr'>poterit</span> <span class='ocrx_word' id='word_1_574' title='bbox 1210 3492 1302 3528; x_wconf 90' lang='lat' dir='ltr'>enim</span> 
     </span>
     <span class='ocr_line' id='line_1_75' title="bbox 217 3536 1300 3578; baseline -0.001 -5"><span class='ocrx_word' id='word_1_575' title='bbox 217 3537 411 3573; x_wconf 89' lang='lat' dir='ltr'>iumentum</span> <span class='ocrx_word' id='word_1_576' title='bbox 435 3541 599 3573; x_wconf 86' lang='lat' dir='ltr'>ornatum</span> <span class='ocrx_word' id='word_1_577' title='bbox 617 3536 752 3571; x_wconf 88' lang='lat' dir='ltr'>itineris</span> <span class='ocrx_word' id='word_1_578' title='bbox 774 3546 883 3571; x_wconf 87' lang='grc'>081188</span> <span class='ocrx_word' id='word_1_579' title='bbox 903 3537 995 3578; x_wconf 85' lang='lat' dir='ltr'>duci,</span> <span class='ocrx_word' id='word_1_580' title='bbox 1021 3537 1147 3573; x_wconf 89' lang='lat' dir='ltr'>demde</span> <span class='ocrx_word' id='word_1_581' title='bbox 1170 3537 1300 3572; x_wconf 86' lang='lat' dir='ltr'>venire.</span> 
     </span>
    </p>
   </div>
   <div class='ocr_carea' id='block_1_7' title="bbox 217 3648 1300 3780">
    <p class='ocr_par' dir='ltr' id='par_1_9' title="bbox 217 3648 1300 3780">
     <span class='ocr_line' id='line_1_76' title="bbox 217 3648 1299 3690; baseline -0.001 -8"><span class='ocrx_word' id='word_1_582' title='bbox 217 3649 259 3690; x_wconf 85' lang='grc' dir='ltr'>(ι)</span> <span class='ocrx_word' id='word_1_583' title='bbox 284 3649 414 3682; x_wconf 79' lang='lat' dir='ltr'>scilicet</span> <span class='ocrx_word' id='word_1_584' title='bbox 426 3650 484 3682; x_wconf 72' lang='lat' dir='ltr'>ins.</span> <span class='ocrx_word' id='word_1_585' title='bbox 499 3648 551 3682; x_wconf 65' lang='grc' dir='ltr'>Γ*</span> <span class='ocrx_word' id='word_1_586' title='bbox 694 3650 738 3689; x_wconf 76' lang='grc'>(2)</span> <span class='ocrx_word' id='word_1_587' title='bbox 762 3648 940 3681; x_wconf 78' lang='lat' dir='ltr'>tradantur</span> <span class='ocrx_word' id='word_1_588' title='bbox 953 3650 986 3681; x_wconf 77' lang='lat' dir='ltr'><em>F</em></span> <span class='ocrx_word' id='word_1_589' title='bbox 990 3648 1014 3689; x_wconf 85' lang='lat'>²,</span> <span class='ocrx_word' id='word_1_590' title='bbox 1028 3650 1206 3681; x_wconf 77' lang='lat' dir='ltr'>traduntur</span> <span class='ocrx_word' id='word_1_591' title='bbox 1217 3649 1299 3683; x_wconf 80' lang='lat' dir='ltr'>Hal.</span> 
     </span>
     <span class='ocr_line' id='line_1_77' title="bbox 218 3693 1300 3736; baseline 0.001 -10"><span class='ocrx_word' id='word_1_592' title='bbox 218 3695 263 3736; x_wconf 80' lang='lat'>(³)</span> <span class='ocrx_word' id='word_1_593' title='bbox 288 3694 357 3735; x_wconf 86' lang='grc'>1110]</span> <span class='ocrx_word' id='word_1_594' title='bbox 369 3694 441 3726; x_wconf 85' lang='grc'>11110</span> <span class='ocrx_word' id='word_1_595' title='bbox 455 3695 526 3727; x_wconf 72' lang='lat' dir='ltr'>edd.</span> <span class='ocrx_word' id='word_1_596' title='bbox 622 3694 664 3734; x_wconf 77' lang='grc'>(4)</span> <span class='ocrx_word' id='word_1_597' title='bbox 688 3694 798 3735; x_wconf 78' lang='lat' dir='ltr'>possit</span> <span class='ocrx_word' id='word_1_598' title='bbox 809 3693 844 3726; x_wconf 80' lang='lat' dir='ltr'><em>F</em></span> <span class='ocrx_word' id='word_1_599' title='bbox 941 3695 984 3735; x_wconf 76' lang='grc'>(5)</span> <span class='ocrx_word' id='word_1_600' title='bbox 1009 3695 1222 3726; x_wconf 83' lang='lat' dir='ltr'>commissum</span> <span class='ocrx_word' id='word_1_601' title='bbox 1234 3694 1300 3727; x_wconf 80' lang='lat' dir='ltr'>erit</span> 
     </span>
     <span class='ocr_line' id='line_1_78' title="bbox 220 3737 1295 3780; baseline -0.001 -9"><span class='ocrx_word' id='word_1_602' title='bbox 220 3739 280 3771; x_wconf 71' lang='lat' dir='ltr'>ine.</span> <span class='ocrx_word' id='word_1_603' title='bbox 374 3738 418 3779; x_wconf 78' lang='lat' dir='ltr'>(e)</span> <span class='ocrx_word' id='word_1_604' title='bbox 443 3741 502 3771; x_wconf 82' lang='lat' dir='ltr'>aut</span> <span class='ocrx_word' id='word_1_605' title='bbox 515 3737 603 3779; x_wconf 86' lang='lat' dir='ltr'>ideo]</span> <span class='ocrx_word' id='word_1_606' title='bbox 617 3737 692 3770; x_wconf 85' lang='lat' dir='ltr'>ideo</span> <span class='ocrx_word' id='word_1_607' title='bbox 706 3740 743 3770; x_wconf 87' lang='lat' dir='ltr'>ut</span> <span class='ocrx_word' id='word_1_608' title='bbox 754 3750 816 3771; x_wconf 72' lang='lat' dir='ltr'>scr.</span> <span class='ocrx_word' id='word_1_609' title='bbox 911 3739 954 3780; x_wconf 79' lang='lat'>(7)</span> <span class='ocrx_word' id='word_1_610' title='bbox 979 3738 1221 3770; x_wconf 83' lang='lat' dir='ltr'>aestimandum</span> <span class='ocrx_word' id='word_1_611' title='bbox 1235 3740 1295 3772; x_wconf 76' lang='lat' dir='ltr'>ins.</span> 
     </span>
    </p>
   </div>
   <div class='ocr_carea' id='block_1_8' title="bbox 1288 115 1373 164">
    <p class='ocr_par' dir='ltr' id='par_1_10' title="bbox 1288 115 1373 164">
     <span class='ocr_line' id='line_1_79' title="bbox 1288 115 1373 164; baseline 0.012 -1"><span class='ocrx_word' id='word_1_612' title='bbox 1288 115 1373 164; x_wconf 79' lang='lat'>276</span> 
     </span>
    </p>
   </div>
   <div class='ocr_carea' id='block_1_9' title="bbox 2130 115 2498 183">
    <p class='ocr_par' dir='ltr' id='par_1_11' title="bbox 2130 115 2519 183">
     <span class='ocr_line' id='line_1_80' title="bbox 2130 115 2498 183; baseline 0.01 -20"><span class='ocrx_word' id='word_1_613' title='bbox 2130 133 2192 163; x_wconf 79' lang='lat' dir='ltr'>DE</span> <span class='ocrx_word' id='word_1_614' title='bbox 2219 132 2454 167; x_wconf 72' lang='lat' dir='ltr'>Annmcro</span> <span class='ocrx_word' id='word_1_615' title='bbox 2487 115 2519 183; x_wconf 62' lang='lat'>²3!</span> 
     </span>
    </p>
   </div>
   <div class='ocr_carea' id='block_1_10' title="bbox 1364 242 2506 785">
    <p class='ocr_par' dir='ltr' id='par_1_12' title="bbox 1368 242 2456 289">
     <span class='ocr_line' id='line_1_81' title="bbox 1368 242 2456 289; baseline 0.003 -11"><span class='ocrx_word' id='word_1_616' title='bbox 1368 245 1409 278; x_wconf 85' lang='lat'>12</span> <span class='ocrx_word' id='word_1_617' title='bbox 1457 242 1495 278; x_wconf 90' lang='lat' dir='ltr'>Si</span> <span class='ocrx_word' id='word_1_618' title='bbox 1513 242 1619 289; x_wconf 90' lang='lat' dir='ltr'>plura</span> <span class='ocrx_word' id='word_1_619' title='bbox 1637 243 1795 279; x_wconf 86' lang='lat' dir='ltr'>iumenta</span> <span class='ocrx_word' id='word_1_620' title='bbox 1814 243 1996 286; x_wconf 86' lang='lat' dir='ltr'>venierint,</span> <span class='ocrx_word' id='word_1_621' title='bbox 2020 253 2094 279; x_wconf 92' lang='lat' dir='ltr'>non</span> <span class='ocrx_word' id='word_1_622' title='bbox 2112 244 2231 279; x_wconf 85' lang='lat' dir='ltr'>omnia</span> <span class='ocrx_word' id='word_1_623' title='bbox 2253 248 2357 280; x_wconf 88' lang='lat' dir='ltr'>erunt</span> <span class='ocrx_word' id='word_1_624' title='bbox 2374 245 2456 282; x_wconf 86' lang='lat' dir='ltr'>red-</span> 
     </span>
    </p>

    <p class='ocr_par' dir='ltr' id='par_1_13' title="bbox 1364 287 2506 785">
     <span class='ocr_line' id='line_1_82' title="bbox 1365 287 2455 334; baseline 0.004 -12"><span class='ocrx_word' id='word_1_625' title='bbox 1365 287 1524 323; x_wconf 76' lang='lat' dir='ltr'>hibenda:</span> <span class='ocrx_word' id='word_1_626' title='bbox 1542 292 1689 334; x_wconf 89' lang='lat' dir='ltr'>propter</span> <span class='ocrx_word' id='word_1_627' title='bbox 1711 289 1818 324; x_wconf 89' lang='lat' dir='ltr'>unius</span> <span class='ocrx_word' id='word_1_628' title='bbox 1841 292 2107 324; x_wconf 87' lang='lat' dir='ltr'>ornamentum:</span> <span class='ocrx_word' id='word_1_629' title='bbox 2132 299 2217 324; x_wconf 91' lang='lat' dir='ltr'>nam</span> <span class='ocrx_word' id='word_1_630' title='bbox 2240 294 2277 325; x_wconf 90' lang='lat' dir='ltr'>et</span> <span class='ocrx_word' id='word_1_631' title='bbox 2300 290 2330 325; x_wconf 91' lang='lat' dir='ltr'>si</span> <span class='ocrx_word' id='word_1_632' title='bbox 2354 290 2455 326; x_wconf 87' lang='lat' dir='ltr'>vitio-</span> 
     </span>
     <span class='ocr_line' id='line_1_83' title="bbox 1365 333 2457 380; baseline 0.002 -11"><span class='ocrx_word' id='word_1_633' title='bbox 1365 344 1444 369; x_wconf 90' lang='lat' dir='ltr'>sum</span> <span class='ocrx_word' id='word_1_634' title='bbox 1468 333 1515 368; x_wconf 82' lang='lat' dir='ltr'>sit</span> <span class='ocrx_word' id='word_1_635' title='bbox 1538 345 1647 369; x_wconf 90' lang='lat' dir='ltr'>unum</span> <span class='ocrx_word' id='word_1_636' title='bbox 1671 334 1809 379; x_wconf 85' lang='lat' dir='ltr'>iugum,</span> <span class='ocrx_word' id='word_1_637' title='bbox 1835 345 1907 369; x_wconf 88' lang='lat' dir='ltr'>non</span> <span class='ocrx_word' id='word_1_638' title='bbox 1931 338 2051 369; x_wconf 90' lang='lat' dir='ltr'>tamen</span> <span class='ocrx_word' id='word_1_639' title='bbox 2075 338 2223 380; x_wconf 88' lang='lat' dir='ltr'>propter</span> <span class='ocrx_word' id='word_1_640' title='bbox 2243 335 2314 371; x_wconf 92' lang='grc'>1100</span> <span class='ocrx_word' id='word_1_641' title='bbox 2338 339 2457 371; x_wconf 86' lang='grc'>001018</span> 
     </span>
     <span class='ocr_line' id='line_1_84' title="bbox 1368 378 2456 424; baseline 0.003 -11"><span class='ocrx_word' id='word_1_642' title='bbox 1368 381 1408 413; x_wconf 84' lang='grc'>13</span> <span class='ocrx_word' id='word_1_643' title='bbox 1455 378 1538 423; x_wconf 86' lang='lat' dir='ltr'>iuga</span> <span class='ocrx_word' id='word_1_644' title='bbox 1556 379 1847 414; x_wconf 87' lang='lat' dir='ltr'>redhibebuntur.</span> <span class='ocrx_word' id='word_1_645' title='bbox 1897 378 1934 414; x_wconf 91' lang='lat' dir='ltr'>Si</span> <span class='ocrx_word' id='word_1_646' title='bbox 1953 378 2048 414; x_wconf 87' lang='lat' dir='ltr'>forte</span> <span class='ocrx_word' id='word_1_647' title='bbox 2066 379 2187 424; x_wconf 85' lang='lat' dir='ltr'>iugum</span> <span class='ocrx_word' id='word_1_648' title='bbox 2207 380 2383 415; x_wconf 87' lang='lat' dir='ltr'>mularum</span> <span class='ocrx_word' id='word_1_649' title='bbox 2400 381 2456 424; x_wconf 86' lang='lat' dir='ltr'>sit,</span> 
     </span>
     <span class='ocr_line' id='line_1_85' title="bbox 1366 424 2457 476; baseline 0.003 -18"><span class='ocrx_word' id='word_1_650' title='bbox 1366 434 1516 476; x_wconf 79' lang='lat' dir='ltr'>quarum</span> <span class='ocrx_word' id='word_1_651' title='bbox 1541 424 1655 459; x_wconf 91' lang='lat' dir='ltr'>altera</span> <span class='ocrx_word' id='word_1_652' title='bbox 1677 424 1806 460; x_wconf 87' lang='lat' dir='ltr'>vitiosa</span> <span class='ocrx_word' id='word_1_653' title='bbox 1829 428 1901 466; x_wconf 92' lang='lat' dir='ltr'>est,</span> <span class='ocrx_word' id='word_1_654' title='bbox 1933 435 2007 459; x_wconf 89' lang='lat' dir='ltr'>non</span> <span class='ocrx_word' id='word_1_655' title='bbox 2039 435 2083 460; x_wconf 89' lang='lat' dir='ltr'>ex</span> <span class='ocrx_word' id='word_1_656' title='bbox 2105 425 2219 470; x_wconf 85' lang='lat' dir='ltr'>pretio</span> <span class='ocrx_word' id='word_1_657' title='bbox 2243 429 2383 460; x_wconf 91' lang='lat' dir='ltr'>tantum</span> <span class='ocrx_word' id='word_1_658' title='bbox 2406 427 2457 461; x_wconf 90' lang='lat' dir='ltr'>vi-</span> 
     </span>
     <span class='ocr_line' id='line_1_86' title="bbox 1365 469 2458 523; baseline 0.003 -20"><span class='ocrx_word' id='word_1_659' title='bbox 1365 474 1496 510; x_wconf 88' lang='grc'>110880,</span> <span class='ocrx_word' id='word_1_660' title='bbox 1529 469 1594 504; x_wconf 87' lang='grc'>8011</span> <span class='ocrx_word' id='word_1_661' title='bbox 1618 479 1662 504; x_wconf 82' lang='lat' dir='ltr'>ex</span> <span class='ocrx_word' id='word_1_662' title='bbox 1685 469 1871 515; x_wconf 86' lang='lat' dir='ltr'>utriusque</span> <span class='ocrx_word' id='word_1_663' title='bbox 1895 470 1964 504; x_wconf 89' lang='lat' dir='ltr'>erit</span> <span class='ocrx_word' id='word_1_664' title='bbox 1995 469 2299 514; x_wconf 91' lang='lat' dir='ltr'>componendum,</span> <span class='ocrx_word' id='word_1_665' title='bbox 2332 471 2458 523; x_wconf 87' lang='lat' dir='ltr'>quanti</span> 
     </span>
     <span class='ocr_line' id='line_1_87' title="bbox 1364 514 2457 560; baseline 0.003 -12"><span class='ocrx_word' id='word_1_666' title='bbox 1364 514 1510 549; x_wconf 90' lang='lat' dir='ltr'>minoris</span> <span class='ocrx_word' id='word_1_667' title='bbox 1534 514 1598 550; x_wconf 88' lang='lat' dir='ltr'>sit:</span> <span class='ocrx_word' id='word_1_668' title='bbox 1625 525 1706 549; x_wconf 89' lang='lat' dir='ltr'>cum</span> <span class='ocrx_word' id='word_1_669' title='bbox 1731 515 1824 550; x_wconf 92' lang='lat' dir='ltr'>enim</span> <span class='ocrx_word' id='word_1_670' title='bbox 1847 525 1919 549; x_wconf 89' lang='lat' dir='ltr'>uno</span> <span class='ocrx_word' id='word_1_671' title='bbox 1943 514 2059 559; x_wconf 91' lang='lat' dir='ltr'>pretio</span> <span class='ocrx_word' id='word_1_672' title='bbox 2082 518 2254 560; x_wconf 89' lang='lat' dir='ltr'>utraeque</span> <span class='ocrx_word' id='word_1_673' title='bbox 2273 516 2457 559; x_wconf 88' lang='lat' dir='ltr'>vemerint,</span> 
     </span>
     <span class='ocr_line' id='line_1_88' title="bbox 1364 559 2456 605; baseline 0.003 -11"><span class='ocrx_word' id='word_1_674' title='bbox 1364 570 1437 594; x_wconf 90' lang='lat' dir='ltr'>non</span> <span class='ocrx_word' id='word_1_675' title='bbox 1472 564 1526 595; x_wconf 89' lang='lat' dir='ltr'>est</span> <span class='ocrx_word' id='word_1_676' title='bbox 1558 559 1798 604; x_wconf 86' lang='lat' dir='ltr'>separandum</span> <span class='ocrx_word' id='word_1_677' title='bbox 1821 560 1993 604; x_wconf 90' lang='lat' dir='ltr'>pretium,</span> <span class='ocrx_word' id='word_1_678' title='bbox 2025 559 2112 595; x_wconf 87' lang='lat' dir='ltr'>sed⁷</span> <span class='ocrx_word' id='word_1_679' title='bbox 2145 563 2280 605; x_wconf 89' lang='lat' dir='ltr'>quanto</span> <span class='ocrx_word' id='word_1_680' title='bbox 2312 561 2456 597; x_wconf 87' lang='lat' dir='ltr'>minoris</span> 
     </span>
     <span class='ocr_line' id='line_1_89' title="bbox 1366 604 2457 651; baseline 0.003 -12"><span class='ocrx_word' id='word_1_681' title='bbox 1366 616 1447 640; x_wconf 92' lang='lat' dir='ltr'>cum</span> <span class='ocrx_word' id='word_1_682' title='bbox 1470 604 1606 640; x_wconf 89' lang='lat' dir='ltr'>veniret</span> <span class='ocrx_word' id='word_1_683' title='bbox 1628 607 1818 650; x_wconf 89' lang='lat' dir='ltr'>utrumque</span> <span class='ocrx_word' id='word_1_684' title='bbox 1850 604 1936 647; x_wconf 87' lang='lat' dir='ltr'>fuit,</span> <span class='ocrx_word' id='word_1_685' title='bbox 1969 615 2041 640; x_wconf 93' lang='lat' dir='ltr'>non</span> <span class='ocrx_word' id='word_1_686' title='bbox 2071 604 2220 640; x_wconf 87' lang='lat' dir='ltr'>alterum</span> <span class='ocrx_word' id='word_1_687' title='bbox 2253 606 2350 651; x_wconf 91' lang='lat' dir='ltr'>quod</span> <span class='ocrx_word' id='word_1_688' title='bbox 2381 611 2457 642; x_wconf 87' lang='grc'>0181</span> 
     </span>
     <span class='ocr_line' id='line_1_90' title="bbox 1368 649 2457 695; baseline 0.002 -11"><span class='ocrx_word' id='word_1_689' title='bbox 1368 652 1408 684; x_wconf 84' lang='grc'>14</span> <span class='ocrx_word' id='word_1_690' title='bbox 1455 650 1632 685; x_wconf 87' lang='lat' dir='ltr'>vitiosum.</span> <span class='ocrx_word' id='word_1_691' title='bbox 1681 649 1769 686; x_wconf 86' lang='lat' dir='ltr'>Cum</span> <span class='ocrx_word' id='word_1_692' title='bbox 1801 654 1920 685; x_wconf 90' lang='lat' dir='ltr'>autem</span> <span class='ocrx_word' id='word_1_693' title='bbox 1951 650 2110 685; x_wconf 90' lang='lat' dir='ltr'>iumenta</span> <span class='ocrx_word' id='word_1_694' title='bbox 2142 650 2245 695; x_wconf 89' lang='lat' dir='ltr'>paria</span> <span class='ocrx_word' id='word_1_695' title='bbox 2266 655 2422 687; x_wconf 90' lang='lat' dir='ltr'>veneunt</span> <span class='ocrx_word' id='word_1_696' title='bbox 2432 653 2457 695; x_wconf 81' lang='lat'>⁸,</span> 
     </span>
     <span class='ocr_line' id='line_1_91' title="bbox 1366 694 2506 740; baseline 0.002 -10"><span class='ocrx_word' id='word_1_697' title='bbox 1366 694 1480 730; x_wconf 91' lang='lat' dir='ltr'>edicto</span> <span class='ocrx_word' id='word_1_698' title='bbox 1507 705 1714 740; x_wconf 89' lang='lat' dir='ltr'>expressum</span> <span class='ocrx_word' id='word_1_699' title='bbox 1737 698 1809 737; x_wconf 92' lang='lat' dir='ltr'>est,</span> <span class='ocrx_word' id='word_1_700' title='bbox 1842 699 1901 737; x_wconf 91' lang='lat' dir='ltr'>ut,</span> <span class='ocrx_word' id='word_1_701' title='bbox 1934 706 2015 730; x_wconf 90' lang='lat' dir='ltr'>cum</span> <span class='ocrx_word' id='word_1_702' title='bbox 2046 695 2198 730; x_wconf 87' lang='lat' dir='ltr'>alterum</span> <span class='ocrx_word' id='word_1_703' title='bbox 2220 696 2258 731; x_wconf 94' lang='lat' dir='ltr'>in</span> <span class='ocrx_word' id='word_1_704' title='bbox 2282 706 2325 732; x_wconf 89' lang='lat' dir='ltr'>ea</span> <span class='ocrx_word' id='word_1_705' title='bbox 2349 706 2460 732; x_wconf 89' lang='lat' dir='ltr'>causa</span> <span class='ocrx_word' id='word_1_706' title='bbox 2502 725 2506 731; x_wconf 74' lang='grc'><em>.</em></span> 
     </span>
     <span class='ocr_line' id='line_1_92' title="bbox 1366 740 2503 785; baseline 0.002 -9"><span class='ocrx_word' id='word_1_707' title='bbox 1366 740 1431 782; x_wconf 86' lang='lat' dir='ltr'>sit,</span> <span class='ocrx_word' id='word_1_708' title='bbox 1464 743 1505 775; x_wconf 93' lang='lat' dir='ltr'>ut</span> <span class='ocrx_word' id='word_1_709' title='bbox 1534 740 1712 776; x_wconf 88' lang='lat' dir='ltr'>redhiberi</span> <span class='ocrx_word' id='word_1_710' title='bbox 1736 740 1884 782; x_wconf 87' lang='lat' dir='ltr'>debeat,</span> <span class='ocrx_word' id='word_1_711' title='bbox 1915 744 2107 785; x_wconf 91' lang='lat' dir='ltr'>utrumque</span> <span class='ocrx_word' id='word_1_712' title='bbox 2138 740 2390 777; x_wconf 85' lang='lat' dir='ltr'>redhibeatur:</span> <span class='ocrx_word' id='word_1_713' title='bbox 2422 742 2460 777; x_wconf 90' lang='lat' dir='ltr'>in</span> <span class='ocrx_word' id='word_1_714' title='bbox 2499 758 2503 765; x_wconf 66' lang='lat'><em>„</em></span> 
     </span>
    </p>
   </div>
   <div class='ocr_carea' id='block_1_11' title="bbox 1367 785 2510 831">
    <p class='ocr_par' dir='ltr' id='par_1_14' title="bbox 1367 785 2510 831">
     <span class='ocr_line' id='line_1_93' title="bbox 1367 785 2510 831; baseline 0.002 -11"><span class='ocrx_word' id='word_1_715' title='bbox 1367 796 1437 831; x_wconf 90' lang='lat' dir='ltr'>qua</span> <span class='ocrx_word' id='word_1_716' title='bbox 1460 795 1500 820; x_wconf 93' lang='lat' dir='ltr'>re</span> <span class='ocrx_word' id='word_1_717' title='bbox 1523 789 1598 820; x_wconf 90' lang='lat' dir='ltr'>tam</span> <span class='ocrx_word' id='word_1_718' title='bbox 1622 786 1772 831; x_wconf 91' lang='lat' dir='ltr'>emptori</span> <span class='ocrx_word' id='word_1_719' title='bbox 1795 796 1903 831; x_wconf 91' lang='lat' dir='ltr'>quam</span> <span class='ocrx_word' id='word_1_720' title='bbox 1926 785 2101 820; x_wconf 85' lang='lat' dir='ltr'>venditori</span> <span class='ocrx_word' id='word_1_721' title='bbox 2126 786 2343 830; x_wconf 89' lang='lat' dir='ltr'>consulitur,</span> <span class='ocrx_word' id='word_1_722' title='bbox 2376 787 2459 822; x_wconf 88' lang='lat' dir='ltr'>dum</span> <span class='ocrx_word' id='word_1_723' title='bbox 2506 785 2510 803; x_wconf 72' lang='lat'>³</span> 
     </span>
    </p>
   </div>
   <div class='ocr_carea' id='block_1_12' title="bbox 1365 830 2505 2143">
    <p class='ocr_par' dir='ltr' id='par_1_15' title="bbox 1365 830 2506 1363">
     <span class='ocr_line' id='line_1_94' title="bbox 1365 830 2458 877; baseline -0.001 -11"><span class='ocrx_word' id='word_1_724' title='bbox 1365 831 1524 866; x_wconf 90' lang='lat' dir='ltr'>iumenta</span> <span class='ocrx_word' id='word_1_725' title='bbox 1547 841 1620 865; x_wconf 89' lang='lat' dir='ltr'>non</span> <span class='ocrx_word' id='word_1_726' title='bbox 1644 841 1682 866; x_wconf 88' lang='lat' dir='ltr'>se</span> <span class='ocrx_word' id='word_1_727' title='bbox 1709 836 1868 866; x_wconf 87' lang='lat' dir='ltr'>arantur.</span> <span class='ocrx_word' id='word_1_728' title='bbox 1913 830 2018 866; x_wconf 90' lang='lat' dir='ltr'>simili</span> <span class='ocrx_word' id='word_1_729' title='bbox 2041 830 2147 866; x_wconf 92' lang='lat' dir='ltr'>modo</span> <span class='ocrx_word' id='word_1_730' title='bbox 2172 835 2208 866; x_wconf 91' lang='lat' dir='ltr'>et</span> <span class='ocrx_word' id='word_1_731' title='bbox 2231 831 2262 867; x_wconf 92' lang='lat' dir='ltr'>si</span> <span class='ocrx_word' id='word_1_732' title='bbox 2284 831 2377 877; x_wconf 87' lang='lat' dir='ltr'>triga</span> <span class='ocrx_word' id='word_1_733' title='bbox 2399 842 2458 867; x_wconf 88' lang='lat' dir='ltr'>ve·</span> 
     </span>
     <span class='ocr_line' id='line_1_95' title="bbox 1366 875 2505 921; baseline 0.004 -11"><span class='ocrx_word' id='word_1_734' title='bbox 1366 876 1482 918; x_wconf 88' lang='lat' dir='ltr'>nierit,</span> <span class='ocrx_word' id='word_1_735' title='bbox 1506 875 1679 911; x_wconf 87' lang='lat' dir='ltr'>redhiben</span> <span class='ocrx_word' id='word_1_736' title='bbox 1707 887 1728 911; x_wconf 89' lang='lat' dir='ltr'>a</span> <span class='ocrx_word' id='word_1_737' title='bbox 1751 877 1818 911; x_wconf 89' lang='lat' dir='ltr'>erit</span> <span class='ocrx_word' id='word_1_738' title='bbox 1841 879 1936 918; x_wconf 88' lang='lat' dir='ltr'>tota,</span> <span class='ocrx_word' id='word_1_739' title='bbox 1970 879 2006 911; x_wconf 89' lang='lat' dir='ltr'>et</span> <span class='ocrx_word' id='word_1_740' title='bbox 2035 875 2067 910; x_wconf 86' lang='lat' dir='ltr'>si</span> <span class='ocrx_word' id='word_1_741' title='bbox 2098 876 2290 921; x_wconf 86' lang='lat' dir='ltr'>quadriga,</span> <span class='ocrx_word' id='word_1_742' title='bbox 2317 877 2459 912; x_wconf 77' lang='lat' dir='ltr'>¹’redhi-</span> <span class='ocrx_word' id='word_1_743' title='bbox 2504 910 2505 915; x_wconf 75' lang='grc'>,</span> 
     </span>
     <span class='ocr_line' id='line_1_96' title="bbox 1365 921 2460 967; baseline 0.003 -12"><span class='ocrx_word' id='word_1_744' title='bbox 1365 922 1506 956; x_wconf 88' lang='lat' dir='ltr'>beatur.</span> <span class='ocrx_word' id='word_1_745' title='bbox 1550 921 1614 956; x_wconf 88' lang='lat' dir='ltr'>sed</span> <span class='ocrx_word' id='word_1_746' title='bbox 1637 921 1668 956; x_wconf 92' lang='lat' dir='ltr'>si</span> <span class='ocrx_word' id='word_1_747' title='bbox 1692 921 1762 957; x_wconf 91' lang='lat' dir='ltr'>duo</span> <span class='ocrx_word' id='word_1_748' title='bbox 1787 922 1890 967; x_wconf 90' lang='lat' dir='ltr'>paria</span> <span class='ocrx_word' id='word_1_749' title='bbox 1914 921 2090 956; x_wconf 87' lang='lat' dir='ltr'>mularum</span> <span class='ocrx_word' id='word_1_750' title='bbox 2113 921 2186 956; x_wconf 88' lang='lat' dir='ltr'>sint</span> <span class='ocrx_word' id='word_1_751' title='bbox 2209 926 2245 956; x_wconf 89' lang='lat' dir='ltr'>et</span> <span class='ocrx_word' id='word_1_752' title='bbox 2266 932 2341 957; x_wconf 87' lang='lat' dir='ltr'>una</span> <span class='ocrx_word' id='word_1_753' title='bbox 2363 923 2460 958; x_wconf 90' lang='lat' dir='ltr'>mula</span> 
     </span>
     <span class='ocr_line' id='line_1_97' title="bbox 1365 966 2460 1019; baseline 0.001 -17"><span class='ocrx_word' id='word_1_754' title='bbox 1365 966 1494 1002; x_wconf 89' lang='lat' dir='ltr'>vitiosa</span> <span class='ocrx_word' id='word_1_755' title='bbox 1517 966 1564 1001; x_wconf 90' lang='lat' dir='ltr'>sit</span> <span class='ocrx_word' id='word_1_756' title='bbox 1587 967 1641 1001; x_wconf 89' lang='lat' dir='ltr'>vel</span> <span class='ocrx_word' id='word_1_757' title='bbox 1664 977 1749 1012; x_wconf 90' lang='lat' dir='ltr'>par,</span> <span class='ocrx_word' id='word_1_758' title='bbox 1784 967 1900 1002; x_wconf 90' lang='lat' dir='ltr'>solum</span> <span class='ocrx_word' id='word_1_759' title='bbox 1920 977 1990 1019; x_wconf 84' lang='lat' dir='ltr'>par</span> <span class='ocrx_word' id='word_1_760' title='bbox 2012 966 2275 1010; x_wconf 88' lang='lat' dir='ltr'>redhibebitur,</span> <span class='ocrx_word' id='word_1_761' title='bbox 2308 967 2460 1003; x_wconf 89' lang='lat' dir='ltr'>alterum</span> 
     </span>
     <span class='ocr_line' id='line_1_98' title="bbox 1366 1011 2459 1057; baseline 0.002 -11"><span class='ocrx_word' id='word_1_762' title='bbox 1366 1022 1458 1047; x_wconf 91' lang='lat' dir='ltr'>non:</span> <span class='ocrx_word' id='word_1_763' title='bbox 1492 1011 1523 1047; x_wconf 86' lang='lat' dir='ltr'>si</span> <span class='ocrx_word' id='word_1_764' title='bbox 1554 1016 1674 1047; x_wconf 86' lang='lat' dir='ltr'>tamen</span> <span class='ocrx_word' id='word_1_765' title='bbox 1707 1015 1865 1047; x_wconf 91' lang='lat' dir='ltr'>nondum</span> <span class='ocrx_word' id='word_1_766' title='bbox 1900 1015 1972 1047; x_wconf 80' lang='lat' dir='ltr'>sint</span> <span class='ocrx_word' id='word_1_767' title='bbox 2006 1011 2109 1057; x_wconf 88' lang='lat' dir='ltr'>paria</span> <span class='ocrx_word' id='word_1_768' title='bbox 2144 1012 2360 1055; x_wconf 87' lang='lat' dir='ltr'>constituta,</span> <span class='ocrx_word' id='word_1_769' title='bbox 2396 1013 2459 1048; x_wconf 90' lang='lat' dir='ltr'>sed</span> 
     </span>
     <span class='ocr_line' id='line_1_99' title="bbox 1366 1056 2460 1109; baseline 0.003 -18"><span class='ocrx_word' id='word_1_770' title='bbox 1366 1056 1574 1102; x_wconf 90' lang='lat' dir='ltr'>simpliciter</span> <span class='ocrx_word' id='word_1_771' title='bbox 1592 1061 1762 1102; x_wconf 85' lang='lat' dir='ltr'>quattuor</span> <span class='ocrx_word' id='word_1_772' title='bbox 1781 1058 1899 1092; x_wconf 89' lang='lat' dir='ltr'>mulae</span> <span class='ocrx_word' id='word_1_773' title='bbox 1919 1067 1991 1092; x_wconf 92' lang='grc'>11110</span> <span class='ocrx_word' id='word_1_774' title='bbox 2011 1057 2126 1109; x_wconf 86' lang='lat' dir='ltr'>pretio</span> <span class='ocrx_word' id='word_1_775' title='bbox 2145 1057 2328 1100; x_wconf 83' lang='lat' dir='ltr'>venierint,</span> <span class='ocrx_word' id='word_1_776' title='bbox 2353 1059 2460 1094; x_wconf 89' lang='lat' dir='ltr'>unius</span> 
     </span>
     <span class='ocr_line' id='line_1_100' title="bbox 1367 1102 2462 1149; baseline 0.002 -12"><span class='ocrx_word' id='word_1_777' title='bbox 1367 1102 1434 1137; x_wconf 91' lang='lat' dir='ltr'>erit</span> <span class='ocrx_word' id='word_1_778' title='bbox 1458 1102 1575 1137; x_wconf 83' lang='lat' dir='ltr'>mulae</span> <span class='ocrx_word' id='word_1_779' title='bbox 1598 1102 1805 1145; x_wconf 89' lang='lat' dir='ltr'>redhibitio,</span> <span class='ocrx_word' id='word_1_780' title='bbox 1838 1113 1911 1138; x_wconf 91' lang='lat' dir='ltr'>non</span> <span class='ocrx_word' id='word_1_781' title='bbox 1934 1113 2111 1138; x_wconf 78' lang='lat' dir='ltr'>omnium:</span> <span class='ocrx_word' id='word_1_782' title='bbox 2145 1112 2228 1137; x_wconf 90' lang='lat' dir='ltr'>nam</span> <span class='ocrx_word' id='word_1_783' title='bbox 2252 1107 2288 1138; x_wconf 92' lang='lat' dir='ltr'>et</span> <span class='ocrx_word' id='word_1_784' title='bbox 2310 1103 2342 1138; x_wconf 91' lang='lat' dir='ltr'>si</span> <span class='ocrx_word' id='word_1_785' title='bbox 2364 1103 2462 1149; x_wconf 85' lang='grc'>110118</span> 
     </span>
     <span class='ocr_line' id='line_1_101' title="bbox 1366 1147 2462 1193; baseline 0.002 -11"><span class='ocrx_word' id='word_1_786' title='bbox 1366 1147 1532 1190; x_wconf 89' lang='lat' dir='ltr'>venierit,</span> <span class='ocrx_word' id='word_1_787' title='bbox 1558 1147 1715 1183; x_wconf 89' lang='lat' dir='ltr'>dicemus</span> <span class='ocrx_word' id='word_1_788' title='bbox 1739 1159 1850 1183; x_wconf 92' lang='lat' dir='ltr'>unum</span> <span class='ocrx_word' id='word_1_789' title='bbox 1875 1158 2006 1193; x_wconf 92' lang='lat' dir='ltr'>equum</span> <span class='ocrx_word' id='word_1_790' title='bbox 2029 1147 2091 1192; x_wconf 90' lang='lat' dir='ltr'>qui</span> <span class='ocrx_word' id='word_1_791' title='bbox 2112 1147 2260 1183; x_wconf 89' lang='lat' dir='ltr'>vitiosus</span> <span class='ocrx_word' id='word_1_792' title='bbox 2285 1153 2356 1191; x_wconf 91' lang='lat' dir='ltr'>est,</span> <span class='ocrx_word' id='word_1_793' title='bbox 2388 1159 2462 1184; x_wconf 91' lang='lat' dir='ltr'>non</span> 
     </span>
     <span class='ocr_line' id='line_1_102' title="bbox 1368 1193 2460 1245; baseline 0.003 -18"><span class='ocrx_word' id='word_1_794' title='bbox 1368 1202 1508 1228; x_wconf 92' lang='lat' dir='ltr'>omnem</span> <span class='ocrx_word' id='word_1_795' title='bbox 1531 1193 1665 1245; x_wconf 86' lang='lat' dir='ltr'>poliam</span> <span class='ocrx_word' id='word_1_796' title='bbox 1689 1193 1868 1228; x_wconf 88' lang='lat' dir='ltr'>redhiberi</span> <span class='ocrx_word' id='word_1_797' title='bbox 1892 1197 2070 1238; x_wconf 90' lang='lat' dir='ltr'>oportere.</span> <span class='ocrx_word' id='word_1_798' title='bbox 2114 1193 2203 1228; x_wconf 90' lang='lat' dir='ltr'>haec</span> <span class='ocrx_word' id='word_1_799' title='bbox 2228 1197 2264 1228; x_wconf 91' lang='lat' dir='ltr'>et</span> <span class='ocrx_word' id='word_1_800' title='bbox 2285 1193 2322 1229; x_wconf 94' lang='lat' dir='ltr'>in</span> <span class='ocrx_word' id='word_1_801' title='bbox 2345 1194 2460 1230; x_wconf 91' lang='lat' dir='ltr'>homi-</span> 
     </span>
     <span class='ocr_line' id='line_1_103' title="bbox 1367 1237 2462 1283; baseline 0.002 -11"><span class='ocrx_word' id='word_1_802' title='bbox 1367 1238 1473 1273; x_wconf 89' lang='lat' dir='ltr'>nibus</span> <span class='ocrx_word' id='word_1_803' title='bbox 1508 1237 1666 1274; x_wconf 77' lang='lat' dir='ltr'>dicemus</span> <span class='ocrx_word' id='word_1_804' title='bbox 1702 1238 1864 1283; x_wconf 89' lang='lat' dir='ltr'>pluribus</span> <span class='ocrx_word' id='word_1_805' title='bbox 1898 1248 1970 1273; x_wconf 90' lang='lat' dir='ltr'>uno</span> <span class='ocrx_word' id='word_1_806' title='bbox 2003 1237 2116 1283; x_wconf 89' lang='lat' dir='ltr'>pretio</span> <span class='ocrx_word' id='word_1_807' title='bbox 2150 1237 2331 1274; x_wconf 87' lang='lat' dir='ltr'>distractis</span> <span class='ocrx_word' id='word_1_808' title='bbox 2344 1265 2354 1282; x_wconf 93' lang='lat'>,</span> <span class='ocrx_word' id='word_1_809' title='bbox 2391 1239 2462 1275; x_wconf 89' lang='lat' dir='ltr'>nisi</span> 
     </span>
     <span class='ocr_line' id='line_1_104' title="bbox 1368 1283 2461 1336; baseline 0.002 -18"><span class='ocrx_word' id='word_1_810' title='bbox 1368 1283 1440 1336; x_wconf 51' lang='lat'>⁸¹3⁰</span> <span class='ocrx_word' id='word_1_811' title='bbox 1454 1283 1626 1336; x_wconf 36' lang='lat' dir='ltr'>‘separari</span> <span class='ocrx_word' id='word_1_812' title='bbox 1658 1294 1729 1319; x_wconf 92' lang='lat' dir='ltr'>non</span> <span class='ocrx_word' id='word_1_813' title='bbox 1759 1284 1919 1329; x_wconf 90' lang='lat' dir='ltr'>possint,</span> <span class='ocrx_word' id='word_1_814' title='bbox 1955 1287 1997 1318; x_wconf 90' lang='lat' dir='ltr'>ut</span> <span class='ocrx_word' id='word_1_815' title='bbox 2030 1286 2119 1328; x_wconf 89' lang='lat' dir='ltr'>puta</span> <span class='ocrx_word' id='word_1_816' title='bbox 2149 1283 2179 1318; x_wconf 87' lang='lat' dir='ltr'>si</span> <span class='ocrx_word' id='word_1_817' title='bbox 2212 1284 2374 1329; x_wconf 90' lang='lat' dir='ltr'>tragoedi</span> <span class='ocrx_word' id='word_1_818' title='bbox 2406 1284 2461 1320; x_wconf 90' lang='lat' dir='ltr'>vel</span> 
     </span>
     <span class='ocr_line' id='line_1_105' title="bbox 1368 1339 1465 1363; baseline 0 0"><span class='ocrx_word' id='word_1_819' title='bbox 1368 1339 1465 1363; x_wconf 91' lang='lat' dir='ltr'>m1m1</span> 
     </span>
    </p>

    <p class='ocr_par' dir='ltr' id='par_1_16' title="bbox 1367 1370 2458 1454">
     <span class='ocr_line' id='line_1_106' title="bbox 1414 1370 2458 1420; baseline -0.001 -9"><span class='ocrx_word' id='word_1_820' title='bbox 1414 1370 1468 1411; x_wconf 85' lang='lat'>39</span> <span class='ocrx_word' id='word_1_821' title='bbox 1493 1372 1653 1409; x_wconf 76' lang='lat' dir='ltr'><strong><em>PAULUS</em></strong></span> <span class='ocrx_word' id='word_1_822' title='bbox 1682 1373 1774 1409; x_wconf 82' lang='lat' dir='ltr'>libro</span> <span class='ocrx_word' id='word_1_823' title='bbox 1798 1374 1923 1420; x_wconf 82' lang='lat' dir='ltr'>primo</span> <span class='ocrx_word' id='word_1_824' title='bbox 1955 1373 2005 1409; x_wconf 85' lang='lat' dir='ltr'>ad</span> <span class='ocrx_word' id='word_1_825' title='bbox 2027 1373 2181 1409; x_wconf 75' lang='lat' dir='ltr'>edictum</span> <span class='ocrx_word' id='word_1_826' title='bbox 2205 1373 2376 1410; x_wconf 79' lang='lat' dir='ltr'>aedilium</span> <span class='ocrx_word' id='word_1_827' title='bbox 2400 1385 2458 1410; x_wconf 78' lang='lat' dir='ltr'>ou-</span> 
     </span>
     <span class='ocr_line' id='line_1_107' title="bbox 1367 1418 1778 1454; baseline 0.002 -1"><span class='ocrx_word' id='word_1_828' title='bbox 1367 1419 1502 1454; x_wconf 69' lang='lat' dir='ltr'>rule‘um</span> <span class='ocrx_word' id='word_1_829' title='bbox 1548 1419 1604 1454; x_wconf 89' lang='lat' dir='ltr'>vel</span> <span class='ocrx_word' id='word_1_830' title='bbox 1626 1418 1778 1454; x_wconf 85' lang='lat' dir='ltr'>fratres:</span> 
     </span>
    </p>

    <p class='ocr_par' dir='ltr' id='par_1_17' title="bbox 1369 1462 2462 1645">
     <span class='ocr_line' id='line_1_108' title="bbox 1415 1462 2460 1501; baseline -0.001 -1"><span class='ocrx_word' id='word_1_831' title='bbox 1415 1462 1468 1501; x_wconf 89' lang='lat'>40</span> <span class='ocrx_word' id='word_1_832' title='bbox 1501 1463 1697 1500; x_wconf 66' lang='lat' dir='ltr'>[Immo-s</span> <span class='ocrx_word' id='word_1_833' title='bbox 1726 1464 1817 1500; x_wconf 77' lang='lat' dir='ltr'>libro</span> <span class='ocrx_word' id='word_1_834' title='bbox 1850 1463 2007 1500; x_wconf 82' lang='lat' dir='ltr'>secundo</span> <span class='ocrx_word' id='word_1_835' title='bbox 2039 1463 2089 1499; x_wconf 85' lang='lat' dir='ltr'>ad</span> <span class='ocrx_word' id='word_1_836' title='bbox 2111 1463 2266 1500; x_wconf 76' lang='lat' dir='ltr'>edictum</span> <span class='ocrx_word' id='word_1_837' title='bbox 2290 1464 2460 1500; x_wconf 78' lang='lat' dir='ltr'>aedilium</span> 
     </span>
     <span class='ocr_line' id='line_1_109' title="bbox 1371 1509 2462 1554; baseline -0.001 -9"><span class='ocrx_word' id='word_1_838' title='bbox 1371 1512 1386 1544; x_wconf 89' lang='lat'>1</span> <span class='ocrx_word' id='word_1_839' title='bbox 1437 1509 1616 1545; x_wconf 76' lang='lat' dir='ltr'>curulium</span> <span class='ocrx_word' id='word_1_840' title='bbox 1662 1509 1701 1544; x_wconf 91' lang='lat' dir='ltr'>hi</span> <span class='ocrx_word' id='word_1_841' title='bbox 1732 1509 1825 1544; x_wconf 93' lang='lat' dir='ltr'>enim</span> <span class='ocrx_word' id='word_1_842' title='bbox 1848 1519 1922 1544; x_wconf 94' lang='lat' dir='ltr'>non</span> <span class='ocrx_word' id='word_1_843' title='bbox 1945 1513 2050 1544; x_wconf 86' lang='lat' dir='ltr'>erunt</span> <span class='ocrx_word' id='word_1_844' title='bbox 2074 1509 2276 1554; x_wconf 88' lang='lat' dir='ltr'>separandi.</span> <span class='ocrx_word' id='word_1_845' title='bbox 2324 1509 2462 1545; x_wconf 90' lang='lat' dir='ltr'>Deinde</span> 
     </span>
     <span class='ocr_line' id='line_1_110' title="bbox 1369 1554 2462 1599; baseline 0.001 -10"><span class='ocrx_word' id='word_1_846' title='bbox 1369 1554 1472 1590; x_wconf 87' lang='lat' dir='ltr'>aiunt</span> <span class='ocrx_word' id='word_1_847' title='bbox 1495 1554 1645 1590; x_wconf 85' lang='lat' dir='ltr'>aediles:</span> <span class='ocrx_word' id='word_1_848' title='bbox 1679 1558 1737 1590; x_wconf 83' lang='lat' dir='ltr'>‘ne</span> <span class='ocrx_word' id='word_1_849' title='bbox 1770 1554 1849 1599; x_wconf 89' lang='lat' dir='ltr'>quis</span> <span class='ocrx_word' id='word_1_850' title='bbox 1883 1565 2029 1597; x_wconf 84' lang='lat' dir='ltr'>canem,</span> <span class='ocrx_word' id='word_1_851' title='bbox 2053 1564 2189 1590; x_wconf 89' lang='lat' dir='ltr'>verrem</span> <span class='ocrx_word' id='word_1_852' title='bbox 2212 1555 2268 1589; x_wconf 92' lang='lat' dir='ltr'>vel</span> <span class='ocrx_word' id='word_1_853' title='bbox 2290 1555 2462 1590; x_wconf 86' lang='lat' dir='ltr'>minorem</span> 
     </span>
     <span class='ocr_line' id='line_1_111' title="bbox 1369 1599 2269 1645; baseline 0 -11"><span class='ocrx_word' id='word_1_854' title='bbox 1369 1610 1507 1645; x_wconf 90' lang='lat' dir='ltr'>aprum,</span> <span class='ocrx_word' id='word_1_855' title='bbox 1532 1599 1677 1645; x_wconf 85' lang='lat' dir='ltr'>‘lupum,</span> <span class='ocrx_word' id='word_1_856' title='bbox 1701 1610 1836 1642; x_wconf 90' lang='lat' dir='ltr'>ursum,</span> <span class='ocrx_word' id='word_1_857' title='bbox 1860 1600 2083 1645; x_wconf 88' lang='lat' dir='ltr'>pantheram,</span> <span class='ocrx_word' id='word_1_858' title='bbox 2107 1599 2269 1642; x_wconf 91' lang='lat' dir='ltr'>leonem&#39;,</span> 
     </span>
    </p>

    <p class='ocr_par' dir='ltr' id='par_1_18' title="bbox 1369 1644 2461 1826">
     <span class='ocr_line' id='line_1_112' title="bbox 1416 1644 2461 1682; baseline -0.001 0"><span class='ocrx_word' id='word_1_859' title='bbox 1416 1644 1466 1682; x_wconf 87' lang='lat'>41</span> <span class='ocrx_word' id='word_1_860' title='bbox 1495 1644 1656 1680; x_wconf 68' lang='lat' dir='ltr'>was</span> <span class='ocrx_word' id='word_1_861' title='bbox 1676 1645 1768 1680; x_wconf 81' lang='lat' dir='ltr'>libro</span> <span class='ocrx_word' id='word_1_862' title='bbox 1789 1645 1947 1681; x_wconf 82' lang='lat' dir='ltr'>secundo</span> <span class='ocrx_word' id='word_1_863' title='bbox 1965 1645 2015 1680; x_wconf 87' lang='lat' dir='ltr'>ad</span> <span class='ocrx_word' id='word_1_864' title='bbox 2032 1645 2187 1680; x_wconf 78' lang='lat' dir='ltr'>edictum</span> <span class='ocrx_word' id='word_1_865' title='bbox 2208 1645 2379 1681; x_wconf 76' lang='lat' dir='ltr'>aedilium</span> <span class='ocrx_word' id='word_1_866' title='bbox 2401 1656 2461 1681; x_wconf 81' lang='lat' dir='ltr'>ou-</span> 
     </span>
     <span class='ocr_line' id='line_1_113' title="bbox 1369 1690 2461 1736; baseline -0.001 -10"><span class='ocrx_word' id='word_1_867' title='bbox 1369 1690 1503 1726; x_wconf 75' lang='lat' dir='ltr'>rulium</span> <span class='ocrx_word' id='word_1_868' title='bbox 1550 1694 1585 1725; x_wconf 85' lang='lat' dir='ltr'>et</span> <span class='ocrx_word' id='word_1_869' title='bbox 1613 1690 1826 1735; x_wconf 86' lang='lat' dir='ltr'>generaliter</span> <span class='ocrx_word' id='word_1_870' title='bbox 1849 1690 2000 1725; x_wconf 84' lang='lat' dir='ltr'>‘aliudve</span> <span class='ocrx_word' id='word_1_871' title='bbox 2024 1690 2119 1736; x_wconf 89' lang='lat' dir='ltr'>quod</span> <span class='ocrx_word' id='word_1_872' title='bbox 2142 1693 2287 1725; x_wconf 89' lang='lat' dir='ltr'>noceret</span> <span class='ocrx_word' id='word_1_873' title='bbox 2319 1690 2461 1733; x_wconf 86' lang='lat' dir='ltr'>animal,</span> 
     </span>
     <span class='ocr_line' id='line_1_114' title="bbox 1370 1735 2461 1781; baseline 0 -10"><span class='ocrx_word' id='word_1_874' title='bbox 1370 1735 1455 1771; x_wconf 89' lang='lat' dir='ltr'>‘sive</span> <span class='ocrx_word' id='word_1_875' title='bbox 1479 1735 1597 1771; x_wconf 89' lang='lat' dir='ltr'>soluta</span> <span class='ocrx_word' id='word_1_876' title='bbox 1619 1736 1700 1778; x_wconf 83' lang='lat' dir='ltr'>sint,</span> <span class='ocrx_word' id='word_1_877' title='bbox 1726 1736 1799 1770; x_wconf 89' lang='lat' dir='ltr'>sive</span> <span class='ocrx_word' id='word_1_878' title='bbox 1822 1735 1967 1781; x_wconf 86' lang='lat' dir='ltr'>alligata</span> <span class='ocrx_word' id='word_1_879' title='bbox 1980 1736 2017 1778; x_wconf 93' lang='lat'>¹¹,</span> <span class='ocrx_word' id='word_1_880' title='bbox 2041 1739 2083 1770; x_wconf 92' lang='lat' dir='ltr'>ut</span> <span class='ocrx_word' id='word_1_881' title='bbox 2107 1735 2281 1771; x_wconf 89' lang='lat' dir='ltr'>contineri</span> <span class='ocrx_word' id='word_1_882' title='bbox 2300 1735 2461 1778; x_wconf 87' lang='lat' dir='ltr'>vinculis,</span> 
     </span>
     <span class='ocr_line' id='line_1_115' title="bbox 1369 1780 2256 1826; baseline -0.001 -10"><span class='ocrx_word' id='word_1_883' title='bbox 1369 1785 1451 1826; x_wconf 86' lang='lat' dir='ltr'>‘quo</span> <span class='ocrx_word' id='word_1_884' title='bbox 1475 1780 1592 1816; x_wconf 92' lang='lat' dir='ltr'>minus</span> <span class='ocrx_word' id='word_1_885' title='bbox 1617 1781 1785 1816; x_wconf 90' lang='lat' dir='ltr'>damnum</span> <span class='ocrx_word' id='word_1_886' title='bbox 1807 1780 1984 1823; x_wconf 85' lang='lat' dir='ltr'>inferant,</span> <span class='ocrx_word' id='word_1_887' title='bbox 2009 1790 2082 1816; x_wconf 92' lang='lat' dir='ltr'>non</span> <span class='ocrx_word' id='word_1_888' title='bbox 2105 1781 2256 1825; x_wconf 90' lang='lat' dir='ltr'>possint,</span> 
     </span>
    </p>

    <p class='ocr_par' dir='ltr' id='par_1_19' title="bbox 1370 1823 2463 2143">
     <span class='ocr_line' id='line_1_116' title="bbox 1416 1823 2461 1863; baseline -0.002 -1"><span class='ocrx_word' id='word_1_889' title='bbox 1416 1823 1470 1863; x_wconf 86' lang='lat'>42</span> <span class='ocrx_word' id='word_1_890' title='bbox 1504 1825 1700 1861; x_wconf 77' lang='lat' dir='ltr'><em>ULPJANUS</em></span> <span class='ocrx_word' id='word_1_891' title='bbox 1728 1826 1819 1861; x_wconf 83' lang='lat' dir='ltr'>libro</span> <span class='ocrx_word' id='word_1_892' title='bbox 1851 1826 2008 1861; x_wconf 78' lang='lat' dir='ltr'>secundo</span> <span class='ocrx_word' id='word_1_893' title='bbox 2041 1825 2091 1861; x_wconf 84' lang='lat' dir='ltr'>ad</span> <span class='ocrx_word' id='word_1_894' title='bbox 2113 1825 2267 1861; x_wconf 82' lang='lat' dir='ltr'>edictum</span> <span class='ocrx_word' id='word_1_895' title='bbox 2290 1824 2461 1861; x_wconf 78' lang='lat' dir='ltr'>aedilium</span> 
     </span>
     <span class='ocr_line' id='line_1_117' title="bbox 1370 1870 2463 1916; baseline -0.004 -8"><span class='ocrx_word' id='word_1_896' title='bbox 1370 1871 1550 1908; x_wconf 77' lang='lat' dir='ltr'>curulium</span> <span class='ocrx_word' id='word_1_897' title='bbox 1599 1874 1682 1916; x_wconf 89' lang='lat' dir='ltr'>‘qua</span> <span class='ocrx_word' id='word_1_898' title='bbox 1704 1871 1807 1916; x_wconf 88' lang='lat' dir='ltr'>vulgo</span> <span class='ocrx_word' id='word_1_899' title='bbox 1832 1871 1901 1906; x_wconf 92' lang='lat' dir='ltr'>iter</span> <span class='ocrx_word' id='word_1_900' title='bbox 1923 1871 2004 1913; x_wconf 92' lang='lat' dir='ltr'>fiet,</span> <span class='ocrx_word' id='word_1_901' title='bbox 2027 1871 2080 1906; x_wconf 89' lang='lat' dir='ltr'>ita</span> <span class='ocrx_word' id='word_1_902' title='bbox 2102 1871 2272 1906; x_wconf 87' lang='lat' dir='ltr'>habuisse</span> <span class='ocrx_word' id='word_1_903' title='bbox 2294 1870 2397 1912; x_wconf 87' lang='lat' dir='ltr'>velit,</span> <span class='ocrx_word' id='word_1_904' title='bbox 2421 1874 2463 1906; x_wconf 92' lang='lat' dir='ltr'>ut</span> 
     </span>
     <span class='ocr_line' id='line_1_118' title="bbox 1371 1915 2461 1961; baseline -0.002 -9"><span class='ocrx_word' id='word_1_905' title='bbox 1371 1917 1439 1952; x_wconf 86' lang='lat' dir='ltr'>‘cui</span> <span class='ocrx_word' id='word_1_906' title='bbox 1465 1926 1548 1951; x_wconf 81' lang='lat' dir='ltr'>uam</span> <span class='ocrx_word' id='word_1_907' title='bbox 1571 1927 1701 1952; x_wconf 91' lang='lat' dir='ltr'>nocere</span> <span class='ocrx_word' id='word_1_908' title='bbox 1725 1916 1937 1951; x_wconf 89' lang='lat' dir='ltr'>damnumve</span> <span class='ocrx_word' id='word_1_909' title='bbox 1961 1916 2046 1951; x_wconf 91' lang='lat' dir='ltr'>dare</span> <span class='ocrx_word' id='word_1_910' title='bbox 2069 1916 2194 1961; x_wconf 87' lang='lat' dir='ltr'>possit.</span> <span class='ocrx_word' id='word_1_911' title='bbox 2230 1916 2262 1951; x_wconf 90' lang='grc'>81</span> <span class='ocrx_word' id='word_1_912' title='bbox 2292 1915 2461 1951; x_wconf 88' lang='lat' dir='ltr'>adversus</span> 
     </span>
     <span class='ocr_line' id='line_1_119' title="bbox 1371 1960 2463 2006; baseline -0.001 -9"><span class='ocrx_word' id='word_1_913' title='bbox 1371 1966 1426 1998; x_wconf 88' lang='lat' dir='ltr'>‘ea</span> <span class='ocrx_word' id='word_1_914' title='bbox 1466 1965 1586 1997; x_wconf 87' lang='lat' dir='ltr'>actum</span> <span class='ocrx_word' id='word_1_915' title='bbox 1610 1963 1677 1997; x_wconf 91' lang='lat' dir='ltr'>erit</span> <span class='ocrx_word' id='word_1_916' title='bbox 1700 1965 1737 1996; x_wconf 90' lang='lat' dir='ltr'>et</span> <span class='ocrx_word' id='word_1_917' title='bbox 1759 1962 1864 1997; x_wconf 92' lang='lat' dir='ltr'>homo</span> <span class='ocrx_word' id='word_1_918' title='bbox 1889 1962 1978 1997; x_wconf 90' lang='lat' dir='ltr'>liber</span> <span class='ocrx_word' id='word_1_919' title='bbox 2003 1972 2046 1997; x_wconf 87' lang='lat' dir='ltr'>ex</span> <span class='ocrx_word' id='word_1_920' title='bbox 2066 1971 2109 1996; x_wconf 88' lang='lat' dir='ltr'>ea</span> <span class='ocrx_word' id='word_1_921' title='bbox 2127 1971 2167 1996; x_wconf 91' lang='lat' dir='ltr'>re</span> <span class='ocrx_word' id='word_1_922' title='bbox 2185 1961 2340 2006; x_wconf 90' lang='lat' dir='ltr'>perierit,</span> <span class='ocrx_word' id='word_1_923' title='bbox 2359 1960 2463 1996; x_wconf 90' lang='lat' dir='ltr'>solidi</span> 
     </span>
     <span class='ocr_line' id='line_1_120' title="bbox 1371 2006 2462 2051; baseline -0.002 -9"><span class='ocrx_word' id='word_1_924' title='bbox 1371 2007 1528 2043; x_wconf 89' lang='lat' dir='ltr'>‘ducenti</span> <span class='ocrx_word' id='word_1_925' title='bbox 1541 2007 1579 2049; x_wconf 79' lang='lat'>¹²,</span> <span class='ocrx_word' id='word_1_926' title='bbox 1593 2007 1624 2042; x_wconf 91' lang='lat' dir='ltr'>si</span> <span class='ocrx_word' id='word_1_927' title='bbox 1636 2007 1794 2042; x_wconf 92' lang='lat' dir='ltr'>nocitum</span> <span class='ocrx_word' id='word_1_928' title='bbox 1806 2007 1941 2041; x_wconf 89' lang='lat' dir='ltr'>homini</span> <span class='ocrx_word' id='word_1_929' title='bbox 1952 2007 2064 2042; x_wconf 93' lang='lat' dir='ltr'>libero</span> <span class='ocrx_word' id='word_1_930' title='bbox 2078 2016 2155 2041; x_wconf 90' lang='lat' dir='ltr'>esse</span> <span class='ocrx_word' id='word_1_931' title='bbox 2168 2006 2317 2048; x_wconf 91' lang='lat' dir='ltr'>dicetur,</span> <span class='ocrx_word' id='word_1_932' title='bbox 2337 2006 2462 2051; x_wconf 87' lang='lat' dir='ltr'>quanti</span> 
     </span>
     <span class='ocr_line' id='line_1_121' title="bbox 1371 2051 2461 2097; baseline -0.001 -10"><span class='ocrx_word' id='word_1_933' title='bbox 1371 2053 1517 2088; x_wconf 91' lang='lat' dir='ltr'>‘bonum</span> <span class='ocrx_word' id='word_1_934' title='bbox 1541 2062 1695 2097; x_wconf 90' lang='lat' dir='ltr'>aequum</span> <span class='ocrx_word' id='word_1_935' title='bbox 1717 2052 1824 2087; x_wconf 89' lang='lat' dir='ltr'>iudici</span> <span class='ocrx_word' id='word_1_936' title='bbox 1848 2052 2042 2095; x_wconf 90' lang='lat' dir='ltr'>videbitur,</span> <span class='ocrx_word' id='word_1_937' title='bbox 2068 2051 2340 2093; x_wconf 90' lang='lat' dir='ltr'>condemnetur,</span> <span class='ocrx_word' id='word_1_938' title='bbox 2365 2054 2461 2086; x_wconf 86' lang='lat' dir='ltr'>cete-</span> 
     </span>
     <span class='ocr_line' id='line_1_122' title="bbox 1372 2096 2460 2143; baseline -0.002 -10"><span class='ocrx_word' id='word_1_939' title='bbox 1372 2102 1505 2134; x_wconf 83' lang='lat' dir='ltr'>‘rarum</span> <span class='ocrx_word' id='word_1_940' title='bbox 1527 2108 1658 2140; x_wconf 90' lang='lat' dir='ltr'>rerum,</span> <span class='ocrx_word' id='word_1_941' title='bbox 1682 2097 1848 2143; x_wconf 79' lang='lat' dir='ltr'>quanti¹³</span> <span class='ocrx_word' id='word_1_942' title='bbox 1871 2098 2039 2132; x_wconf 90' lang='lat' dir='ltr'>damnum</span> <span class='ocrx_word' id='word_1_943' title='bbox 2062 2097 2186 2132; x_wconf 87' lang='lat' dir='ltr'>datum</span> <span class='ocrx_word' id='word_1_944' title='bbox 2204 2096 2384 2132; x_wconf 84' lang='lat' dir='ltr'>factumve</span> <span class='ocrx_word' id='word_1_945' title='bbox 2403 2096 2460 2138; x_wconf 87' lang='lat' dir='ltr'>sit,</span> 
     </span>
    </p>
   </div>
   <div class='ocr_carea' id='block_1_13' title="bbox 1369 2143 2462 3582">
    <p class='ocr_par' dir='ltr' id='par_1_20' title="bbox 1371 2143 1505 2179">
     <span class='ocr_line' id='line_1_123' title="bbox 1371 2143 1505 2179; baseline -0.007 0"><span class='ocrx_word' id='word_1_946' title='bbox 1371 2144 1431 2179; x_wconf 93' lang='lat' dir='ltr'>‘du</span> <span class='ocrx_word' id='word_1_947' title='bbox 1458 2143 1505 2178; x_wconf 92' lang='lat' dir='ltr'>li&#39;.</span> 
     </span>
    </p>

    <p class='ocr_par' dir='ltr' id='par_1_21' title="bbox 1369 2154 2462 3582">
     <span class='ocr_line' id='line_1_124' title="bbox 1417 2154 2459 2234; baseline -0.003 -9"><span class='ocrx_word' id='word_1_948' title='bbox 1417 2154 1470 2225; x_wconf 41' lang='lat'>2³3</span> <span class='ocrx_word' id='word_1_949' title='bbox 1498 2187 1555 2223; x_wconf 71' lang='grc' dir='ltr'>ΡΑ</span> <span class='ocrx_word' id='word_1_950' title='bbox 1563 2196 1659 2223; x_wconf 64' lang='lat' dir='ltr'>Ubus</span> <span class='ocrx_word' id='word_1_951' title='bbox 1686 2187 1777 2223; x_wconf 80' lang='lat' dir='ltr'>libro</span> <span class='ocrx_word' id='word_1_952' title='bbox 1804 2188 1926 2234; x_wconf 83' lang='lat' dir='ltr'>primo</span> <span class='ocrx_word' id='word_1_953' title='bbox 1951 2187 2002 2222; x_wconf 85' lang='lat' dir='ltr'>ad</span> <span class='ocrx_word' id='word_1_954' title='bbox 2023 2187 2177 2223; x_wconf 78' lang='lat' dir='ltr'>edictum</span> <span class='ocrx_word' id='word_1_955' title='bbox 2201 2186 2370 2222; x_wconf 71' lang='lat' dir='ltr'>aedilium</span> <span class='ocrx_word' id='word_1_956' title='bbox 2399 2197 2459 2222; x_wconf 83' lang='lat' dir='ltr'>cu-</span> 
     </span>
     <span class='ocr_line' id='line_1_125' title="bbox 1370 2231 2461 2278; baseline -0.003 -9"><span class='ocrx_word' id='word_1_957' title='bbox 1370 2234 1504 2269; x_wconf 83' lang='lat' dir='ltr'>rulium</span> <span class='ocrx_word' id='word_1_958' title='bbox 1550 2232 1684 2268; x_wconf 89' lang='lat' dir='ltr'>Bovem</span> <span class='ocrx_word' id='word_1_959' title='bbox 1704 2233 1765 2278; x_wconf 91' lang='lat' dir='ltr'>qui</span> <span class='ocrx_word' id='word_1_960' title='bbox 1786 2243 1898 2268; x_wconf 90' lang='lat' dir='ltr'>cornu</span> <span class='ocrx_word' id='word_1_961' title='bbox 1915 2233 2004 2277; x_wconf 88' lang='lat' dir='ltr'>petit</span> <span class='ocrx_word' id='word_1_962' title='bbox 2022 2232 2188 2268; x_wconf 90' lang='lat' dir='ltr'>vitiosum</span> <span class='ocrx_word' id='word_1_963' title='bbox 2206 2241 2284 2267; x_wconf 88' lang='lat' dir='ltr'>esse</span> <span class='ocrx_word' id='word_1_964' title='bbox 2301 2231 2461 2277; x_wconf 90' lang='lat' dir='ltr'>plerique</span> 
     </span>
     <span class='ocr_line' id='line_1_126' title="bbox 1371 2277 2461 2322; baseline -0.002 -9"><span class='ocrx_word' id='word_1_965' title='bbox 1371 2279 1513 2320; x_wconf 88' lang='lat' dir='ltr'>dicunt,</span> <span class='ocrx_word' id='word_1_966' title='bbox 1545 2278 1631 2313; x_wconf 93' lang='lat' dir='ltr'>item</span> <span class='ocrx_word' id='word_1_967' title='bbox 1661 2278 1776 2313; x_wconf 89' lang='lat' dir='ltr'>mulas</span> <span class='ocrx_word' id='word_1_968' title='bbox 1808 2287 1900 2322; x_wconf 90' lang='lat' dir='ltr'>quae</span> <span class='ocrx_word' id='word_1_969' title='bbox 1931 2288 2072 2313; x_wconf 92' lang='lat' dir='ltr'>cessum</span> <span class='ocrx_word' id='word_1_970' title='bbox 2103 2277 2209 2312; x_wconf 87' lang='lat' dir='ltr'>dant:</span> <span class='ocrx_word' id='word_1_971' title='bbox 2247 2287 2290 2313; x_wconf 88' lang='lat' dir='ltr'>ea</span> <span class='ocrx_word' id='word_1_972' title='bbox 2320 2286 2461 2322; x_wconf 90' lang='lat' dir='ltr'>quoque</span> 
     </span>
     <span class='ocr_line' id='line_1_127' title="bbox 1369 2322 2462 2367; baseline -0.002 -9"><span class='ocrx_word' id='word_1_973' title='bbox 1369 2324 1544 2364; x_wconf 87' lang='lat' dir='ltr'>iumenta,</span> <span class='ocrx_word' id='word_1_974' title='bbox 1577 2333 1670 2367; x_wconf 88' lang='lat' dir='ltr'>quae</span> <span class='ocrx_word' id='word_1_975' title='bbox 1701 2323 1778 2358; x_wconf 89' lang='grc'>81110</span> <span class='ocrx_word' id='word_1_976' title='bbox 1810 2333 1921 2358; x_wconf 88' lang='grc'>081188</span> <span class='ocrx_word' id='word_1_977' title='bbox 1949 2323 2143 2358; x_wconf 86' lang='lat' dir='ltr'>turbantur</span> <span class='ocrx_word' id='word_1_978' title='bbox 2173 2327 2209 2357; x_wconf 94' lang='lat' dir='ltr'>et</span> <span class='ocrx_word' id='word_1_979' title='bbox 2239 2326 2351 2357; x_wconf 90' lang='lat' dir='ltr'>semet</span> <span class='ocrx_word' id='word_1_980' title='bbox 2381 2322 2462 2367; x_wconf 89' lang='lat' dir='ltr'>ipsa</span> 
     </span>
     <span class='ocr_line' id='line_1_128' title="bbox 1373 2366 2461 2420; baseline -0.001 -17"><span class='ocrx_word' id='word_1_981' title='bbox 1373 2372 1387 2403; x_wconf 84' lang='lat'>1</span> <span class='ocrx_word' id='word_1_982' title='bbox 1439 2368 1611 2420; x_wconf 82' lang='lat' dir='ltr'>eripiunt,</span> <span class='ocrx_word' id='word_1_983' title='bbox 1644 2367 1772 2403; x_wconf 84' lang='lat' dir='ltr'>vitiosa</span> <span class='ocrx_word' id='word_1_984' title='bbox 1803 2377 1881 2403; x_wconf 86' lang='lat' dir='ltr'>esse</span> <span class='ocrx_word' id='word_1_985' title='bbox 1905 2367 2081 2402; x_wconf 89' lang='lat' dir='ltr'>dicuntur.</span> <span class='ocrx_word' id='word_1_986' title='bbox 2130 2367 2198 2412; x_wconf 81' lang='lat' dir='ltr'>Qui</span> <span class='ocrx_word' id='word_1_987' title='bbox 2229 2366 2276 2402; x_wconf 89' lang='lat' dir='ltr'>ad</span> <span class='ocrx_word' id='word_1_988' title='bbox 2308 2367 2461 2402; x_wconf 86' lang='lat' dir='ltr'>amicum</span> 
     </span>
     <span class='ocr_line' id='line_1_129' title="bbox 1371 2412 2458 2458; baseline -0.002 -9"><span class='ocrx_word' id='word_1_989' title='bbox 1371 2413 1503 2449; x_wconf 89' lang='lat' dir='ltr'>domim</span> <span class='ocrx_word' id='word_1_990' title='bbox 1516 2412 1774 2458; x_wconf 88' lang='lat' dir='ltr'>deprecaturus</span> <span class='ocrx_word' id='word_1_991' title='bbox 1788 2412 1958 2457; x_wconf 83' lang='lat' dir='ltr'>confugit,</span> <span class='ocrx_word' id='word_1_992' title='bbox 1979 2423 2050 2448; x_wconf 90' lang='lat' dir='ltr'>non</span> <span class='ocrx_word' id='word_1_993' title='bbox 2073 2416 2127 2448; x_wconf 91' lang='lat' dir='ltr'>est</span> <span class='ocrx_word' id='word_1_994' title='bbox 2145 2413 2332 2458; x_wconf 86' lang='lat' dir='ltr'>fugitivus:</span> <span class='ocrx_word' id='word_1_995' title='bbox 2352 2412 2458 2447; x_wconf 90' lang='lat' dir='ltr'>immo</span> 
     </span>
     <span class='ocr_line' id='line_1_130' title="bbox 1371 2457 2461 2503; baseline -0.002 -9"><span class='ocrx_word' id='word_1_996' title='bbox 1371 2459 1509 2494; x_wconf 90' lang='lat' dir='ltr'>etiamsi</span> <span class='ocrx_word' id='word_1_997' title='bbox 1529 2468 1571 2493; x_wconf 89' lang='lat' dir='ltr'>ea</span> <span class='ocrx_word' id='word_1_998' title='bbox 1590 2462 1708 2493; x_wconf 90' lang='lat' dir='ltr'>mente</span> <span class='ocrx_word' id='word_1_999' title='bbox 1727 2458 1784 2500; x_wconf 89' lang='lat' dir='ltr'>sit,</span> <span class='ocrx_word' id='word_1_1000' title='bbox 1809 2462 1850 2492; x_wconf 93' lang='lat' dir='ltr'>ut</span> <span class='ocrx_word' id='word_1_1001' title='bbox 1869 2469 1941 2493; x_wconf 90' lang='lat' dir='ltr'>non</span> <span class='ocrx_word' id='word_1_1002' title='bbox 1960 2458 2148 2503; x_wconf 90' lang='lat' dir='ltr'>impetrato</span> <span class='ocrx_word' id='word_1_1003' title='bbox 2170 2457 2301 2493; x_wconf 89' lang='lat' dir='ltr'>auxilio</span> <span class='ocrx_word' id='word_1_1004' title='bbox 2316 2457 2461 2493; x_wconf 90' lang='lat' dir='ltr'>domum</span> 
     </span>
     <span class='ocr_line' id='line_1_131' title="bbox 1370 2502 2460 2548; baseline -0.003 -8"><span class='ocrx_word' id='word_1_1005' title='bbox 1370 2515 1444 2540; x_wconf 89' lang='lat' dir='ltr'>non</span> <span class='ocrx_word' id='word_1_1006' title='bbox 1464 2507 1673 2545; x_wconf 89' lang='lat' dir='ltr'>revertatur,</span> <span class='ocrx_word' id='word_1_1007' title='bbox 1699 2502 1858 2539; x_wconf 91' lang='lat' dir='ltr'>nondum</span> <span class='ocrx_word' id='word_1_1008' title='bbox 1876 2503 2043 2548; x_wconf 84' lang='lat' dir='ltr'>fugitivus</span> <span class='ocrx_word' id='word_1_1009' title='bbox 2064 2508 2129 2545; x_wconf 91' lang='lat' dir='ltr'>est,</span> <span class='ocrx_word' id='word_1_1010' title='bbox 2151 2503 2234 2548; x_wconf 89' lang='lat' dir='ltr'>quia</span> <span class='ocrx_word' id='word_1_1011' title='bbox 2252 2513 2325 2538; x_wconf 92' lang='lat' dir='ltr'>non</span> <span class='ocrx_word' id='word_1_1012' title='bbox 2345 2503 2460 2538; x_wconf 91' lang='lat' dir='ltr'>solum</span> 
     </span>
     <span class='ocr_line' id='line_1_132' title="bbox 1371 2547 2459 2593; baseline -0.003 -8"><span class='ocrx_word' id='word_1_1013' title='bbox 1371 2553 1390 2584; x_wconf 81' lang='lat'>2</span> <span class='ocrx_word' id='word_1_1014' title='bbox 1439 2549 1596 2590; x_wconf 92' lang='lat' dir='ltr'>consilii,</span> <span class='ocrx_word' id='word_1_1015' title='bbox 1629 2548 1693 2584; x_wconf 89' lang='lat' dir='ltr'>sed</span> <span class='ocrx_word' id='word_1_1016' title='bbox 1724 2552 1759 2584; x_wconf 91' lang='lat' dir='ltr'>et</span> <span class='ocrx_word' id='word_1_1017' title='bbox 1781 2547 1870 2584; x_wconf 86' lang='lat' dir='ltr'>facti</span> <span class='ocrx_word' id='word_1_1018' title='bbox 1892 2548 1997 2593; x_wconf 83' lang='lat' dir='ltr'>fugae</span> <span class='ocrx_word' id='word_1_1019' title='bbox 2020 2558 2150 2584; x_wconf 90' lang='lat' dir='ltr'>nomen</span> <span class='ocrx_word' id='word_1_1020' title='bbox 2173 2552 2239 2583; x_wconf 91' lang='lat' dir='ltr'>est.</span> <span class='ocrx_word' id='word_1_1021' title='bbox 2287 2547 2355 2592; x_wconf 81' lang='lat' dir='ltr'>Qui</span> <span class='ocrx_word' id='word_1_1022' title='bbox 2404 2558 2459 2583; x_wconf 87' lang='lat' dir='ltr'>er-</span> 
     </span>
     <span class='ocr_line' id='line_1_133' title="bbox 1371 2593 2460 2638; baseline -0.001 -9"><span class='ocrx_word' id='word_1_1023' title='bbox 1371 2605 1481 2630; x_wconf 87' lang='lat' dir='ltr'>suasu</span> <span class='ocrx_word' id='word_1_1024' title='bbox 1504 2594 1650 2629; x_wconf 90' lang='lat' dir='ltr'>alterius</span> <span class='ocrx_word' id='word_1_1025' title='bbox 1675 2604 1698 2628; x_wconf 88' lang='lat' dir='ltr'>a</span> <span class='ocrx_word' id='word_1_1026' title='bbox 1721 2593 1863 2629; x_wconf 90' lang='lat' dir='ltr'>domino</span> <span class='ocrx_word' id='word_1_1027' title='bbox 1887 2593 2055 2635; x_wconf 90' lang='lat' dir='ltr'>recessit,</span> <span class='ocrx_word' id='word_1_1028' title='bbox 2086 2593 2254 2638; x_wconf 86' lang='lat' dir='ltr'>fugitivus</span> <span class='ocrx_word' id='word_1_1029' title='bbox 2278 2596 2351 2635; x_wconf 90' lang='lat' dir='ltr'>est,</span> <span class='ocrx_word' id='word_1_1030' title='bbox 2391 2593 2460 2628; x_wconf 81' lang='lat' dir='ltr'>&#39;cet</span> 
     </span>
     <span class='ocr_line' id='line_1_134' title="bbox 1370 2637 2458 2690; baseline -0.003 -15"><span class='ocrx_word' id='word_1_1031' title='bbox 1370 2640 1407 2675; x_wconf 92' lang='lat' dir='ltr'>id</span> <span class='ocrx_word' id='word_1_1032' title='bbox 1438 2650 1512 2674; x_wconf 92' lang='lat' dir='ltr'>non</span> <span class='ocrx_word' id='word_1_1033' title='bbox 1542 2638 1652 2674; x_wconf 89' lang='lat' dir='ltr'>fuerit</span> <span class='ocrx_word' id='word_1_1034' title='bbox 1681 2638 1845 2674; x_wconf 88' lang='lat' dir='ltr'>facturus</span> <span class='ocrx_word' id='word_1_1035' title='bbox 1870 2638 1960 2674; x_wconf 91' lang='lat' dir='ltr'>citra</span> <span class='ocrx_word' id='word_1_1036' title='bbox 1984 2637 2170 2673; x_wconf 88' lang='lat' dir='ltr'>consilium</span> <span class='ocrx_word' id='word_1_1037' title='bbox 2192 2638 2269 2673; x_wconf 84' lang='lat' dir='ltr'>eius</span> <span class='ocrx_word' id='word_1_1038' title='bbox 2293 2638 2353 2683; x_wconf 90' lang='lat' dir='ltr'>qui</span> <span class='ocrx_word' id='word_1_1039' title='bbox 2376 2648 2458 2690; x_wconf 88' lang='lat' dir='ltr'>per-</span> 
     </span>
     <span class='ocr_line' id='line_1_135' title="bbox 1371 2682 2459 2720; baseline -0.003 0"><span class='ocrx_word' id='word_1_1040' title='bbox 1371 2687 1391 2720; x_wconf 87' lang='lat'><strong>3</strong></span> <span class='ocrx_word' id='word_1_1041' title='bbox 1439 2685 1563 2720; x_wconf 87' lang='lat' dir='ltr'>suasit.</span> <span class='ocrx_word' id='word_1_1042' title='bbox 1611 2684 1650 2719; x_wconf 92' lang='lat' dir='ltr'>Si</span> <span class='ocrx_word' id='word_1_1043' title='bbox 1680 2694 1803 2719; x_wconf 88' lang='lat' dir='ltr'>servus</span> <span class='ocrx_word' id='word_1_1044' title='bbox 1835 2693 1934 2718; x_wconf 89' lang='lat' dir='ltr'>meus</span> <span class='ocrx_word' id='word_1_1045' title='bbox 1970 2684 2066 2718; x_wconf 91' lang='lat' dir='ltr'>bona</span> <span class='ocrx_word' id='word_1_1046' title='bbox 2099 2683 2170 2718; x_wconf 90' lang='lat' dir='ltr'>fide</span> <span class='ocrx_word' id='word_1_1047' title='bbox 2204 2682 2269 2718; x_wconf 91' lang='lat' dir='ltr'>tibi</span> <span class='ocrx_word' id='word_1_1048' title='bbox 2303 2692 2459 2718; x_wconf 79' lang='lat' dir='ltr'>serviens</span> 
     </span>
     <span class='ocr_line' id='line_1_136' title="bbox 1370 2727 2458 2775; baseline -0.003 -10"><span class='ocrx_word' id='word_1_1049' title='bbox 1370 2729 1503 2775; x_wconf 87' lang='lat' dir='ltr'>fugerit</span> <span class='ocrx_word' id='word_1_1050' title='bbox 1526 2729 1580 2764; x_wconf 90' lang='lat' dir='ltr'>vel</span> <span class='ocrx_word' id='word_1_1051' title='bbox 1604 2729 1720 2764; x_wconf 89' lang='lat' dir='ltr'>sciens</span> <span class='ocrx_word' id='word_1_1052' title='bbox 1745 2739 1784 2764; x_wconf 91' lang='lat' dir='ltr'>se</span> <span class='ocrx_word' id='word_1_1053' title='bbox 1807 2739 1923 2763; x_wconf 90' lang='lat' dir='ltr'>meum</span> <span class='ocrx_word' id='word_1_1054' title='bbox 1954 2738 2032 2764; x_wconf 88' lang='lat' dir='ltr'>esse</span> <span class='ocrx_word' id='word_1_1055' title='bbox 2061 2728 2117 2763; x_wconf 91' lang='lat' dir='ltr'>vel</span> <span class='ocrx_word' id='word_1_1056' title='bbox 2147 2728 2333 2772; x_wconf 87' lang='lat' dir='ltr'>ignorans,</span> <span class='ocrx_word' id='word_1_1057' title='bbox 2366 2727 2458 2773; x_wconf 83' lang='lat' dir='ltr'>fugi-</span> 
     </span>
     <span class='ocr_line' id='line_1_137' title="bbox 1371 2772 2457 2817; baseline -0.004 -6"><span class='ocrx_word' id='word_1_1058' title='bbox 1371 2778 1392 2810; x_wconf 84' lang='lat'><strong>4</strong></span> <span class='ocrx_word' id='word_1_1059' title='bbox 1439 2775 1531 2810; x_wconf 90' lang='lat' dir='ltr'>tivus</span> <span class='ocrx_word' id='word_1_1060' title='bbox 1551 2778 1616 2817; x_wconf 92' lang='lat' dir='ltr'>est,</span> <span class='ocrx_word' id='word_1_1061' title='bbox 1638 2774 1705 2809; x_wconf 88' lang='lat' dir='ltr'>nisi</span> <span class='ocrx_word' id='word_1_1062' title='bbox 1717 2774 1834 2809; x_wconf 90' lang='lat' dir='ltr'>animo</span> <span class='ocrx_word' id='word_1_1063' title='bbox 1848 2773 1894 2808; x_wconf 89' lang='lat' dir='ltr'>ad</span> <span class='ocrx_word' id='word_1_1064' title='bbox 1906 2784 1962 2809; x_wconf 93' lang='lat' dir='ltr'>me</span> <span class='ocrx_word' id='word_1_1065' title='bbox 1973 2773 2170 2808; x_wconf 89' lang='lat' dir='ltr'>revertendi</span> <span class='ocrx_word' id='word_1_1066' title='bbox 2182 2773 2220 2808; x_wconf 92' lang='lat' dir='ltr'>id</span> <span class='ocrx_word' id='word_1_1067' title='bbox 2230 2772 2327 2808; x_wconf 83' lang='lat' dir='ltr'>fecit.</span> <span class='ocrx_word' id='word_1_1068' title='bbox 2359 2772 2457 2807; x_wconf 88' lang='lat' dir='ltr'>Mor-</span> 
     </span>
     <span class='ocr_line' id='line_1_138' title="bbox 1370 2817 2457 2864; baseline -0.002 -10"><span class='ocrx_word' id='word_1_1069' title='bbox 1370 2820 1416 2855; x_wconf 90' lang='lat' dir='ltr'>tis</span> <span class='ocrx_word' id='word_1_1070' title='bbox 1442 2819 1719 2856; x_wconf 87' lang='lat' dir='ltr'>consciscendae</span> <span class='ocrx_word' id='word_1_1071' title='bbox 1743 2829 1854 2854; x_wconf 87' lang='lat' dir='ltr'>causa</span> <span class='ocrx_word' id='word_1_1072' title='bbox 1878 2819 1945 2854; x_wconf 88' lang='lat' dir='ltr'>sibi</span> <span class='ocrx_word' id='word_1_1073' title='bbox 1966 2818 2064 2861; x_wconf 87' lang='lat' dir='ltr'>facit,</span> <span class='ocrx_word' id='word_1_1074' title='bbox 2090 2818 2150 2864; x_wconf 92' lang='lat' dir='ltr'>qui</span> <span class='ocrx_word' id='word_1_1075' title='bbox 2169 2822 2315 2863; x_wconf 86' lang='lat' dir='ltr'>propter</span> <span class='ocrx_word' id='word_1_1076' title='bbox 2334 2817 2457 2862; x_wconf 88' lang='lat' dir='ltr'>nequi-</span> 
     </span>
     <span class='ocr_line' id='line_1_139' title="bbox 1370 2862 2458 2915; baseline -0.003 -15"><span class='ocrx_word' id='word_1_1077' title='bbox 1370 2866 1458 2900; x_wconf 88' lang='lat' dir='ltr'>tiam</span> <span class='ocrx_word' id='word_1_1078' title='bbox 1488 2865 1671 2910; x_wconf 88' lang='lat' dir='ltr'>malosque</span> <span class='ocrx_word' id='word_1_1079' title='bbox 1702 2874 1817 2899; x_wconf 89' lang='lat' dir='ltr'>mores</span> <span class='ocrx_word' id='word_1_1080' title='bbox 1848 2863 2064 2908; x_wconf 88' lang='lat' dir='ltr'>flagitiumve</span> <span class='ocrx_word' id='word_1_1081' title='bbox 2096 2863 2240 2915; x_wconf 75' lang='lat' dir='ltr'>aliquod</span> <span class='ocrx_word' id='word_1_1082' title='bbox 2264 2862 2458 2898; x_wconf 87' lang='lat' dir='ltr'>admissum</span> 
     </span>
     <span class='ocr_line' id='line_1_140' title="bbox 1370 2908 2456 2951; baseline -0.004 -5"><span class='ocrx_word' id='word_1_1083' title='bbox 1370 2913 1519 2946; x_wconf 88' lang='lat' dir='ltr'>mortem</span> <span class='ocrx_word' id='word_1_1084' title='bbox 1543 2910 1611 2945; x_wconf 91' lang='lat' dir='ltr'>sibi</span> <span class='ocrx_word' id='word_1_1085' title='bbox 1634 2909 1856 2944; x_wconf 88' lang='lat' dir='ltr'>consciscere</span> <span class='ocrx_word' id='word_1_1086' title='bbox 1878 2909 2007 2951; x_wconf 89' lang='lat' dir='ltr'>voluit,</span> <span class='ocrx_word' id='word_1_1087' title='bbox 2039 2919 2111 2943; x_wconf 93' lang='lat' dir='ltr'>non</span> <span class='ocrx_word' id='word_1_1088' title='bbox 2143 2918 2173 2942; x_wconf 90' lang='grc'>81</span> <span class='ocrx_word' id='word_1_1089' title='bbox 2197 2908 2353 2943; x_wconf 91' lang='lat' dir='ltr'>dolorem</span> <span class='ocrx_word' id='word_1_1090' title='bbox 2377 2917 2456 2943; x_wconf 91' lang='lat' dir='ltr'>cor-</span> 
     </span>
     <span class='ocr_line' id='line_1_141' title="bbox 1371 2953 2458 3005; baseline -0.004 -14"><span class='ocrx_word' id='word_1_1091' title='bbox 1371 2959 1390 2990; x_wconf 89' lang='lat'>5</span> <span class='ocrx_word' id='word_1_1092' title='bbox 1438 2955 1536 3000; x_wconf 88' lang='lat' dir='ltr'>poris</span> <span class='ocrx_word' id='word_1_1093' title='bbox 1567 2965 1639 2990; x_wconf 93' lang='lat' dir='ltr'>non</span> <span class='ocrx_word' id='word_1_1094' title='bbox 1663 2953 1871 2989; x_wconf 86' lang='lat' dir='ltr'>sustinendo</span> <span class='ocrx_word' id='word_1_1095' title='bbox 1896 2954 1932 2988; x_wconf 92' lang='lat' dir='ltr'>id</span> <span class='ocrx_word' id='word_1_1096' title='bbox 1956 2953 2090 2989; x_wconf 89' lang='lat' dir='ltr'>fecerit.</span> <span class='ocrx_word' id='word_1_1097' title='bbox 2139 2953 2176 2988; x_wconf 93' lang='lat' dir='ltr'>Si</span> <span class='ocrx_word' id='word_1_1098' title='bbox 2207 2953 2285 3005; x_wconf 87' lang='lat' dir='ltr'>quis</span> <span class='ocrx_word' id='word_1_1099' title='bbox 2317 2962 2458 2987; x_wconf 87' lang='lat' dir='ltr'>servum</span> 
     </span>
     <span class='ocr_line' id='line_1_142' title="bbox 1371 2996 2456 3044; baseline -0.003 -9"><span class='ocrx_word' id='word_1_1100' title='bbox 1371 3000 1495 3036; x_wconf 90' lang='lat' dir='ltr'>emerit</span> <span class='ocrx_word' id='word_1_1101' title='bbox 1507 3003 1542 3035; x_wconf 88' lang='lat' dir='ltr'>et</span> <span class='ocrx_word' id='word_1_1102' title='bbox 1553 3002 1657 3044; x_wconf 88' lang='lat' dir='ltr'>rapto</span> <span class='ocrx_word' id='word_1_1103' title='bbox 1670 3009 1711 3034; x_wconf 93' lang='lat' dir='ltr'>eo</span> <span class='ocrx_word' id='word_1_1104' title='bbox 1723 2999 1757 3033; x_wconf 88' lang='lat' dir='ltr'>vi</span> <span class='ocrx_word' id='word_1_1105' title='bbox 1769 2999 1944 3034; x_wconf 89' lang='lat' dir='ltr'>bonorum</span> <span class='ocrx_word' id='word_1_1106' title='bbox 1957 3003 2141 3043; x_wconf 86' lang='lat' dir='ltr'>raptorum</span> <span class='ocrx_word' id='word_1_1107' title='bbox 2154 3002 2292 3033; x_wconf 77' lang='lat' dir='ltr'>actione</span> <span class='ocrx_word' id='word_1_1108' title='bbox 2301 2996 2456 3042; x_wconf 87' lang='lat' dir='ltr'>quadru-</span> 
     </span>
     <span class='ocr_line' id='line_1_143' title="bbox 1394 3041 2456 3086; baseline -0.004 -6"><span class='ocrx_word' id='word_1_1109' title='bbox 1394 3045 1467 3080; x_wconf 91' lang='lat' dir='ltr'>lum</span> <span class='ocrx_word' id='word_1_1110' title='bbox 1492 3047 1705 3080; x_wconf 88' lang='lat' dir='ltr'>consecutus</span> <span class='ocrx_word' id='word_1_1111' title='bbox 1730 3048 1804 3086; x_wconf 89' lang='lat' dir='ltr'>est,</span> <span class='ocrx_word' id='word_1_1112' title='bbox 1837 3044 1964 3079; x_wconf 89' lang='lat' dir='ltr'>deinde</span> <span class='ocrx_word' id='word_1_1113' title='bbox 1987 3054 2125 3079; x_wconf 90' lang='lat' dir='ltr'>servum</span> <span class='ocrx_word' id='word_1_1114' title='bbox 2148 3042 2351 3084; x_wconf 84' lang='lat' dir='ltr'>redhibeat,</span> <span class='ocrx_word' id='word_1_1115' title='bbox 2375 3041 2456 3077; x_wconf 90' lang='lat' dir='ltr'>red-</span> 
     </span>
     <span class='ocr_line' id='line_1_144' title="bbox 1395 3088 2457 3134; baseline -0.003 -10"><span class='ocrx_word' id='word_1_1116' title='bbox 1395 3100 1454 3125; x_wconf 90' lang='lat' dir='ltr'>ere</span> <span class='ocrx_word' id='word_1_1117' title='bbox 1478 3089 1622 3124; x_wconf 89' lang='lat' dir='ltr'>debebit</span> <span class='ocrx_word' id='word_1_1118' title='bbox 1646 3089 1741 3134; x_wconf 91' lang='lat' dir='ltr'>quod</span> <span class='ocrx_word' id='word_1_1119' title='bbox 1764 3089 1922 3133; x_wconf 88' lang='lat' dir='ltr'>accepit:</span> <span class='ocrx_word' id='word_1_1120' title='bbox 1955 3088 2017 3124; x_wconf 89' lang='lat' dir='ltr'>sed</span> <span class='ocrx_word' id='word_1_1121' title='bbox 2049 3088 2079 3124; x_wconf 92' lang='lat' dir='ltr'>si</span> <span class='ocrx_word' id='word_1_1122' title='bbox 2110 3098 2175 3133; x_wconf 91' lang='lat' dir='ltr'>per</span> <span class='ocrx_word' id='word_1_1123' title='bbox 2205 3097 2285 3123; x_wconf 92' lang='lat' dir='ltr'>eum</span> <span class='ocrx_word' id='word_1_1124' title='bbox 2317 3096 2457 3122; x_wconf 87' lang='lat' dir='ltr'>servum</span> 
     </span>
     <span class='ocr_line' id='line_1_145' title="bbox 1369 3131 2457 3179; baseline -0.003 -10"><span class='ocrx_word' id='word_1_1125' title='bbox 1369 3134 1533 3169; x_wconf 88' lang='lat' dir='ltr'>iniuriam</span> <span class='ocrx_word' id='word_1_1126' title='bbox 1556 3144 1684 3179; x_wconf 88' lang='lat' dir='ltr'>passus</span> <span class='ocrx_word' id='word_1_1127' title='bbox 1717 3134 1867 3169; x_wconf 89' lang='lat' dir='ltr'>iniuriae</span> <span class='ocrx_word' id='word_1_1128' title='bbox 1898 3134 2039 3169; x_wconf 90' lang='lat' dir='ltr'>nomine</span> <span class='ocrx_word' id='word_1_1129' title='bbox 2071 3133 2198 3177; x_wconf 88' lang='lat' dir='ltr'>egerit,</span> <span class='ocrx_word' id='word_1_1130' title='bbox 2230 3142 2302 3167; x_wconf 94' lang='lat' dir='ltr'>non</span> <span class='ocrx_word' id='word_1_1131' title='bbox 2332 3131 2457 3167; x_wconf 91' lang='lat' dir='ltr'>reddet</span> 
     </span>
     <span class='ocr_line' id='line_1_146' title="bbox 1369 3176 2454 3223; baseline -0.004 -8"><span class='ocrx_word' id='word_1_1132' title='bbox 1369 3179 1561 3215; x_wconf 87' lang='lat' dir='ltr'>venditori:</span> <span class='ocrx_word' id='word_1_1133' title='bbox 1605 3179 1708 3213; x_wconf 90' lang='lat' dir='ltr'>aliter</span> <span class='ocrx_word' id='word_1_1134' title='bbox 1741 3178 1893 3213; x_wconf 88' lang='lat' dir='ltr'>forsitan</span> <span class='ocrx_word' id='word_1_1135' title='bbox 1927 3183 2035 3223; x_wconf 87' lang='lat' dir='ltr'>atque</span> <span class='ocrx_word' id='word_1_1136' title='bbox 2069 3179 2100 3213; x_wconf 88' lang='lat' dir='ltr'>si</span> <span class='ocrx_word' id='word_1_1137' title='bbox 2133 3178 2218 3213; x_wconf 89' lang='lat' dir='ltr'>loris</span> <span class='ocrx_word' id='word_1_1138' title='bbox 2254 3177 2299 3211; x_wconf 91' lang='lat' dir='ltr'>ab</span> <span class='ocrx_word' id='word_1_1139' title='bbox 2335 3176 2454 3222; x_wconf 89' lang='lat' dir='ltr'>aliquo</span> 
     </span>
     <span class='ocr_line' id='line_1_147' title="bbox 1371 3221 2454 3268; baseline -0.005 -8"><span class='ocrx_word' id='word_1_1140' title='bbox 1371 3235 1475 3260; x_wconf 85' lang='lat' dir='ltr'>caeso</span> <span class='ocrx_word' id='word_1_1141' title='bbox 1490 3225 1516 3245; x_wconf 78' lang='lat'>¹⁴</span> <span class='ocrx_word' id='word_1_1142' title='bbox 1540 3228 1603 3258; x_wconf 85' lang='lat' dir='ltr'>aut</span> <span class='ocrx_word' id='word_1_1143' title='bbox 1627 3224 1833 3268; x_wconf 86' lang='lat' dir='ltr'>quaestione</span> <span class='ocrx_word' id='word_1_1144' title='bbox 1866 3223 1910 3258; x_wconf 92' lang='lat' dir='ltr'>de</span> <span class='ocrx_word' id='word_1_1145' title='bbox 1942 3234 1982 3258; x_wconf 94' lang='lat' dir='ltr'>eo</span> <span class='ocrx_word' id='word_1_1146' title='bbox 2015 3223 2137 3258; x_wconf 84' lang='lat' dir='ltr'>habita</span> <span class='ocrx_word' id='word_1_1147' title='bbox 2168 3226 2305 3267; x_wconf 91' lang='lat' dir='ltr'>emptor</span> <span class='ocrx_word' id='word_1_1148' title='bbox 2336 3221 2454 3266; x_wconf 85' lang='lat' dir='ltr'>egerit.</span> 
     </span>
     <span class='ocr_line' id='line_1_148' title="bbox 1371 3266 2456 3314; baseline -0.004 -10"><span class='ocrx_word' id='word_1_1149' title='bbox 1371 3274 1391 3305; x_wconf 86' lang='grc'><strong>6</strong></span> <span class='ocrx_word' id='word_1_1150' title='bbox 1438 3268 1640 3314; x_wconf 85' lang='lat' dir='ltr'>Aliquando</span> <span class='ocrx_word' id='word_1_1151' title='bbox 1656 3268 1760 3303; x_wconf 87' lang='lat' dir='ltr'>etiam</span> <span class='ocrx_word' id='word_1_1152' title='bbox 1773 3268 1949 3303; x_wconf 91' lang='lat' dir='ltr'>redhiberi</span> <span class='ocrx_word' id='word_1_1153' title='bbox 1960 3268 2176 3312; x_wconf 91' lang='lat' dir='ltr'>mancipium</span> <span class='ocrx_word' id='word_1_1154' title='bbox 2198 3266 2351 3308; x_wconf 89' lang='lat' dir='ltr'>debebit,</span> <span class='ocrx_word' id='word_1_1155' title='bbox 2371 3266 2456 3301; x_wconf 87' lang='lat' dir='ltr'>licet</span> 
     </span>
     <span class='ocr_line' id='line_1_149' title="bbox 1371 3309 2455 3358; baseline -0.004 -9"><span class='ocrx_word' id='word_1_1156' title='bbox 1371 3313 1623 3355; x_wconf 87' lang='lat' dir='ltr'>aestimatoria,</span> <span class='ocrx_word' id='word_1_1157' title='bbox 1647 3313 1684 3347; x_wconf 92' lang='lat' dir='ltr'>id</span> <span class='ocrx_word' id='word_1_1158' title='bbox 1708 3318 1762 3348; x_wconf 90' lang='lat' dir='ltr'>est</span> <span class='ocrx_word' id='word_1_1159' title='bbox 1785 3317 1918 3358; x_wconf 86' lang='lat' dir='ltr'>quanto</span> <span class='ocrx_word' id='word_1_1160' title='bbox 1942 3313 2106 3354; x_wconf 88' lang='lat' dir='ltr'>minoris,</span> <span class='ocrx_word' id='word_1_1161' title='bbox 2131 3321 2293 3356; x_wconf 78' lang='lat' dir='ltr'>agamus:</span> <span class='ocrx_word' id='word_1_1162' title='bbox 2318 3321 2401 3346; x_wconf 85' lang='lat' dir='ltr'>nam</span> <span class='ocrx_word' id='word_1_1163' title='bbox 2424 3309 2455 3345; x_wconf 89' lang='lat' dir='ltr'>si</span> 
     </span>
     <span class='ocr_line' id='line_1_150' title="bbox 1370 3353 2455 3402; baseline -0.004 -8"><span class='ocrx_word' id='word_1_1164' title='bbox 1370 3358 1459 3394; x_wconf 91' lang='lat' dir='ltr'>adeo</span> <span class='ocrx_word' id='word_1_1165' title='bbox 1484 3358 1614 3393; x_wconf 90' lang='lat' dir='ltr'>nullius</span> <span class='ocrx_word' id='word_1_1166' title='bbox 1638 3358 1685 3392; x_wconf 91' lang='lat' dir='ltr'>sit</span> <span class='ocrx_word' id='word_1_1167' title='bbox 1715 3359 1837 3402; x_wconf 91' lang='lat' dir='ltr'>pretii,</span> <span class='ocrx_word' id='word_1_1168' title='bbox 1869 3362 1910 3392; x_wconf 93' lang='lat' dir='ltr'>ut</span> <span class='ocrx_word' id='word_1_1169' title='bbox 1940 3368 1985 3393; x_wconf 92' lang='lat' dir='ltr'>ne</span> <span class='ocrx_word' id='word_1_1170' title='bbox 2018 3357 2183 3402; x_wconf 87' lang='lat' dir='ltr'>expediat</span> <span class='ocrx_word' id='word_1_1171' title='bbox 2213 3356 2354 3401; x_wconf 90' lang='lat' dir='ltr'>quidem</span> <span class='ocrx_word' id='word_1_1172' title='bbox 2383 3353 2455 3390; x_wconf 86' lang='lat' dir='ltr'>tale</span> 
     </span>
     <span class='ocr_line' id='line_1_151' title="bbox 1370 3400 2455 3448; baseline -0.004 -10"><span class='ocrx_word' id='word_1_1173' title='bbox 1370 3403 1584 3448; x_wconf 90' lang='lat' dir='ltr'>mancipium</span> <span class='ocrx_word' id='word_1_1174' title='bbox 1609 3402 1782 3438; x_wconf 80' lang='lat' dir='ltr'>domini¹⁵</span> <span class='ocrx_word' id='word_1_1175' title='bbox 1805 3403 1955 3444; x_wconf 90' lang='lat' dir='ltr'>habere,</span> <span class='ocrx_word' id='word_1_1176' title='bbox 1989 3402 2097 3437; x_wconf 91' lang='lat' dir='ltr'>veluti</span> <span class='ocrx_word' id='word_1_1177' title='bbox 2128 3402 2158 3436; x_wconf 90' lang='lat' dir='ltr'>si</span> <span class='ocrx_word' id='word_1_1178' title='bbox 2188 3400 2361 3436; x_wconf 89' lang='lat' dir='ltr'>furiosum</span> <span class='ocrx_word' id='word_1_1179' title='bbox 2391 3402 2455 3435; x_wconf 84' lang='lat' dir='ltr'>aut</span> 
     </span>
     <span class='ocr_line' id='line_1_152' title="bbox 1370 3444 2453 3489; baseline -0.004 -6"><span class='ocrx_word' id='word_1_1180' title='bbox 1370 3448 1565 3483; x_wconf 89' lang='lat' dir='ltr'>lunaticum</span> <span class='ocrx_word' id='word_1_1181' title='bbox 1589 3447 1646 3489; x_wconf 88' lang='lat' dir='ltr'>sit,</span> <span class='ocrx_word' id='word_1_1182' title='bbox 1670 3447 1754 3482; x_wconf 88' lang='lat' dir='ltr'>licet</span> <span class='ocrx_word' id='word_1_1183' title='bbox 1777 3447 2019 3483; x_wconf 89' lang='lat' dir='ltr'>aestimatoria</span> <span class='ocrx_word' id='word_1_1184' title='bbox 2041 3450 2161 3482; x_wconf 90' lang='lat' dir='ltr'>actum</span> <span class='ocrx_word' id='word_1_1185' title='bbox 2184 3446 2310 3487; x_wconf 86' lang='lat' dir='ltr'>fuerit,</span> <span class='ocrx_word' id='word_1_1186' title='bbox 2335 3444 2453 3481; x_wconf 87' lang='lat' dir='ltr'>officio</span> 
     </span>
     <span class='ocr_line' id='line_1_153' title="bbox 1371 3489 2452 3542; baseline -0.003 -15"><span class='ocrx_word' id='word_1_1187' title='bbox 1371 3497 1490 3528; x_wconf 90' lang='lat' dir='ltr'>tamen</span> <span class='ocrx_word' id='word_1_1188' title='bbox 1513 3492 1641 3527; x_wconf 91' lang='lat' dir='ltr'>iudicis</span> <span class='ocrx_word' id='word_1_1189' title='bbox 1666 3492 1923 3533; x_wconf 89' lang='lat' dir='ltr'>continebitur,</span> <span class='ocrx_word' id='word_1_1190' title='bbox 1948 3495 1989 3527; x_wconf 91' lang='lat' dir='ltr'>ut</span> <span class='ocrx_word' id='word_1_1191' title='bbox 2011 3491 2148 3527; x_wconf 85' lang='lat' dir='ltr'>reddito</span> <span class='ocrx_word' id='word_1_1192' title='bbox 2172 3489 2348 3535; x_wconf 89' lang='lat' dir='ltr'>mancipio</span> <span class='ocrx_word' id='word_1_1193' title='bbox 2370 3498 2452 3542; x_wconf 79' lang='lat' dir='ltr'>pre·</span> 
     </span>
     <span class='ocr_line' id='line_1_154' title="bbox 1372 3534 2454 3582; baseline -0.003 -11"><span class='ocrx_word' id='word_1_1194' title='bbox 1372 3540 1389 3571; x_wconf 83' lang='grc'>’1</span> <span class='ocrx_word' id='word_1_1195' title='bbox 1439 3537 1527 3573; x_wconf 87' lang='grc'>1111111</span> <span class='ocrx_word' id='word_1_1196' title='bbox 1559 3537 1763 3582; x_wconf 88' lang='lat' dir='ltr'>recipiatur.</span> <span class='ocrx_word' id='word_1_1197' title='bbox 1812 3537 1849 3571; x_wconf 90' lang='lat' dir='ltr'>Si</span> <span class='ocrx_word' id='word_1_1198' title='bbox 1881 3537 1978 3582; x_wconf 88' lang='lat' dir='ltr'>quis,</span> <span class='ocrx_word' id='word_1_1199' title='bbox 2009 3547 2090 3571; x_wconf 89' lang='lat' dir='ltr'>cum</span> <span class='ocrx_word' id='word_1_1200' title='bbox 2123 3534 2454 3571; x_wconf 82' lang='grc'>001181111111111118801</span> 
     </span>
    </p>
   </div>
   <div class='ocr_carea' id='block_1_14' title="bbox 1939 3645 2451 3778">
    <p class='ocr_par' dir='ltr' id='par_1_22' title="bbox 1939 3645 2451 3778">
     <span class='ocr_line' id='line_1_155' title="bbox 1939 3645 2451 3690; baseline -0.008 -8"><span class='ocrx_word' id='word_1_1201' title='bbox 1939 3650 1983 3690; x_wconf 78' lang='grc'>(9)</span> <span class='ocrx_word' id='word_1_1202' title='bbox 2009 3647 2173 3690; x_wconf 84' lang='lat' dir='ltr'>quadriga</span> <span class='ocrx_word' id='word_1_1203' title='bbox 2186 3649 2247 3681; x_wconf 77' lang='lat' dir='ltr'>ine.</span> <span class='ocrx_word' id='word_1_1204' title='bbox 2338 3649 2397 3688; x_wconf 87' lang='grc'>(10)</span> <span class='ocrx_word' id='word_1_1205' title='bbox 2420 3645 2451 3678; x_wconf 73' lang='grc' dir='ltr'>εἰ</span> 
     </span>
     <span class='ocr_line' id='line_1_156' title="bbox 1997 3691 2451 3735; baseline -0.002 -8"><span class='ocrx_word' id='word_1_1206' title='bbox 1997 3695 2055 3735; x_wconf 79' lang='lat'><strong>(12)</strong></span> <span class='ocrx_word' id='word_1_1207' title='bbox 2080 3692 2204 3724; x_wconf 87' lang='lat' dir='ltr'>solidos</span> <span class='ocrx_word' id='word_1_1208' title='bbox 2218 3691 2378 3724; x_wconf 82' lang='lat' dir='ltr'>ducentos</span> <span class='ocrx_word' id='word_1_1209' title='bbox 2388 3701 2451 3726; x_wconf 73' lang='lat' dir='ltr'>scr.</span> 
     </span>
     <span class='ocr_line' id='line_1_157' title="bbox 2062 3736 2308 3778; baseline -0.008 -7"><span class='ocrx_word' id='word_1_1210' title='bbox 2062 3739 2120 3778; x_wconf 78' lang='lat'><strong>(15)</strong></span> <span class='ocrx_word' id='word_1_1211' title='bbox 2145 3736 2234 3769; x_wconf 86' lang='lat' dir='ltr'>domi</span> <span class='ocrx_word' id='word_1_1212' title='bbox 2245 3748 2308 3769; x_wconf 71' lang='lat' dir='ltr'>scr.</span> 
     </span>
    </p>
   </div>
   <div class='ocr_carea' id='block_1_15' title="bbox 1367 3649 1967 3781">
    <p class='ocr_par' dir='ltr' id='par_1_23' title="bbox 1367 3649 1967 3781">
     <span class='ocr_line' id='line_1_158' title="bbox 1368 3649 1857 3691; baseline -0.006 -8"><span class='ocrx_word' id='word_1_1213' title='bbox 1368 3650 1463 3683; x_wconf 81' lang='lat' dir='ltr'>Krue</span> <span class='ocrx_word' id='word_1_1214' title='bbox 1487 3661 1523 3682; x_wconf 81' lang='lat' dir='ltr'>er</span> <span class='ocrx_word' id='word_1_1215' title='bbox 1602 3651 1645 3691; x_wconf 87' lang='lat'>(8)</span> <span class='ocrx_word' id='word_1_1216' title='bbox 1671 3649 1857 3681; x_wconf 85' lang='lat' dir='ltr'>veniuntF</span> 
     </span>
     <span class='ocr_line' id='line_1_159' title="bbox 1369 3693 1837 3734; baseline -0.002 -7"><span class='ocrx_word' id='word_1_1217' title='bbox 1369 3707 1427 3727; x_wconf 87' lang='lat' dir='ltr'>om.</span> <span class='ocrx_word' id='word_1_1218' title='bbox 1483 3694 1493 3714; x_wconf 87' lang='lat'>¹</span> <span class='ocrx_word' id='word_1_1219' title='bbox 1644 3696 1698 3734; x_wconf 82' lang='lat'><strong>(11)</strong></span> <span class='ocrx_word' id='word_1_1220' title='bbox 1724 3693 1773 3726; x_wconf 79' lang='lat' dir='ltr'>ita</span> <span class='ocrx_word' id='word_1_1221' title='bbox 1786 3694 1837 3726; x_wconf 71' lang='lat' dir='ltr'>ins</span> 
     </span>
     <span class='ocr_line' id='line_1_160' title="bbox 1367 3738 1967 3781; baseline -0.005 -8"><span class='ocrx_word' id='word_1_1222' title='bbox 1367 3738 1425 3780; x_wconf 76' lang='lat'><strong>(13)</strong></span> <span class='ocrx_word' id='word_1_1223' title='bbox 1452 3741 1615 3781; x_wconf 83' lang='lat' dir='ltr'>quantum</span> <span class='ocrx_word' id='word_1_1224' title='bbox 1628 3738 1680 3771; x_wconf 68' lang='grc' dir='ltr'>Ρ*</span> <span class='ocrx_word' id='word_1_1225' title='bbox 1772 3739 1830 3778; x_wconf 76' lang='grc'>(14)</span> <span class='ocrx_word' id='word_1_1226' title='bbox 1855 3748 1894 3770; x_wconf 90' lang='grc'>00</span> <span class='ocrx_word' id='word_1_1227' title='bbox 1908 3738 1967 3772; x_wconf 72' lang='lat' dir='ltr'>t‘ns.</span> 
     </span>
    </p>
   </div>
   <div class='ocr_carea' id='block_1_16' title="bbox 2470 0 2528 113">
    <p class='ocr_par' dir='ltr' id='par_1_24' title="bbox 2470 0 2528 113">
     <span class='ocr_line' id='line_1_161' title="bbox 2470 31 2476 38; baseline 0 0"><span class='ocrx_word' id='word_1_1228' title='bbox 2470 31 2476 38; x_wconf 52' lang='grc' dir='ltr'>ι</span> 
     </span>
     <span class='ocr_line' id='line_1_162' title="bbox 2472 0 2528 111; baseline 0 0"><span class='ocrx_word' id='word_1_1229' title='bbox 2472 0 2528 111; x_wconf 47' lang='grc' dir='ltr'>ξ</span> 
     </span>
     <span class='ocr_line' id='line_1_163' title="bbox 2492 106 2496 113; baseline 0 0"><span class='ocrx_word' id='word_1_1230' title='bbox 2492 106 2496 113; x_wconf 78' lang='grc'><strong><em>,</em></strong></span> 
     </span>
    </p>
   </div>
  </div>
 </body>
</html>
