2528 3918
160 105 352 150 XXVIII
382 108 407 148 5

160 227 267 264 etiam
299 227 469 271 agitatum
493 224 712 278 Pomponius
743 229 781 261 et
802 225 978 261 Arrianus
1006 224 1189 267 deferunt,
1220 225 1252 262 si

184 272 240 308 uis
263 281 378 307 vacua
400 273 503 316 parte
526 269 652 306 rehcta
674 270 727 307 ita
747 270 960 307 instituerit:
986 270 1027 305 ‘si
1047 270 1133 305 mihi
1148 269 1251 306 Seius

160 321 170 338 ⁸
198 326 275 353 eres
298 325 371 351 non
395 314 485 356 erit'‚
518 324 623 368 quem
646 316 741 351 non*
766 315 981 357 instituerat,
1007 314 1251 360 ‘Sempronius

159 361 274 398 ‘heres
298 360 400 402 esto’,
433 369 480 395 an
511 359 570 395 hic
602 369 781 407 occupare
812 360 935 406 possit.
957 364 1144 396 vacantem
1166 368 1250 406 por-

157 406 302 443 tionem.
340 408 376 440 et
390 403 546 449 Pegasus
571 405 713 451 quidem
737 405 916 441 existimat
939 405 985 440 ad
1010 413 1088 440 eam
1111 409 1251 451 partem

159 450 317 488 admitti:
349 450 472 485 Aristo
505 454 633 486 contra
662 454 788 497 putat,
822 451 906 496 quia
936 450 1021 485 huic
1047 459 1133 495 pars
1157 452 1252 486 esset

158 496 255 538 data,
279 504 373 541 quae
395 494 495 530 nulla
517 499 630 532 esset:
679 505 763 532 uam
781 494 995 532 sententiam
1012 497 1047 530 et
1062 494 1250 530 Iavolenus

157 541 290 587 probat
314 543 350 576 et
366 539 586 586 Pomponius
606 544 642 576 et
732 541 834 576 ‘anus
858 543 894 576 et
917 540 987 575 hoc
1007 539 1085 575 iure
1106 540 1248 575 utimur.

204 583 257 623 20
283 583 444 620 Pavws
463 584 555 621 libro
577 586 736 622 secundo
762 585 812 621 ad
835 584 1011 620 Sabinum
1057 583 1135 630 Quo
1168 584 1248 621 ioco

636 634 730 674 arte,
761 634 882 670 utrum
912 629 1026 676 primo
1059 639 1107 665 an
1135 629 1250 665 medio

641 676 800 712 interest.
841 674 880 710 Si
901 674 973 710 iam
995 678 1136 710 mortuo
1162 685 1250 721 qua-

158 630 338 666 scribatur
368 629 472 666 heres
503 630 581 666 sine

162 679 176 711 1
225 675 281 710 vel
303 674 507 719 novissimo,
558 675 566 683 ⁶
597 676 604 684 ”

158 720 289 763 draus,
332 719 392 755 alii
426 719 582 756 dodrans
619 721 725 756 datus
761 720 807 756 sit
842 723 878 756 et
910 719 1002 755 alius
1037 720 1115 755 sine
1147 724 1251 772 parte

157 766 313 811 scriptus
338 765 386 801 sit
434 764 559 802 Labeo
585 775 681 808 eum,
711 766 771 811 qui
794 765 871 801 sine
893 768 998 811 parte
1020 764 1123 800 heres
1146 765 1249 800 msti-

156 814 258 847 tutus
282 809 340 853 sit,
372 792 525 846 aiterum
548 819 664 846 assem
688 810 895 846 habiturum
919 814 955 845 et
977 810 1073 846 hanc
1096 814 1250 845 mentem

157 865 238 892 esse
259 854 444 891 testantis:
471 855 567 902 quod
591 860 626 891 et
641 856 801 891 Iulianus
823 855 955 901 probat
978 859 1014 891 et
1037 862 1159 891 verum
1184 858 1249 891 est.

157 903 177 936 2
225 899 330 946 Quod
353 900 384 936 si
405 901 505 936 vivus
531 905 566 936 et
589 904 752 936 mortuus
784 910 828 935 ex
858 904 962 946 parte
993 900 1139 936 dimidia
1162 910 1248 936 con-

155 945 306 982 iunctim
329 945 477 981 heredes
500 946 654 982 instituti
678 949 773 988 sunt,
798 955 842 980 ex
858 945 972 981 altera
988 945 1090 988 alius,
1116 954 1250 991 aequas

155 990 305 1038 partes²
328 1000 390 1026 eos
413 990 599 1027 habituros
625 991 686 1034 ait,
715 990 799 1037 quia
822 990 953 1026 mortui
975 1001 1061 1036 pars
1085 1000 1150 1037 pro
1176 1001 1250 1026 non

156 1035 228 1072 scri
254 1038 292 1072 to
316 1035 482 1071 habetur.

202 1047 254 1118 25
282 1080 513 1117 Poupomvs
540 1081 631 1116 libro
654 1081 780 1127 primo
812 1081 862 1115 ad
889 1079 1065 1116 Sabinum
1112 1079 1249 1116 Treba-

155 1125 228 1163 tius
260 1126 312 1162 ait
341 1126 394 1161 sic
424 1136 497 1161 non
527 1129 626 1161 recte
658 1125 787 1161 scribi:
825 1125 998 1171 ‘quisquis
1028 1125 1116 1161 mihi
1145 1125 1248 1161 heres

156 1171 248 1214 ‘ei-it,
273 1170 417 1207 Stichus
441 1171 531 1206 liber
555 1174 591 1205 et
614 1171 718 1206 heres
743 1171 843 1213 esto’,
873 1171 1024 1206 liberum
1047 1174 1169 1207 tamen
1191 1170 1247 1206 fu-

154 1220 287 1252 turum.
327 1216 450 1252 Labeo
475 1219 512 1251 et
534 1215 699 1251 heredem
723 1226 804 1251 eum
827 1215 989 1251 futurum
1012 1219 1111 1252 recte
1133 1218 1248 1268 putat.

159 1265 174 1297 1
225 1261 333 1298 Servo
357 1261 557 1297 libertatem
576 1269 677 1305 pure,
701 1260 936 1297 hereditatem
953 1261 1020 1297 sub
1039 1260 1251 1297 condicione

155 1305 234 1344 dari
253 1316 365 1359 posse
387 1306 607 1342 verissimum
631 1308 739 1351 puto,
771 1310 813 1342 ut
842 1310 964 1342 tamen
990 1310 1183 1352 utrumque
1205 1314 1251 1341 ex

156 1351 368 1389 condicione
391 1350 565 1397 pendeat:

202 1394 256 1434 22
280 1395 475 1432 laumas
502 1396 594 1432 libro
626 1395 677 1431 tri
700 1396 810 1431 esimo
842 1395 1064 1443 diqestorum
1118 1398 1155 1432 et
1187 1406 1248 1432 ex-

153 1442 253 1489 pleta
275 1441 417 1487 quidem
442 1440 655 1477 condicione
689 1440 764 1477 ‘ber
781 1441 955 1486 heresque
973 1441 1050 1484 erit,
1076 1447 1248 1487 quocum·

178 1497 224 1524 ue
246 1486 327 1522 loco
351 1486 498 1522 libertas
522 1486 608 1521 data
630 1485 758 1522 fuerit:
792 1485 980 1522 deficiente
1011 1489 1132 1522 autem
1162 1496 1248 1523 con-

181 1532 296 1568 ‘cione
319 1531 467 1578 perinde
491 1531 665 1574 habetur,
699 1541 744 1567 ac
777 1531 808 1567 si
838 1531 985 1567 libertas
1009 1531 1087 1568 sine
1108 1531 1248 1568 heredi-

153 1582 229 1613 tate
253 1576 339 1613 data
360 1576 480 1612 fuerit.

200 1619 253 1660 23
279 1621 511 1658 Poupomvs
538 1621 630 1658 libro
655 1622 779 1669 primo
804 1620 855 1656 ad
875 1619 1051 1658 Sabinum
1099 1620 1137 1657 Si
1170 1621 1250 1667 quis

153 1668 364 1704 instituatur
394 1667 498 1703 heres
528 1666 567 1702 in
598 1666 692 1702 diem
723 1669 861 1702 certum
891 1666 946 1702 vel
975 1666 1151 1702 incertum
1160 1666 1186 1710 ⁸,
1218 1667 1250 1702 is

152 1713 330 1749 bonorum
352 1712 618 1758 possessionem
641 1721 837 1758 agnoscere
862 1714 984 1757 potest
1007 1715 1044 1748 et
1066 1715 1250 1757 tamquam

156 1761 171 1794 1
221 1758 326 1794 heres
365 1757 564 1794 distrahere
599 1757 845 1793 hereditatem.
903 1756 975 1792 Sed
1008 1757 1039 1793 si
1073 1757 1250 1793 bonorum

151 1801 1250 1893 {3:⁸⁵55331‘22mffi?pss‘ssffissmssaitid‘s‘30ffl‘ffi‘fflutgsshik

645 1874 654 1890 2

154 1896 345 1940 ‘potestate
403 1893 511 1928 abeat
540 1892 796 1929 manumiserit’
820 1903 888 1928 nec
911 1893 1158 1935 manumittat,
1190 1892 1250 1929 hic

178 1938 331 1974 raetoris
367 1942 472 1974 eruut
506 1941 648 1990 partes,
687 1942 729 1974 ut
761 1938 921 1973 imitetur
956 1937 1111 1974 edictum
1145 1947 1249 1974 suum

192 1982 255 2027 ud,
278 1993 350 2029 quo
399 1981 541 2019 raefimt
563 1986 635 2019 tem
660 1993 715 2026 us,
738 1983 835 2019 intra
858 1982 956 2028 quod
975 1983 1127 2019 adeatur
1145 1984 1247 2019 here-

153 2031 174 2064 2
221 2028 327 2064 ditas.
391 2031 464 2064 tem
495 2028 527 2064 si
557 2038 627 2064 con
654 2028 760 2064 'cioni
789 2029 894 2064 heres
953 2038 1057 2064 arere
1086 2039 1160 2064 non
1209 2039 1248 2064 o-

151 2073 255 2116 terit,
297 2083 404 2119 quam
438 2074 476 2108 in
513 2083 581 2109 sua
614 2077 793 2119 potestate
826 2084 899 2109 non
960 2073 1099 2116 abebit,
1138 2083 1182 2109 ve
1195 2073 1249 2109 uti

150 2118 375 2155 institutione
407 2118 540 2154 collata
572 2118 610 2154 in
642 2119 789 2154 alterius
820 2118 958 2154 factum
982 2122 1046 2154 aut
1070 2118 1248 2164 quendam

153 2173 297 2207 casum,
342 2163 385 2199 ‘si
418 2163 489 2199 ille’
554 2167 618 2198 uta
657 2163 796 2199 ‘consul
828 2163 949 2200 factus
983 2163 1116 2207 fuerit',
1160 2169 1248 2200 tunc

151 2209 425 2290 Εξξῗιῖἶῗὲιῖ
462 2208 1248 2299 {gssffifibffioeiiffiifflissssigffii⁶25}an

150 2298 278 2342 fuerit,
310 2309 349 2334 se
380 2299 477 2335 bona
508 2298 669 2335 defuncti
700 2299 936 2335 creditoribus
967 2299 1151 2344 possidere
1173 2300 1246 2335 ius-

152 2344 299 2380 surum⁴
330 2348 366 2379 et
395 2343 538 2379 interim
566 2353 659 2390 quae
681 2344 885 2390 urguebunt
906 2354 973 2390 per
1020 2349 1247 2380 rocuratores

152 2393 173 2426 3
221 2388 372 2425 distrahi
402 2389 595 2425 iussurum.
651 2389 723 2425 Sed
757 2389 788 2425 si
821 2389 890 2425 sub
927 2398 995 2425 con
1023 2389 1138 2426 ‘cione
1168 2389 1247 2435 quis

152 2435 256 2470 heres
287 2434 475 2470 institutus
506 2434 554 2470 sit
587 2438 624 2470 et
652 2444 761 2480 grave
791 2444 853 2470 aes
877 2434 1032 2470 alienum
1055 2435 1119 2477 sit,
1151 2434 1248 2487 quod

153 2490 198 2515 ex
228 2489 347 2532 poena
379 2480 527 2522 crescit,
563 2483 599 2516 et
629 2480 782 2515 maxime
811 2479 843 2515 si
872 2479 1057 2526 publicum
1088 2479 1247 2515 debitum

151 2525 328 2561 imminet:
354 2535 420 2570 per
442 2526 738 2571 procuratorem-'⁵
761 2524 971 2560 solvendum
994 2534 1056 2560 aes
1080 2524 1246 2569 alienum,

153 2570 260 2606 sicuti
293 2580 376 2605 eum
410 2574 539 2606 venter>
567 2570 605 2605 in
639 2570 867 2616 possessione
906 2569 953 2606 sit
991 2573 1056 2606 aut
1089 2570 1246 2617 pupillus

152 2619 173 2650 4
219 2615 323 2650 heres
347 2618 504 2650 tutorem
527 2626 600 2651 non
623 2615 767 2651 habeat.
814 2614 865 2650 Et
894 2614 1002 2651 ideo⁶
1031 2615 1084 2650 ait
1115 2625 1247 2652 causae

153 2660 390 2704 cognitionem
414 2659 589 2696 adiectam
612 2671 677 2706 pro
705 2663 761 2696 ter
784 2668 858 2702 eos,
890 2660 951 2705 qui
974 2660 1053 2696 sine
1076 2660 1247 2697 dilatione

151 2713 300 2751 peregre
324 2709 444 2741 essent
466 2705 520 2741 vel
545 2706 681 2751 aegritu
709 2705 765 2741 'ne
795 2706 853 2741 vel
883 2705 1078 2741 valitudine
1104 2706 1158 2742 ita
1179 2706 1245 2742 im-

150 2749 369 2830 gedirentur,
395 2754 436 2786 ut
458 2750 495 2785 in
519 2751 574 2786 ius
599 2750 750 2796 produci
773 2760 846 2787 non
865 2751 1016 2796 possint,
1040 2760 1108 2787 nec
1126 2755 1246 2787 tamen

177 2793 439 2830 efenderentur.

199 2837 253 2877 24
284 2840 427 2878 Cusus
447 2839 538 2875 libro
563 2844 667 2876 sexto
692 2841 830 2877 decimo
854 2840 1077 2887 diqestorum
1117 2841 1245 2877 ‘Titius

152 2887 202 2921 ‘et
225 2884 329 2921 Seius
352 2888 475 2920 uterve
499 2894 620 2920 eorum
649 2885 742 2922 vivet
764 2885 868 2921 heres
891 2885 978 2921 mihi
1002 2887 1103 2923 esto’.
1152 2887 1244 2923 exis-

151 2930 260 2973 timo,
293 2930 324 2965 si
354 2933 505 2975 uterque
528 2930 642 2973 vivat,
676 2931 781 2967 ambo
814 2931 963 2967 heredes
995 2941 1092 2974 esse,
1129 2932 1244 2968 altero

151 2979 293 3011 mortuo
319 2984 400 3010 eum
424 2975 484 3020 qui
508 2976 685 3020 supererit
709 2986 753 3012 ex
777 2986 858 3012 asse
881 2975 1048 3012 heredem
1070 2976 1160 3020 fore,

198 3017 252 3058 25
284 3018 480 3072 Uarianos
508 3020 599 3056 libro
631 3025 736 3056 sexto
760 3021 972 3068 reqularum
1019 3021 1103 3068 quia
1134 3022 1245 3059 tacita

152 3064 361 3101 substitutio
384 3073 502 3100 inesse
524 3065 664 3100 videtur
685 3066 919 3102 institutioni:

198 3107 253 3148 26
280 3109 427 3147 Casus
445 3110 537 3146 libro
566 3114 671 3145 sexto
703 3111 840 3147 decimo
871 3111 1094 3158 diqestorum
1138 3111 1245 3158 idque

152 3160 188 3191 et
209 3155 247 3190 in
269 3154 387 3202 legato
413 3154 538 3190 eodem
562 3155 668 3190 modo
692 3156 816 3192 relicto
841 3160 990 3192 senatus
1014 3157 1162 3193 censuit

197 3196 252 3238 27
276 3199 508 3236 Poupomos
528 3199 619 3235 libro
644 3201 748 3235 tertio
772 3201 822 3237 ad
844 3200 1019 3238 Sabinum
1063 3200 1101 3238 Si
1123 3205 1161 3238 te
1184 3211 1243 3239 so-

150 3245 225 3281 ium
250 3255 295 3281 ex
317 3248 421 3291 parte
445 3244 590 3280 dimidia
612 3254 713 3290 pure,
739 3255 783 3281 ex
807 3246 922 3282 altera
943 3247 1011 3282 sub
1032 3247 1244 3284 condicione

150 3290 318 3326 heredem
340 3290 528 3326 instituero
553 3293 590 3325 et
612 3290 829 3327 substituero
853 3291 937 3334 tibi,
969 3302 1043 3327 non
1070 3293 1244 3329 existente

151 3334 648 3417 5⁰⁸3³e⁰1221¹22212¹¹¹²333⁰23²t
670 3336 1244 3419 ἓξηῖιζὲῗὲἑῗῑιὲἒέἒῖῗᾚοέθ

428 3393 438 3416 :
1160 3393 1198 3418 in
1223 3393 1244 3420 e

151 3425 302 3462 eundem
324 3429 361 3461 te
385 3425 452 3461 sub
477 3423 687 3461 condicione
709 3424 904 3469 instituam,
934 3427 1020 3462 nihil
1043 3427 1162 3464 valere
1186 3438 1242 3464 se-

150 3475 318 3550 quentem
340 3470 611 3511 institutionem,
636 3469 720 3516 quia
744 3470 830 3505 satis
854 3470 961 3516 p1ena
983 3472 1083 3517 prior
1101 3472 1240 3509 fuisset.

218 3515 288 3551 Sed
320 3516 350 3551 si
383 3515 505 3561 plures
535 3514 778 3550 institutiones
812 3525 855 3550 ex
888 3516 1011 3551 eadem
1042 3522 1145 3563 parte
1173 3517 1241 3554 sub

151 3631 189 3667 (i)
214 3638 281 3661 non
301 3628 365 3662 del.
380 3628 432 3662 F’
542 3630 587 3671 (2)
612 3632 723 3671 perte·
744 3628 780 3662 F

150 3677 193 3712 (Δ)
219 3673 390 3716 possidere
403 3674 644 3718 permissurum
656 3686 721 3708 scr.

150 3718 228 3751 dam
315 3722 359 3759 (6)
384 3719 474 3761 ideo]
488 3718 601 3752 Labeo
614 3731 679 3753 ser.

882 3630 925 3670 (8)
951 3629 1002 3662 vel
1020 3630 1158 3663 interim
1178 3643 1244 3665 scr.

813 3675 855 3714 (ὅ)
880 3678 1067 3707 curatorem
1083 3676 1158 3709 deu.
1173 3676 1243 3719 qui-

765 3720 808 3759 (⁶¹)
832 3720 991 3752 menteF
1065 3720 1110 3761 (s)
1135 3721 1242 3755 side!-

1242 100 1330 150 382

1511 39 1579 76 *N

1568 78 1577 129 ἶ
2067 119 2130 150 nn
2158 112 2417 153 maninus

1320 224 1467 262 diversis
1491 225 1762 264 condicionibus
1784 226 1921 264 fuerint
1941 227 2074 270 factae,
2098 233 2182 264 utra
2203 229 2302 275 prior
2325 239 2411 265 con·

1320 270 1414 307 dicio
1438 271 1625 315 exstiterit,
1648 271 1686 307 id
1707 271 1820 309 faciet
1839 273 1931 320 qued
1953 282 2064 318 supra
2081 272 2246 316 diximus,
2270 273 2302 309 si
2323 284 2417 320 pure

1320 319 1356 351 et
1379 315 1447 351 sub
1472 315 1683 353 condicione
1704 316 1799 353 idem
1819 318 2040 354 instituatur.

1321 405 1329 413 ·
1366 357 1421 413 28
1453 359 1651 413 &manos
1668 361 1760 414 libro
1836 363 1913 398 into
1936 363 1986 398 ad
2003 361 2179 399 Sabinum
2214 362 2254 399 Si
2267 363 2320 399 ita
2333 364 2413 410 quis

1318 409 1506 441 institutus
1532 409 1598 441 sit:
1633 405 1762 443 ‘Titius
1810 417 1888 444 eres
1913 412 2010 449 esto,
2043 407 2074 442 si
2097 406 2285 444 Secundus
2308 408 2413 444 heres

1321 453 1406 503 ‘non
1440 451 1530 493 erit’,
1575 450 2250 533 dgindeiiuffiegsissigdffisfiitigzffssesto':
2293 453 2414 498 placet

1319 505 1434 578 pugg,
1482 495 1786 592 οιῗιξιοπιῖῑῗῖἰϋνο
1809 543 1936 595 ᾳᾳίηζο
1960 543 2011 578 ad
2032 542 2207 595 Sabinum
2253 543 2333 579 Hoc
2357 553 2413 578 ar-

1319 585 1430 638 ticulo
1465 586 1637 638 ‘quisque’
1669 595 1790 622 omnes
1820 587 2083 633 significantur:
2118 592 2155 623 et
2184 586 2265 624 ideo
2288 588 2413 624 Labeo

1320 630 1463 683 scribit,
1496 630 1527 666 si
1556 634 1610 666 ita
1640 631 1813 677 scriptum
1842 633 1907 668 sit:
1941 632 2070 668 ‘Titius
2094 635 2130 668 et
2152 631 2254 669 Seius
2278 637 2413 679 quanta

1320 677 2414 769 3ffiquffoeegffiafflnfflffoemfflffigffi

1320 747 1485 801 heredem
1515 768 1742 809 testatorem,
1778 748 1945 803 iieutrum
1981 767 2147 804 heredem
2182 777 2261 804 esse
2293 778 2413 814 posse,

1320 810 1488 856 quoniam
1512 810 1560 846 ad
1584 811 1741 847 omnium
1762 810 1900 848 factum
1927 822 2043 848 sermo
2066 812 2239 849 refertur:
2270 813 2309 849 in
2340 824 2413 860 quo

1319 859 1408 901 puto
1439 856 1624 892 testatoris
1654 857 1833 893 mentem⁷
1863 857 2136 903 respiciendam.
2191 858 2255 894 sed
2285 859 2412 894 huma·

1320 900 1401 936 nius
1425 904 1481 937 est
1504 910 1584 937 eum
1609 901 1770 947 quidem,
1802 902 1864 948 qui
1887 905 2095 938 testatorem
2117 912 2222 939 suum
2244 902 2413 939 heredem

1319 945 1521 992 scripserit,
1552 946 1591 982 in
1621 950 1760 1000 tantam
1790 950 1931 999 partem
1966 947 1999 983 ei
2029 947 2199 1001 heredem
2221 947 2319 990 fore,
2352 948 2414 1001 qui

1320 995 1459 1044 autem·
1473 1001 1554 1027 eum
1584 1001 1657 1028 non
1681 995 1883 1038 scripserit,
1915 1001 1984 1028 nec
2007 992 2055 1028 ad
2077 992 2313 1028 hereditatem
2336 1003 2415 1029 eius

1319 1035 1658 1119 adffln‘lhpuzws
1691 1081 1783 1118 libro
1818 1081 1985 1117 vicesimo
2011 1082 2114 1130 ‘nram'
2115 1092 2138 1118 ο
2173 1082 2225 1118 ad
2257 1082 2415 1120 cdiemm

1318 1126 1463 1172 Pignori
1487 1126 1682 1172 obligatum
1705 1136 1846 1162 servum
1869 1127 2113 1163 necessarium
2140 1126 2283 1164 domino
2305 1137 2415 1174 posse

1319 1171 1397 1207 fieri
1417 1171 1614 1217 imperator
1631 1171 1782 1207 Severus
1805 1171 2000 1218 rescripsit,
2024 1172 2077 1208 ita
2098 1175 2229 1216 tamen,
2253 1172 2285 1209 si
2306 1183 2412 1219 para-

1318 1220 1379 1252 tus
1403 1217 1451 1252 sit
1499 1216 1574 1252 rius
1599 1216 1768 1252 creditori
1791 1216 2013 1253 satisfacere.

1349 1259 1418 1316 ,31
1478 1271 1573 1298 Alos·
1600 1261 1691 1315 libro
1722 1263 1876 1309 septimo
1909 1262 2057 1315 decimo,
2078 1262 2129 1298 ad
2150 1262 2304 1299 edictum
2321 1273 2413 1316 pro·

1319 1308 1473 1406 ffltffssf‘g
1486 1306 1747 1405 &afflui-1
1757 1317 1895 1405 5⁸35„
1904 1308 2414 1397 ‘tfflmhss'ffiahss‘essffffi

1320 1397 1916 1479 ‘¹³⁰⁸·¹¹}{‘2{13¹³{?1‘1¹23⁸22¹²r2t·1ff¹¹{{⁶
1945 1402 2413 1480 {iissiffuismiiffmmff-

1318 1446 1556 1524 1inentit·¹oducta
1579 1492 1644 1523 est.
1692 1454 1957 1524 Hereditariurfi
1987 1497 2129 1524 servum
2162 1492 2246 1524 ante
2277 1488 2412 1525 aditam

1318 1532 1551 1569 hereditatem
1574 1533 1655 1570 ideo
1679 1533 1817 1578 placuit
1838 1533 2004 1569 heredem
2027 1533 2166 1569 institui
2185 1543 2303 1580 posse,
2328 1534 2414 1580 quia

1321 1578 1496 1614 creditum
1535 1583 1590 1614 est
1628 1578 1865 1614 hereditatem
1900 1578 2079 1614 dominam
2115 1579 2219 1615 esse'
2252 1578 2413 1615 defuncti

1319 1623 1439 1660 locum
1463 1624 1636 1678 optinere.
1759 1669 1767 1676 ·
1853 1667 1880 1703 d
2124 1668 2133 1676 ο
2178 1667 2230 1703 ad
2309 1669 2318 1677 “

1316 1665 1672 1768 ρνὲἒΐοξὲἒῖνϋῑῖεόηἲρ
1746 1668 2412 1766 ἑωὶςιειξξυιξῖζαᾞὲςὴᾖιίωνσιῇἶεᾮ

1317 1759 1402 1840 {553
1430 1758 1942 1840 {ztzfficssiaetssdoessiff
1957 1761 2412 1840 &stigmarit

1318 1853 1438 1886 torum
1463 1849 1544 1885 iura
1566 1849 1646 1895 ipsa
1668 1859 1734 1895 per
1757 1859 1796 1884 se
1818 1848 1922 1884 firma
1945 1857 2023 1884 esse
2047 1852 2231 1894 oportere,
2262 1859 2336 1885 non
2368 1859 2413 1885 ex

1322 1898 1338 1930 1
1387 1895 1503 1930 alieno
1528 1894 1675 1947 arhitrio
1701 1893 1867 1946 pendere.
1884 1938 1892 1946 ²
1914 1893 1957 1947 Is.
1982 1893 2045 1939 qui
2075 1893 2173 1946 apud
2201 1893 2325 1947 hostes
2358 1897 2413 1930 est

1318 1943 1417 1976 recte
1447 1940 1551 1976 heres
1581 1942 1800 1982 instituitur,
1833 1949 1917 1985 quia
1945 1948 2025 1974 iure
2054 1939 2263 1985 postliminii
2292 1940 2411 1975 omnin

1317 1985 1398 2021 iura
1430 1985 1584 2021 civitatis
1614 1984 1652 2020 in
1682 1994 1874 2037 personam
1897 1984 1972 2020 eius
1994 1984 2033 2036 iii
2056 1993 2231 2030 suspenso
2254 1985 2411 2037 retinen-

1318 2034 1412 2083 tur„
1426 2041 1500 2066 non
1532 2030 1658 2082 abr-um
1684 2033 1812 2065 untur:
1844 2032 1968 2075 itaque
1994 2039 2025 2064 si
2046 2038 2210 2065 reversus
2233 2028 2343 2065 fuerit
2365 2030 2411 2066 ab

1318 2075 1415 2156 2318?
1416 2075 1668 2156 bigz'teaffies
1702 2119 1902 2155 instituitur
1936 2123 1990 2162 et,
2010 2119 2057 2172 ‚si
2091 2129 2252 2156 reversus
2285 2120 2334 2155 sit
2363 2120 2411 2172 ah

1318 2165 1504 2209 hostibus,
1542 2169 1663 2212 potest
1695 2175 1776 2200 eum
1806 2165 1930 2200 iubere
1960 2164 2061 2200 adire
2090 2164 2341 2201 hereditatem:
2380 2176 2411 2201 si

1317 2221 1401 2247 vero
1432 2211 1484 2246 ibi
1515 2211 1725 2253 decesserit,
1758 2210 1819 2255 qui
1850 2210 1884 2246 ei
1912 2210 2016 2246 heres
2048 2209 2178 2246 existet
2202 2214 2325 2256 potest
2345 2220 2411 2257 per

1317 2266 1458 2292 servum
1480 2257 1586 2291 heres
1609 2255 1698 2291 fieri.

1363 2298 1416 2340 33
1442 2301 1551 2336 lori:
1570 2301 1661 2336 libro
1684 2300 1843 2352 secundo
1868 2299 1913 2352 d?
1936 2301 2157 2353 testamentis·
2183 2299 2234 2335 ad
2252 2300 2410 2353 'ec-lictum

1313 2344 1955 2426 i'rffissffliimfflassz'aefftstufflssss
1967 2345 2410 2436 ffieffigffium„
2366 2355 2410 2380 α

1317 2401 1495 2480 ‘Simidim
1529 2436 1560 2471 si
1589 2435 1691 2471 navis
1715 2445 1760 2470 ex
1782 2416 1871 2470 Asia
1893 2435 2039 2478 venerit,
2064 2434 2167 2470 heres
2191 2435 2294 2478 esto‘,
2327 2445 2410 2471 cum

1691 2074 1899 2110 ereditatem
1929 2074 2070 2120 poterit.
2118 2083 2242 2110 servus
2269 2085 2412 2121 quoquo

1317 2490 1362 2516 ex
1383 2491 1477 2527 pura
1498 2480 1724 2516 institutione
1746 2479 1875 2515 adierit
1897 2479 2019 2523 heres,
2051 2479 2211 2525 quamvis
2243 2479 2408 2516 condicio

1316 2526 1463 2562 alterius
1485 2525 1718 2562 institutionis
1741 2524 1913 2570 pendeat,
1946 2534 1991 2560 ex
2014 2534 2095 2560 asse
2122 2525 2165 2560 fit
2186 2525 2309 2569 heres,
2341 2525 2410 2561 sci-

1315 2572 1400 2608 licet
1424 2572 1531 2607 etiam
1555 2570 1767 2607 condicione
1791 2569 1997 2613 deficiente,
2030 2580 2112 2606 cum
2142 2580 2215 2606 non
2238 2570 2354 2616 prosit
2376 2570 2410 2606 ei

1317 2616 1480 2653 condicio
1506 2616 1697 2670 quicquam
1721 2615 1894 2652 existens:
1927 2615 2011 2695 ἓξὲξ
2039 2625 2059 2651 e
2090 2625 2172 2651 cum
2202 2625 2276 2652 non
2303 2614 2407 2651 dubi-

1315 2665 1422 2705 tetur,
1455 2662 1552 2708 quin,
1576 2671 1607 2697 si
1630 2661 1710 2707 quis
1734 2670 1778 2696 ex
1799 2664 1904 2706 parte
1953 2660 1961 2668 ⁶
2002 2661 2009 2668 “
2037 2660 2047 2668 '
2093 2660 2198 2696 heres
2219 2660 2408 2697 institutus

1316 2707 1363 2743 sit
1385 2717 1452 2743 nec
1475 2710 1663 2753 praeterea
1687 2705 1873 2751 quisquam
1897 2705 2000 2748 alius,
2030 2706 2108 2751 ipse
2132 2716 2177 2742 ex
2199 2715 2281 2741 asse
2302 2705 2408 2742 heres

1315 2752 1455 2788 institui
1478 2752 1650 2788 videatur.
2436 2781 2439 2787 ,

1362 2795 1416 2835 34
1440 2796 1691 2833 ΡΑΡιΜΔΝυε
1709 2795 1801 2831 libro
1817 2796 1943 2842 primo
1967 2794 2215 2841 definitionum
2257 2794 2406 2832 Heredi-

1315 2846 1372 2878 tas
1406 2851 1451 2878 ex
1481 2841 1538 2878 die
1568 2842 1624 2877 vel
1654 2841 1702 2876 ad
1735 2841 1827 2876 diem
1858 2851 1931 2876 non
1954 2844 2051 2876 reete
2075 2839 2201 2883 datur,
2233 2840 2297 2877 sed
2319 2840 2407 2877 vitio

1314 2891 1386 2924 tem
1413 2887 1485 2923 oris
1510 2886 1653 2923 sublato
1676 2889 1799 2921 manet
1821 2885 2010 2921 institutio.

1361 2930 1385 2971 3
1447 2932 1643 2968 Utpuiws
1659 2930 1750 2967 libro
1768 2934 1901 2977 quarto
1915 2930 1956 2966 d·
1998 2930 2199 2966 utatebnum
2234 2929 2404 2966 Exfacto

1313 2978 1603 3024 proponebatur:
1617 2978 1647 2999 ¹⁰
1680 2975 1824 3022 quidam
1856 2975 1947 3012 duos
1997 2974 2158 3011 eredes¹¹
2191 2974 2404 3020 scripsisset,

1314 3032 1425 3059 unum
1442 3032 1562 3058 rerum
1575 3020 1857 3068 provincialium,
1881 3020 2033 3056 alterum
2049 3029 2168 3056 rerum
2183 3018 2403 3062 Italicarum,

1314 3072 1360 3109 et,
1393 3079 1475 3104 cum
1498 3076 1634 3103 merces
1655 3066 1695 3102 in
1716 3065 1858 3101 Italiam
1871 3066 1900 3087 ¹¹
1924 3065 2097 3101 devehere
2120 3064 2261 3107 soleret,
2292 3074 2403 3111 pecu·

1313 3114 1410 3149 niam
1431 3112 1586 3149 misisset
1608 3111 1647 3147 in
1668 3110 1889 3157 provinciam
1908 3110 1955 3146 ad
1973 3119 2109 3145 merces
2129 3109 2403 3156 comparandas,

1314 3168 1407 3204 quae
1438 3160 1666 3203 comparatae
1697 3159 1781 3192 sunt
1811 3155 1867 3191 vel
1890 3156 1967 3191 vivo
1992 3165 2033 3191 eo
2057 3154 2113 3190 vel
2135 3159 2219 3200 post
2241 3160 2403 3199 mortem,

1312 3202 1472 3240 nondum
1508 3205 1629 3237 tamen
1666 3201 1705 3236 in
1744 3200 1883 3236 Italiam
1922 3199 2110 3243 devectae,
2152 3199 2402 3246 quaerebatur,

1312 3257 1449 3285 merces
1479 3250 1602 3283 utrum
1633 3246 1680 3282 ad
1704 3256 1785 3282 eum
1807 3245 2029 3291 pertineant,
2062 3245 2123 3290 qui
2146 3245 2306 3281 rerum¹³
2328 3245 2402 3280 Ita·

1311 3293 1461 3329 licarum
1495 3292 1599 3328 heres
1630 3291 1785 3337 scriptus
1817 3294 1895 3326 erat
1925 3299 1971 3325 an
2004 3300 2087 3326 vero
2124 3289 2171 3326 ad
2205 3299 2305 3331 eum.
2341 3289 2403 3335 qui

1336 3337 1592 3374 rovincialium.
1640 3336 1804 3372 dicebam
1832 3339 2015 3381 receptum
2048 3344 2127 3371 esse
2155 3345 2274 3370 rerum
2298 3335 2401 3370 here·

1337 3391 1393 3419 em
1421 3382 1562 3418 institui
1619 3391 1701 3418 osse
1734 3390 1801 3416 nec
1832 3389 1910 3416 esse
1940 3380 2101 3416 inutilem
2129 3379 2400 3422 institutionem,

1311 3427 1376 3464 sed
1397 3428 1468 3471 ita,
1495 3431 1537 3463 ut
1560 3437 1581 3463 o
1626 3426 1680 3463 cio
1705 3425 1832 3462 iudicis
1855 3424 2011 3461 familiae
2033 3424 2293 3461 herciscundae
2317 3434 2400 3469 cog-

1311 3472 1491 3509 noscentis
1524 3472 1751 3508 contineatur
1777 3470 1864 3505 nihil
1888 3470 2041 3516 amplius
2065 3480 2164 3513 eum,
2196 3469 2257 3523 qui
2287 3479 2331 3505 ex
2360 3478 2402 3505 re

1309 3517 1495 3554 institutus
1519 3520 1585 3560 est,
1617 3525 1726 3563 quam
1746 3525 1832 3558 rem,
1865 3524 1910 3551 ex
1933 3526 2005 3562 qua
2026 3516 2132 3552 heres
2154 3518 2310 3560 scriptus
2333 3517 2399 3557 est,

1312 3630 1359 3672 (s)
1384 3630 1553 3663 dominam
1566 3640 1637 3663 esso
1650 3629 1715 3664 del.
1829 3632 1889 3672 (ιο)
1914 3640 1989 3663 cum
2006 3631 2068 3664 ins.
2183 3631 2238 3671 (ιι)
2263 3630 2358 3663 heres
2370 3629 2406 3663 F

1312 3675 1372 3717 (12)
1397 3675 1492 3708 italia
1507 3676 1542 3709 F
1628 3677 1687 3718 (18)
1709 3674 1749 3709 ὶιι
1761 3675 1822 3709 im.
1837 3675 1872 3708 F
