2528 3918
204 86 307 130 XVI
336 85 541 128 3—XVII
573 88 592 127 1

250 206 302 248 33
328 208 461 244 Lauso
484 206 574 243 libro
599 209 705 243 sexto
718 206 963 262 posteriorum
983 217 1007 243 a
1030 205 1196 260 lavo-leno
1216 207 1290 254 epe·-

204 258 419 333 ‘⁰⁷'²“¹⁰r²11'3
438 252 923 343 ossuiivssssuhuiiassssfflffi
943 254 1152 333 33¹&ssss
1173 262 1292 333 ¹385:

203 304 509 386 (tlilb‘isgzgdergtur,
533 342 563 378 si
586 346 685 378 tuam
708 352 787 378 esse
809 342 1019 389 probasses,
1044 342 1075 377 si
1098 324 1226 384 minus,
1250 346 1292 378 ut

203 390 301 425 Attio
326 388 545 424 redderetur.
581 397 689 440 posse
712 387 784 423 dixi
808 398 889 423 cum
913 398 967 430 eo,
992 398 1013 422 a
1040 387 1087 422 ud
1106 397 1210 432 quem
1230 387 1289 422 de·

1274 80 1356 127 214

1360 208 1554 244 exhibitam
1577 207 1777 253 vindicare,
1801 209 1887 255 quia
1909 219 2032 246 servus
2055 211 2092 246 in
2116 210 2324 258 deponendo
2347 215 2444 248 tuum
2482 247 2484 253 ,
2509 197 2516 263 ι’

1359 253 1417 288 ius
1441 252 1598 289 deterius
1621 253 1741 290 facere
1764 265 1837 291 non
1886 255 2047 291 otuisset.

1407 295 1467 351 3‚4‚
1485 298 1594 334 Imm
1612 298 1702 335 libro
1725 310 1835 352 sequa
1861 311 1882 336 o
1898 299 2083 353 pith-anon
2128 301 2237 337 Potes
2261 312 2365 347 agere
2384 302 2444 338 de·
2485 287 2511 358 {³

1360 347 1469 389 positi
1493 354 1574 379 cum
1598 353 1653 387 eo,
1677 355 1738 390 qui
1760 345 1825 380 tlbi
1849 355 1921 380 non
1944 345 2048 381 ahter
2071 356 2176 392 quam
2200 347 2350 383 nummis
2370 358 2392 382 a
2410 351 2446 383 te
2502 361 2506 363 “
2527 364 2528 372 ¹

2487 377 2528 427 Μ

1360 389 1520 434 acceptis
1555 388 1755 434 depositum
1791 389 1939 426 reddere
1970 391 2142 434 voluerit,
2178 393 2335 437 quamvis
2371 394 2446 428 sine

203 434 321 480 posita
344 437 450 476 esset,
473 433 601 469 incerti
625 443 740 478 agere,
763 432 800 468 id
825 436 880 470 est
903 432 949 468 ad
971 442 1015 467 ex
1044 432 1230 475 ibendum,
1256 437 1291 468 et
1360 443 1462 469 mora
1485 437 1521 469 et
1543 434 1786 480 incorruptum
1809 434 2012 471 reddiderit.

2238 101 2443 135 mnan
2465 90 2468 94 ’

2490 447 2501 464 -51'

2448 563 2503 617 ἱζ-

927 936 1106 988 LIBER
1135 937 1427 989 SEPTIMUS
1456 938 1727 989 DECIMUS.

1353 1064 1528 1100 Proculus
1560 1067 1658 1100 recte
1689 1075 1770 1100 eum
1800 1074 1914 1110 usque
1937 1064 1983 1099 ad
2006 1065 2161 1110 pretium
2184 1069 2357 1102 statutum
2382 1077 2443 1102 ac·
2488 1052 2505 1108 ξ

1353 1114 1474 1146 turum
1498 1109 1694 1152 existimat,
1727 1120 1820 1156 quae
1851 1109 2028 1145 sententia
2059 1120 2146 1146 sane
2169 1111 2251 1146 beni
2275 1112 2354 1146 nior
2377 1115 2443 1148 est.
2489 1114 2507 1145 f·

728 1091 747 1129 Ι
757 1088 768 1110 t

479 1168 684 1201 MANDATI
709 1167 800 1199 VEL
825 1165 1013 1199 CONTRA.

251 1246 268 1285 1
297 1246 457 1283 Panos
484 1246 576 1282 libro
608 1245 816 1292 triqensimo
847 1243 1029 1280 secundo²
1052 1243 1103 1279 ad
1131 1243 1286 1281 edictum

202 1293 282 1329 Obli
306 1292 377 1327 atio
402 1291 561 1327 mandati
585 1300 761 1326 consensu
793 1289 1080 1325 contrahentium
1111 1289 1285 1325 consistit.

204 1342 218 1373 1
268 1338 285 1373 1
311 1347 351 1374 eo
375 1346 440 1382 per
462 1336 626 1372 nuntium
649 1345 789 1381 quoque
811 1334 867 1370 vel
889 1344 953 1380 per
976 1334 1163 1380 epistulam
1186 1344 1286 1370 man-

201 1386 221 1418 2
269 1382 391 1418 datum
415 1381 548 1434 suscipi
567 1384 696 1426 potest.
744 1380 834 1415 Item
856 1380 930 1416 sive
954 1382 1005 1415 ‘ro
1030 1379 1063 1415 o’
1087 1379 1160 1415 sive
1184 1379 1287 1415 ‘volo’

199 1429 273 1464 sive
304 1426 455 1462 ‘mando'
487 1436 560 1462 sive
591 1426 659 1462 alio
716 1434 916 1471 uocumque
946 1434 1008 1460 ver
1033 1435 1054 1460 ο
1093 1424 1287 1470 scripserit,

201 1477 220 1508 3
267 1471 426 1508 mandati
457 1471 549 1507 actio
582 1475 648 1507 est.
713 1474 785 1506 tem
815 1469 1023 1506 mandatum
1054 1472 1090 1505 et
1124 1469 1163 1505 in
1196 1469 1288 1505 diem

200 1522 222 1554 4
269 1517 403 1553 differri
435 1520 471 1552 et
493 1516 560 1552 sub
585 1516 795 1553 condicione
819 1515 983 1552 contrahi
1004 1518 1134 1561 potest.
1181 1515 1287 1550 Man-

200 1563 322 1599 datum
345 1562 413 1598 nisi
435 1561 629 1608 gratuitum
652 1561 789 1598 nullum
820 1564 893 1597 est:
925 1570 1009 1596 nam
1040 1560 1211 1606 originem
1244 1570 1289 1596 ex

199 1608 319 1644 officio
351 1611 459 1653 atque
493 1606 650 1642 amicitia
679 1606 809 1650 trahit,
846 1605 1064 1642 contrarium
1095 1606 1203 1651 ergo⁸
1234 1609 1289 1642 est

199 1653 319 1689 officio
354 1662 508 1688 merces:
544 1652 798 1688 interveniente
834 1651 926 1687 enim
960 1651 1114 1697 pecunia
1147 1660 1205 1686 res
1240 1650 1288 1686 ad

198 1698 412 1734 locationem
436 1701 472 1732 et
496 1697 767 1733 conductionem
790 1697 909 1743 potius
932 1696 1089 1742 respicit.

246 1741 271 1781 2
297 1743 421 1780 GAws
437 1743 528 1779 libro
547 1742 703 1778 secundo
725 1742 1028 1779 cottidianarum
1073 1741 1287 1777 Mandatum

198 1789 291 1825 inter
320 1799 386 1824 nos
419 1787 661 1831 contrahitur,
693 1787 766 1823 sive
795 1797 876 1823 mea
906 1790 1046 1822 tantum
1119 1786 1193 1822 atia
1222 1786 1288 1822 tibi

198 1833 363 1870 mandem
387 1833 460 1869 sive
484 1833 600 1869 aliena
622 1836 763 1868 tantum
786 1832 859 1868 sive
888 1842 969 1867 mea
1000 1836 1036 1867 et
1066 1841 1089 1867 a
1105 1831 1183 1868 'ena
1214 1831 1288 1868 sive

198 1890 278 1915 mea
301 1882 338 1915 et
358 1882 423 1914 tua
446 1878 520 1914 sive
542 1882 606 1913 tua
638 1882 673 1914 et
703 1877 829 1913 aliena.
866 1876 962 1923 quod
993 1877 1023 1913 si
1053 1880 1117 1912 tua
1146 1880 1287 1912 tantum

197 1924 313 1970 gratia
335 1924 400 1960 tibi
423 1923 608 1966 mandem,
642 1933 900 1969 supervacuum
933 1926 989 1958 est
1018 1921 1228 1957 mandatum
1251 1927 1288 1958 et

201 1974 215 2005 1
267 1970 312 2006 ob
342 1969 379 2005 id
410 1969 509 2004 nulla
540 1979 584 2004 ex
616 1979 657 2004 eo
689 1968 857 2014 obligatio
881 1967 1051 2004 nascitur.
1099 1967 1184 2003 Mea
1205 1971 1286 2003 tan-

197 2020 274 2051 tum
295 2015 412 2061 gratia
434 2013 623 2050 intervenit
645 2013 872 2056 mandatum,
903 2013 1012 2049 veluti
1043 2012 1074 2048 si
1097 2013 1164 2048 tibi
1185 2023 1287 2048 man-

198 2060 289 2104 dem,
313 2064 354 2095 ιιι
376 2060 519 2105 negotia
541 2069 622 2095 mea
642 2069 747 2104 geras
770 2058 826 2094 vel
846 2062 889 2094 ut
910 2057 1061 2094 fundum
1084 2057 1170 2093 mihi
1193 2068 1286 2094 eme-

198 2109 217 2141 2
264 2116 321 2141 res
355 2105 411 2141 vel
445 2108 486 2140 ut
519 2115 585 2150 pro
621 2114 678 2140 me
711 2103 917 2139 fideiubeas.
972 2103 1100 2139 Aliena
1133 2107 1286 2146 tantum,

197 2150 306 2186 veluti
328 2150 359 2186 si
382 2150 448 2185 tibi
471 2149 647 2193 mandem,
671 2152 712 2184 ut
735 2149 821 2184 Titii
843 2149 985 2194 negotia
1007 2158 1147 2194 gereres
1169 2148 1224 2184 vel
1246 2153 1288 2183 ut

198 2199 218 2231 3
264 2195 414 2231 fundum
439 2195 471 2230 ei
494 2204 628 2230 emeres
651 2194 706 2230 vel
729 2198 770 2230 ut
792 2204 858 2239 pro
882 2204 924 2230 eo
947 2193 1155 2229 fideiubeas.
1202 2193 1287 2229 Mea

199 2245 234 2277 et
257 2241 385 2283 aliena,
409 2240 519 2276 veluti
542 2240 573 2276 si
595 2239 661 2275 tibi
684 2239 866 2282 mandem,
890 2243 932 2274 ut
954 2249 1034 2274 mea
1057 2242 1093 2274 et
1116 2238 1200 2274 Titii
1223 2249 1285 2274 ne-

196 2286 292 2331 gotia
314 2295 453 2331 gereres
477 2285 533 2320 vel
555 2287 597 2320 ut
618 2284 705 2320 mihi
729 2288 765 2320 et
783 2284 878 2320 Titio
902 2283 1054 2319 fundum
1078 2293 1212 2319 emeres
1230 2284 1286 2320 vel

197 2334 219 2366 4
265 2334 307 2367 ιιι
324 2341 389 2376 pro
408 2341 464 2366 me
484 2334 520 2366 et
539 2330 633 2365 Titio
654 2329 861 2365 fideiubeas.
909 2329 990 2364 Tua
1010 2333 1045 2365 et
1063 2339 1154 2372 mea,
1177 2329 1287 2364 veluti

198 2377 228 2412 si
258 2375 423 2411 mandem
456 2375 540 2418 tibi,
571 2378 613 2410 ut
643 2375 710 2410 sub
742 2374 861 2410 usuris
885 2374 1049 2410 crederes
1074 2374 1126 2417 ei,
1157 2374 1219 2419 qui
1248 2374 1286 2409 in

197 2426 217 2456 5
264 2432 339 2457 rem
363 2431 478 2456 meam
502 2423 735 2455 mutuaretur.
784 2419 865 2455 Tua
888 2423 924 2455 et
948 2420 1082 2461 aliena,
1114 2419 1223 2455 veluti
1254 2420 1286 2455 si

196 2467 262 2502 tibi
285 2466 467 2508 mandem,
492 2470 533 2501 ut
557 2465 651 2501 Titio
676 2465 743 2501 sub
766 2464 884 2504 usuris
909 2464 1090 2500 crederes:
1123 2464 1219 2510 quod
1243 2464 1284 2508 si,

198 2515 239 2546 ut
262 2512 339 2547 sine
362 2511 480 2547 usuris
505 2510 687 2553 crederes,
720 2510 837 2546 aliena
867 2513 1007 2545 tantum
1037 2509 1154 2555 gratia
1175 2509 1284 2545 inter-

198 2561 219 2592 6
264 2557 361 2592 venit
371 2556 588 2591 mandatum.
637 2555 718 2590 Tua
730 2559 849 2591 autem
859 2556 974 2600 gratia
984 2555 1173 2591 intervenit
1184 2565 1283 2590 man-

198 2601 340 2644 datum,
372 2601 478 2636 veluti
502 2601 532 2636 si
555 2600 719 2636 mandem
741 2600 825 2644 tibi,
857 2604 899 2635 ut
921 2600 1091 2645 pecunias
1115 2604 1196 2636 tuas
1218 2611 1283 2645 po-

197 2647 268 2683 tius
291 2646 328 2681 in
352 2647 546 2691 emptiones
591 2645 791 2681 raediorum
811 2645 964 2682 colloces
984 2656 1090 2691 quam
1109 2645 1283 2688 faeneres,

198 2692 253 2727 vel
276 2701 319 2726 ex
343 2691 480 2726 diverso
505 2695 546 2726 ut
585 2701 731 2726 aeneres
754 2691 874 2736 potius
898 2701 1005 2736 quam
1027 2691 1064 2725 in
1088 2691 1284 2736 emptiones

198 2735 425 2782 praediorum
450 2736 620 2772 colloces:
655 2736 757 2772 cuius
779 2736 917 2782 generis
941 2735 1150 2771 mandatum
1173 2736 1284 2780 magis

200 2781 385 2817 consilium
410 2785 463 2816 est
486 2791 592 2826 quam
614 2781 822 2817 mandatum
846 2785 882 2816 et
905 2781 951 2817 ob
970 2781 1007 2816 id
1026 2791 1098 2817 non
1119 2784 1174 2816 est
1193 2780 1283 2816 obli-

198 2826 383 2872 gatorium,
398 2825 480 2878 quia
500 2837 602 2861 nemo
623 2836 666 2861 ex
686 2826 833 2862 consilio
854 2826 1042 2871 obligatur,
1056 2825 1194 2862 etiamsi
1213 2836 1285 2861 non

200 2870 365 2916 expediat
388 2881 420 2906 er
451 2871 510 2906 cui
541 2871 736 2914 dabatur-¹²,
795 2871 854 2906 uia
884 2871 1035 2907 liberum
1068 2874 1123 2906 est
1156 2871 1284 2916 cuique

199 2915 296 2962 apud
319 2925 358 2951 se
380 2915 576 2960 explorare,
600 2927 647 2951 an
670 2883 836 2962 expediat
858 2916 927 2952 sibi
951 2916 1147 2952 consilium.

246 2958 271 2998 3
304 2960 361 2996 ΡΑ
369 2970 464 2996 Uhvs
500 2960 590 2996 libro
623 2962 831 3008 triqensimo
861 2961 1018 2997 secundo
1049 2961 1100 2996 ad
1129 2961 1283 2997 edictum

199 3006 391 3042 Praeterea
411 3005 450 3040 in
475 3015 584 3041 causa
606 3006 765 3041 mandati
789 3006 896 3042 etiam
926 3006 1014 3042 illud
1043 3006 1210 3049 vertitur,
1243 3009 1285 3041 ut

198 3051 340 3087 interim
362 3060 430 3086 nec
453 3050 599 3086 melior⁰
623 3061 733 3086 causa
755 3051 956 3086 mandantis
980 3051 1058 3087 fieri
1079 3051 1204 3096 possit,
1228 3051 1282 3086 in·

203 3100 217 3131 1
266 3095 408 3132 terdum
430 3095 571 3137 melior,
596 3095 751 3131 deterior
773 3107 856 3133 vero
880 3106 1084 3141 numquam.
1131 3095 1182 3131 Et
1205 3096 1282 3141 qui·

200 3141 280 3177 dem
303 3140 334 3176 si
356 3139 521 3175 mandavi
543 3140 627 3183 tibi,
658 3145 699 3176 ut
730 3141 885 3194 aliquam
914 3151 989 3176 rem
1020 3141 1105 3176 mihi
1136 3151 1281 3184 emeres,

199 3197 266 3223 nec
282 3185 327 3221 de
340 3185 454 3231 pretio
479 3185 668 3230 quicquam
691 3189 801 3222 statui
823 3190 934 3232 tuque
957 3186 1083 3229 emisti,
1106 3186 1213 3222 utrim
1238 3196 1283 3222 ue

200 3235 220 3267 2
267 3230 362 3266 actio
381 3229 551 3265 nascitur.
600 3230 704 3274 Quod
725 3231 754 3266 si
773 3231 925 3276 pretium
946 3231 1055 3267 statui
1073 3234 1183 3276 tuque
1201 3242 1225 3276 p
1240 3241 1281 3266 u-

198 3276 248 3312 ris
271 3275 396 3317 emisti,
421 3274 563 3320 quidam
588 3280 803 3319 negaverunt
825 3280 861 3312 te
884 3276 1043 3311 mandati
1064 3276 1198 3311 habere
1220 3286 1282 3311 ac-

199 3321 349 3363 tionem,
374 3319 511 3355 etiamsi
534 3324 681 3365 paratus
705 3331 800 3356 esses
822 3321 859 3356 id
883 3321 978 3367 quod
1002 3320 1141 3357 excedit
1162 3321 1281 3356 remit-

199 3371 292 3402 tere:
323 3374 476 3410 namque
505 3364 664 3410 iniquum
694 3369 749 3400 est
779 3376 851 3401 non
882 3375 959 3401 esse
990 3366 1077 3401 mihi
1109 3376 1190 3402 cum
1221 3365 1281 3401 illo

199 3411 389 3453 actionem,
412 3409 444 3445 si
466 3409 565 3453 nolit,
588 3409 640 3444 illi
661 3420 756 3452 vero,
780 3410 811 3445 si
833 3411 927 3452 velit,
950 3421 1089 3446 mecum
1113 3420 1202 3446 esse.

245 3455 271 3493 4
298 3455 422 3492 Gsws
440 3454 531 3491 libro
553 3454 709 3490 secundo
731 3465 852 3490 rerum
875 3456 1177 3491 cottidianarum⁷
1211 3455 1283 3491 Sed

247 3571 287 3612 (1)
312 3570 486 3604 Sab.¹...⁶.
501 3575 845 3604 s...10.12...22.2e.27.
868 3576 988 3603 29...35.
1010 3577 1139 3610 37...so;
1159 3570 1226 3603 Ed.
1239 3576 1280 3604 11.

201 3622 248 3649 28.
262 3622 309 3649 se.
323 3621 452 3655 ⁴0...s²;
463 3614 548 3658 Pap.
566 3621 593 3647 -ι,
608 3621 726 3648 23...25.
741 3620 843 3648 samm
855 3624 864 3653 ;
878 3615 964 3657 App.
976 3621 1079 3649 62—
1090 3615 1174 3648 Bas.
1193 3616 1245 3655 14,
1255 3621 1281 3648 ι.

201 3678 245 3683 -
261 3659 311 3702 Os
326 3659 407 3693 Im.
422 3660 454 3699 3,
467 3666 525 3699 2⁶3
541 3659 619 3692 Cod.
634 3660 666 3698 4,
679 3665 714 3692 ss

201 3707 244 3747 (3)
270 3714 347 3737 vero
359 3703 596 3750 Bynkcnhoek
750 3705 793 3746 (4)
818 3713 928 3736 rerum
940 3705 1202 3737 cottidianarum
1214 3705 1284 3737 sive

911 3659 954 3700 (2)
980 3659 1126 3692 secundo
1139 3659 1216 3693 add.
1230 3658 1284 3692 F¹
1351 3657 1541 3691 movebitur
1551 3671 1612 3692 scr.

1400 1153 1426 1192 5
1458 1154 1515 1190 ΡΑ
1523 1164 1618 1191 πῶς
1649 1155 1740 1191 libro
1777 1155 1983 1202 triqensimo
2017 1155 2175 1191 secundo
2210 1167 2233 1191 a

1355 1245 1416 1291 qui
1440 1245 1603 1289 excessit,
1628 1256 1650 1281 a
1666 1245 1726 1281 ’ud
1749 1245 1833 1291 quid
1855 1244 1976 1281 facere
1997 1245 2138 1281 videtur
2162 1250 2216 1288 et,
2242 1246 2273 1282 si
2296 1257 2442 1293 suscep-

1359 1204 1373 1236 1
1422 1200 1641 1245 Diligenteri
1666 1200 1735 1236 ’tur
1745 1199 1834 1236 fines
1847 1199 2007 1236 mandati
2016 1200 2237 1236 custodiendi
2246 1156 2444 1237 ειιιθιαιῑζσιιιῖζ
2494 1189 2498 1240 J

1356 1294 1376 1326 2
1422 1294 1499 1326 tum
1519 1301 1592 1326 non
1609 1291 1816 1337 impleverit,
1836 1294 1988 1326 tenetur.
2036 1290 2162 1336 Itaque
2178 1291 2209 1327 si
2229 1291 2443 1328 mandavero
2498 1323 2502 1327 ,

1354 1336 1431 1379 tibi,
1455 1339 1497 1371 ut
1520 1335 1663 1371 domum
1687 1335 1851 1371 Seianam
1876 1340 2018 1371 centum
2042 1346 2176 1372 emeres
2200 1340 2311 1382 tuque
2332 1337 2444 1372 Titia-

1355 1392 1439 1417 nam
1463 1381 1588 1416 emeris
1611 1381 1717 1426 longe
1739 1381 1884 1417 maioris
1908 1380 2032 1426 pretii,
2065 1385 2207 1417 centum
2237 1385 2357 1418 tamen
2381 1386 2444 1417 aut

1356 1429 1377 1462 3
1424 1426 1529 1462 etiam
1541 1426 1698 1468 minoris,
1712 1436 1784 1462 non
1795 1426 1923 1462 videris
1934 1426 2100 1472 implesse
2111 1426 2329 1462 mandatum.
2354 1427 2444 1463 Item

1356 1472 1386 1508 si
1409 1471 1622 1508 mandavero
1645 1471 1723 1514 tibi,
1746 1475 1788 1506 ut
1809 1471 1960 1506 fundum
1979 1482 2096 1507 meum
2115 1475 2257 1507 centum
2275 1472 2444 1508 venderes

1356 1520 1468 1563 tuque
1500 1526 1580 1552 eum
1610 1516 1805 1561 nonaginta
1834 1516 2031 1552 vendideris
2063 1519 2100 1552 et
2129 1520 2250 1562 petam
2280 1516 2442 1560 fundum,
2496 1550 2497 1553 ,

1356 1573 1430 1598 ιιοιι
1454 1561 1613 1598 obstabit
1642 1561 1729 1597 mihi
1761 1563 1942 1607 exceptio,
1974 1561 2044 1597 nisi
2075 1565 2111 1597 et
2140 1561 2206 1597 reli
2230 1573 2316 1597 uum
2348 1562 2444 1604 mihi,
2496 1583 2498 1585 -

1357 1607 1453 1654 quod
1478 1606 1578 1643 deest
1599 1606 1773 1642 mandatu
1795 1617 1893 1650 meo,
1925 1611 2085 1652 praestes
2109 1610 2146 1642 et
2166 1607 2204 1642 in
2231 1617 2366 1643 emnem
2389 1618 2446 1643 me

1356 1656 1378 1688 4
1423 1662 1489 1698 per
1512 1652 1631 1688 omnia
1655 1662 1853 1687 conserves.
1902 1652 2011 1687 Servo
2044 1662 2186 1698 quoque
2217 1652 2380 1688 dominus
2413 1653 2443 1689 si

1355 1697 1580 1743 praeceperit
1603 1700 1703 1733 certa
1733 1707 1872 1733 summa
1901 1707 1976 1732 rem
2006 1697 2179 1740 vendere,
2210 1697 2269 1733 ille
2299 1698 2444 1733 minoris
2507 1706 2510 1708 ’

1355 1742 1572 1785 vendiderit,
1607 1742 1767 1778 similiter
1800 1742 1982 1778 vindicare
2017 1752 2096 1778 eam
2130 1741 2292 1778 dominus
2323 1747 2443 1788 potest

1355 1798 1422 1824 nec
1444 1788 1519 1823 ulla
1542 1787 1750 1834 exceptione
1781 1787 1993 1823 summoveri
2003 1787 2034 1830 ⁸,
2065 1787 2135 1823 nisi
2163 1787 2378 1823 indemnitas
2411 1788 2444 1824 ei

1355 1836 1374 1869 5
1422 1836 1635 1879 praestetur.
1682 1832 1811 1868 Melior
1841 1836 1960 1869 autem
1992 1842 2102 1868 causa
2131 1833 2335 1868 mandantis
2365 1832 2443 1869 fieri

1354 1882 1493 1924 potest,
1526 1878 1573 1922 si,
1606 1889 1687 1914 cum
1708 1878 1774 1913 tibi
1797 1877 2040 1921 mandassem,
2073 1881 2112 1913 ut
2134 1877 2296 1913 Stichum
2320 1877 2442 1914 decem

1356 1933 1500 1966 emeres,
1524 1927 1565 1959 tu
1589 1934 1669 1959 eum
1691 1923 1837 1959 minoris
1858 1923 1984 1959 emeris
2002 1923 2058 1958 vel
2076 1923 2259 1966 tantidem,
2284 1927 2326 1958 ut
2344 1923 2441 1959 aliud
2487 1927 2494 1940 ³

1356 1969 1547 2015 quicquam
1582 1978 1683 2004 servo
1719 1968 1923 2004 accederet:
1955 1972 2107 2013 utroque
2137 1968 2229 2004 enim
2261 1978 2349 2003 casu
2380 1972 2443 2003 aut

1354 2025 1428 2050 non
1450 2014 1547 2049 ultra
1569 2014 1722 2060 pretium
1745 2017 1809 2049 aut
1830 2014 1925 2049 intra
1947 2013 2099 2059 pretium
2121 2012 2250 2049 fecisti.

1401 2057 1426 2097 6
1458 2058 1653 2095 ULPJANUs
1681 2058 1772 2095 libro
1811 2059 2021 2105 triqensimo
2053 2058 2178 2105 primo
2209 2058 2260 2094 ad
2288 2058 2441 2094 edictum

1355 2104 1393 2140 Si
1414 2103 1664 2140 remunerandi
1686 2104 1802 2156 gratia
1823 2104 1940 2139 honor
1961 2104 2169 2147 intervenit,
2195 2103 2261 2139 erit
2283 2103 2442 2139 mandati

1357 2153 1372 2184 1
1422 2149 1529 2185 actio.
1578 2149 1617 2185 Si
1651 2160 1709 2185 cm
1739 2148 1847 2185 fuerit
1876 2148 2102 2192 mandatum,
2132 2152 2174 2184 ut
2205 2149 2350 2194 negotia
2379 2149 2441 2183 ad·

1354 2195 1590 2238 ministraret,
1621 2194 1691 2230 hac
1715 2194 1857 2230 actione
1880 2194 1947 2229 erit
1970 2194 2231 2230 conveniendus
2255 2204 2322 2229 nec
2345 2197 2443 2230 recte
2499 2214 2502 2216 -

1354 2240 1576 2286 negotiorum
1598 2243 1778 2285 gestorum
1803 2250 1884 2275 cum
1907 2250 1948 2274 eo
1974 2243 2114 2284 agetur:
2147 2249 2213 2275 nec
2246 2239 2339 2274 enim
2360 2239 2440 2274 ideo

1354 2289 1409 2321 est
1432 2285 1609 2331 obligatus
1633 2284 1731 2330 quod
1750 2284 1891 2329 negotia
1908 2284 2028 2329 gessit,
2051 2294 2173 2320 verum
2192 2283 2326 2319 idcirco
2347 2283 2442 2330 quod

1353 2330 1560 2366 mandatum
1584 2330 1798 2375 susceperit:
1824 2329 1905 2364 deni
1930 2339 1976 2364 ue
1999 2333 2141 2364 tenetur
2163 2332 2199 2365 et
2219 2329 2250 2364 si
2270 2339 2344 2365 non
2362 2339 2440 2374 ges-

1354 2379 1373 2411 2
1422 2376 1537 2411 sisset.
1586 2375 1624 2410 Si
1646 2385 1775 2420 passus
1800 2374 1864 2410 sim
1938 2385 2042 2427 quem
2064 2385 2130 2420 pro
2162 2384 2219 2410 me
2249 2374 2441 2409 fideiubere

1352 2421 1407 2456 vel
1430 2421 1519 2456 alias
1542 2419 1772 2462 intervenire,
1798 2419 1954 2454 mandati
1977 2423 2100 2455 teneor
2124 2422 2177 2462 et,
2202 2419 2271 2455 nisi
2294 2429 2360 2464 pro
2383 2419 2438 2454 in-

1352 2466 1424 2502 vito
1457 2465 1535 2511 quis
1566 2465 1808 2500 intercesserit
1839 2468 1903 2500 aut
1925 2464 2081 2500 donandi
2104 2464 2221 2500 animo
2245 2470 2309 2499 aut
2332 2474 2438 2508 nego-

1354 2513 1372 2546 3
1419 2511 1533 2546 tium⁹
1555 2520 1692 2555 gerens,
1718 2510 1783 2545 erit
1806 2510 1965 2545 mandati
1984 2509 2089 2545 actio.
2137 2508 2204 2545 Rei
2223 2510 2338 2555 turpis
2360 2509 2440 2544 nul-

1352 2556 1425 2591 lum
1455 2555 1665 2590 mandatum
1696 2558 1751 2590 est
1782 2559 1819 2590 et
1847 2555 1927 2591 ideo
1950 2555 2020 2590 hac
2043 2554 2184 2590 actione
2207 2565 2280 2591 non
2303 2558 2439 2599 agetur.

1353 2605 1374 2637 4
1420 2601 1458 2636 Si
1481 2601 1547 2636 tibi
1570 2600 1784 2636 mandavero
1810 2600 1905 2645 quod
1928 2610 2007 2635 mea
2030 2610 2102 2635 non
2123 2600 2306 2642 intererat,
2331 2599 2440 2634 veluti
2502 2624 2505 2625 γ

1353 2649 1393 2681 ιιι
1415 2656 1481 2691 pro
1506 2645 1587 2681 Seio
1610 2645 1823 2681 intervenias
1846 2645 1903 2680 vel
1924 2649 1966 2680 ιιι
1989 2645 2083 2680 Titio
2108 2644 2245 2686 credas,
2269 2644 2338 2679 erit
2354 2644 2440 2679 mihi
2502 2676 2507 2678 .

1352 2695 1471 2727 tecum
1494 2690 1654 2726 mandati
1677 2690 1790 2733 actio,
1822 2694 1864 2725 ut
1888 2689 2010 2725 Celsus
2033 2690 2123 2725 libro
2148 2690 2298 2735 septimo
2324 2689 2438 2734 diges-

1353 2740 1372 2771 5
1419 2740 1538 2772 torum
1570 2735 1713 2778 scribit,
1746 2739 1782 2770 et
1812 2746 1875 2780 ego
1899 2735 1966 2770 tibi
1989 2745 2066 2770 sum
2090 2735 2279 2779 obligatus.
2327 2734 2439 2769 Plane

1353 2781 1384 2816 si
1406 2781 1472 2817 tibi
1494 2780 1708 2817 mandavero
1734 2780 1829 2826 quod
1851 2785 1913 2815 tua
1930 2780 2113 2821 intererat,
2137 2780 2235 2814 nulla
2254 2779 2320 2814 erit
2338 2789 2438 2814 man-

1353 2826 1428 2862 dati
1461 2826 1574 2869 actio,
1606 2826 1674 2861 nisi
1704 2835 1783 2860 mea
1814 2836 1955 2870 quoque
1977 2824 2155 2860 interfuit:
2189 2828 2271 2867 aut,
2305 2825 2336 2859 si
2365 2835 2438 2860 non
2500 2827 2503 2830 ⁴

1352 2882 1449 2907 esses
1471 2871 1653 2914 facturus,
1686 2870 1754 2906 nisi
1784 2881 1848 2922 ego
1880 2869 2122 2912 mandassem,
2155 2870 2222 2905 etsi
2251 2879 2331 2904 mea
2361 2880 2434 2905 non

1353 2921 1374 2952 6
1419 2916 1599 2959 interfuit,
1630 2919 1749 2951 tamen
1773 2919 1840 2950 erit
1862 2915 2022 2950 mandati
2045 2915 2150 2950 actio.
2197 2914 2305 2960 Apud
2330 2914 2436 2950 Iulia·
2502 2946 2505 2950 ,

1351 2973 1437 2997 num
1459 2961 1549 2997 libro
1573 2961 1678 2996 tertio
1703 2960 1838 2996 decimo
1864 2960 2079 3004 digestorum
2098 2960 2296 3005 quaeritur:
2322 2960 2354 2994 si
2374 2959 2435 2995 do-

1351 3007 1467 3042 minus
1498 3005 1642 3041 iusserit
1672 3009 1940 3050 procuratorem
1965 3016 2068 3040 suum
2092 3008 2226 3040 certam
2248 3004 2437 3049 pecuniam

1351 3061 1491 3087 sumere
1515 3055 1551 3086 et
1571 3050 1758 3086 faenerare
1779 3050 1938 3095 periculo
1964 3060 2028 3085 suo
2052 3050 2123 3093 ita,
2146 3054 2188 3084 ut
2211 3053 2326 3084 certas
2349 3059 2435 3084 usu—

1351 3107 1410 3132 ras
1434 3095 1575 3132 domino
1608 3095 1780 3140 penderet
1809 3095 2015 3138 dumtaxat,
2046 3095 2078 3130 si
2107 3094 2220 3140 pluris
2250 3093 2437 3129 faenerare
2495 3134 2498 3136 v

1351 3141 1544 3187 potuisset,
1575 3140 1653 3185 ipse
1682 3140 1902 3183 lucraretur,
1933 3141 1970 3175 in
2002 3139 2172 3175 creditam
2184 3141 2213 3161 ¹⁰
2246 3138 2435 3184 pecuniam

1350 3186 1505 3228 videtur,
1529 3185 1662 3238 inquit,
1687 3185 1879 3231 accepisse.
1914 3185 2021 3230 plane
2044 3184 2074 3220 si
2098 3184 2253 3220 omnium
2276 3183 2434 3229 negotio-
2502 3223 2506 3228 ¹
2525 3228 2528 3229 ⁷

1349 3242 1428 3267 rum
1451 3234 1528 3267 erat
1551 3240 1583 3265 el
1606 3230 1863 3266 administratio
1887 3229 2074 3272 mandata,
2106 3228 2264 3264 mandati
2294 3239 2364 3274 quo
2390 3238 2435 3264 ue

1351 3286 1432 3312 eum
1462 3276 1592 3318 teneri,
1624 3274 1920 3320 quemadmodum
1944 3274 2034 3310 solet
2056 3273 2216 3309 mandati
2238 3273 2350 3309 teneri
2397 3283 2432 3308 e·

1351 3324 1369 3355 7
1416 3320 1528 3363 bitor,
1563 3320 1624 3373 qui
1654 3320 1839 3356 creditoris
1870 3319 1926 3355 sui
1958 3319 2099 3364 negotia
2128 3318 2247 3364 gessit.
2294 3318 2433 3353 Marius

1350 3365 1484 3401 Paulus
1540 3365 1660 3400 uidam
1691 3365 1913 3400 fideiusserat
1935 3374 2000 3409 pro
2024 3363 2081 3398 Da
2106 3363 2214 3399 hnide
2236 3363 2433 3399 mercedem

1349 3415 1478 3457 pactus
1502 3420 1522 3445 o
1573 3420 1674 3445 suam
1696 3409 1957 3445 fideiussionem
1981 3412 2016 3443 et
2039 3418 2082 3444 su
2126 3408 2267 3444 nomine
2286 3407 2431 3443 alterius

1349 3465 1394 3490 ex
1417 3459 1545 3491 eventu
1567 3455 1640 3491 litis
1664 3458 1807 3490 caverat
1829 3453 1898 3490 sibi
1921 3457 2055 3488 certam
2078 3452 2311 3499 quantitatem
2335 3452 2429 3487 dari:

1708 3569 1751 3610 (6)
1775 3566 1913 3600 dabitur
1923 3567 1977 3600 Γ*

1686 3614 1730 3655 (¹1)
1754 3611 1806 3645 vel
1819 3622 1993 3645 aureorum
2006 3613 2084 3646 add.
2097 3611 2150 3645 F’

1709 3659 1753 3700 (9)
1778 3667 1874 3690 suum
1887 3658 1946 3691 im.
2040 3658 2099 3699 (ιο)
2124 3656 2287 3689 creditum
2300 3656 2372 3689 edd.

1351 3579 1528 3601 aureorum
1540 3567 1593 3602 F’
2103 3568 2148 3608 (6)
2172 3577 2233 3599 nec
2247 3565 2377 3607 melior]
2387 3575 2429 3598 ne

1351 3613 1498 3646 deterior
1508 3625 1570 3647 scr.

2271 3612 2316 3653 (s)
2340 3621 2428 3643 sum·
2496 3621 2502 3625 »
2524 3617 2528 3623 ·
