2528 3918
0 0 400 71 ΓΤΨΤ--Ἆνην

0 70 9 80 *¹
32 69 34 71 ,

99 131 154 184 nr
180 153 659 188 nnuons'rim'rlomncs

146 266 197 307 14
219 267 449 305 Poupomvs
476 269 566 315 libro
597 270 722 305 octavo
755 267 805 304 ad
826 267 999 304 Sabinum
1055 268 1183 304 ‘Titius

98 315 140 351 ‘si
172 316 310 350 statuas
343 314 382 350 in
415 313 607 360 municipio
644 313 823 359 posuerit,
863 314 967 349 heres
998 314 1100 350 esto'.
1154 313 1185 349 si

121 363 241 395 aratus
266 363 321 395 est
342 370 495 405 ponere,
527 359 590 395 sed
619 358 721 394 locus
749 370 772 394 a
795 359 1032 404 municipibus
1056 359 1090 395 ei
1113 370 1185 395 non

121 409 220 447 atur,
261 404 415 440 Sabinus
447 405 622 440 Proculus
657 404 822 440 heredem
857 414 939 439 eum
970 404 1047 440 fore
1082 407 1117 440 et
1147 404 1185 439 in

96 451 209 495 legato
233 449 325 485 idem
349 449 436 485 iuris
459 460 538 485 esse
563 449 697 484 dicunt.

144 493 193 532 15
207 495 217 515 ¹
250 494 444 530 ULPIANUS
461 495 552 530 libro
571 495 754 540 triqesz‘mo
775 495 926 540 quz’nt02
946 495 996 530 ad
1008 494 1183 531 Sabinum

98 539 162 577 Cui
185 539 294 575 fuerit
316 540 388 575 sub
408 539 478 575 hac
502 539 709 575 condicione
732 539 889 584 legatum
919 540 961 576 ‘si
990 540 1028 575 in
1050 540 1185 575 familia

96 585 309 630 ‘nupsisset',
351 584 492 620 videtur
529 584 675 630 impleta
713 585 875 621 condicio
916 586 1038 624 statim
1077 589 1184 630 atque

95 631 203 666 ducta
225 633 281 666 est
303 641 405 673 uxor,
431 630 589 676 quamvis
613 629 771 668 nondum
788 630 827 666 in
843 630 1047 666 cubiculum
1066 630 1185 665 mariti

94 675 247 755 venetrin·
284 675 428 719 nuptias
458 675 552 711 enim
575 685 649 710 non
673 676 904 719 concubitus,
938 676 1002 712 sed
1034 686 1184 712 consen-

93 732 154 758 sus
193 724 276 756 acit.

140 763 192 804 16
219 765 343 802 Gaas
363 765 455 801 libro
470 765 595 812 primo
627 764 672 800 de
702 766 923 801 testamentis
954 766 1004 801 ad
1029 765 1183 802 edictum

89 812 273 859 praetoris
317 811 360 846 In
383 811 459 853 his,
492 820 583 855 quae
615 813 718 846 extra
747 813 1001 846 testamentum
1023 811 1184 847 incurre-

92 860 182 899 rent,
206 859 360 902 possunt
381 866 439 891 res
464 866 509 891 ex
532 856 627 892 bono
656 859 691 891 et
715 865 830 900 aequo
855 857 1184 902 interpretationem

93 912 238 948 capere:
264 912 308 938 ea
331 912 434 944 vero,
459 911 551 946 quae
574 911 618 937 ex
640 901 721 953 ipso
744 904 958 937 testamento
985 906 1182 945 orerentur,

91 958 236 984 necesse
256 951 312 983 est
331 946 525 983 secundum
546 947 694 992 script1³
711 946 799 981 iuris
819 948 994 983 rationem
1011 947 1182 993 expediri.

139 991 190 1030 17
214 992 321 1028 IDEM
337 992 428 1028 libro
449 993 607 1027 secundo
628 992 673 1027 de
691 992 821 1038 leqatz's
839 993 889 1027 ad
907 994 1059 1028 edictum
1068 1003 1182 1047 prae-

92 1039 182 1074 toris
226 1037 493 1074 Demonstratio
519 1037 635 1072 falsa⁴
659 1040 724 1079 est,
749 1037 858 1072 veluti
882 1038 913 1073 si
935 1038 987 1073 ita
1010 1041 1184 1083 scriptum

91 1084 156 1120 sit:
192 1086 344 1119 ‘servum
367 1082 546 1124 Stichum,
578 1093 684 1128 quem
716 1082 759 1118 de
784 1083 879 1119 Titio
910 1084 989 1118 emi'
1023 1083 1183 1119 ‘fundum

91 1129 363 1171 ‘Tusculanum,
393 1129 455 1173 qui
478 1127 565 1163 mihi
589 1139 612 1163 a
635 1127 716 1163 Seio
741 1127 894 1164 donatus
919 1129 997 1164 est’.
1044 1139 1127 1164 nam
1152 1129 1183 1164 si

91 1178 242 1218 constat,
267 1174 311 1210 de
336 1184 406 1219 quo
430 1174 582 1217 homine,
608 1173 652 1208 de
675 1184 746 1218 quo
770 1173 882 1210 fundo
902 1174 1053 1210 senserit
1071 1177 1181 1210 testa-

89 1224 158 1263 tor,
182 1219 229 1256 ad
251 1229 326 1255 rem
349 1230 422 1254 non
444 1219 609 1264 pertinet,
641 1219 672 1254 si
694 1219 738 1261 is,
771 1229 875 1264 quem
900 1220 1050 1255 emisse⁵
1073 1219 1182 1264 signi-

89 1265 228 1306 ficavit,
260 1265 413 1300 donatus
445 1267 557 1307 esset,
589 1268 652 1299 aut
681 1275 786 1310 quem
816 1264 988 1300 donatum
1011 1265 1080 1301 sibi
1103 1274 1182 1300 esse

94 1314 107 1345 1
157 1310 419 1356 significaverat
428 1310 453 1352 θ,
494 1309 629 1345 emerit.
684 1310 799 1354 Igitur
837 1314 874 1346 et
908 1312 939 1347 si
973 1311 1025 1346 ita
1059 1321 1181 1346 servus

88 1356 227 1401 legatus
250 1356 314 1391 sit:
340 1355 513 1391 ‘Stichum
538 1355 687 1398 cocum’,
714 1355 888 1391 ‘Stichum
911 1359 1069 1392 sutorem
1086 1356 1181 1392 Titio

90 1402 203 1446 ‘lego’,
234 1401 319 1436 licet
341 1410 455 1446 neque
479 1411 588 1436 cocus
612 1411 728 1445 neque
752 1405 853 1436 sutor
876 1402 943 1444 sit,
976 1401 1023 1437 ad
1045 1402 1180 1447 legata-

88 1447 179 1482 rium
208 1446 419 1492 pertinebit,
455 1445 486 1481 si
518 1445 563 1481 de
594 1456 635 1481 eo
666 1446 819 1482 sensisse
851 1450 1060 1482 testatorem
1093 1458 1178 1482 con-

90 1492 224 1528 veniat:
264 1502 346 1526 nam
384 1494 421 1526 et
456 1491 487 1526 si
517 1491 555 1525 in
583 1501 739 1536 persona
768 1492 931 1536 legatarii
962 1492 1182 1537 designanda

89 1537 225 1583 aliquid
252 1540 411 1572 erratum
441 1535 567 1579 fuerit,
608 1540 751 1572 constat
787 1541 926 1580 autem,
967 1538 1026 1573 cui
1060 1538 1181 1583 legare

88 1583 256 1626 voluerit,
295 1582 444 1627 perinde
478 1582 573 1617 valet
608 1582 763 1626 legatum
795 1593 838 1618 ac
869 1583 901 1619 si
929 1583 1049 1619 nullus
1081 1594 1181 1619 error

88 1631 108 1663 2
154 1628 392 1664 interveniret.
440 1627 544 1672 Quod
574 1631 694 1663 autem
724 1627 812 1663 iuris
844 1632 900 1664 est
927 1628 966 1664 in
997 1628 1090 1665 falsa
1119 1629 1180 1665 de-

87 1673 360 1717 monstratione,
390 1672 460 1708 hoc
489 1673 544 1708 vel
568 1673 679 1717 magis
705 1677 759 1709 est
781 1674 819 1708 in
844 1674 937 1710 falsa
961 1685 1089 1718 causa,
1120 1685 1179 1709 ve-

25 1748 28 1751 .
87 1719 153 1755 luti
173 1719 226 1754 ita
249 1718 356 1754 ‘Titio
380 1717 531 1753 fundum
555 1718 617 1761 do,
642 1718 727 1764 quia
749 1720 893 1764 negotia
916 1730 995 1755 mea
1020 1720 1180 1764 curavit',

86 1765 171 1801 item
189 1764 352 1800 ‘fundum
369 1763 486 1799 Titius
505 1762 600 1799 filius
619 1774 719 1799 meus
738 1765 948 1810 praecipito,
970 1766 1054 1818 quia
1069 1765 1182 1801 frater

87 1810 176 1846 ‘eius
206 1811 284 1855 ipse
316 1820 361 1845 ex
393 1819 480 1844 arca
509 1812 566 1844 tot
596 1819 725 1845 aureos
755 1811 938 1855 sumpsit':
970 1811 1055 1847 hcet
1086 1811 1180 1847 enim

87 1855 198 1891 frater
229 1855 336 1891 huius
367 1854 556 1900 pecuniam
589 1865 634 1890 ex
663 1865 751 1890 arca
781 1867 853 1891 non
885 1857 1054 1901 sumpsit,
1094 1857 1180 1892 utile

87 1904 106 1936 3
153 1901 310 1946 legatum
342 1903 407 1935 est.
460 1900 510 1934 At
539 1900 570 1935 si
602 1900 897 1936 condicionaliter
928 1905 1104 1947 concepta
1134 1902 1183 1937 sit

88 1956 207 1988 causa,
231 1945 341 1981 veluti
364 1946 433 1981 hoc
457 1945 581 1980 modo:
608 1945 725 1989 ‘Titio‚
751 1946 782 1981 si
805 1946 949 1991 negotia
971 1957 1051 1983 mea
1076 1958 1180 1982 cura-

86 1992 167 2034 ‘vit,
198 1991 349 2026 fundum
373 1991 449 2026 do’:
484 1991 611 2026 ‘Titius
635 1990 729 2026 filius
754 2002 873 2035 meus,
907 1993 936 2027 si
967 1992 1080 2027 frater
1104 1993 1180 2028 eius

86 2040 241 2072 ‘centum
276 2047 322 2072 ex
351 2046 438 2071 arca
470 2036 637 2080 sumpsit,
675 2036 827 2072 fundum
862 2038 1086 2083 praecipito’‚
1128 2038 1180 2073 ita

86 2083 170 2118 utile
194 2082 263 2118 erit
285 2082 459 2126 legatum,
490 2082 521 2117 si
545 2086 580 2116 et
602 2082 661 2117 ille
685 2083 829 2126 negotia
853 2083 990 2118 curavit
1014 2087 1050 2119 et
1073 2084 1179 2120 huius

85 2132 106 2163 4
152 2127 264 2163 frater
295 2131 438 2163 eentum
469 2137 515 2162 ex
546 2137 631 2162 arca
662 2128 823 2180 sumpsit.
873 2128 977 2172 Quod
1005 2129 1037 2164 si
1062 2129 1120 2165 eui
1142 2129 1180 2164 in

85 2174 154 2209 hoc
177 2173 334 2218 legatum
358 2172 414 2214 sit,
442 2176 483 2206 ut
506 2183 551 2208 ex
575 2182 617 2208 eo
642 2172 777 2218 aliquid
800 2173 945 2217 faceret,
971 2174 1081 2209 veluti
1103 2185 1178 2210 mo-

85 2223 292 2254 numentum
314 2218 479 2253 testatori
502 2217 558 2253 vel
581 2228 671 2263 opus
696 2222 758 2254 aut
776 2219 921 2271 epulum
940 2219 1179 2265 municipibus

84 2264 255 2306 faceret⁷‚
288 2263 344 2298 vel
374 2273 419 2299 ex
451 2273 493 2298 eo
525 2266 565 2298 ut
592 2267 733 2308 partem
763 2264 824 2299 ahi
854 2264 1078 2301 restitueret:
1111 2266 1179 2302 sub

85 2309 189 2345 modo
213 2308 370 2353 legatum
394 2307 546 2344 videtur.

132 2351 183 2392 18
207 2354 314 2390 IDEM
343 2354 434 2389 libro
467 2358 592 2389 octavo
619 2353 756 2390 decimo
781 2354 832 2390 ad
854 2355 1009 2391 edictum
1026 2357 1180 2403 provin-

85 2400 176 2435 ciale
231 2399 285 2442 Is,
327 2398 386 2434 cui
417 2399 484 2434 sub
515 2398 725 2435 condicione
755 2410 829 2435 non
859 2400 1014 2436 faciendi
1044 2402 1180 2447 aliquid

84 2446 247 2481 relictum
281 2449 353 2489 est,
386 2444 420 2480 ei
451 2444 587 2480 scilicet
619 2455 744 2480 cavere
769 2445 874 2481 debet
897 2447 1069 2482 Muciana
1093 2458 1178 2483 cau-

83 2490 190 2534 tione,
215 2489 262 2525 ad
286 2500 391 2535 quem
414 2490 491 2525 iure
517 2490 620 2532 civili,
645 2490 831 2526 deficiente
856 2492 1076 2536 condicione,
1108 2493 1179 2528 hoc

83 2536 240 2580 legatum
265 2546 348 2570 eave
371 2535 550 2570 hereditas
574 2536 753 2580 pertinere
773 2540 904 2582 potest.

132 2578 183 2618 19
215 2580 410 2616 Urmzws
430 2581 520 2616 libro
546 2581 672 2626 quinto
697 2581 984 2628 disputationum
1031 2583 1074 2618 In
1092 2594 1177 2619 con-

84 2625 283 2662 dicionibus
312 2625 466 2671 primum
497 2625 617 2660 locum
647 2626 813 2662 volunt-as
846 2627 1007 2664 defuncti
1040 2629 1179 2681 optinet

84 2682 195 2716 eaque
217 2670 310 2715 regit
334 2671 572 2706 condiciones.
610 2671 762 2716 denique
787 2676 822 2706 et
844 2673 882 2707 in
903 2683 946 2708 ea
966 2674 1178 2709 condicione

85 2717 149 2752 ‘si‘⁵
172 2716 247 2752 filia
269 2726 349 2751 mea
369 2727 450 2751 cum
468 2716 562 2751 Titio
587 2720 702 2761 nupta
725 2717 802 2752 erit’
826 2718 966 2762 placuit
987 2729 1061 2754 non
1084 2729 1176 2755 sem-

84 2772 148 2807 per
177 2762 302 2797 mortis
333 2765 475 2806 tempus
508 2762 708 2804 observari,
747 2762 811 2798 sed
841 2763 1025 2799 voluntate
1054 2767 1176 2809 patro-

90 2811 102 2842 l
152 2808 294 2843 cinante
316 2807 455 2842 tardius
480 2806 642 2851 produci.
690 2807 789 2843 Haec
821 2809 1001 2853 scriptura
1030 2811 1072 2844 ‘si
1097 2809 1176 2844 Pri·

85 2855 173 2888 ‘mus
202 2853 306 2887 heres
338 2852 420 2895 erit,
453 2851 602 2888 damnas
635 2855 713 2888 esto
743 2853 839 2888 dare’
870 2864 935 2898 pro
967 2854 1176 2890 condicione

84 2908 155 2933 non
177 2903 233 2933 est
256 2897 483 2943 accipienda:
518 2898 629 2942 magis
660 2898 753 2933 enim
785 2899 1041 2934 demonstravit
1064 2903 1175 2934 testa-

84 2947 158 2986 tor,
199 2942 341 2995 quando
372 2943 527 2987 legatum
559 2942 752 2986 debeatur,
791 2954 899 2989 quam
931 2944 1175 2980 condicionem

84 2988 250 3024 insermt:
286 2988 355 3023 nisi
390 2987 484 3023 forte
518 2989 588 3023 hoc
622 2989 740 3024 animo
775 2989 894 3024 fuerat
926 2993 1095 3032 testator,
1135 2994 1177 3025 ut

86 3033 219 3069 faceret
242 3033 497 3068 condicionem.
532 3033 682 3078 proinde
705 3045 772 3069 nec
791 3034 880 3069 illud
901 3034 1089 3070 dicendum
1110 3035 1176 3070 erit

86 3080 203 3114 facere
235 3078 498 3114 condicionem:
536 3084 545 3097 ‘
571 3078 721 3124 uidquid
751 3080 836 3114 mihi
865 3080 1002 3124 Ephesi
1033 3084 1176 3125 oportet

86 3123 184 3166 ‘dari,
207 3123 276 3159 hoc
301 3123 346 3159 do
370 3123 474 3168 lego'.
509 3133 547 3158 se
596 3124 628 3159 si
650 3125 702 3159 sic
725 3124 835 3169 leget:
863 3126 906 3160 ‘si
923 3125 1065 3160 Primus
1090 3126 1175 3160 mihi

85 3168 200 3204 ‘heres
222 3179 295 3203 non
318 3168 404 3211 erit,
429 3168 577 3204 damnas
603 3172 679 3204 esto
705 3169 891 3205 Secundus
916 3170 1011 3206 dare’
1036 3174 1072 3205 et
1094 3170 1174 3205 Pri·

86 3223 163 3247 mus
185 3213 289 3248 heres
313 3213 465 3257 exstitit,
498 3214 653 3258 legatum
682 3225 755 3250 non
778 3215 982 3251 debebitur:
1018 3216 1071 3251 ⁹si
1095 3215 1173 3251 Pri-

86 3268 163 3293 mus
187 3257 314 3292 adierit
337 3269 418 3294 cum
435 3258 612 3301 Secundo,
636 3271 709 3295 non
730 3260 908 3296 exstitisse
929 3260 1174 3296 condicionem

85 3307 104 3337 2
152 3313 375 3348 nequaquam
399 3304 647 3349 ambigendum
672 3308 737 3340 est.
785 3305 823 3340 Si
849 3309 1023 3350 patronus
1049 3310 1175 3342 contra

85 3347 226 3383 tabulas
258 3348 432 3383 bonorum
461 3350 689 3394 possessione
720 3353 870 3395 accepta
900 3350 1056 3386 debitam
1087 3362 1172 3396 por-

84 3394 215 3428 tionem
239 3397 409 3438 occupet,
433 3394 551 3438 legata
575 3405 666 3439 quae
691 3395 743 3431 sic
768 3396 853 3430 data
875 3399 960 3431 sunt
984 3397 1026 3431 ‘si
1049 3400 1171 3441 patro-

83 3439 163 3474 ‘nus
186 3438 290 3473 heres
314 3448 387 3490 non
410 3438 486 3474 erit’
509 3450 583 3475 non
606 3440 713 3476 debet
736 3440 884 3476 coheres
906 3442 1049 3486 patroni
1067 3452 1173 3487 prae-

86 3486 104 3517 3
153 3486 259 3518 stare.
307 3482 345 3518 S1
373 3492 397 3518 a
418 3482 536 3520 Primo
564 3484 618 3520 ita
645 3485 803 3530 legatum
833 3489 889 3522 est
919 3486 961 3523 ‘si
985 3486 1171 3523 Secundus

87 3599 126 3642 (1)
149 3600 248 3632 ===D.
260 3600 414 3642 5o,1·1‚3o
469 3599 512 3640 (2)
536 3598 706 3642 trigesimo
719 3601 810 3632 sexto
825 3600 844 3633 l.
858 3613 940 3644 yem.
996 3602 1037 3640 (3)
1062 3600 1171 3632 stricti

87 3656 154 3678 cum
167 3645 201 3677 B
212 3656 274 3677 scr.
380 3645 423 3685 (4)
448 3653 510 3686 pro
521 3654 590 3677 non
601 3645 725 3687 scripta
736 3646 796 3678 ins.
899 3647 942 3687 (5)
965 3655 1000 3677 se
1012 3646 1063 3679 ins
1087 3646 1170 3678 Hal.

87 3689 131 3731 (6)
154 3688 391 3731 significaverit
402 3688 454 3722 F²
590 3691 632 3728 (7)
655 3689 779 3723 faceret
792 3691 853 3723 del.
993 3690 1037 3732 (8)
1062 3690 1091 3723 si
1109 3691 1170 3723 del.

88 3739 130 3774 (9)
154 3733 260 3776 igitur
272 3735 330 3768 ins.
455 3733 515 3775 (ιο)
540 3734 582 3774 cfi
596 3734 641 3767 D.
656 3735 711 3777 50,
723 3741 768 3776 17,
780 3742 830 3769 161
951 3734 1005 3776 (11)
1028 3745 1097 3767 non
1109 3737 1169 3778 ins.

88 3779 257 3813 secundum
270 3779 291 3813 l.
303 3791 383 3824 yem-
487 3779 545 3820 (12)
569 3779 686 3823 supple
698 3779 745 3813 ita
746 3780 824 3823 fere
832 3792 845 3813 .·
869 3789 972 3822 quare
982 3779 1012 3812 si
1023 3779 1112 3823 [quis
1123 3780 1172 3812 ita

1169 140 1253 190 499

2120 145 2287 189 XXXV
2320 149 2339 188 1

1253 266 1367 302 ‘heres
1398 278 1471 304 non
1504 267 1586 311 erit,
1621 267 1743 312 viginti
1778 268 1873 304 Titio
1906 268 2013 312 dato',
2050 267 2155 304 simili
2184 268 2290 305 modo
2323 278 2346 304 a

1254 312 1419 348 Secundo
1457 313 1571 349 eidem
1607 312 1701 348 Titio
1736 313 1788 347 ita
1822 314 1978 358 legatum
2014 317 2087 350 est:
2128 313 2171 350 ‘si
2202 314 2345 350 Primus

1253 358 1370 393 ‘heres
1400 369 1474 394 non
1504 358 1582 394 erit'
1616 361 1652 393 et
1680 358 1785 393 ambo
1815 358 1964 394 heredes
1989 359 2204 403 exstiterint,
2236 359 2346 405 legati

1254 402 1417 439 condicio
1448 403 1608 440 deficiet:
1638 403 1670 438 si
1693 403 1785 438 alter
1808 403 1910 438 heres
1935 404 2086 447 exstitit,
2119 405 2211 441 alter
2239 405 2345 441 heres

1253 459 1325 483 non
1348 449 1497 492 exstitit,
1521 449 1676 494 legatum
1700 448 1899 484 debebitur.

1299 491 1352 530 20
1387 494 1629 530 Mammam
1667 494 1769 540 apud
1805 493 2010 530 IULIANUM
2046 494 2136 531 libro
2177 496 2344 532 vicesimo

1252 539 1404 585 septimo
1428 540 1648 586 diqescorum
1672 541 1775 574 notat
1819 538 1903 575 Non
1926 538 2140 584 dubitamus,
2165 541 2250 586 quin
2269 545 2344 576 tur-

1252 594 1317 629 pes
1349 584 1578 620 condiciones
1610 583 1844 620 remittendae
1875 588 1977 619 sunt:
2017 596 2086 629 quo
2122 586 2161 621 in
2196 596 2344 622 numero

1253 629 1392 674 plerum
1417 640 1463 665 ue
1488 633 1573 665 sunt
1597 630 1703 665 etiam
1725 629 1968 665 iurisiurandi.

1300 672 1350 711 21
1414 684 1580 711 ULIANUS
1613 675 1705 711 libro
1742 675 1926 722 triqesimo
1962 675 2084 721 primo
2124 676 2345 723 diqestorum

1252 719 1407 755 Multum
1438 720 1608 763 interest,
1640 719 1801 756 condicio
1825 719 1915 755 facti
1938 729 1985 754 an
2007 720 2094 756 iuris
2118 725 2229 758 esset:
2262 733 2345 758 nam

1253 765 1456 800 huiusmodi
1487 765 1715 801 condiciones
1747 765 1790 800 ‘si
1812 765 1913 800 navis
1939 775 1985 800 ex
2007 765 2096 800 Asia
2124 767 2270 802 venerit'
2303 768 2346 804 ‘si

1254 810 1383 845 ‘Titius
1409 811 1536 846 consul
1559 810 1677 846 factus
1707 811 1797 853 erit',
1830 810 1989 856 quamvis
2020 810 2187 856 impletae
2215 817 2344 857 essent,

1252 855 1446 900 impedient
1459 856 1626 891 heredem
1641 856 1737 891 circa
1749 855 1951 892 adeundam
1963 856 2207 900 hereditatem,
2222 869 2344 903 quam-

1253 900 1315 935 diu
1345 900 1528 945 ignoraret
1558 911 1618 936 eas
1650 902 1816 946 impletas
1849 911 1947 937 esse:
1980 911 2072 946 quae
2095 912 2178 938 vero
2202 913 2247 938 ex
2269 904 2346 940 iure

1251 945 1413 988 venient,
1443 946 1483 981 in
1514 946 1570 982 his
1601 947 1690 982 nihil
1721 946 1874 992 amplius
1907 946 2135 991 exigendum,
2168 958 2274 993 quam
2305 953 2346 984 ut

1251 991 1419 1036 impletae
1438 992 1521 1028 sint.
1557 992 1668 1028 veluti
1691 992 1722 1027 si
1747 993 1826 1045 quis
1851 1002 1889 1028 se
1912 991 2025 1027 filium
2048 992 2201 1029 familias
2225 994 2346 1030 existi-

1251 1040 1336 1080 mat,
1362 1047 1445 1072 cum
1467 1038 1515 1073 sit
1537 1041 1641 1083 pater
1661 1037 1834 1080 famihas,
1865 1037 1998 1083 poterit
2026 1038 2214 1082 adquirere
2243 1040 2344 1075 here-

1252 1081 1418 1118 ditatem:
1443 1093 1554 1128 quare
1571 1086 1606 1119 et
1622 1093 1666 1119 ex
1680 1086 1785 1128 parte
1799 1083 1905 1118 heres
1920 1083 2094 1128 scriptus,
2119 1083 2207 1128 quii
2256 1089 2346 1128 orat,

1251 1137 1298 1162 an
1322 1128 1470 1164 tabulae
1492 1129 1697 1164 testamenti
1719 1132 1867 1174 apertae
1886 1127 1968 1171 sint,
1993 1128 2094 1164 adire
2111 1129 2198 1165 here
2227 1130 2345 1166 'tatem

1278 1174 1396 1209 oterit.

1250 1183 1274 1218 P
1298 1216 1352 1256 22
1376 1219 1484 1254 IDEM
1504 1219 1595 1255 libro
1620 1219 1804 1266 trz’yesz'mo
1828 1220 1954 1266 quinto
1979 1219 2201 1266 diqestorum
2250 1220 2345 1265 Quo-

1250 1264 1342 1300 tiens
1366 1265 1434 1300 sub
1460 1264 1670 1300 condicione
1693 1264 1832 1300 mulieri
1854 1265 1994 1318 legatur
2019 1265 2062 1300 ‘si
2080 1275 2152 1300 non
2172 1266 2345 1311 nupserit’

1252 1314 1287 1344 et
1318 1310 1478 1346 eiusdem
1506 1310 1591 1346 fidei
1624 1310 1851 1346 commissum
1880 1314 1943 1353 sit,
1977 1314 2018 1345 ut
2041 1310 2137 1346 Titio
2167 1312 2346 1355 restituat,

1251 1356 1281 1391 si
1305 1356 1437 1398 nubat,
1463 1355 1648 1391 commode
1672 1355 1844 1391 statuitur
1868 1359 1903 1391 et
1926 1355 1958 1392 si
1981 1356 2161 1401 nupserit,
2190 1356 2347 1402 legatum

1251 1411 1330 1453 eam
1358 1405 1481 1446 petere
1509 1412 1617 1447 posse
1652 1404 1689 1437 et
1718 1412 1792 1437 non
1823 1411 1902 1437 esse
1934 1401 2129 1446 cogendam
2162 1401 2346 1438 fideicom-

1250 1457 1397 1481 missum
1419 1451 1618 1492 praestare.

1296 1489 1349 1529 23
1388 1491 1497 1528 IDEM
1529 1493 1622 1528 libro
1660 1492 1941 1539 quadrayesz'mo
1980 1493 2084 1527 tertio
2125 1492 2346 1538 diqestorum

1250 1537 1320 1581 Qui
1344 1537 1486 1573 duobus
1509 1537 1701 1573 heredibus
1726 1538 1848 1573 decem
1873 1538 1959 1573 dare
1983 1537 2103 1573 iussus
2127 1542 2182 1573 est
2206 1542 2242 1573 et
2262 1538 2345 1573 fun-

1251 1583 1335 1618 dum
1358 1584 1428 1618 sibi
1451 1584 1595 1627 habere,
1619 1584 1738 1618 verius
1762 1587 1828 1626 est,
1852 1587 1893 1618 ut
1918 1583 2163 1618 condicionem
2184 1583 2347 1619 scindere

1251 1639 1324 1664 non
1346 1629 1472 1673 possit,
1496 1640 1541 1664 ne
1562 1629 1669 1664 etiam
1686 1629 1842 1673 legatum
1862 1628 2058 1664 scindatur.
2094 1628 2203 1673 igitur
2222 1639 2345 1682 quam-

1250 1675 1303 1710 vis
1328 1675 1432 1709 alteri
1456 1674 1612 1720 quinque
1637 1674 1792 1718 dederit,
1824 1674 1958 1709 nullam
1981 1677 2121 1719 partem
2144 1674 2246 1709 fundi
2268 1674 2345 1709 vin-

1252 1719 1397 1761 dicabit,
1418 1720 1488 1755 nisi
1510 1720 1615 1755 alteri
1634 1730 1776 1765 quoque
1796 1719 1941 1755 adeunti
1959 1719 2192 1755 hereditatem
2209 1720 2347 1765 reliqua

1251 1765 1408 1810 quinque
1438 1766 1677 1801 numeraverit
1709 1769 1773 1800 aut
1802 1765 1864 1800 illo
1897 1765 2082 1801 omittente
2112 1765 2345 1801 hereditatem

1251 1811 1294 1853 ei,
1344 1811 1382 1845 ui
1405 1812 1503 1846 solus
1528 1810 1656 1846 adierit
1679 1810 1923 1852 hereditatem,
1948 1813 2027 1845 tota
2050 1809 2173 1846 decem
2197 1810 2344 1846 dederit.

1298 1853 1322 1892 2
1367 1858 1394 1877 ¹⁰
1416 1856 1525 1891 IDEM
1544 1856 1635 1892 libro
1660 1857 1959 1902 quinquayesz'mo
1981 1855 2106 1901 quinto
2124 1855 2346 1903 digestorum

1250 1901 1332 1937 Iure
1365 1901 1458 1937 civili
1488 1905 1674 1947 receptum
1706 1905 1777 1945 est,
1810 1901 1975 1946 quotiens
2008 1911 2075 1946 per
2106 1911 2206 1944 eum,
2243 1901 2345 1938 cuius

1249 1947 1400 1982 interest
1431 1947 1678 1983 condicionem
1692 1948 1717 1967 ¹¹
1749 1946 1907 1992 impleri,
1939 1946 1999 1989 fit,
2031 1957 2102 1991 quo
2130 1946 2248 1982 minus
2278 1947 2344 1982 im·
2388 1981 2390 1983 .

1276 1993 1410 2035 leatur,
1434 1995 1476 2027 ut
1497 1992 1646 2038 perinde
1669 1992 1865 2034 habeatur,
1890 2002 1933 2027 ac
1956 1991 1988 2027 si
2010 1991 2157 2037 impleta
2181 1991 2344 2028 condicio

1250 2003 1395 2074 {uissetz
1428 2037 1525 2082 quod
1554 2037 1716 2083 plerique
1748 2040 1784 2073 et
1813 2037 1860 2072 ad
1889 2037 2007 2081 legata
2038 2041 2075 2072 et
2106 2037 2153 2072 ad
2174 2037 2346 2073 heredum

1249 2083 1492 2119 institutiones
1523 2083 1781 2128 perduxerunt.
1832 2082 1962 2127 quibus
1994 2082 2163 2127 exemplis
2194 2083 2344 2128 stipula-

1248 2129 1364 2164 tiones
1382 2139 1524 2173 quoque
1543 2128 1716 2163 committi
1734 2127 1879 2173 quidam
1896 2131 1995 2163 recte
2011 2131 2239 2173 putaverunt,
2264 2139 2345 2164 cum

1248 2184 1314 2219 per
1363 2174 1591 2209 romissorem
1614 2173 1750 2209 factum
1774 2177 1887 2217 esset,
1916 2183 1988 2219 quo
2012 2173 2128 2209 minus
2152 2173 2346 2220 stipulator

1251 2230 1318 2255 con
1358 2219 1452 2255 cioni
1475 2222 1629 2265 pareret.

1295 2262 1348 2302 25
1373 2264 1482 2300 IDEM
1502 2265 1593 2301 libro
1617 2264 1847 2309 sexagesimo
1871 2275 1968 2300 nono
1992 2264 2214 2311 diqestorum
2255 2264 2343 2300 Cum

1248 2310 1301 2345 vir
1324 2310 1445 2353 uxori,
1471 2309 1686 2355 quandoque
1708 2310 1840 2345 liberos
1864 2309 2031 2353 habebit,
2062 2309 2214 2345 fundum
2236 2309 2343 2355 legat,

1249 2355 1279 2391 si
1302 2355 1431 2391 mulier
1454 2355 1605 2391 divortio
1629 2355 1729 2391 facto
1752 2355 1885 2391 liberos
1918 2365 1962 2390 ex
1994 2355 2063 2390 alio
2087 2356 2343 2400 procreaverit,

1250 2401 1376 2437 deinde
1409 2401 1525 2436 soluto
1557 2400 1716 2437 secundo
1740 2400 1965 2436 matrimonio
1990 2401 2036 2435 ad
2059 2400 2213 2445 priorem
2235 2401 2342 2436 mari-

1247 2450 1324 2481 tum
1349 2446 1512 2489 redierit,
1538 2457 1611 2482 non
1635 2446 1852 2490 intellegitur
1877 2446 2018 2491 expleta
2042 2446 2222 2490 condicio,
2247 2446 2343 2499 quod

1248 2495 1456 2527 testatorem
1487 2492 1676 2528 verisimile
1708 2502 1781 2527 non
1805 2494 1860 2527 est
1884 2491 1928 2526 de
1951 2492 2006 2526 his
2030 2491 2151 2527 liberis
2175 2501 2341 2535 senslsse,

1248 2538 1310 2582 qui
1334 2548 1373 2572 se
1395 2537 1473 2573 vivo
1498 2547 1544 2572 ex
1567 2537 1637 2572 alio
1662 2537 1822 2582 suscepti
1845 2535 2008 2572 fuissent.

1294 2580 1348 2620 26
1387 2582 1497 2618 IDEM
1535 2583 1628 2618 libro
1667 2582 1883 2628 occoqesimo
1922 2581 2080 2617 secundo
2120 2581 2341 2628 diqestorum

1246 2628 1347 2664 Haec
1379 2628 1558 2673 scriptura
1595 2627 1638 2663 ‘si
1676 2627 1796 2672 viginti
1836 2626 1973 2662 dederit
2009 2630 2073 2662 aut
2102 2627 2272 2662 iuraverit
2302 2638 2341 2664 se

1248 2673 1395 2718 ‘aliquid
1413 2673 1606 2708 facturum'
1625 2683 1734 2707 unam
1756 2672 2001 2707 condicionem
2021 2673 2187 2717 exprimit
2204 2673 2341 2709 haben-

1246 2722 1317 2753 tem
1342 2719 1431 2754 duas
1455 2722 1595 2764 partes:
1626 2728 1738 2763 quare
1762 2717 1794 2753 si
1817 2717 2031 2763 quicumque
2054 2717 2159 2754 heres
2184 2719 2340 2763 scriptus

1247 2764 1315 2799 erit
1327 2765 1355 2786 ¹2
1379 2764 1445 2799 sub
1468 2763 1676 2799 condicione
1701 2763 1742 2798 ‘si
1765 2763 1936 2798 iuraverit
1957 2773 1997 2798 se
2017 2762 2141 2798 decem
2160 2762 2339 2798 daturum'

1246 2814 1309 2844 aut
1342 2812 1619 2845 ‘monumentum
1652 2808 1857 2851 facturum’,
1895 2808 2054 2853 quamvis
2085 2808 2201 2844 verbis
2233 2808 2340 2844 edicti

1246 2855 1292 2889 ad
1322 2854 1555 2890 hereditatem
1578 2854 1634 2889 vel
1657 2854 1812 2898 legatum
1836 2853 2062 2898 admittatur,
2094 2857 2214 2889 tamen
2243 2865 2338 2890 com-

1244 2899 1390 2945 pellitur
1414 2899 1533 2935 facere
1556 2899 1594 2934 id
1618 2899 1714 2944 quod
1739 2898 1918 2934 facturum
1938 2909 1977 2935 se
2000 2899 2119 2934 iurare
2141 2899 2260 2935 iussus
2285 2903 2339 2934 est

1249 2948 1263 2979 1
1313 2945 1390 2980 solo
1421 2944 1650 2980 iureiurando
1682 2944 1842 2980 remisso.
1890 2943 1979 2980 Cum
2007 2944 2131 2980 eadem
2153 2955 2212 2980 res
2235 2945 2339 2980 alteri

1244 3000 1353 3035 pure,
1393 2990 1498 3024 alteri
1528 2989 1596 3025 sub
1630 2989 1839 3025 condicione
1869 2989 2009 3035 legatur
2040 2993 2104 3025 aut
2135 3000 2217 3025 cum
2248 2990 2338 3026 alter

1244 3045 1352 3080 pure,
1384 3035 1474 3070 alter
1505 3035 1573 3070 sub
1606 3034 1815 3070 condicione
1838 3035 1942 3071 heres
1966 3035 2123 3080 scriptus
2146 3039 2220 3078 est,
2251 3045 2336 3080 pars

1244 3080 1351 3124 legati
1382 3080 1437 3115 vel
1467 3079 1675 3115 hereditatis
1708 3079 1897 3115 deficiente
1928 3080 2138 3116 condicione
2160 3080 2338 3115 adcrescit

1244 3126 1350 3160 etiam
1380 3125 1505 3160 heredi
1536 3124 1631 3167 eius,
1673 3125 1732 3160 cui
1761 3135 1851 3170 pure
1882 3126 2038 3170 legatum
2068 3126 2124 3161 vel
2155 3125 2335 3161 hereditas

1244 3170 1329 3205 data
1354 3173 1418 3213 est,
1443 3170 1473 3206 si
1495 3173 1616 3205 tamen
1638 3170 1818 3206 hereditas
1843 3170 1920 3206 eius
1945 3171 2043 3206 adita
2066 3171 2184 3206 fuerit.

1289 3213 1342 3252 27
1374 3217 1558 3250 ALFENUS
1586 3215 1711 3251 VERUS
1737 3215 1828 3251 libro
1861 3217 1987 3261 quinto
2020 3216 2239 3262 diqestorum
2293 3214 2334 3249 In

1242 3264 1456 3296 testamento
1488 3259 1632 3305 quidam
1664 3260 1876 3305 scripserat,
1908 3265 1949 3296 ut
1977 3261 2046 3297 sibi
2069 3262 2333 3295 monumentum

1243 3306 1289 3341 ad
1313 3316 1413 3341 exem
1440 3306 1512 3340 lum
1537 3306 1630 3349 eiuS,
1663 3306 1760 3351 quod
1790 3306 1828 3341 in
1856 3306 1913 3341 via
1937 3306 2075 3341 Salaria
2099 3309 2192 3340 esset
2214 3304 2333 3339 Publii

1243 3351 1403 3396 Septimii
1463 3350 1608 3394 emetrii,
1632 3350 1752 3387 fieret:
1786 3351 1855 3387 nisi
1885 3351 2019 3386 factum
2044 3354 2153 3394 esset,
2183 3348 2332 3384 heredes

1242 3406 1370 3441 magna
1405 3395 1559 3440 pecunia
1589 3396 1741 3432 multare
1779 3400 1816 3432 et
1828 3397 1857 3418 ¹³
1889 3407 1969 3432 cum
1998 3395 2036 3431 id
2066 3397 2331 3430 monumentum

1241 3441 1360 3476 Publii
1390 3440 1549 3486 Septimii
1578 3440 1751 3477 Demetrii
1781 3441 1919 3477 nullum
1947 3451 1986 3476 re
2011 3439 2236 3485 pariebatur,
2267 3438 2332 3474 sed

1240 3486 1359 3522 Publii
1383 3485 1544 3531 Septimii
1566 3485 1705 3523 Damae
1729 3491 1816 3529 erat,
1842 3486 1889 3521 ad
1912 3496 1981 3532 quo
2032 3484 2231 3530 exemplum
2251 3494 2330 3519 sus-

1242 3600 1336 3633 heres
1354 3599 1498 3641 scriptus
1518 3602 1576 3642 est,
1596 3600 1638 3632 ad
1658 3600 1876 3633 hereditatem
1897 3598 2092 3630 admittetur
2110 3598 2170 3639 ita,
2189 3600 2228 3630 ut
2243 3608 2331 3630 com-

1240 3644 1387 3687 pellatur
1405 3647 1466 3676 aut
1483 3644 1606 3687 viginti
1626 3645 1704 3678 dare
1724 3647 1784 3677 aut
1805 3644 1914 3677 facere
1936 3643 1972 3675 id
1995 3643 2084 3684 quod
2105 3644 2273 3675 facturum
2296 3653 2331 3675 se

1240 3690 1353 3722 iurare
1380 3689 1489 3721 iussus
1512 3692 1570 3722 est.
1617 3690 1706 3732 nam]
1740 3689 1941 3731 quicumque
1971 3688 2065 3720 heres
2094 3688 2238 3731 scriptus
2266 3688 2331 3722 erit

1242 3737 1298 3776 (13)
1323 3733 1483 3767 multaret
1496 3747 1557 3769 scr.

1993 3830 2062 3875 63*
