2528 3918
675 735 735 794 IN
773 733 1002 795 NOMINE
1036 731 1253 794 DOMINI
1290 731 1504 794 NOSTRI
1540 730 1675 793 IESU
1712 731 1950 794 CHRISTI

398 877 689 914 IMPERATOR
732 875 922 912 CAESAR
956 874 1164 911 FLAVIUS
1208 873 1517 912 IUSTINIANUS
1557 873 1906 912 ALAMANNIOUS
1947 876 2187 915 GOTHIOUS

398 945 668 982 FRANCICUS
704 942 1020 980 GERMANICUS
1054 943 1263 981 ANTIGUS
1293 942 1534 979 ALANIOUS
1565 941 1876 980 VANDALICUS
1908 943 2183 983 AFRICANUS

456 1013 563 1050 PIUS
580 1012 731 1048 FELIX
750 1010 973 1049 INOLITUS
1004 1010 1185 1048 VICTOR
1201 1010 1263 1047 Ac
1283 1010 1638 1048 TRIUMPHATOR
1655 1010 1853 1047 SEMPER
1869 1011 2122 1050 AUGUSTUS

935 1079 1152 1117 GUPIDAE
1176 1079 1350 1116 LEGUM
1373 1078 1643 1116 IUVENTUTI

215 1194 481 1242 Imperatoriam
515 1195 733 1231 maiestatem
766 1205 838 1230 non
870 1193 985 1230 solum
1016 1192 1123 1229 armis
1148 1192 1254 1230 deco-

169 1245 305 1285 ratam,
336 1241 400 1277 sed
424 1241 531 1276 etiam
561 1241 697 1286 legibus
722 1242 865 1285 oportet
889 1249 967 1275 esse
991 1242 1183 1282 armatam,
1215 1242 1256 1274 ut

169 1290 360 1333 utrumque
390 1290 530 1332 tempus
562 1289 597 1321 et
627 1286 800 1321 bellorum
832 1287 867 1320 et
899 1284 1000 1337 pacis
1023 1287 1119 1336 recte
1142 1284 1257 1330 possit

168 1331 362 1379 gubernari
394 1334 430 1367 et
486 1331 627 1376 rinceps
660 1331 845 1367 Romanus
876 1332 989 1366 victor
1021 1332 1152 1365 crustat
1183 1341 1256 1366 non

169 1378 285 1414 solum
308 1377 346 1413 in
369 1376 462 1412 host·
480 1377 558 1412 ibus
582 1377 744 1422 proeliis,
769 1376 833 1411 sed
855 1375 962 1410 etiam
985 1385 1050 1420 per
1082 1375 1256 1420 legitimos

168 1423 328 1459 tramites
354 1422 645 1458 calumniantium
667 1422 891 1467 iniquitates¹
916 1420 1108 1466 expellens,
1134 1424 1169 1456 et
1192 1420 1258 1455 fiat

168 1472 243 1549 tzm
267 1468 354 1504 iuris
378 1467 660 1512 religiosissimus
686 1477 793 1513 quam
815 1466 918 1502 victis
942 1466 1106 1502 hostibus
1130 1466 1254 1501 trium-

221 1517 311 1550 ator.

168 1525 193 1595 I)
282 1559 440 1604 Quorum
463 1561 651 1604 utramque
681 1557 772 1593 viam
798 1568 879 1593 cum
903 1557 1048 1592 summis
1072 1556 1198 1602 vigiliis
1222 1560 1258 1592 et

169 1615 309 1641 summa
321 1603 570 1650 providentia2
593 1603 772 1638 adnuente
789 1603 854 1638 deo
899 1602 1096 1638 erfecimus.
1124 1605 1159 1637 et
1181 1602 1255 1638 bel-

166 1651 254 1686 licos
287 1649 428 1695 quidem
461 1648 610 1684 sudores
642 1651 782 1684 nostros
806 1648 874 1683 bar
900 1648 1019 1684 aricae
1066 1651 1164 1684 entes
1188 1648 1256 1683 sub

166 1696 250 1748 iuga
273 1698 396 1731 nostra
420 1693 595 1730 deductae
614 1697 836 1739 cognoscunt
856 1697 891 1729 et
909 1697 984 1728 tam
1051 1693 1126 1728 rica
1150 1703 1257 1739 quam

168 1741 260 1776 ahae
282 1740 558 1776 innumerosae³
590 1738 795 1784 provinciae
826 1742 911 1784 post
932 1742 1035 1774 tanta
1057 1741 1257 1784 temporum

167 1786 285 1832 spatia
307 1785 439 1821 nostris
470 1784 626 1821 victoriis
651 1794 672 1820 a
697 1784 843 1820 caelesti
874 1784 1019 1819 numine
1049 1784 1256 1830 praestitis⁴

166 1832 296 1867 iterum
328 1830 459 1867 dicioni
483 1829 669 1866 Romanae
703 1833 899 1875 nostroque
934 1829 1077 1865 additae
1107 1830 1255 1875 imperio

167 1879 424 1923 protestantur.
458 1885 580 1911 omnes
599 1886 683 1911 vero
707 1875 831 1920 populi
855 1874 988 1919 legibus
1012 1875 1084 1910 iam
1108 1885 1130 1910 a
1152 1875 1256 1911 nobis

167 1926 187 1958 2
233 1922 288 1958 vel
313 1921 547 1967 promulgatis
570 1921 626 1956 vel
650 1920 858 1966 compositis
882 1923 1062 1965 reguntur.
1101 1920 1150 1955 Et
1175 1931 1256 1956 cum

166 1967 428 2004 sacratissimas
453 1966 725 2002 constitutiones
758 1969 865 2001 antea
897 1965 1067 2002 confusas
1091 1966 1128 2001 in
1153 1966 1255 2001 lucu-

166 2013 299 2049 lentam
323 2012 498 2048 ereximus
523 2011 805 2054 consonantiam,
838 2015 925 2046 tunc
949 2015 1109 2047 nostram
1134 2015 1255 2047 exten-

168 2058 282 2094 dimus
307 2068 430 2094 curam
463 2060 498 2093 et
528 2057 575 2092 ad
605 2057 777 2092 immensa
800 2056 1012 2102 prudentiae
1042 2057 1172 2093 veteris
1195 2067 1255 2092 vo-

166 2103 312 2146 lumina,
337 2106 373 2138 et
397 2113 487 2148 opus
513 2102 573 2138 des
602 2106 739 2138 eratum
772 2102 874 2147 quasi
905 2112 970 2147 per
992 2101 1148 2137 medium
1172 2113 1255 2148 pro-

165 2149 316 2185 fundum
358 2152 483 2184 euntes
518 2158 581 2183 cae
596 2148 662 2183 esti
704 2147 827 2183 favore
870 2147 942 2182 iam
976 2147 1254 2193 adimplevimus.

166 2198 186 2230 3
238 2194 398 2240 Cumque
408 2194 477 2230 hoc
498 2193 564 2229 deo
576 2193 729 2246 propitio
742 2195 928 2239 peractum
950 2197 1014 2236 est,
1037 2193 1255 2229 Triboniano

166 2240 240 2276 viro
272 2238 460 2285 magnifico
492 2242 661 2284 magistro
694 2242 730 2274 et
754 2241 989 2284 exquaestore
1013 2238 1107 2273 sacri
1130 2238 1255 2284 palatii

166 2285 280 2321 nostri
299 2295 365 2321 nec
386 2294 459 2320 non
478 2283 676 2329 Theophilo
697 2286 732 2319 et
751 2283 934 2319 Dorotheo
954 2283 1039 2319 viris
1058 2283 1255 2319 illustribus

166 2330 464 2373 antecessoribus,
490 2339 642 2375 quorum
663 2329 837 2365 omnium⁵
861 2329 1056 2364 sollertiam
1081 2332 1116 2364 et
1138 2329 1255 2374 legum

166 2376 351 2412 scientiam
385 2378 422 2410 et
453 2374 549 2410 circa
580 2377 723 2410 nostras
754 2374 929 2410 iussiones
963 2374 1069 2410 fidem
1103 2374 1176 2410 iam
1211 2385 1255 2410 ex

166 2421 286 2458 multis
310 2431 430 2456 rerum
453 2420 670 2465 argumentis
694 2420 917 2466 accepimus,
943 2419 1149 2456 convocatis
1173 2430 1253 2465 spe-

167 2467 304 2502 cialiter
326 2465 582 2508 mandavimus,
605 2469 648 2500 ut
670 2469 796 2501 nostra
815 2465 1028 2501 auctoritate
1052 2465 1183 2501 nostris
1210 2476 1255 2501 ue

166 2511 391 2548 suasionibus
417 2513 635 2556 componant
657 2510 919 2546 institutiones:
950 2514 993 2546 ut
1023 2510 1131 2546 liceat
1153 2521 1196 2546 vo
1223 2511 1253 2546 is

165 2557 280 2603 prima
298 2557 414 2609 legum
434 2556 614 2591 cunabula
633 2566 706 2592 non
718 2556 763 2592 ab
778 2555 933 2601 antiquis
952 2555 1085 2591 fabulis
1105 2555 1252 2599 discere,

166 2602 229 2637 sed
263 2602 307 2637 ab
338 2601 511 2647 imperiali
542 2601 731 2646 splendore
765 2605 935 2646 appetere
970 2604 1007 2637 et
1040 2604 1114 2636 tam
1148 2611 1253 2637 aures

177 2718 219 2761 (1)
243 2719 291 2752 εἰσ
311 2718 396 2753 PW
411 2731 478 2752 cum
500 2720 542 2760 θ,
565 2719 778 2762 iniquitatem
799 2721 877 2754 BU
941 2739 944 2743 ·

177 2776 245 2798 cum
268 2764 309 2805 Θ,
333 2763 509 2806 diligentia
530 2765 607 2797 ΒΗ
726 2766 770 2809 (3)
793 2767 842 2800 sie
860 2766 927 2800 PE
945 2778 1013 2799 eum
1035 2765 1077 2807 Θ,
1099 2774 1254 2799 numero·

176 2819 230 2841 sae
251 2808 330 2842 BU
426 2810 471 2852 (4)
494 2809 671 2852 praestitae
691 2811 727 2844 Β
831 2810 875 2853 (5)
899 2812 947 2844 sic
974 2810 1101 2845 UPW⁶
1122 2822 1190 2843 cum
1212 2810 1254 2851 Θ,

1008 2720 1053 2762 (2)
1076 2721 1124 2754 sic
1143 2720 1210 2753 PE
1218 2719 1261 2754 W

1328 1203 1435 1239 quam
1459 1192 1599 1228 animae
1622 1195 1761 1228 vestrae
1787 1192 1871 1227 nihil
1895 1192 2019 1230 inutile
2042 1194 2200 1241 nihilque
2224 1206 2411 1243 perperam

1326 1239 1494 1285 positum,
1519 1238 1582 1274 sed
1606 1238 1702 1284 quod
1725 1238 1761 1273 in
1785 1238 1871 1284 ipsis
1894 1249 2014 1274 rerum
2034 1238 2173 1285 optinet
2199 1243 2414 1287 argumentis

1327 1284 1523 1330 accipiant:
1557 1287 1593 1320 et
1622 1283 1719 1329 quod
1748 1283 1784 1319 in
1808 1284 1927 1329 priore
1949 1287 2108 1330 tempore
2130 1285 2189 1322 vix
2220 1291 2304 1332 post
2327 1298 2414 1341 qua-

1327 1330 1549 1366 drienniumss
1579 1329 1757 1375 prioribus
1789 1329 2034 1374 contingebat,
2067 1333 2108 1371 ut
2130 1334 2217 1367 tunc
2241 1337 2414 1369 constitu-

1326 1376 1441 1411 tiones
1476 1375 1724 1420 imperatorias
1759 1375 1935 1419 legerent,
1971 1375 2041 1411 hoc
2071 1386 2134 1412 vos
2167 1387 2190 1412 a
2219 1378 2415 1423 primordio

1326 1421 1570 1466 ingrediamini
1604 1419 1700 1466 digni
1742 1422 1844 1455 tanto
1880 1420 2018 1456 honore
2050 1424 2153 1457 tanta
2178 1432 2223 1458 ne
2257 1425 2415 1469 reperti⁷

1325 1466 1518 1509 felicitate,
1549 1469 1591 1501 ut
1624 1470 1659 1501 et
1690 1465 1829 1500 initium
1860 1465 1960 1501 vobis
1993 1469 2029 1501 et
2052 1466 2133 1503 finis
2239 1479 2274 1503 m
2296 1469 2414 1505 erudi-

1327 1515 1348 1547 4
1394 1511 1502 1548 tionis
1538 1521 1560 1547 a
1593 1521 1681 1547 voce
1722 1510 1911 1556 principali
1943 1511 2127 1556 procedat.
2171 1478 2299 1559 e{guitur
2331 1518 2416 1561 post

1325 1557 1437 1593 libros
1462 1556 1718 1602 quinquaginta
1741 1556 1958 1602 digestorum
1982 1567 2046 1593 seu
2069 1558 2347 1604 pandectarum,
2378 1560 2415 1596 in

1327 1612 1417 1648 quos
1430 1612 1534 1638 omne
1545 1602 1601 1637 ius
1615 1602 1800 1647 antiquum
1814 1602 1984 1637 collatum
1996 1606 2052 1638 est
2072 1605 2175 1649 (quos
2186 1614 2252 1650 per
2263 1605 2414 1643 eundem

1325 1649 1439 1684 virum
1472 1647 1652 1684 excelsum
1675 1647 1933 1683 Tribonianum
1965 1658 2032 1683 nec
2063 1659 2136 1684 non
2160 1653 2298 1687 ceteros
2321 1651 2416 1688 viros

1326 1693 1481 1729 illustres
1495 1696 1530 1728 et
1548 1692 1823 1729 facundissimos
1845 1692 2090 1737 confecimus),
2108 1694 2146 1730 in
2165 1694 2232 1732 hos
2245 1699 2417 1742 quattuor

1326 1739 1436 1775 libros
1469 1738 1610 1774 easdem
1640 1738 1883 1774 institutiones
1914 1738 2040 1784 partiri
2070 1738 2256 1785 iussimus,
2279 1744 2322 1776 ut
2344 1741 2415 1778 sint

1327 1787 1346 1819 5
1393 1784 1504 1820 totius
1527 1784 1703 1829 legitimae
1726 1783 1897 1819 scientiae
1920 1783 2036 1829 prima
2056 1784 2239 1822 elementa.
2277 1785 2415 1867 Quibus

1326 1830 1480 1865 breviter
1511 1829 1710 1874 expositum
1743 1832 1798 1864 est
1837 1832 1873 1864 et
1904 1829 1999 1874 quod
2029 1832 2137 1866 antea
2169 1831 2290 1877 optine
2317 1835 2356 1868 at
2381 1836 2416 1869 et

1327 1875 1423 1920 quod
1454 1878 1582 1920 postea
1616 1874 1849 1910 desuetudine
1883 1875 2126 1911 inumbratum
2160 1876 2206 1912 ab
2241 1877 2414 1923 imperiali

1327 1923 1347 1956 6
1393 1920 1547 1956 remedio
1572 1920 1809 1955 illuminatum
1834 1923 1897 1955 est.
1943 1920 2040 1964 Quas
2065 1930 2110 1956 ex
2132 1921 2297 1958 omnibus
2321 1923 2412 1958 anti-

1327 1976 1478 2046 &uorum
1500 1965 1784 2001 institutionibus
1809 1969 1846 2000 et
1867 1965 2061 2012 praecipue
2085 1977 2129 2003 ex
2153 1968 2414 2004 commentariis

1361 2011 1408 2046 aii
1432 2011 1546 2046 nostri
1567 2014 1641 2046 tam
1664 2011 1929 2047 institutionum
1960 2021 2068 2057 quam
2097 2022 2218 2048 rerum
2249 2013 2414 2049 cottidia-

1326 2067 1454 2092 narum
1478 2056 1627 2102 aliisque
1650 2056 1770 2092 multis
1804 2056 2066 2093 commentariis
2091 2058 2308 2104 compositas
2333 2069 2410 2096 cum

1325 2105 1399 2138 tres
1431 2101 1607 2147 praedicti
1639 2102 1704 2138 viri
1735 2101 1931 2147 prudentes
1963 2102 2067 2138 nobis
2098 2103 2308 2148 optulerunt
2318 2104 2343 2148 ⁸,
2380 2108 2414 2140 et

1325 2147 1473 2192 legimus
1499 2151 1534 2183 et
1551 2147 1777 2193 cognovimus
1803 2150 1838 2183 ct
1857 2147 2102 2193 plenissimum
2113 2152 2317 2187 nostrarum
2329 2160 2413 2186 con-

1326 2193 1551 2228 stitutionum
1573 2193 1684 2228 robur
1709 2193 1758 2228 eis
1784 2192 2141 2229 accommodavimus.
2252 2218 2259 2223 -

1327 2241 1345 2273 7
1440 2237 1585 2274 Summa
1616 2238 1738 2283 itaque
1769 2248 1838 2283 ope
1870 2241 1905 2274 et
1936 2238 2048 2273 alacri
2079 2238 2199 2276 studio
2229 2239 2302 2278 has,
2319 2240 2414 2293 leges

1325 2286 1467 2319 nostras
1487 2283 1639 2328 accipite
1659 2287 1694 2318 et
1713 2286 1848 2319 vosmet
1866 2283 1879 2318 i
1905 2293 1963 2319 sos
1983 2283 2035 2319 sic
2057 2283 2214 2320 eruditos
2226 2280 2412 2330 ostendite,

1325 2331 1367 2364 ut
1397 2339 1479 2374 spes
1509 2339 1573 2364 vos
1608 2329 1848 2374 pulcherrima
1895 2331 1999 2364 oveat
2027 2331 2104 2365 toto
2126 2329 2282 2376 legitimo
2306 2341 2410 2384 opere

1324 2373 1483 2420 perfecto
1495 2384 1602 2419 posse
1614 2374 1719 2410 etiam
1731 2378 1891 2410 nostram
1909 2384 1984 2410 rem
1996 2374 2176 2420 publicam
2194 2375 2232 2412 in
2250 2377 2413 2422 partibus

1325 2420 1400 2456 eius
1424 2420 1524 2455 vobis
1550 2419 1735 2456 credendis
1749 2420 1765 2442 ⁹
1787 2420 1999 2466 gubernare.

1369 2465 1468 2501 Data
1498 2464 1686 2508 undecimo
1701 2466 1731 2487 ¹⁰
1759 2465 1931 2501 kalendas
1955 2464 2172 2502 Decembres
2207 2465 2412 2502 Constanti-

1321 2509 1444 2592 porppli
1475 2510 1618 2591 domimi»
1650 2515 1772 2549 nostro
1804 2513 2003 2550 Iustiniano
2046 2519 2220 2561 perpetuo
2255 2516 2414 2561 Augusto

1340 2565 1359 2591 e
1395 2567 1467 2592 lum
1491 2566 1602 2592 consu
1618 2566 1648 2592 e.

1323 2729 1453 2753 omnem
1477 2717 1584 2754 BW·
1717 2718 1763 2764 (6)
1784 2716 1876 2764 μετὰ
1899 2731 1922 2753 τ
1945 2719 2020 2762 ιετῆ
2046 2720 2077 2753 Θ

1322 2777 1381 2799 om·
1404 2764 1458 2797 B⁰
1478 2771 1591 2798 contra
1613 2765 1644 2798 Θ
1741 2765 1788 2807 (8)
1811 2766 1860 2798 sic
1882 2765 1919 2798 B

1321 2809 1368 2852 (9)
1391 2811 1439 2843 sic
1467 2809 1572 2851 VUP,
1597 2809 1794 2843 credendam
1814 2809 1851 2843 B

2208 2719 2255 2761 (Ἰ)
2279 2719 2402 2763 reperti

1976 2776 2045 2798 cum
2066 2764 2108 2806 θ,
2132 2764 2348 2798 contulerunt
2374 2764 2403 2798 V

1956 2810 2019 2852 (ιο)
2040 2810 2089 2843 εἰσ
2115 2809 2218 2850 VPE,
2240 2818 2263 2842 x
2282 2808 2364 2843 BU
