2528 3918
205 595 557 659 Iustinianarum
587 613 908 673 institutionum
942 612 1073 656 editio
1113 626 1224 669 quae

135 697 248 728 nunc
276 684 418 741 prodit
447 683 643 727 convenit
665 682 753 725 fere
779 695 873 724 cum
898 694 950 724 ea
971 694 1100 737 quam
1123 684 1224 724 ante

136 752 248 796 hunc
277 766 437 795 annum
468 751 626 795 curavi.
674 764 800 806 quam
833 749 1002 806 quidem
1026 749 1223 793 recensui

135 821 191 864 ad
230 821 485 877 optimorum
522 820 727 863 librorum
765 818 916 873 fidem,
968 831 1061 861 cum
1098 818 1224 860 Bam-

135 889 359 944 bergensis
403 893 446 932 et
487 887 769 931 Taurinensis
817 900 929 931 saec.
960 887 1024 929 IX
1061 887 1130 930 vel
1167 886 1221 942 X,

135 971 311 1013 quorum
341 958 415 1000 1116
444 957 610 1012 integer
640 960 718 1012 est,
750 955 820 998 hic
843 968 1002 1014 magna
1026 968 1080 998 ex
1102 958 1224 1010 parte

135 1026 273 1081 periit,
305 1030 393 1068 tum
423 1025 534 1080 legis
557 1026 778 1067 Romanae
802 1023 1006 1068 canonice
1030 1027 1224 1079 comptae

134 1107 245 1137 saec.
270 1093 353 1148 IX,
394 1106 504 1149 quae
534 1094 631 1148 plus
662 1092 802 1136 minus
833 1095 1028 1147 quartam
1057 1095 1224 1147 partem

134 1161 260 1205 huius
305 1161 404 1204 libri
445 1161 491 1204 in
536 1174 584 1205 se
625 1161 789 1217 recepit
831 1160 1038 1216 cuiusque
1081 1159 1224 1215 capita

134 1230 299 1274 duobus
344 1229 535 1286 exceptis
578 1229 623 1272 in
673 1229 965 1272 collectionem
1018 1227 1222 1284 anonymi

135 1298 336 1342 Anselmo
367 1298 610 1341 dedicatam
640 1297 927 1353 transscripta
956 1300 1067 1340 sunt.

217 1366 405 1417 Quorum
435 1366 638 1409 librorum
671 1379 723 1409 ea
753 1365 947 1408 condicio
979 1368 1056 1420 651,
1087 1368 1134 1407 ut
1152 1364 1220 1406 lex

133 1437 346 1487 Romana,
379 1449 505 1490 quam
536 1438 709 1490 propter
738 1437 993 1477 vetustatem
1025 1431 1221 1475 emenda—

133 1503 377 1558 tionemque
407 1502 543 1558 primo
574 1503 666 1545 loco
697 1502 850 1555 habui,
892 1501 1088 1558 proxime
1127 1513 1221 1555 cog-

133 1574 234 1615 nata
259 1571 314 1614 sit
336 1570 446 1613 libro
461 1571 784 1625 Bambergensi,
809 1568 1095 1613 Taurinensis
1120 1581 1231 1618 vero=

131 1639 242 1682 alius
283 1638 339 1682 sit
377 1638 539 1682 ordinis
579 1638 635 1681 ad
673 1639 790 1681 illius
829 1637 988 1681 menda
1030 1636 1222 1680 tollenda

132 1706 358 1765 plurimum
389 1707 630 1764 proficiens.
675 1711 802 1763 atque
833 1720 929 1750 cum
957 1721 1010 1750 ex
1033 1705 1221 1748 collatio-

132 1778 259 1821 nibus
303 1777 560 1820 deteriorum
599 1776 806 1819 librorum
844 1775 1073 1830 collegisse
1115 1772 1221 1815 mihi

131 1845 298 1888 viderer
322 1846 367 1887 in
389 1845 468 1887 hos
493 1844 601 1888 duos
625 1844 796 1888 ordines
821 1843 1043 1887 discedere
1058 1855 1220 1895 omnes,

133 1913 364 1956 curandum
395 1917 498 1966 erat,
530 1916 575 1955 ut
604 1913 649 1955 in
679 1912 734 1956 iis
756 1912 964 1968 partibus,
995 1911 1041 1953 in
1065 1910 1220 1964 quibus

133 1981 413 2024 Taurinensis
454 1981 617 2034 deficit,
659 1980 791 2022 alium
831 1979 1027 2023 eiusdem
1057 1978 1221 2021 ordinis

132 2049 320 2092 codicem
352 2049 642 2103 subrogarem.
688 2047 765 2092 sed
794 2060 874 2090 nec
903 2047 949 2089 in
972 2046 1138 2101 reliqua
1161 2046 1222 2087 in-

134 2117 401 2161 stitutionum
440 2121 564 2173 parte
595 2116 767 2159 omnino
797 2115 1016 2159 abstinere
1045 2113 1165 2156 licuit
1195 2126 1223 2155 a

134 2186 442 2229 recentioribus
465 2185 609 2228 libris:
634 2185 679 2226 in
694 2188 919 2238 utrumque
936 2182 1049 2225 enim
1064 2182 1221 2224 librum

132 2267 216 2296 non
238 2253 299 2295 ita
323 2267 420 2296 raro
442 2253 683 2295 inculcatae
707 2255 806 2295 sunt
829 2255 872 2294 et
895 2249 1220 2293 emendationes

133 2334 186 2364 ex·
238 2322 415 2365 alterius
460 2321 624 2364 ordinis
666 2319 790 2363 libris
832 2318 993 2374 petitae
1022 2322 1065 2362 et
1092 2317 1221 2360 inter-

132 2389 371 2445 polationes
401 2390 652 2446 plerumque
683 2399 941 2430 communes.

215 2456 333 2508 Quas
364 2457 418 2500 ob
459 2470 614 2500 causas
651 2460 739 2500 tres
778 2458 1003 2511 praeterea
1042 2453 1221 2496 adhibui

132 2525 264 2569 libros
294 2525 660 2579 Bambergensem
690 2537 802 2568 saec.
826 2523 891 2566 XI
919 2523 989 2566 vel
1018 2522 1115 2576 XII,
1148 2521 1220 2576 qui

132 2594 308 2637 alterius
332 2593 666 2648 Bambergensis
690 2592 884 2635 ordinem
908 2590 1111 2647 sequitur,
1143 2589 1222 2631 Ca

133 2662 316 2705 sinatem
342 2673 452 2704 saec.
468 2661 531 2703 XI
563 2664 605 2703 et
627 2659 969 2703 Wallraffianum
994 2671 1104 2701 saec.
1121 2658 1219 2712 XII,

133 2729 203 2785 qui
227 2729 509 2772 Taurinensis
533 2727 673 2771 ordini
696 2726 970 2772 adscribendi
999 2726 1220 2770 videntur:

133 2797 392 2841 Parisiensis
433 2796 618 2852 denique
657 2808 767 2840 saec.
791 2795 876 2850 XI,
917 2807 1042 2850 quem
1080 2794 1223 2837 adhuc

132 2878 218 2908 non
246 2864 366 2921 potui
395 2865 491 2921 ipse
521 2867 731 2918 excutere,
762 2862 966 2906 lectiones
991 2875 1101 2917 quas
1126 2875 1221 2904 con-

132 2936 362 2989 gesserunt
403 2932 479 2976 alii
531 2932 725 2988 quamvis
777 2943 939 2988 paucas
989 2930 1221 2985 neglegere

132 3001 264 3044 nolui.

220 3068 460 3112 Constituto
492 3080 546 3111 ex
573 3066 644 3111 his
674 3066 797 3110 libris
828 3069 1030 3110 contextu
1053 3063 1222 3108 institu-

134 3135 296 3179 tionum
326 3136 372 3179 in
402 3134 604 3178 addenda
633 3134 884 3178 diversitate
904 3134 1139 3189 scripturae
1157 3133 1220 3176 ita

1256 607 1263 620 '
1293 615 1488 656 versatus
1520 625 1626 666 sum,
1658 614 1704 654 ut
1734 624 1845 667 quae
1874 613 2090 658 veteribus
2120 612 2243 658 libris
2274 626 2381 656 com-

1294 681 1440 724 munia
1470 684 1629 735 essent,
1661 686 1879 723 enotarem
1911 681 2066 729 omnia,
2100 681 2381 738 singularium

1292 749 1494 805 graviora
1508 753 1686 805 tantum,
1711 749 2048 793 Bononiensium
2063 750 2267 793 librorum
2284 750 2383 795 scri-

1292 822 1462 875 pturam
1492 817 1567 861 ubi
1596 817 1700 860 utile
1728 818 1868 861 visum
1899 822 1965 862 est
1993 817 2242 862 indicarem.

1378 887 1582 931 Summae
1597 899 1698 929 vero
1714 886 1980 931 auctoritatis
2001 887 2047 930 in
2071 886 2262 931 eruenda
2282 901 2384 932 vera

1293 955 1477 999 lectione
1515 955 1648 997 habui
1687 959 1774 998 tam
1814 954 2048 1011 Theophili
2094 956 2383 1012 paraphrasin

1295 1024 1507 1068 Graecam
1546 1023 1885 1079 institutionum,
1925 1023 1982 1067 ad
2021 1024 2142 1067 cuius
2173 1024 2384 1069 editiones

1294 1092 1400 1136 mihi
1430 1093 1614 1137 accessit
1644 1092 1815 1136 collatio
1845 1095 2002 1137 veteris
2034 1092 2193 1136 codicis
2223 1093 2384 1137 Messa-

1292 1162 1442 1207 nensis
1480 1161 1712 1206 adservata
1741 1161 1786 1204 in
1815 1161 2078 1204 bibliotheca
2107 1163 2229 1216 regia
2258 1162 2384 1204 Bero-

1292 1231 1471 1286 linensi,
1512 1245 1639 1287 quam
1671 1244 1782 1287 quae
1813 1233 2045 1286 supersunt
2073 1229 2299 1284 librorum,
2333 1242 2384 1272 ex

1293 1300 1449 1354 quibus
1491 1300 1763 1356 profecerunt
1805 1302 1893 1342 tres
1936 1298 2039 1352 viri,
2084 1298 2239 1353 quibus
2283 1311 2385 1342 cura

1293 1367 1682 1425 componendarum
1721 1367 2038 1411 institutionum
2076 1366 2268 1409 iniuncta
2306 1370 2382 1409 est.

1293 1442 1335 1480 61
1365 1436 1538 1493 quidem
1570 1437 1624 1479 de
1656 1436 1810 1492 quibus
1842 1439 2008 1479 constat
2047 1439 2146 1479 sunt
2175 1435 2242 1477 hi:
2284 1434 2383 1477 Gaii

1291 1505 1390 1548 libri
1429 1505 1741 1548 institutionum
1782 1508 1824 1547 et
1861 1517 2002 1547 rerum
2041 1503 2382 1554 cottidianarum,

1292 1573 1499 1616 Marciani
1529 1572 1770 1615 Florentini
1800 1573 1978 1628 Ulpiani
2016 1572 2115 1615 libri
2157 1571 2383 1615 institutio-

1291 1657 1414 1696 num,
1458 1641 1635 1698 Ulpiani
1677 1641 1787 1683 liber
1840 1640 2074 1696 singularis
2126 1641 2382 1696 regularum,

1292 1710 1523 1754 Iustiniani
1554 1709 1687 1752 codex
1717 1708 1835 1764 prior
1865 1713 1906 1751 et
1935 1708 2126 1764 digesta:
2167 1708 2243 1752 sed
2274 1721 2384 1764 quae

1292 1793 1344 1822 ex
1374 1782 1563 1822 veterum
1596 1782 1815 1820 auctorum
1854 1777 1978 1820 libris
2016 1777 2233 1832 exscripta
2273 1781 2382 1830 sunt,

1293 1848 1485 1903 exceptis
1526 1847 1580 1890 iis
1621 1859 1731 1901 quae
1771 1849 1945 1888 exstant
1974 1845 2018 1887 in
2051 1844 2234 1888 Gaianis
2265 1845 2382 1887 insti-

1291 1915 1528 1959 tutionibus
1567 1919 1611 1958 et
1648 1928 1732 1957 uno
1775 1914 1868 1956 loco
1912 1926 1966 1957 ex
2007 1913 2182 1969 Ulpiani
2223 1912 2383 1968 regulis

1291 1998 1377 2027 non
1392 1983 1477 2027 nisi
1501 1997 1556 2026 ex
1579 1982 1759 2038 digestis
1782 1982 1908 2025 nobis
1933 1981 2220 2024 innotuerunt.
2252 1992 2384 2036 quare

1290 2057 1338 2095 ut
1373 2052 1544 2096 facilius
1585 2051 1880 2106 dignoscatur,
1925 2051 2039 2094 unde
2084 2053 2256 2106 sumpta
2300 2048 2385 2091 sint

1292 2134 1402 2176 quae
1433 2121 1477 2162 in
1507 2119 1687 2175 digestis
1719 2119 1920 2173 redeunt,
1960 2119 2002 2161 in
2045 2118 2113 2162 his
2152 2116 2383 2160 laudandis

1292 2189 1441 2231 addidi
1471 2188 1580 2244 legis
1611 2188 1949 2244 inscriptionem,
1981 2191 2027 2229 ut
2057 2187 2226 2230 uncinis
2251 2185 2383 2228 inclu-

1292 2257 1436 2300 derem
1469 2262 1543 2300 aut
1573 2257 1835 2312 digestorum
1866 2256 2019 2309 locum,
2050 2254 2125 2297 ubi
2154 2254 2382 2298 institutio—

1290 2340 1392 2368 num
1432 2325 1566 2369 verba
1609 2324 1922 2369 ex·veteribus
1964 2323 2073 2379 ipsis
2118 2322 2242 2366 libris
2281 2335 2382 2378 pen-

1291 2393 1434 2449 deant,
1465 2397 1540 2437 aut
1566 2394 1724 2436 librum
1754 2392 1861 2436 iuris
1892 2392 2095 2447 consulti,
2129 2389 2300 2447 quando
2331 2402 2384 2432 ea

1291 2476 1344 2506 ex
1369 2462 1549 2518 digestis
1573 2462 1764 2518 profecta
1787 2461 1884 2504 sint.
1925 2473 2035 2516 quae
2059 2473 2160 2503 vero
2185 2472 2240 2502 ex
2255 2457 2382 2501 Gaia-

1290 2532 1359 2575 nis
1397 2529 1759 2583 institutionibus,
1799 2541 1908 2584 quas
1945 2532 2188 2571 nostrarum
2232 2526 2382 2569 funda-

1291 2603 1480 2643 mentum
1504 2610 1600 2642 esse
1624 2600 1802 2648 constat,
1827 2596 2110 2652 transscripta
2132 2598 2243 2650 sunt,
2269 2595 2383 2638 intra

1290 2668 1433 2724 ipsum
1464 2670 1705 2709 contextum
1735 2664 1805 2708 his
1836 2665 1972 2720 signis
2004 2662 2014 2680 '
2040 2661 2049 2678 ⁸
2082 2663 2274 2708 distinxi.

1377 2735 1572 2778 Citantur
1601 2737 1826 2791 praeterea
1854 2732 1911 2776 ad
1940 2733 2155 2775 titulorum
2187 2731 2381 2776 rubricas

1292 2803 1392 2847 Gaii
1441 2803 1734 2847 institutiones
1785 2801 1982 2857 titulique
2034 2800 2296 2856 digestorum
2341 2804 2382 2843 et

1291 2872 1449 2916 codicis
1494 2872 1567 2927 qui
1611 2869 1803 2914 eiusdem
1846 2869 2089 2925 argumenti
2136 2872 2256 2912 sunt:
2300 2881 2380 2911 nec

1290 2941 1432 2984 minus
1476 2953 1553 2984 suo
1595 2952 1764 2995 quoque
1801 2938 1895 2981 1060
1937 2936 2184 2980 indicantur
2227 2936 2380 2980 consti-

1290 3009 1488 3063 tutiones,
1520 3007 1577 3051 ad
1607 3020 1716 3063 quas
1746 3005 2037 3051 institutiones
2066 3005 2300 3048 remittunt.

1375 3098 1538 3156 Scripsi
1567 3098 1758 3142 Berolini
1788 3098 1829 3142 d.
1865 3100 1915 3140 10
1945 3111 2000 3140 m.
2031 3094 2224 3140 Ianuarii
2256 3096 2379 3138 1868.

232 3380 281 3423 111
317 3379 453 3422 altera
491 3375 674 3420 editione
710 3373 913 3418 nonnulla
950 3376 1037 3415 tam
1074 3383 1156 3425 ope
1194 3369 1415 3421 librorum,
1455 3379 1560 3422 quos
1598 3366 1720 3410 annis
1754 3367 1861 3408 1868
1893 3368 1935 3409 et
1969 3367 2075 3408 1869
2107 3344 2380 3418 excussimus,

152 3460 280 3502 quam
310 3460 364 3490 ex
393 3445 491 3489 Gaii
519 3442 765 3500 apographo
795 3456 823 3486 a
851 3441 902 3485 G.
933 3437 1223 3484 Studemundo
1253 3435 1442 3480 confecto
1472 3433 1698 3480 emendata
1725 3436 1833 3478 sunt.

274 3546 529 3602 Regimontii
560 3545 599 3588 d.
632 3547 684 3587 28
716 3559 769 3587 m.
803 3541 1026 3585 Februarii
1061 3538 1165 3580 1877
