<?xml version="1.0" encoding="UTF-8"?>
<!DOCTYPE html PUBLIC "-//W3C//DTD XHTML 1.0 Transitional//EN"
    "http://www.w3.org/TR/xhtml1/DTD/xhtml1-transitional.dtd">
<html xmlns="http://www.w3.org/1999/xhtml" xml:lang="en" lang="en">
 <head>
  <title>
</title>
<meta http-equiv="Content-Type" content="text/html;charset=utf-8" />
  <meta name='ocr-system' content='tesseract 3.04.00' />
  <meta name='ocr-capabilities' content='ocr_page ocr_carea ocr_par ocr_line ocrx_word'/>
</head>
<body>
  <div class='ocr_page' id='page_1' title='image "./corpusjuriscivil01krueuoft_0742.png"; bbox 0 0 2528 3918; ppageno 0'>
   <div class='ocr_carea' id='block_1_1' title="bbox 127 284 407 321">
    <p class='ocr_par' dir='ltr' id='par_1_1' title="bbox 127 284 407 321">
     <span class='ocr_line' id='line_1_1' title="bbox 127 284 407 321; baseline -0.004 -1"><span class='ocrx_word' id='word_1_1' title='bbox 127 292 134 295; x_wconf 79' lang='grc'><em>·</em></span> <span class='ocrx_word' id='word_1_2' title='bbox 186 288 205 320; x_wconf 85' lang='grc'><strong>2</strong></span> <span class='ocrx_word' id='word_1_3' title='bbox 252 284 407 321; x_wconf 87' lang='lat' dir='ltr'><strong>tabulas.</strong></span> 
     </span>
    </p>
   </div>
   <div class='ocr_carea' id='block_1_2' title="bbox 186 117 411 160">
    <p class='ocr_par' dir='ltr' id='par_1_2' title="bbox 186 117 411 160">
     <span class='ocr_line' id='line_1_2' title="bbox 186 117 411 160; baseline -0.009 1"><span class='ocrx_word' id='word_1_4' title='bbox 186 117 411 160; x_wconf 85' lang='lat' dir='ltr'>XXXX5</span> 
     </span>
    </p>
   </div>
   <div class='ocr_carea' id='block_1_3' title="bbox 183 236 1279 3440">
    <p class='ocr_par' dir='ltr' id='par_1_3' title="bbox 185 236 1270 281">
     <span class='ocr_line' id='line_1_3' title="bbox 185 236 1270 281; baseline -0.006 -5"><span class='ocrx_word' id='word_1_5' title='bbox 185 239 424 281; x_wconf 81' lang='lat' dir='ltr'><strong>accusaverit,</strong></span> <span class='ocrx_word' id='word_1_6' title='bbox 496 237 588 273; x_wconf 87' lang='lat' dir='ltr'><strong>erdit</strong></span> <span class='ocrx_word' id='word_1_7' title='bbox 629 237 805 273; x_wconf 89' lang='lat' dir='ltr'><strong>bonorum</strong></span> <span class='ocrx_word' id='word_1_8' title='bbox 869 236 1104 272; x_wconf 88' lang='lat' dir='ltr'><strong>ossessionem</strong></span> <span class='ocrx_word' id='word_1_9' title='bbox 1143 238 1270 271; x_wconf 86' lang='lat' dir='ltr'><strong>contra</strong></span> 
     </span>
    </p>

    <p class='ocr_par' dir='ltr' id='par_1_4' title="bbox 185 247 1271 460">
     <span class='ocr_line' id='line_1_4' title="bbox 480 247 1270 326; baseline -0.005 -8"><span class='ocrx_word' id='word_1_10' title='bbox 480 293 493 318; x_wconf 96' lang='lat' dir='ltr'><strong>i</strong></span> <span class='ocrx_word' id='word_1_11' title='bbox 528 283 560 318; x_wconf 85' lang='lat' dir='ltr'><strong>is</strong></span> <span class='ocrx_word' id='word_1_12' title='bbox 597 281 657 318; x_wconf 88' lang='lat' dir='ltr'><strong>cui</strong></span> <span class='ocrx_word' id='word_1_13' title='bbox 695 292 819 318; x_wconf 84' lang='lat' dir='ltr'><strong>servus</strong></span> <span class='ocrx_word' id='word_1_14' title='bbox 843 247 994 326; x_wconf 43' lang='lat' dir='ltr'><strong>{egatus</strong></span> <span class='ocrx_word' id='word_1_15' title='bbox 1031 284 1087 316; x_wconf 89' lang='lat' dir='ltr'><strong>est</strong></span> <span class='ocrx_word' id='word_1_16' title='bbox 1123 284 1270 324; x_wconf 86' lang='lat' dir='ltr'><strong>rogatus</strong></span> 
     </span>
     <span class='ocr_line' id='line_1_5' title="bbox 186 325 1269 372; baseline -0.005 -7"><span class='ocrx_word' id='word_1_17' title='bbox 186 330 322 372; x_wconf 83' lang='lat' dir='ltr'><strong>fuerat,</strong></span> <span class='ocrx_word' id='word_1_18' title='bbox 347 332 387 364; x_wconf 88' lang='lat' dir='ltr'><strong>ut</strong></span> <span class='ocrx_word' id='word_1_19' title='bbox 409 338 491 365; x_wconf 90' lang='lat' dir='ltr'><strong>eum</strong></span> <span class='ocrx_word' id='word_1_20' title='bbox 513 327 796 370; x_wconf 75' lang='lat' dir='ltr'><strong>manumitteret,</strong></span> <span class='ocrx_word' id='word_1_21' title='bbox 821 330 859 363; x_wconf 91' lang='lat' dir='ltr'><strong>et</strong></span> <span class='ocrx_word' id='word_1_22' title='bbox 880 327 968 362; x_wconf 91' lang='lat' dir='ltr'><strong>nolit</strong></span> <span class='ocrx_word' id='word_1_23' title='bbox 991 336 1072 361; x_wconf 91' lang='lat' dir='ltr'><strong>eum</strong></span> <span class='ocrx_word' id='word_1_24' title='bbox 1095 325 1269 370; x_wconf 87' lang='lat' dir='ltr'><strong>accipere,</strong></span> 
     </span>
     <span class='ocr_line' id='line_1_6' title="bbox 185 370 1271 420; baseline -0.005 -10"><span class='ocrx_word' id='word_1_25' title='bbox 185 373 452 420; x_wconf 86' lang='lat' dir='ltr'><strong>compellendus</strong></span> <span class='ocrx_word' id='word_1_26' title='bbox 488 376 546 408; x_wconf 93' lang='lat' dir='ltr'><strong>est</strong></span> <span class='ocrx_word' id='word_1_27' title='bbox 587 374 671 407; x_wconf 88' lang='lat' dir='ltr'><strong>¹aut</strong></span> <span class='ocrx_word' id='word_1_28' title='bbox 707 371 867 408; x_wconf 85' lang='lat' dir='ltr'><strong>actiones</strong></span> <span class='ocrx_word' id='word_1_29' title='bbox 901 376 987 407; x_wconf 86' lang='lat' dir='ltr'><strong>suas</strong></span> <span class='ocrx_word' id='word_1_30' title='bbox 1021 370 1054 406; x_wconf 88' lang='lat' dir='ltr'><strong>ei</strong></span> <span class='ocrx_word' id='word_1_31' title='bbox 1087 373 1271 416; x_wconf 88' lang='lat' dir='ltr'><strong>praestare</strong></span> 
     </span>
     <span class='ocr_line' id='line_1_7' title="bbox 186 416 998 460; baseline -0.006 -4"><span class='ocrx_word' id='word_1_32' title='bbox 186 419 270 456; x_wconf 63' lang='grc' dir='ltr'><strong>οιιίΞ</strong></span> <span class='ocrx_word' id='word_1_33' title='bbox 292 429 415 455; x_wconf 85' lang='lat' dir='ltr'><strong>servus</strong></span> <span class='ocrx_word' id='word_1_34' title='bbox 438 417 534 460; x_wconf 88' lang='lat' dir='ltr'><strong>velit,</strong></span> <span class='ocrx_word' id='word_1_35' title='bbox 557 427 603 453; x_wconf 91' lang='lat' dir='ltr'><strong>ne</strong></span> <span class='ocrx_word' id='word_1_36' title='bbox 624 416 818 453; x_wconf 87' lang='lat' dir='ltr'><strong>intercidat</strong></span> <span class='ocrx_word' id='word_1_37' title='bbox 839 416 998 452; x_wconf 89' lang='lat' dir='ltr'><strong>libertas.</strong></span> 
     </span>
    </p>

    <p class='ocr_par' dir='ltr' id='par_1_5' title="bbox 183 459 1274 1041">
     <span class='ocr_line' id='line_1_8' title="bbox 231 459 1271 502; baseline -0.007 -1"><span class='ocrx_word' id='word_1_38' title='bbox 231 461 286 502; x_wconf 85' lang='lat'><strong>34</strong></span> <span class='ocrx_word' id='word_1_39' title='bbox 310 463 539 500; x_wconf 71' lang='lat' dir='ltr'><strong>Poupomvs</strong></span> <span class='ocrx_word' id='word_1_40' title='bbox 559 462 650 498; x_wconf 81' lang='lat' dir='ltr'><strong>libro</strong></span> <span class='ocrx_word' id='word_1_41' title='bbox 674 463 779 498; x_wconf 78' lang='lat' dir='ltr'><strong>tertio</strong></span> <span class='ocrx_word' id='word_1_42' title='bbox 830 461 1155 497; x_wconf 78' lang='lat' dir='ltr'><strong>deicommissorum</strong></span> <span class='ocrx_word' id='word_1_43' title='bbox 1211 459 1271 494; x_wconf 89' lang='lat' dir='ltr'><strong>In·</strong></span> 
     </span>
     <span class='ocr_line' id='line_1_9' title="bbox 186 505 1272 552; baseline -0.007 -6"><span class='ocrx_word' id='word_1_44' title='bbox 186 510 278 546; x_wconf 83' lang='lat' dir='ltr'><strong>vitus</strong></span> <span class='ocrx_word' id='word_1_45' title='bbox 308 509 359 552; x_wconf 82' lang='lat' dir='ltr'><strong>is,</strong></span> <span class='ocrx_word' id='word_1_46' title='bbox 390 508 450 545; x_wconf 90' lang='lat' dir='ltr'><strong>cui</strong></span> <span class='ocrx_word' id='word_1_47' title='bbox 478 506 751 543; x_wconf 75' lang='lat' dir='ltr'><strong>fideicommisso</strong></span> <span class='ocrx_word' id='word_1_48' title='bbox 776 507 802 542; x_wconf 93' lang='lat' dir='ltr'><strong>li</strong></span> <span class='ocrx_word' id='word_1_49' title='bbox 847 510 923 541; x_wconf 89' lang='lat' dir='ltr'><strong>rtas</strong></span> <span class='ocrx_word' id='word_1_50' title='bbox 947 505 1074 541; x_wconf 88' lang='lat' dir='ltr'><strong>relicta</strong></span> <span class='ocrx_word' id='word_1_51' title='bbox 1096 509 1168 546; x_wconf 87' lang='lat' dir='ltr'><strong>est,</strong></span> <span class='ocrx_word' id='word_1_52' title='bbox 1199 515 1272 540; x_wconf 91' lang='lat' dir='ltr'><strong>non</strong></span> 
     </span>
     <span class='ocr_line' id='line_1_10' title="bbox 184 549 1270 595; baseline -0.006 -5"><span class='ocrx_word' id='word_1_53' title='bbox 184 558 240 591; x_wconf 87' lang='lat' dir='ltr'><strong>est</strong></span> <span class='ocrx_word' id='word_1_54' title='bbox 262 553 459 590; x_wconf 86' lang='lat' dir='ltr'><strong>tradendus</strong></span> <span class='ocrx_word' id='word_1_55' title='bbox 481 552 553 595; x_wconf 75' lang='lat' dir='ltr'><strong>alii,</strong></span> <span class='ocrx_word' id='word_1_56' title='bbox 578 555 620 588; x_wconf 86' lang='lat' dir='ltr'><strong>ut</strong></span> <span class='ocrx_word' id='word_1_57' title='bbox 641 553 688 588; x_wconf 82' lang='lat' dir='ltr'><strong>ab</strong></span> <span class='ocrx_word' id='word_1_58' title='bbox 711 563 754 588; x_wconf 90' lang='lat' dir='ltr'><strong>eo</strong></span> <span class='ocrx_word' id='word_1_59' title='bbox 778 550 1049 586; x_wconf 79' lang='lat' dir='ltr'><strong>manumittatur</strong></span> <span class='ocrx_word' id='word_1_60' title='bbox 1072 554 1109 586; x_wconf 93' lang='lat' dir='ltr'><strong>et</strong></span> <span class='ocrx_word' id='word_1_61' title='bbox 1132 549 1196 584; x_wconf 86' lang='lat' dir='ltr'><strong>fiat</strong></span> <span class='ocrx_word' id='word_1_62' title='bbox 1218 549 1270 584; x_wconf 94' lang='lat' dir='ltr'><strong>al-</strong></span> 
     </span>
     <span class='ocr_line' id='line_1_11' title="bbox 183 595 1270 644; baseline -0.006 -9"><span class='ocrx_word' id='word_1_63' title='bbox 183 599 296 635; x_wconf 86' lang='lat' dir='ltr'><strong>terius</strong></span> <span class='ocrx_word' id='word_1_64' title='bbox 326 599 496 641; x_wconf 84' lang='lat' dir='ltr'><strong>libertus,</strong></span> <span class='ocrx_word' id='word_1_65' title='bbox 528 607 634 644; x_wconf 87' lang='lat' dir='ltr'><strong>quam</strong></span> <span class='ocrx_word' id='word_1_66' title='bbox 665 597 727 643; x_wconf 88' lang='lat' dir='ltr'><strong>qui</strong></span> <span class='ocrx_word' id='word_1_67' title='bbox 757 601 903 641; x_wconf 87' lang='lat' dir='ltr'><strong>rogatus</strong></span> <span class='ocrx_word' id='word_1_68' title='bbox 934 599 988 631; x_wconf 91' lang='lat' dir='ltr'><strong>est</strong></span> <span class='ocrx_word' id='word_1_69' title='bbox 1011 595 1270 630; x_wconf 76' lang='lat' dir='ltr'><strong>manumittere.</strong></span> 
     </span>
     <span class='ocr_line' id='line_1_12' title="bbox 188 639 1271 692; baseline -0.005 -13"><span class='ocrx_word' id='word_1_70' title='bbox 188 649 202 679; x_wconf 84' lang='grc' dir='ltr'><strong>ι</strong></span> <span class='ocrx_word' id='word_1_71' title='bbox 254 644 459 689; x_wconf 87' lang='lat' dir='ltr'><strong>Campanus</strong></span> <span class='ocrx_word' id='word_1_72' title='bbox 476 642 544 686; x_wconf 83' lang='lat' dir='ltr'><strong>ait,</strong></span> <span class='ocrx_word' id='word_1_73' title='bbox 568 643 600 679; x_wconf 89' lang='lat' dir='ltr'><strong>si</strong></span> <span class='ocrx_word' id='word_1_74' title='bbox 616 642 732 678; x_wconf 88' lang='lat' dir='ltr'><strong>minor</strong></span> <span class='ocrx_word' id='word_1_75' title='bbox 750 641 852 677; x_wconf 88' lang='lat' dir='ltr'><strong>annis</strong></span> <span class='ocrx_word' id='word_1_76' title='bbox 872 640 995 692; x_wconf 79' lang='lat' dir='ltr'><strong>viginti</strong></span> <span class='ocrx_word' id='word_1_77' title='bbox 1015 639 1192 685; x_wconf 80' lang='lat' dir='ltr'><strong>rogaverit</strong></span> <span class='ocrx_word' id='word_1_78' title='bbox 1210 639 1271 674; x_wconf 91' lang='lat' dir='ltr'><strong>he-</strong></span> 
     </span>
     <span class='ocr_line' id='line_1_13' title="bbox 183 684 1272 734; baseline -0.006 -9"><span class='ocrx_word' id='word_1_79' title='bbox 183 689 315 732; x_wconf 87' lang='lat' dir='ltr'><strong>redem,</strong></span> <span class='ocrx_word' id='word_1_80' title='bbox 340 693 381 724; x_wconf 91' lang='lat' dir='ltr'><strong>ut</strong></span> <span class='ocrx_word' id='word_1_81' title='bbox 395 688 580 734; x_wconf 88' lang='lat' dir='ltr'><strong>proprium</strong></span> <span class='ocrx_word' id='word_1_82' title='bbox 598 698 738 724; x_wconf 88' lang='lat' dir='ltr'><strong>servum</strong></span> <span class='ocrx_word' id='word_1_83' title='bbox 758 689 996 727; x_wconf 82' lang='lat' dir='ltr'><strong>manumittat,</strong></span> <span class='ocrx_word' id='word_1_84' title='bbox 1019 684 1272 730; x_wconf 88' lang='lat' dir='ltr'><strong>praestandam</strong></span> 
     </span>
     <span class='ocr_line' id='line_1_14' title="bbox 184 729 1272 778; baseline -0.007 -7"><span class='ocrx_word' id='word_1_85' title='bbox 184 734 218 771; x_wconf 88' lang='lat' dir='ltr'><strong>ei</strong></span> <span class='ocrx_word' id='word_1_86' title='bbox 248 735 466 776; x_wconf 85' lang='lat' dir='ltr'><strong>libertatem,</strong></span> <span class='ocrx_word' id='word_1_87' title='bbox 498 733 583 778; x_wconf 86' lang='lat' dir='ltr'><strong>quia</strong></span> <span class='ocrx_word' id='word_1_88' title='bbox 611 733 670 768; x_wconf 91' lang='lat' dir='ltr'><strong>hic</strong></span> <span class='ocrx_word' id='word_1_89' title='bbox 700 732 759 767; x_wconf 79' lang='lat' dir='ltr'><strong>lex</strong></span> <span class='ocrx_word' id='word_1_90' title='bbox 780 731 884 767; x_wconf 86' lang='lat' dir='ltr'><strong>Aelia</strong></span> <span class='ocrx_word' id='word_1_91' title='bbox 907 730 1029 766; x_wconf 88' lang='lat' dir='ltr'><strong>Sentia</strong></span> <span class='ocrx_word' id='word_1_92' title='bbox 1057 729 1176 765; x_wconf 91' lang='lat' dir='ltr'><strong>locum</strong></span> <span class='ocrx_word' id='word_1_93' title='bbox 1200 740 1272 764; x_wconf 87' lang='lat' dir='ltr'><strong>non</strong></span> 
     </span>
     <span class='ocr_line' id='line_1_15' title="bbox 185 775 1273 823; baseline -0.006 -7"><span class='ocrx_word' id='word_1_94' title='bbox 185 783 205 815; x_wconf 85' lang='lat'><strong>2</strong></span> <span class='ocrx_word' id='word_1_95' title='bbox 252 780 373 815; x_wconf 85' lang='lat' dir='ltr'><strong>habet.</strong></span> <span class='ocrx_word' id='word_1_96' title='bbox 408 778 539 815; x_wconf 85' lang='lat' dir='ltr'><strong>Servus</strong></span> <span class='ocrx_word' id='word_1_97' title='bbox 558 777 696 823; x_wconf 86' lang='lat' dir='ltr'><strong>legatus</strong></span> <span class='ocrx_word' id='word_1_98' title='bbox 720 780 798 811; x_wconf 87' lang='lat' dir='ltr'><strong>erat</strong></span> <span class='ocrx_word' id='word_1_99' title='bbox 814 775 1009 821; x_wconf 83' lang='lat' dir='ltr'><strong>Calpurnio</strong></span> <span class='ocrx_word' id='word_1_100' title='bbox 1025 775 1157 810; x_wconf 88' lang='lat' dir='ltr'><strong>Flacco</strong></span> <span class='ocrx_word' id='word_1_101' title='bbox 1172 775 1273 818; x_wconf 85' lang='lat' dir='ltr'><strong>isque</strong></span> 
     </span>
     <span class='ocr_line' id='line_1_16' title="bbox 184 819 1271 870; baseline -0.006 -10"><span class='ocrx_word' id='word_1_102' title='bbox 184 829 330 870; x_wconf 85' lang='lat' dir='ltr'><strong>rogatus</strong></span> <span class='ocrx_word' id='word_1_103' title='bbox 353 827 433 860; x_wconf 90' lang='lat' dir='ltr'><strong>erat</strong></span> <span class='ocrx_word' id='word_1_104' title='bbox 451 834 531 859; x_wconf 85' lang='lat' dir='ltr'><strong>eum</strong></span> <span class='ocrx_word' id='word_1_105' title='bbox 549 822 800 858; x_wconf 74' lang='lat' dir='ltr'><strong>manumittere</strong></span> <span class='ocrx_word' id='word_1_106' title='bbox 817 826 863 864; x_wconf 89' lang='lat' dir='ltr'><strong>et,</strong></span> <span class='ocrx_word' id='word_1_107' title='bbox 888 821 920 857; x_wconf 89' lang='lat' dir='ltr'><strong>si</strong></span> <span class='ocrx_word' id='word_1_108' title='bbox 937 831 1010 856; x_wconf 91' lang='lat' dir='ltr'><strong>non</strong></span> <span class='ocrx_word' id='word_1_109' title='bbox 1029 819 1271 855; x_wconf 84' lang='lat' dir='ltr'><strong>manumissis-</strong></span> 
     </span>
     <span class='ocr_line' id='line_1_17' title="bbox 185 866 1272 912; baseline -0.006 -6"><span class='ocrx_word' id='word_1_110' title='bbox 185 874 250 912; x_wconf 74' lang='grc' dir='ltr'>εει,</span> <span class='ocrx_word' id='word_1_111' title='bbox 273 869 367 905; x_wconf 90' lang='lat' dir='ltr'><strong>idem</strong></span> <span class='ocrx_word' id='word_1_112' title='bbox 385 879 510 905; x_wconf 85' lang='lat' dir='ltr'><strong>servus</strong></span> <span class='ocrx_word' id='word_1_113' title='bbox 526 867 621 904; x_wconf 87' lang='lat' dir='ltr'><strong>Titio</strong></span> <span class='ocrx_word' id='word_1_114' title='bbox 636 867 776 911; x_wconf 81' lang='lat' dir='ltr'><strong>legatus</strong></span> <span class='ocrx_word' id='word_1_115' title='bbox 795 870 874 901; x_wconf 89' lang='lat' dir='ltr'><strong>erat</strong></span> <span class='ocrx_word' id='word_1_116' title='bbox 893 870 929 901; x_wconf 92' lang='lat' dir='ltr'><strong>et</strong></span> <span class='ocrx_word' id='word_1_117' title='bbox 947 866 980 901; x_wconf 90' lang='lat' dir='ltr'><strong>is</strong></span> <span class='ocrx_word' id='word_1_118' title='bbox 995 876 1108 910; x_wconf 86' lang='lat' dir='ltr'><strong>aeque</strong></span> <span class='ocrx_word' id='word_1_119' title='bbox 1126 869 1272 910; x_wconf 89' lang='lat' dir='ltr'><strong>rogatus</strong></span> 
     </span>
     <span class='ocr_line' id='line_1_18' title="bbox 185 910 1274 957; baseline -0.006 -6"><span class='ocrx_word' id='word_1_120' title='bbox 185 918 274 957; x_wconf 89' lang='lat' dir='ltr'><strong>erat,</strong></span> <span class='ocrx_word' id='word_1_121' title='bbox 291 918 332 950; x_wconf 85' lang='lat' dir='ltr'><strong>ut</strong></span> <span class='ocrx_word' id='word_1_122' title='bbox 345 925 428 950; x_wconf 89' lang='lat' dir='ltr'><strong>eum</strong></span> <span class='ocrx_word' id='word_1_123' title='bbox 439 913 722 949; x_wconf 72' lang='lat' dir='ltr'><strong>manumitteret:</strong></span> <span class='ocrx_word' id='word_1_124' title='bbox 743 912 773 947; x_wconf 91' lang='lat' dir='ltr'><strong>si</strong></span> <span class='ocrx_word' id='word_1_125' title='bbox 787 922 861 947; x_wconf 90' lang='lat' dir='ltr'><strong>non</strong></span> <span class='ocrx_word' id='word_1_126' title='bbox 874 910 1168 952; x_wconf 51' lang='lat' dir='ltr'><strong>manumississen</strong></span> <span class='ocrx_word' id='word_1_127' title='bbox 1182 910 1274 945; x_wconf 89' lang='lat' dir='ltr'><strong>liber</strong></span> 
     </span>
     <span class='ocr_line' id='line_1_19' title="bbox 184 955 1273 1000; baseline -0.006 -4"><span class='ocrx_word' id='word_1_128' title='bbox 184 970 264 996; x_wconf 87' lang='lat' dir='ltr'><strong>esse</strong></span> <span class='ocrx_word' id='word_1_129' title='bbox 285 960 405 996; x_wconf 85' lang='lat' dir='ltr'><strong>iussus</strong></span> <span class='ocrx_word' id='word_1_130' title='bbox 429 962 518 995; x_wconf 89' lang='lat' dir='ltr'><strong>erat.</strong></span> <span class='ocrx_word' id='word_1_131' title='bbox 561 957 715 993; x_wconf 87' lang='lat' dir='ltr'><strong>Sabinus</strong></span> <span class='ocrx_word' id='word_1_132' title='bbox 733 956 821 992; x_wconf 88' lang='lat' dir='ltr'><strong>dicit</strong></span> <span class='ocrx_word' id='word_1_133' title='bbox 833 956 1007 992; x_wconf 89' lang='lat' dir='ltr'><strong>inutiliter</strong></span> <span class='ocrx_word' id='word_1_134' title='bbox 1025 956 1181 1000; x_wconf 89' lang='lat' dir='ltr'><strong>legatum</strong></span> <span class='ocrx_word' id='word_1_135' title='bbox 1197 955 1273 991; x_wconf 87' lang='lat' dir='ltr'><strong>fore</strong></span> 
     </span>
     <span class='ocr_line' id='line_1_20' title="bbox 184 1001 1193 1041; baseline -0.006 0"><span class='ocrx_word' id='word_1_136' title='bbox 184 1009 221 1041; x_wconf 91' lang='lat' dir='ltr'><strong>et</strong></span> <span class='ocrx_word' id='word_1_137' title='bbox 244 1016 288 1041; x_wconf 88' lang='lat' dir='ltr'><strong>ex</strong></span> <span class='ocrx_word' id='word_1_138' title='bbox 310 1007 526 1041; x_wconf 86' lang='lat' dir='ltr'><strong>testamento</strong></span> <span class='ocrx_word' id='word_1_139' title='bbox 549 1013 630 1039; x_wconf 90' lang='lat' dir='ltr'><strong>eum</strong></span> <span class='ocrx_word' id='word_1_140' title='bbox 654 1002 824 1038; x_wconf 87' lang='lat' dir='ltr'><strong>continuo</strong></span> <span class='ocrx_word' id='word_1_141' title='bbox 848 1001 998 1038; x_wconf 90' lang='lat' dir='ltr'><strong>liberum</strong></span> <span class='ocrx_word' id='word_1_142' title='bbox 1021 1002 1193 1036; x_wconf 89' lang='lat' dir='ltr'><strong>futurum.</strong></span> 
     </span>
    </p>

    <p class='ocr_par' dir='ltr' id='par_1_6' title="bbox 183 1046 1275 1498">
     <span class='ocr_line' id='line_1_21' title="bbox 231 1046 1273 1092; baseline -0.008 -4"><span class='ocrx_word' id='word_1_143' title='bbox 231 1047 284 1088; x_wconf 86' lang='lat'><strong>35</strong></span> <span class='ocrx_word' id='word_1_144' title='bbox 314 1049 551 1086; x_wconf 56' lang='lat' dir='ltr'><strong>Masouivvs</strong></span> <span class='ocrx_word' id='word_1_145' title='bbox 580 1048 670 1084; x_wconf 83' lang='lat' dir='ltr'><strong>libro</strong></span> <span class='ocrx_word' id='word_1_146' title='bbox 702 1048 828 1092; x_wconf 78' lang='lat' dir='ltr'><strong>quinto</strong></span> <span class='ocrx_word' id='word_1_147' title='bbox 859 1046 996 1082; x_wconf 78' lang='lat' dir='ltr'><strong>decimo</strong></span> <span class='ocrx_word' id='word_1_148' title='bbox 1023 1046 1273 1091; x_wconf 77' lang='lat' dir='ltr'><strong>fideicommis-</strong></span> 
     </span>
     <span class='ocr_line' id='line_1_22' title="bbox 183 1090 1272 1137; baseline -0.005 -6"><span class='ocrx_word' id='word_1_149' title='bbox 183 1106 305 1131; x_wconf 81' lang='lat' dir='ltr'><strong>sorum</strong></span> <span class='ocrx_word' id='word_1_150' title='bbox 353 1094 435 1130; x_wconf 87' lang='lat' dir='ltr'><strong>Gaii</strong></span> <span class='ocrx_word' id='word_1_151' title='bbox 459 1093 573 1130; x_wconf 87' lang='lat' dir='ltr'><strong>Cassii</strong></span> <span class='ocrx_word' id='word_1_152' title='bbox 602 1102 675 1128; x_wconf 90' lang='lat' dir='ltr'><strong>non</strong></span> <span class='ocrx_word' id='word_1_153' title='bbox 703 1095 759 1128; x_wconf 88' lang='lat' dir='ltr'><strong>est</strong></span> <span class='ocrx_word' id='word_1_154' title='bbox 781 1095 928 1137; x_wconf 85' lang='lat' dir='ltr'><strong>recepta</strong></span> <span class='ocrx_word' id='word_1_155' title='bbox 951 1091 1129 1127; x_wconf 89' lang='lat' dir='ltr'><strong>sententia</strong></span> <span class='ocrx_word' id='word_1_156' title='bbox 1152 1090 1272 1127; x_wconf 83' lang='lat' dir='ltr'><strong>existi-</strong></span> 
     </span>
     <span class='ocr_line' id='line_1_23' title="bbox 184 1135 1273 1191; baseline -0.006 -14"><span class='ocrx_word' id='word_1_157' title='bbox 184 1140 315 1176; x_wconf 89' lang='lat' dir='ltr'><strong>mantis</strong></span> <span class='ocrx_word' id='word_1_158' title='bbox 345 1143 380 1176; x_wconf 91' lang='lat' dir='ltr'><strong>et</strong></span> <span class='ocrx_word' id='word_1_159' title='bbox 411 1139 533 1175; x_wconf 90' lang='lat' dir='ltr'><strong>heredi</strong></span> <span class='ocrx_word' id='word_1_160' title='bbox 563 1142 615 1191; x_wconf 49' lang='lat' dir='ltr'><strong>et·</strong></span> <span class='ocrx_word' id='word_1_161' title='bbox 628 1136 799 1190; x_wconf 75' lang='lat' dir='ltr'><strong>legatario</strong></span> <span class='ocrx_word' id='word_1_162' title='bbox 823 1136 1081 1190; x_wconf 40' lang='lat' dir='ltr'><strong>remittendam·</strong></span> <span class='ocrx_word' id='word_1_163' title='bbox 1095 1135 1273 1171; x_wconf 89' lang='lat' dir='ltr'><strong>interdum</strong></span> 
     </span>
     <span class='ocr_line' id='line_1_24' title="bbox 184 1181 1274 1271; baseline 0.001 -5"><span class='ocrx_word' id='word_1_164' title='bbox 184 1181 739 1271; x_wconf 52' lang='lat' dir='ltr'><strong>wiszfflfffflffinff.</strong></span> <span class='ocrx_word' id='word_1_165' title='bbox 755 1181 1274 1271; x_wconf 57' lang='grc' dir='ltr'>’ἑῗθὲἓῖᾯῖἲὸηᾛὲὲιῖἓέιῗ</span> 
     </span>
     <span class='ocr_line' id='line_1_25' title="bbox 185 1271 1272 1320; baseline -0.005 -9"><span class='ocrx_word' id='word_1_166' title='bbox 185 1275 294 1311; x_wconf 88' lang='lat' dir='ltr'><strong>veluti</strong></span> <span class='ocrx_word' id='word_1_167' title='bbox 316 1273 575 1320; x_wconf 89' lang='lat' dir='ltr'><strong>dispensatoris</strong></span> <span class='ocrx_word' id='word_1_168' title='bbox 597 1272 838 1318; x_wconf 82' lang='lat' dir='ltr'><strong>paedagogive</strong></span> <span class='ocrx_word' id='word_1_169' title='bbox 863 1272 1074 1315; x_wconf 86' lang='lat' dir='ltr'><strong>liberorum,</strong></span> <span class='ocrx_word' id='word_1_170' title='bbox 1107 1271 1163 1307; x_wconf 88' lang='lat' dir='ltr'><strong>vel</strong></span> <span class='ocrx_word' id='word_1_171' title='bbox 1193 1275 1272 1306; x_wconf 89' lang='lat' dir='ltr'><strong>tan-</strong></span> 
     </span>
     <span class='ocr_line' id='line_1_26' title="bbox 184 1317 1273 1361; baseline -0.003 -6"><span class='ocrx_word' id='word_1_172' title='bbox 184 1326 259 1357; x_wconf 88' lang='lat' dir='ltr'><strong>tum</strong></span> <span class='ocrx_word' id='word_1_173' title='bbox 282 1320 451 1356; x_wconf 90' lang='lat' dir='ltr'><strong>delictum</strong></span> <span class='ocrx_word' id='word_1_174' title='bbox 474 1322 545 1361; x_wconf 85' lang='lat' dir='ltr'><strong>est,</strong></span> <span class='ocrx_word' id='word_1_175' title='bbox 570 1322 611 1354; x_wconf 90' lang='lat' dir='ltr'><strong>ut</strong></span> <span class='ocrx_word' id='word_1_176' title='bbox 633 1317 722 1354; x_wconf 88' lang='lat' dir='ltr'><strong>ultio</strong></span> <span class='ocrx_word' id='word_1_177' title='bbox 746 1317 959 1353; x_wconf 89' lang='lat' dir='ltr'><strong>remittenda</strong></span> <span class='ocrx_word' id='word_1_178' title='bbox 980 1328 1052 1353; x_wconf 92' lang='lat' dir='ltr'><strong>non</strong></span> <span class='ocrx_word' id='word_1_179' title='bbox 1076 1320 1182 1353; x_wconf 89' lang='lat' dir='ltr'><strong>esset.</strong></span> <span class='ocrx_word' id='word_1_180' title='bbox 1221 1317 1273 1352; x_wconf 88' lang='lat' dir='ltr'><strong>vi-</strong></span> 
     </span>
     <span class='ocr_line' id='line_1_27' title="bbox 184 1362 1274 1410; baseline -0.005 -8"><span class='ocrx_word' id='word_1_181' title='bbox 184 1378 263 1402; x_wconf 88' lang='lat' dir='ltr'><strong>sum</strong></span> <span class='ocrx_word' id='word_1_182' title='bbox 287 1369 343 1402; x_wconf 91' lang='lat' dir='ltr'><strong>est</strong></span> <span class='ocrx_word' id='word_1_183' title='bbox 365 1366 457 1401; x_wconf 90' lang='lat' dir='ltr'><strong>enim</strong></span> <span class='ocrx_word' id='word_1_184' title='bbox 480 1365 580 1410; x_wconf 92' lang='lat' dir='ltr'><strong>ipsos</strong></span> <span class='ocrx_word' id='word_1_185' title='bbox 603 1363 642 1399; x_wconf 91' lang='lat' dir='ltr'><strong>in</strong></span> <span class='ocrx_word' id='word_1_186' title='bbox 665 1373 732 1399; x_wconf 90' lang='lat' dir='ltr'><strong>sua</strong></span> <span class='ocrx_word' id='word_1_187' title='bbox 760 1366 941 1408; x_wconf 81' lang='lat' dir='ltr'><strong>potestate</strong></span> <span class='ocrx_word' id='word_1_188' title='bbox 970 1362 1158 1398; x_wconf 75' lang='lat' dir='ltr'><strong>habuisse:</strong></span> <span class='ocrx_word' id='word_1_189' title='bbox 1191 1372 1274 1397; x_wconf 87' lang='lat' dir='ltr'><strong>nam</strong></span> 
     </span>
     <span class='ocr_line' id='line_1_28' title="bbox 183 1407 1275 1456; baseline -0.004 -9"><span class='ocrx_word' id='word_1_190' title='bbox 183 1411 386 1456; x_wconf 89' lang='lat' dir='ltr'><strong>potuissent</strong></span> <span class='ocrx_word' id='word_1_191' title='bbox 419 1409 601 1446; x_wconf 79' lang='lat' dir='ltr'><strong>discedere</strong></span> <span class='ocrx_word' id='word_1_192' title='bbox 635 1419 659 1444; x_wconf 92' lang='lat' dir='ltr'><strong>a</strong></span> <span class='ocrx_word' id='word_1_193' title='bbox 693 1418 806 1444; x_wconf 87' lang='lat' dir='ltr'><strong>causa</strong></span> <span class='ocrx_word' id='word_1_194' title='bbox 840 1407 1061 1444; x_wconf 85' lang='lat' dir='ltr'><strong>testamenti:</strong></span> <span class='ocrx_word' id='word_1_195' title='bbox 1100 1418 1171 1453; x_wconf 90' lang='lat' dir='ltr'><strong>qua</strong></span> <span class='ocrx_word' id='word_1_196' title='bbox 1202 1418 1275 1443; x_wconf 92' lang='lat' dir='ltr'><strong>non</strong></span> 
     </span>
     <span class='ocr_line' id='line_1_29' title="bbox 184 1452 1040 1498; baseline -0.006 -5"><span class='ocrx_word' id='word_1_197' title='bbox 184 1456 316 1492; x_wconf 86' lang='lat' dir='ltr'><strong>omissa</strong></span> <span class='ocrx_word' id='word_1_198' title='bbox 339 1456 470 1492; x_wconf 89' lang='lat' dir='ltr'><strong>debere</strong></span> <span class='ocrx_word' id='word_1_199' title='bbox 492 1453 670 1490; x_wconf 89' lang='lat' dir='ltr'><strong>voluntati</strong></span> <span class='ocrx_word' id='word_1_200' title='bbox 692 1452 854 1489; x_wconf 82' lang='lat' dir='ltr'><strong>defuncti</strong></span> <span class='ocrx_word' id='word_1_201' title='bbox 878 1453 1040 1498; x_wconf 90' lang='lat' dir='ltr'><strong>obsequi.</strong></span> 
     </span>
    </p>

    <p class='ocr_par' dir='ltr' id='par_1_7' title="bbox 183 1497 1278 2578">
     <span class='ocr_line' id='line_1_30' title="bbox 229 1497 1274 1543; baseline -0.006 -4"><span class='ocrx_word' id='word_1_202' title='bbox 229 1499 283 1539; x_wconf 89' lang='grc'><strong>36</strong></span> <span class='ocrx_word' id='word_1_203' title='bbox 308 1501 416 1536; x_wconf 68' lang='lat' dir='ltr'><strong>loru</strong></span> <span class='ocrx_word' id='word_1_204' title='bbox 429 1500 520 1536; x_wconf 79' lang='lat' dir='ltr'><strong>libro</strong></span> <span class='ocrx_word' id='word_1_205' title='bbox 538 1503 644 1535; x_wconf 80' lang='lat' dir='ltr'><strong>sexto</strong></span> <span class='ocrx_word' id='word_1_206' title='bbox 661 1498 798 1534; x_wconf 79' lang='lat' dir='ltr'><strong>decimo</strong></span> <span class='ocrx_word' id='word_1_207' title='bbox 809 1498 1167 1543; x_wconf 76' lang='lat' dir='ltr'><strong>fideicommissorum</strong></span> <span class='ocrx_word' id='word_1_208' title='bbox 1202 1497 1274 1534; x_wconf 89' lang='lat' dir='ltr'><strong>Ne-</strong></span> 
     </span>
     <span class='ocr_line' id='line_1_31' title="bbox 185 1543 1276 1592; baseline -0.004 -10"><span class='ocrx_word' id='word_1_209' title='bbox 185 1557 253 1592; x_wconf 88' lang='lat' dir='ltr'><strong>que</strong></span> <span class='ocrx_word' id='word_1_210' title='bbox 275 1546 433 1582; x_wconf 87' lang='lat' dir='ltr'><strong>infantes</strong></span> <span class='ocrx_word' id='word_1_211' title='bbox 456 1555 574 1589; x_wconf 88' lang='lat' dir='ltr'><strong>neque</strong></span> <span class='ocrx_word' id='word_1_212' title='bbox 602 1543 730 1580; x_wconf 89' lang='lat' dir='ltr'><strong>furiosi</strong></span> <span class='ocrx_word' id='word_1_213' title='bbox 760 1554 877 1588; x_wconf 90' lang='lat' dir='ltr'><strong>neque</strong></span> <span class='ocrx_word' id='word_1_214' title='bbox 908 1543 954 1580; x_wconf 90' lang='lat' dir='ltr'><strong>ab</strong></span> <span class='ocrx_word' id='word_1_215' title='bbox 982 1543 1147 1579; x_wconf 88' lang='lat' dir='ltr'><strong>hostibus</strong></span> <span class='ocrx_word' id='word_1_216' title='bbox 1178 1553 1221 1578; x_wconf 90' lang='lat' dir='ltr'><strong>ca</strong></span> <span class='ocrx_word' id='word_1_217' title='bbox 1247 1543 1276 1578; x_wconf 90' lang='lat' dir='ltr'><strong>ti</strong></span> 
     </span>
     <span class='ocr_line' id='line_1_32' title="bbox 183 1588 1274 1637; baseline -0.004 -10"><span class='ocrx_word' id='word_1_218' title='bbox 183 1602 300 1637; x_wconf 87' lang='lat' dir='ltr'><strong>neque</strong></span> <span class='ocrx_word' id='word_1_219' title='bbox 323 1591 378 1635; x_wconf 89' lang='lat' dir='ltr'><strong>hi,</strong></span> <span class='ocrx_word' id='word_1_220' title='bbox 403 1601 495 1636; x_wconf 90' lang='lat' dir='ltr'><strong>quos</strong></span> <span class='ocrx_word' id='word_1_221' title='bbox 518 1589 642 1634; x_wconf 87' lang='lat' dir='ltr'><strong>religio</strong></span> <span class='ocrx_word' id='word_1_222' title='bbox 666 1592 732 1624; x_wconf 93' lang='lat' dir='ltr'><strong>aut</strong></span> <span class='ocrx_word' id='word_1_223' title='bbox 754 1589 941 1624; x_wconf 85' lang='lat' dir='ltr'><strong>honestior</strong></span> <span class='ocrx_word' id='word_1_224' title='bbox 964 1598 1075 1624; x_wconf 86' lang='lat' dir='ltr'><strong>causa</strong></span> <span class='ocrx_word' id='word_1_225' title='bbox 1097 1588 1155 1624; x_wconf 88' lang='lat' dir='ltr'><strong>vel</strong></span> <span class='ocrx_word' id='word_1_226' title='bbox 1178 1598 1222 1624; x_wconf 88' lang='lat' dir='ltr'><strong>ca</strong></span> <span class='ocrx_word' id='word_1_227' title='bbox 1260 1608 1274 1614; x_wconf 96' lang='lat'>-</span> 
     </span>
     <span class='ocr_line' id='line_1_33' title="bbox 183 1633 1275 1681; baseline -0.005 -8"><span class='ocrx_word' id='word_1_228' title='bbox 183 1637 290 1673; x_wconf 88' lang='lat' dir='ltr'><strong>initas</strong></span> <span class='ocrx_word' id='word_1_229' title='bbox 324 1636 446 1681; x_wconf 88' lang='lat' dir='ltr'><strong>aliqua</strong></span> <span class='ocrx_word' id='word_1_230' title='bbox 478 1635 535 1671; x_wconf 84' lang='lat' dir='ltr'><strong>vel</strong></span> <span class='ocrx_word' id='word_1_231' title='bbox 568 1634 683 1670; x_wconf 90' lang='lat' dir='ltr'><strong>maior</strong></span> <span class='ocrx_word' id='word_1_232' title='bbox 714 1635 797 1670; x_wconf 73' lang='lat' dir='ltr'><strong>res⁴</strong></span> <span class='ocrx_word' id='word_1_233' title='bbox 832 1633 1018 1669; x_wconf 87' lang='lat' dir='ltr'><strong>familiaris</strong></span> <span class='ocrx_word' id='word_1_234' title='bbox 1050 1637 1114 1669; x_wconf 89' lang='lat' dir='ltr'><strong>aut</strong></span> <span class='ocrx_word' id='word_1_235' title='bbox 1146 1644 1190 1669; x_wconf 87' lang='lat' dir='ltr'><strong>ca</strong></span> <span class='ocrx_word' id='word_1_236' title='bbox 1215 1633 1275 1669; x_wconf 88' lang='lat' dir='ltr'><strong>itis</strong></span> 
     </span>
     <span class='ocr_line' id='line_1_34' title="bbox 184 1679 1275 1726; baseline -0.003 -9"><span class='ocrx_word' id='word_1_237' title='bbox 184 1682 344 1717; x_wconf 81' lang='lat' dir='ltr'><strong>famaeve</strong></span> <span class='ocrx_word' id='word_1_238' title='bbox 373 1680 572 1726; x_wconf 90' lang='lat' dir='ltr'><strong>periculum</strong></span> <span class='ocrx_word' id='word_1_239' title='bbox 599 1683 664 1715; x_wconf 92' lang='lat' dir='ltr'><strong>aut</strong></span> <span class='ocrx_word' id='word_1_240' title='bbox 693 1679 816 1716; x_wconf 89' lang='lat' dir='ltr'><strong>similis</strong></span> <span class='ocrx_word' id='word_1_241' title='bbox 847 1689 958 1715; x_wconf 90' lang='lat' dir='ltr'><strong>causa</strong></span> <span class='ocrx_word' id='word_1_242' title='bbox 990 1682 1166 1723; x_wconf 89' lang='lat' dir='ltr'><strong>moretur,</strong></span> <span class='ocrx_word' id='word_1_243' title='bbox 1234 1690 1275 1714; x_wconf 92' lang='lat' dir='ltr'><strong>u-</strong></span> 
     </span>
     <span class='ocr_line' id='line_1_35' title="bbox 183 1723 1277 1769; baseline -0.004 -6"><span class='ocrx_word' id='word_1_244' title='bbox 183 1727 310 1763; x_wconf 88' lang='lat' dir='ltr'><strong>brianc</strong></span> <span class='ocrx_word' id='word_1_245' title='bbox 342 1730 490 1763; x_wconf 88' lang='lat' dir='ltr'><strong>senatus</strong></span> <span class='ocrx_word' id='word_1_246' title='bbox 521 1724 686 1761; x_wconf 89' lang='lat' dir='ltr'><strong>consulto</strong></span> <span class='ocrx_word' id='word_1_247' title='bbox 719 1725 964 1760; x_wconf 86' lang='lat' dir='ltr'><strong>continentur:</strong></span> <span class='ocrx_word' id='word_1_248' title='bbox 998 1734 1041 1760; x_wconf 87' lang='lat' dir='ltr'><strong>ac</strong></span> <span class='ocrx_word' id='word_1_249' title='bbox 1071 1734 1118 1760; x_wconf 93' lang='lat' dir='ltr'><strong>ne</strong></span> <span class='ocrx_word' id='word_1_250' title='bbox 1174 1723 1277 1769; x_wconf 90' lang='lat' dir='ltr'><strong>upilli</strong></span> 
     </span>
     <span class='ocr_line' id='line_1_36' title="bbox 184 1735 1275 1818; baseline -0.005 -10"><span class='ocrx_word' id='word_1_251' title='bbox 184 1772 344 1818; x_wconf 91' lang='lat' dir='ltr'><strong>quidem,</strong></span> <span class='ocrx_word' id='word_1_252' title='bbox 377 1771 439 1817; x_wconf 92' lang='lat' dir='ltr'><strong>qui</strong></span> <span class='ocrx_word' id='word_1_253' title='bbox 468 1774 607 1806; x_wconf 89' lang='lat' dir='ltr'><strong>tutores</strong></span> <span class='ocrx_word' id='word_1_254' title='bbox 636 1780 710 1806; x_wconf 89' lang='lat' dir='ltr'><strong>non</strong></span> <span class='ocrx_word' id='word_1_255' title='bbox 739 1770 892 1812; x_wconf 85' lang='lat' dir='ltr'><strong>habent,</strong></span> <span class='ocrx_word' id='word_1_256' title='bbox 926 1774 991 1805; x_wconf 87' lang='lat' dir='ltr'><strong>aut</strong></span> <span class='ocrx_word' id='word_1_257' title='bbox 1013 1780 1075 1806; x_wconf 87' lang='lat' dir='ltr'><strong>eos</strong></span> <span class='ocrx_word' id='word_1_258' title='bbox 1106 1735 1275 1812; x_wconf 42' lang='lat' dir='ltr'><strong>habeant,</strong></span> 
     </span>
     <span class='ocr_line' id='line_1_37' title="bbox 184 1814 1277 1863; baseline -0.004 -10"><span class='ocrx_word' id='word_1_259' title='bbox 184 1827 273 1863; x_wconf 90' lang='lat' dir='ltr'><strong>quos</strong></span> <span class='ocrx_word' id='word_1_260' title='bbox 297 1827 421 1852; x_wconf 87' lang='lat' dir='ltr'><strong>earum</strong></span> <span class='ocrx_word' id='word_1_261' title='bbox 445 1826 538 1862; x_wconf 91' lang='lat' dir='ltr'><strong>quae</strong></span> <span class='ocrx_word' id='word_1_262' title='bbox 561 1826 673 1851; x_wconf 90' lang='lat' dir='ltr'><strong>causa</strong></span> <span class='ocrx_word' id='word_1_263' title='bbox 696 1814 842 1850; x_wconf 85' lang='lat' dir='ltr'><strong>detinet.</strong></span> <span class='ocrx_word' id='word_1_264' title='bbox 885 1815 950 1851; x_wconf 89' lang='lat' dir='ltr'><strong>sed</strong></span> <span class='ocrx_word' id='word_1_265' title='bbox 973 1825 1051 1858; x_wconf 92' lang='lat' dir='ltr'><strong>nec,</strong></span> <span class='ocrx_word' id='word_1_266' title='bbox 1075 1814 1107 1850; x_wconf 91' lang='lat' dir='ltr'><strong>si</strong></span> <span class='ocrx_word' id='word_1_267' title='bbox 1130 1814 1169 1849; x_wconf 91' lang='lat' dir='ltr'><strong>hi</strong></span> <span class='ocrx_word' id='word_1_268' title='bbox 1192 1815 1277 1849; x_wconf 89' lang='lat' dir='ltr'><strong>data</strong></span> 
     </span>
     <span class='ocr_line' id='line_1_38' title="bbox 184 1859 1275 1909; baseline -0.003 -11"><span class='ocrx_word' id='word_1_269' title='bbox 184 1873 295 1909; x_wconf 89' lang='lat' dir='ltr'><strong>opera</strong></span> <span class='ocrx_word' id='word_1_270' title='bbox 318 1862 375 1898; x_wconf 90' lang='lat' dir='ltr'><strong>sui</strong></span> <span class='ocrx_word' id='word_1_271' title='bbox 396 1864 613 1907; x_wconf 88' lang='lat' dir='ltr'><strong>potestatem</strong></span> <span class='ocrx_word' id='word_1_272' title='bbox 630 1871 703 1896; x_wconf 90' lang='lat' dir='ltr'><strong>non</strong></span> <span class='ocrx_word' id='word_1_273' title='bbox 721 1859 870 1903; x_wconf 87' lang='lat' dir='ltr'><strong>faciunt,</strong></span> <span class='ocrx_word' id='word_1_274' title='bbox 893 1864 983 1905; x_wconf 89' lang='lat' dir='ltr'><strong>puto</strong></span> <span class='ocrx_word' id='word_1_275' title='bbox 1004 1860 1149 1905; x_wconf 90' lang='lat' dir='ltr'><strong>pupillis</strong></span> <span class='ocrx_word' id='word_1_276' title='bbox 1168 1860 1275 1895; x_wconf 90' lang='lat' dir='ltr'><strong>liber-</strong></span> 
     </span>
     <span class='ocr_line' id='line_1_39' title="bbox 183 1904 1275 1953; baseline -0.004 -9"><span class='ocrx_word' id='word_1_277' title='bbox 183 1912 241 1944; x_wconf 86' lang='lat' dir='ltr'><strong>tos</strong></span> <span class='ocrx_word' id='word_1_278' title='bbox 265 1908 365 1953; x_wconf 87' lang='lat' dir='ltr'><strong>eripi,</strong></span> <span class='ocrx_word' id='word_1_279' title='bbox 390 1907 474 1952; x_wconf 92' lang='lat' dir='ltr'><strong>quia</strong></span> <span class='ocrx_word' id='word_1_280' title='bbox 497 1909 534 1942; x_wconf 91' lang='lat' dir='ltr'><strong>et</strong></span> <span class='ocrx_word' id='word_1_281' title='bbox 555 1906 716 1951; x_wconf 89' lang='lat' dir='ltr'><strong>iniquum</strong></span> <span class='ocrx_word' id='word_1_282' title='bbox 741 1908 796 1942; x_wconf 88' lang='lat' dir='ltr'><strong>est</strong></span> <span class='ocrx_word' id='word_1_283' title='bbox 815 1904 911 1941; x_wconf 84' lang='lat' dir='ltr'><strong>facto</strong></span> <span class='ocrx_word' id='word_1_284' title='bbox 929 1905 1061 1941; x_wconf 87' lang='lat' dir='ltr'><strong>tutoris</strong></span> <span class='ocrx_word' id='word_1_285' title='bbox 1071 1906 1096 1948; x_wconf 84' lang='lat'><strong>⁵,</strong></span> <span class='ocrx_word' id='word_1_286' title='bbox 1145 1906 1183 1940; x_wconf 91' lang='lat' dir='ltr'><strong>ui</strong></span> <span class='ocrx_word' id='word_1_287' title='bbox 1201 1905 1275 1940; x_wconf 87' lang='lat' dir='ltr'><strong>for-</strong></span> 
     </span>
     <span class='ocr_line' id='line_1_40' title="bbox 183 1950 1278 1996; baseline -0.004 -7"><span class='ocrx_word' id='word_1_288' title='bbox 183 1953 278 1989; x_wconf 80' lang='lat' dir='ltr'><strong>sitan</strong></span> <span class='ocrx_word' id='word_1_289' title='bbox 308 1952 478 1989; x_wconf 88' lang='lat' dir='ltr'><strong>solvendo</strong></span> <span class='ocrx_word' id='word_1_290' title='bbox 508 1962 583 1987; x_wconf 87' lang='lat' dir='ltr'><strong>non</strong></span> <span class='ocrx_word' id='word_1_291' title='bbox 611 1951 675 1993; x_wconf 90' lang='lat' dir='ltr'><strong>sit,</strong></span> <span class='ocrx_word' id='word_1_292' title='bbox 711 1950 887 1996; x_wconf 90' lang='lat' dir='ltr'><strong>pupillum</strong></span> <span class='ocrx_word' id='word_1_293' title='bbox 918 1950 1047 1986; x_wconf 89' lang='lat' dir='ltr'><strong>damno</strong></span> <span class='ocrx_word' id='word_1_294' title='bbox 1079 1950 1126 1985; x_wconf 90' lang='lat' dir='ltr'><strong>ad</strong></span> <span class='ocrx_word' id='word_1_295' title='bbox 1142 1950 1203 1994; x_wconf 87' lang='lat' dir='ltr'><strong>&#39;ci,</strong></span> <span class='ocrx_word' id='word_1_296' title='bbox 1240 1953 1278 1985; x_wconf 87' lang='lat' dir='ltr'><strong>et</strong></span> 
     </span>
     <span class='ocr_line' id='line_1_41' title="bbox 184 1995 1277 2040; baseline -0.004 -6"><span class='ocrx_word' id='word_1_297' title='bbox 184 2002 331 2034; x_wconf 90' lang='lat' dir='ltr'><strong>senatus</strong></span> <span class='ocrx_word' id='word_1_298' title='bbox 363 1997 526 2034; x_wconf 89' lang='lat' dir='ltr'><strong>consulto</strong></span> <span class='ocrx_word' id='word_1_299' title='bbox 558 2007 632 2032; x_wconf 90' lang='lat' dir='ltr'><strong>non</strong></span> <span class='ocrx_word' id='word_1_300' title='bbox 666 1995 870 2031; x_wconf 83' lang='lat' dir='ltr'><strong>continetur</strong></span> <span class='ocrx_word' id='word_1_301' title='bbox 904 1996 995 2031; x_wconf 90' lang='lat' dir='ltr'><strong>alius</strong></span> <span class='ocrx_word' id='word_1_302' title='bbox 1031 1995 1135 2040; x_wconf 77' lang='lat' dir='ltr'><strong>quis⁶</strong></span> <span class='ocrx_word' id='word_1_303' title='bbox 1170 2005 1277 2040; x_wconf 90' lang='lat' dir='ltr'><strong>quam</strong></span> 
     </span>
     <span class='ocr_line' id='line_1_42' title="bbox 185 2040 1276 2089; baseline -0.004 -10"><span class='ocrx_word' id='word_1_304' title='bbox 185 2044 245 2089; x_wconf 91' lang='lat' dir='ltr'><strong>qui</strong></span> <span class='ocrx_word' id='word_1_305' title='bbox 283 2053 328 2079; x_wconf 89' lang='lat' dir='ltr'><strong>ex</strong></span> <span class='ocrx_word' id='word_1_306' title='bbox 365 2053 477 2078; x_wconf 89' lang='lat' dir='ltr'><strong>causa</strong></span> <span class='ocrx_word' id='word_1_307' title='bbox 510 2041 774 2078; x_wconf 88' lang='lat' dir='ltr'><strong>fideicommissi</strong></span> <span class='ocrx_word' id='word_1_308' title='bbox 808 2040 916 2077; x_wconf 90' lang='lat' dir='ltr'><strong>debet</strong></span> <span class='ocrx_word' id='word_1_309' title='bbox 949 2043 1135 2086; x_wconf 86' lang='lat' dir='ltr'><strong>praestare</strong></span> <span class='ocrx_word' id='word_1_310' title='bbox 1168 2040 1276 2076; x_wconf 89' lang='lat' dir='ltr'><strong>liber-</strong></span> 
     </span>
     <span class='ocr_line' id='line_1_43' title="bbox 183 2085 1276 2133; baseline -0.004 -9"><span class='ocrx_word' id='word_1_311' title='bbox 183 2094 304 2124; x_wconf 87' lang='lat' dir='ltr'><strong>tatem.</strong></span> <span class='ocrx_word' id='word_1_312' title='bbox 354 2087 440 2133; x_wconf 91' lang='lat' dir='ltr'><strong>quid</strong></span> <span class='ocrx_word' id='word_1_313' title='bbox 463 2098 548 2132; x_wconf 87' lang='lat' dir='ltr'><strong>ergo</strong></span> <span class='ocrx_word' id='word_1_314' title='bbox 571 2088 655 2123; x_wconf 81' lang='lat' dir='ltr'><strong>est?</strong></span> <span class='ocrx_word' id='word_1_315' title='bbox 694 2086 915 2121; x_wconf 86' lang='lat' dir='ltr'><strong>Dasumiano</strong></span> <span class='ocrx_word' id='word_1_316' title='bbox 940 2090 1088 2122; x_wconf 86' lang='lat' dir='ltr'><strong>senatus</strong></span> <span class='ocrx_word' id='word_1_317' title='bbox 1113 2085 1276 2121; x_wconf 89' lang='lat' dir='ltr'><strong>consulto</strong></span> 
     </span>
     <span class='ocr_line' id='line_1_44' title="bbox 184 2130 1277 2176; baseline -0.003 -7"><span class='ocrx_word' id='word_1_318' title='bbox 184 2133 393 2169; x_wconf 88' lang='lat' dir='ltr'><strong>subvenitur</strong></span> <span class='ocrx_word' id='word_1_319' title='bbox 415 2133 493 2175; x_wconf 85' lang='lat' dir='ltr'><strong>his,</strong></span> <span class='ocrx_word' id='word_1_320' title='bbox 518 2142 590 2176; x_wconf 90' lang='lat' dir='ltr'><strong>quc</strong></span> <span class='ocrx_word' id='word_1_321' title='bbox 614 2135 761 2167; x_wconf 89' lang='lat' dir='ltr'><strong>cautum</strong></span> <span class='ocrx_word' id='word_1_322' title='bbox 784 2135 840 2167; x_wconf 90' lang='lat' dir='ltr'><strong>est</strong></span> <span class='ocrx_word' id='word_1_323' title='bbox 862 2131 907 2167; x_wconf 91' lang='lat' dir='ltr'><strong>de</strong></span> <span class='ocrx_word' id='word_1_324' title='bbox 930 2131 1009 2173; x_wconf 75' lang='lat' dir='ltr'><strong>his,</strong></span> <span class='ocrx_word' id='word_1_325' title='bbox 1029 2130 1090 2176; x_wconf 91' lang='lat' dir='ltr'><strong>qui</strong></span> <span class='ocrx_word' id='word_1_326' title='bbox 1112 2130 1209 2166; x_wconf 91' lang='lat' dir='ltr'><strong>iusta</strong></span> <span class='ocrx_word' id='word_1_327' title='bbox 1233 2141 1277 2166; x_wconf 87' lang='lat' dir='ltr'><strong>ex</strong></span> 
     </span>
     <span class='ocr_line' id='line_1_45' title="bbox 185 2175 1276 2221; baseline -0.003 -7"><span class='ocrx_word' id='word_1_328' title='bbox 185 2189 295 2214; x_wconf 89' lang='lat' dir='ltr'><strong>causa</strong></span> <span class='ocrx_word' id='word_1_329' title='bbox 319 2179 498 2221; x_wconf 89' lang='lat' dir='ltr'><strong>abessent,</strong></span> <span class='ocrx_word' id='word_1_330' title='bbox 522 2180 565 2212; x_wconf 90' lang='lat' dir='ltr'><strong>ut</strong></span> <span class='ocrx_word' id='word_1_331' title='bbox 588 2186 655 2212; x_wconf 89' lang='lat' dir='ltr'><strong>nec</strong></span> <span class='ocrx_word' id='word_1_332' title='bbox 678 2176 826 2212; x_wconf 87' lang='lat' dir='ltr'><strong>libertas</strong></span> <span class='ocrx_word' id='word_1_333' title='bbox 849 2176 1065 2220; x_wconf 84' lang='lat' dir='ltr'><strong>impediatur</strong></span> <span class='ocrx_word' id='word_1_334' title='bbox 1083 2185 1150 2211; x_wconf 91' lang='lat' dir='ltr'><strong>nec</strong></span> <span class='ocrx_word' id='word_1_335' title='bbox 1169 2175 1276 2211; x_wconf 90' lang='lat' dir='ltr'><strong>liber-</strong></span> 
     </span>
     <span class='ocr_line' id='line_1_46' title="bbox 189 2220 1276 2268; baseline -0.003 -9"><span class='ocrx_word' id='word_1_336' title='bbox 189 2228 202 2259; x_wconf 89' lang='lat'><em>1</em></span> <span class='ocrx_word' id='word_1_337' title='bbox 251 2228 310 2260; x_wconf 89' lang='lat' dir='ltr'><strong>tus</strong></span> <span class='ocrx_word' id='word_1_338' title='bbox 334 2223 512 2268; x_wconf 89' lang='lat' dir='ltr'><strong>eripiatur</strong></span> <span class='ocrx_word' id='word_1_339' title='bbox 533 2221 602 2264; x_wconf 89' lang='lat' dir='ltr'><strong>his,</strong></span> <span class='ocrx_word' id='word_1_340' title='bbox 649 2221 687 2257; x_wconf 91' lang='lat' dir='ltr'><strong>ui</strong></span> <span class='ocrx_word' id='word_1_341' title='bbox 709 2221 837 2257; x_wconf 85' lang='lat' dir='ltr'><strong>fraude</strong></span> <span class='ocrx_word' id='word_1_342' title='bbox 857 2225 1015 2257; x_wconf 88' lang='lat' dir='ltr'><strong>careant.</strong></span> <span class='ocrx_word' id='word_1_343' title='bbox 1052 2220 1090 2257; x_wconf 90' lang='lat' dir='ltr'><strong>Si</strong></span> <span class='ocrx_word' id='word_1_344' title='bbox 1109 2231 1175 2266; x_wconf 89' lang='lat' dir='ltr'><strong>per</strong></span> <span class='ocrx_word' id='word_1_345' title='bbox 1192 2231 1276 2266; x_wconf 89' lang='lat' dir='ltr'><strong>pro-</strong></span> 
     </span>
     <span class='ocr_line' id='line_1_47' title="bbox 184 2265 1277 2311; baseline -0.004 -6"><span class='ocrx_word' id='word_1_346' title='bbox 184 2272 385 2305; x_wconf 89' lang='lat' dir='ltr'><strong>curatorem</strong></span> <span class='ocrx_word' id='word_1_347' title='bbox 443 2268 498 2304; x_wconf 87' lang='lat' dir='ltr'><strong>uis</strong></span> <span class='ocrx_word' id='word_1_348' title='bbox 528 2266 632 2303; x_wconf 85' lang='lat' dir='ltr'><strong>defen</strong></span> <span class='ocrx_word' id='word_1_349' title='bbox 658 2270 760 2308; x_wconf 85' lang='lat' dir='ltr'><strong>atur,</strong></span> <span class='ocrx_word' id='word_1_350' title='bbox 794 2276 935 2311; x_wconf 82' lang='lat' dir='ltr'><strong>semper</strong></span> <span class='ocrx_word' id='word_1_351' title='bbox 963 2265 1060 2302; x_wconf 88' lang='lat' dir='ltr'><strong>iusta</strong></span> <span class='ocrx_word' id='word_1_352' title='bbox 1090 2276 1136 2302; x_wconf 85' lang='lat' dir='ltr'><strong>ex</strong></span> <span class='ocrx_word' id='word_1_353' title='bbox 1167 2276 1277 2302; x_wconf 90' lang='lat' dir='ltr'><strong>causa</strong></span> 
     </span>
     <span class='ocr_line' id='line_1_48' title="bbox 183 2310 1278 2365; baseline -0.004 -15"><span class='ocrx_word' id='word_1_354' title='bbox 183 2317 204 2350; x_wconf 85' lang='lat'><strong>2</strong></span> <span class='ocrx_word' id='word_1_355' title='bbox 253 2314 380 2350; x_wconf 89' lang='lat' dir='ltr'><strong>abesse</strong></span> <span class='ocrx_word' id='word_1_356' title='bbox 404 2313 535 2349; x_wconf 86' lang='lat' dir='ltr'><strong>dicitur</strong></span> <span class='ocrx_word' id='word_1_357' title='bbox 557 2322 625 2348; x_wconf 92' lang='lat' dir='ltr'><strong>nec</strong></span> <span class='ocrx_word' id='word_1_358' title='bbox 647 2312 797 2348; x_wconf 88' lang='lat' dir='ltr'><strong>libertus</strong></span> <span class='ocrx_word' id='word_1_359' title='bbox 822 2311 854 2347; x_wconf 89' lang='lat' dir='ltr'><strong>ei</strong></span> <span class='ocrx_word' id='word_1_360' title='bbox 874 2310 1034 2365; x_wconf 80' lang='lat' dir='ltr'><strong>eripitur.</strong></span> <span class='ocrx_word' id='word_1_361' title='bbox 1070 2310 1169 2347; x_wconf 88' lang='lat' dir='ltr'><strong>Nihil</strong></span> <span class='ocrx_word' id='word_1_362' title='bbox 1189 2310 1278 2347; x_wconf 81' lang='lat' dir='ltr'><strong>facit</strong></span> 
     </span>
     <span class='ocr_line' id='line_1_49' title="bbox 184 2356 1276 2403; baseline -0.004 -8"><span class='ocrx_word' id='word_1_363' title='bbox 184 2359 231 2395; x_wconf 88' lang='lat' dir='ltr'><strong>ad</strong></span> <span class='ocrx_word' id='word_1_364' title='bbox 253 2357 574 2403; x_wconf 89' lang='lat' dir='ltr'><strong>interpellandam⁷</strong></span> <span class='ocrx_word' id='word_1_365' title='bbox 597 2356 879 2393; x_wconf 85' lang='lat' dir='ltr'><strong>iurisdictionem</strong></span> <span class='ocrx_word' id='word_1_366' title='bbox 903 2366 999 2398; x_wconf 89' lang='lat' dir='ltr'><strong>eius,</strong></span> <span class='ocrx_word' id='word_1_367' title='bbox 1025 2356 1087 2402; x_wconf 90' lang='lat' dir='ltr'><strong>qui</strong></span> <span class='ocrx_word' id='word_1_368' title='bbox 1110 2356 1154 2392; x_wconf 90' lang='lat' dir='ltr'><strong>de</strong></span> <span class='ocrx_word' id='word_1_369' title='bbox 1177 2356 1276 2392; x_wconf 87' lang='lat' dir='ltr'><strong>fidei-</strong></span> 
     </span>
     <span class='ocr_line' id='line_1_50' title="bbox 185 2401 1278 2447; baseline -0.003 -7"><span class='ocrx_word' id='word_1_370' title='bbox 185 2405 374 2441; x_wconf 84' lang='lat' dir='ltr'><strong>commissa</strong></span> <span class='ocrx_word' id='word_1_371' title='bbox 405 2403 573 2439; x_wconf 87' lang='lat' dir='ltr'><strong>libertate</strong></span> <span class='ocrx_word' id='word_1_372' title='bbox 608 2401 812 2447; x_wconf 78' lang='lat' dir='ltr'><strong>cognoscit,</strong></span> <span class='ocrx_word' id='word_1_373' title='bbox 876 2401 1071 2446; x_wconf 88' lang='lat' dir='ltr'><strong>rivilegium</strong></span> <span class='ocrx_word' id='word_1_374' title='bbox 1105 2402 1278 2447; x_wconf 88' lang='lat' dir='ltr'><strong>cuiusque</strong></span> 
     </span>
     <span class='ocr_line' id='line_1_51' title="bbox 184 2447 1278 2493; baseline -0.003 -8"><span class='ocrx_word' id='word_1_375' title='bbox 184 2450 239 2485; x_wconf 94' lang='lat' dir='ltr'><strong>vel</strong></span> <span class='ocrx_word' id='word_1_376' title='bbox 271 2449 424 2485; x_wconf 90' lang='lat' dir='ltr'><strong>civitatis</strong></span> <span class='ocrx_word' id='word_1_377' title='bbox 456 2448 514 2484; x_wconf 89' lang='lat' dir='ltr'><strong>vel</strong></span> <span class='ocrx_word' id='word_1_378' title='bbox 536 2448 699 2493; x_wconf 88' lang='lat' dir='ltr'><strong>corporis</strong></span> <span class='ocrx_word' id='word_1_379' title='bbox 721 2447 778 2482; x_wconf 88' lang='lat' dir='ltr'><strong>vel</strong></span> <span class='ocrx_word' id='word_1_380' title='bbox 800 2457 822 2483; x_wconf 90' lang='lat' dir='ltr'><strong>c</strong></span> <span class='ocrx_word' id='word_1_381' title='bbox 865 2447 927 2491; x_wconf 88' lang='lat' dir='ltr'><strong>cii,</strong></span> <span class='ocrx_word' id='word_1_382' title='bbox 958 2447 996 2482; x_wconf 89' lang='lat' dir='ltr'><strong>in</strong></span> <span class='ocrx_word' id='word_1_383' title='bbox 1027 2457 1099 2492; x_wconf 90' lang='lat' dir='ltr'><strong>quc</strong></span> <span class='ocrx_word' id='word_1_384' title='bbox 1127 2447 1278 2492; x_wconf 91' lang='lat' dir='ltr'><strong>quisque</strong></span> 
     </span>
     <span class='ocr_line' id='line_1_52' title="bbox 186 2493 789 2578; baseline -0.005 -47"><span class='ocrx_word' id='word_1_385' title='bbox 186 2498 254 2578; x_wconf 54' lang='lat' dir='ltr'><strong>est}</strong></span> <span class='ocrx_word' id='word_1_386' title='bbox 274 2494 331 2531; x_wconf 86' lang='lat' dir='ltr'><strong>vel</strong></span> <span class='ocrx_word' id='word_1_387' title='bbox 354 2493 517 2530; x_wconf 88' lang='lat' dir='ltr'><strong>condicio</strong></span> <span class='ocrx_word' id='word_1_388' title='bbox 541 2503 789 2539; x_wconf 85' lang='lat' dir='ltr'><strong>personarum.</strong></span> 
     </span>
    </p>

    <p class='ocr_par' dir='ltr' id='par_1_8' title="bbox 184 2536 1279 3395">
     <span class='ocr_line' id='line_1_53' title="bbox 259 2536 1278 2583; baseline -0.005 -6"><span class='ocrx_word' id='word_1_389' title='bbox 259 2537 283 2577; x_wconf 88' lang='lat'><strong>7</strong></span> <span class='ocrx_word' id='word_1_390' title='bbox 324 2539 520 2575; x_wconf 69' lang='lat' dir='ltr'><strong>mmmm</strong></span> <span class='ocrx_word' id='word_1_391' title='bbox 553 2538 645 2575; x_wconf 82' lang='lat' dir='ltr'><strong>libro</strong></span> <span class='ocrx_word' id='word_1_392' title='bbox 682 2542 788 2574; x_wconf 76' lang='lat' dir='ltr'><strong>sexto</strong></span> <span class='ocrx_word' id='word_1_393' title='bbox 823 2536 1185 2583; x_wconf 78' lang='lat' dir='ltr'><strong>fideicommissorum</strong></span> <span class='ocrx_word' id='word_1_394' title='bbox 1240 2536 1278 2573; x_wconf 88' lang='lat' dir='ltr'><strong>Si</strong></span> 
     </span>
     <span class='ocr_line' id='line_1_54' title="bbox 185 2582 1277 2630; baseline -0.002 -10"><span class='ocrx_word' id='word_1_395' title='bbox 185 2595 274 2630; x_wconf 91' lang='lat' dir='ltr'><strong>pure</strong></span> <span class='ocrx_word' id='word_1_396' title='bbox 297 2584 382 2620; x_wconf 88' lang='lat' dir='ltr'><strong>data</strong></span> <span class='ocrx_word' id='word_1_397' title='bbox 405 2584 452 2620; x_wconf 87' lang='lat' dir='ltr'><strong>sit</strong></span> <span class='ocrx_word' id='word_1_398' title='bbox 474 2583 747 2620; x_wconf 87' lang='lat' dir='ltr'><strong>fideicommissa</strong></span> <span class='ocrx_word' id='word_1_399' title='bbox 770 2583 919 2618; x_wconf 87' lang='lat' dir='ltr'><strong>libertas</strong></span> <span class='ocrx_word' id='word_1_400' title='bbox 951 2585 988 2618; x_wconf 92' lang='lat' dir='ltr'><strong>et</strong></span> <span class='ocrx_word' id='word_1_401' title='bbox 1014 2582 1045 2619; x_wconf 90' lang='lat' dir='ltr'><strong>is</strong></span> <span class='ocrx_word' id='word_1_402' title='bbox 1070 2592 1195 2618; x_wconf 90' lang='lat' dir='ltr'><strong>servus</strong></span> <span class='ocrx_word' id='word_1_403' title='bbox 1218 2593 1277 2618; x_wconf 88' lang='lat' dir='ltr'><strong>ra-</strong></span> 
     </span>
     <span class='ocr_line' id='line_1_55' title="bbox 184 2627 1278 2673; baseline -0.003 -7"><span class='ocrx_word' id='word_1_404' title='bbox 184 2631 300 2666; x_wconf 82' lang='lat' dir='ltr'><strong>tiones</strong></span> <span class='ocrx_word' id='word_1_405' title='bbox 322 2629 594 2666; x_wconf 85' lang='lat' dir='ltr'><strong>administrasse</strong></span> <span class='ocrx_word' id='word_1_406' title='bbox 618 2628 771 2670; x_wconf 86' lang='lat' dir='ltr'><strong>dicatur,</strong></span> <span class='ocrx_word' id='word_1_407' title='bbox 795 2627 897 2664; x_wconf 87' lang='lat' dir='ltr'><strong>divus</strong></span> <span class='ocrx_word' id='word_1_408' title='bbox 921 2627 1069 2664; x_wconf 85' lang='lat' dir='ltr'><strong>Marcus</strong></span> <span class='ocrx_word' id='word_1_409' title='bbox 1093 2627 1278 2673; x_wconf 86' lang='lat' dir='ltr'><strong>rescripsit</strong></span> 
     </span>
     <span class='ocr_line' id='line_1_56' title="bbox 186 2673 1277 2716; baseline -0.003 -5"><span class='ocrx_word' id='word_1_410' title='bbox 186 2685 321 2711; x_wconf 91' lang='lat' dir='ltr'><strong>moram</strong></span> <span class='ocrx_word' id='word_1_411' title='bbox 350 2674 508 2710; x_wconf 90' lang='lat' dir='ltr'><strong>libertati</strong></span> <span class='ocrx_word' id='word_1_412' title='bbox 539 2685 612 2710; x_wconf 89' lang='lat' dir='ltr'><strong>non</strong></span> <span class='ocrx_word' id='word_1_413' title='bbox 640 2683 719 2710; x_wconf 89' lang='lat' dir='ltr'><strong>esse</strong></span> <span class='ocrx_word' id='word_1_414' title='bbox 751 2673 972 2716; x_wconf 89' lang='lat' dir='ltr'><strong>faciendam,</strong></span> <span class='ocrx_word' id='word_1_415' title='bbox 1005 2683 1049 2709; x_wconf 84' lang='lat' dir='ltr'><strong>ex</strong></span> <span class='ocrx_word' id='word_1_416' title='bbox 1081 2673 1277 2709; x_wconf 88' lang='lat' dir='ltr'><strong>continenti</strong></span> 
     </span>
     <span class='ocr_line' id='line_1_57' title="bbox 184 2718 1278 2764; baseline -0.002 -8"><span class='ocrx_word' id='word_1_417' title='bbox 184 2725 305 2756; x_wconf 91' lang='lat' dir='ltr'><strong>tamen</strong></span> <span class='ocrx_word' id='word_1_418' title='bbox 341 2720 516 2755; x_wconf 89' lang='lat' dir='ltr'><strong>arbitrum</strong></span> <span class='ocrx_word' id='word_1_419' title='bbox 554 2718 710 2754; x_wconf 89' lang='lat' dir='ltr'><strong>dandum</strong></span> <span class='ocrx_word' id='word_1_420' title='bbox 741 2729 835 2761; x_wconf 88' lang='lat' dir='ltr'><strong>esse,</strong></span> <span class='ocrx_word' id='word_1_421' title='bbox 879 2718 941 2763; x_wconf 89' lang='lat' dir='ltr'><strong>qui</strong></span> <span class='ocrx_word' id='word_1_422' title='bbox 977 2718 1278 2764; x_wconf 87' lang='lat' dir='ltr'><strong>computationem</strong></span> 
     </span>
     <span class='ocr_line' id='line_1_58' title="bbox 185 2763 1277 2809; baseline 0 -9"><span class='ocrx_word' id='word_1_423' title='bbox 185 2766 292 2801; x_wconf 86' lang='lat' dir='ltr'><strong>ineat.</strong></span> <span class='ocrx_word' id='word_1_424' title='bbox 339 2766 449 2800; x_wconf 86' lang='lat' dir='ltr'><strong>verba</strong></span> <span class='ocrx_word' id='word_1_425' title='bbox 471 2764 637 2809; x_wconf 88' lang='lat' dir='ltr'><strong>rescripti</strong></span> <span class='ocrx_word' id='word_1_426' title='bbox 658 2764 711 2799; x_wconf 93' lang='lat' dir='ltr'><strong>ita</strong></span> <span class='ocrx_word' id='word_1_427' title='bbox 735 2774 774 2800; x_wconf 90' lang='lat' dir='ltr'><strong>se</strong></span> <span class='ocrx_word' id='word_1_428' title='bbox 797 2764 949 2799; x_wconf 89' lang='lat' dir='ltr'><strong>habent:</strong></span> <span class='ocrx_word' id='word_1_429' title='bbox 982 2763 1154 2809; x_wconf 86' lang='lat' dir='ltr'><strong>‘Aequius</strong></span> <span class='ocrx_word' id='word_1_430' title='bbox 1182 2763 1277 2800; x_wconf 90' lang='lat' dir='ltr'><strong>vide-</strong></span> 
     </span>
     <span class='ocr_line' id='line_1_59' title="bbox 184 2808 1276 2855; baseline -0.002 -9"><span class='ocrx_word' id='word_1_431' title='bbox 184 2812 258 2846; x_wconf 91' lang='lat' dir='ltr'><strong>‘tur</strong></span> <span class='ocrx_word' id='word_1_432' title='bbox 281 2809 477 2855; x_wconf 87' lang='lat' dir='ltr'><strong>Trophimo</strong></span> <span class='ocrx_word' id='word_1_433' title='bbox 502 2819 546 2845; x_wconf 87' lang='lat' dir='ltr'><strong>ex</strong></span> <span class='ocrx_word' id='word_1_434' title='bbox 565 2819 676 2845; x_wconf 89' lang='lat' dir='ltr'><strong>causa</strong></span> <span class='ocrx_word' id='word_1_435' title='bbox 693 2809 956 2845; x_wconf 88' lang='lat' dir='ltr'><strong>fideicommissi</strong></span> <span class='ocrx_word' id='word_1_436' title='bbox 975 2808 1152 2854; x_wconf 89' lang='lat' dir='ltr'><strong>praestari</strong></span> <span class='ocrx_word' id='word_1_437' title='bbox 1170 2808 1276 2844; x_wconf 89' lang='lat' dir='ltr'><strong>liber-</strong></span> 
     </span>
     <span class='ocr_line' id='line_1_60' title="bbox 186 2853 1278 2900; baseline -0.002 -9"><span class='ocrx_word' id='word_1_438' title='bbox 186 2858 326 2898; x_wconf 89' lang='lat' dir='ltr'><strong>‘tatem,</strong></span> <span class='ocrx_word' id='word_1_439' title='bbox 352 2866 458 2900; x_wconf 85' lang='lat' dir='ltr'><strong>quam</strong></span> <span class='ocrx_word' id='word_1_440' title='bbox 483 2855 559 2890; x_wconf 90' lang='lat' dir='ltr'><strong>sine</strong></span> <span class='ocrx_word' id='word_1_441' title='bbox 583 2854 790 2890; x_wconf 89' lang='lat' dir='ltr'><strong>condicione</strong></span> <span class='ocrx_word' id='word_1_442' title='bbox 812 2853 1075 2890; x_wconf 88' lang='lat' dir='ltr'><strong>reddendarum</strong></span> <span class='ocrx_word' id='word_1_443' title='bbox 1098 2854 1278 2890; x_wconf 89' lang='lat' dir='ltr'><strong>rationum</strong></span> 
     </span>
     <span class='ocr_line' id='line_1_61' title="bbox 187 2899 1279 2944; baseline 0 -8"><span class='ocrx_word' id='word_1_444' title='bbox 187 2900 319 2936; x_wconf 88' lang='lat' dir='ltr'><strong>‘datam</strong></span> <span class='ocrx_word' id='word_1_445' title='bbox 350 2910 428 2936; x_wconf 90' lang='lat' dir='ltr'><strong>esse</strong></span> <span class='ocrx_word' id='word_1_446' title='bbox 459 2903 617 2942; x_wconf 90' lang='lat' dir='ltr'><strong>constat,</strong></span> <span class='ocrx_word' id='word_1_447' title='bbox 649 2910 766 2944; x_wconf 92' lang='lat' dir='ltr'><strong>neque</strong></span> <span class='ocrx_word' id='word_1_448' title='bbox 795 2899 991 2935; x_wconf 91' lang='lat' dir='ltr'><strong>humanum</strong></span> <span class='ocrx_word' id='word_1_449' title='bbox 1023 2899 1133 2935; x_wconf 87' lang='lat' dir='ltr'><strong>fuerit</strong></span> <span class='ocrx_word' id='word_1_450' title='bbox 1157 2899 1202 2935; x_wconf 90' lang='lat' dir='ltr'><strong>ob</strong></span> <span class='ocrx_word' id='word_1_451' title='bbox 1227 2899 1279 2936; x_wconf 88' lang='lat' dir='ltr'><strong>rei</strong></span> 
     </span>
     <span class='ocr_line' id='line_1_62' title="bbox 186 2944 1278 2992; baseline -0.001 -11"><span class='ocrx_word' id='word_1_452' title='bbox 186 2945 426 2992; x_wconf 82' lang='lat' dir='ltr'><strong>‘pecuniariae</strong></span> <span class='ocrx_word' id='word_1_453' title='bbox 457 2945 701 2989; x_wconf 87' lang='lat' dir='ltr'><strong>quaestionem</strong></span> <span class='ocrx_word' id='word_1_454' title='bbox 726 2944 886 2988; x_wconf 71' lang='lat' dir='ltr'><strong>libertati</strong></span> <span class='ocrx_word' id='word_1_455' title='bbox 909 2955 1046 2980; x_wconf 88' lang='lat' dir='ltr'><strong>moram</strong></span> <span class='ocrx_word' id='word_1_456' title='bbox 1068 2944 1157 2980; x_wconf 89' lang='lat' dir='ltr'><strong>fieri.</strong></span> <span class='ocrx_word' id='word_1_457' title='bbox 1206 2955 1278 2990; x_wconf 89' lang='lat' dir='ltr'><strong>qua</strong></span> 
     </span>
     <span class='ocr_line' id='line_1_63' title="bbox 186 2989 1279 3036; baseline -0.003 -9"><span class='ocrx_word' id='word_1_458' title='bbox 186 2994 318 3027; x_wconf 88' lang='lat' dir='ltr'><strong>‘tamen</strong></span> <span class='ocrx_word' id='word_1_459' title='bbox 336 2994 606 3036; x_wconf 86' lang='lat' dir='ltr'><strong>repraesentata</strong></span> <span class='ocrx_word' id='word_1_460' title='bbox 625 2989 814 3026; x_wconf 80' lang='lat' dir='ltr'><strong>confestim</strong></span> <span class='ocrx_word' id='word_1_461' title='bbox 834 2989 971 3026; x_wconf 87' lang='lat' dir='ltr'><strong>arbiter</strong></span> <span class='ocrx_word' id='word_1_462' title='bbox 990 3000 1013 3025; x_wconf 93' lang='lat' dir='ltr'><strong>a</strong></span> <span class='ocrx_word' id='word_1_463' title='bbox 1053 2994 1194 3026; x_wconf 91' lang='lat' dir='ltr'><strong>raetore</strong></span> <span class='ocrx_word' id='word_1_464' title='bbox 1209 2990 1279 3026; x_wconf 91' lang='lat' dir='ltr'><strong>erit</strong></span> 
     </span>
     <span class='ocr_line' id='line_1_64' title="bbox 1093 3035 1278 3072; baseline -0.005 0"><span class='ocrx_word' id='word_1_465' title='bbox 1093 3035 1102 3043; x_wconf 83' lang='lat'><em>&#39;</em></span> <span class='ocrx_word' id='word_1_466' title='bbox 1132 3036 1278 3072; x_wconf 84' lang='lat' dir='ltr'><strong>&#39;strasse</strong></span> 
     </span>
     <span class='ocr_line' id='line_1_65' title="bbox 187 3080 1276 3127; baseline -0.002 -9"><span class='ocrx_word' id='word_1_467' title='bbox 187 3085 280 3118; x_wconf 90' lang='lat' dir='ltr'><strong>‘eum</strong></span> <span class='ocrx_word' id='word_1_468' title='bbox 298 3080 477 3127; x_wconf 84' lang='lat' dir='ltr'><strong>apparuit,</strong></span> <span class='ocrx_word' id='word_1_469' title='bbox 498 3090 543 3115; x_wconf 84' lang='lat' dir='ltr'><strong>ex</strong></span> <span class='ocrx_word' id='word_1_470' title='bbox 561 3080 631 3115; x_wconf 88' lang='lat' dir='ltr'><strong>fide</strong></span> <span class='ocrx_word' id='word_1_471' title='bbox 649 3080 799 3116; x_wconf 89' lang='lat' dir='ltr'><strong>reddat’.</strong></span> <span class='ocrx_word' id='word_1_472' title='bbox 834 3084 976 3115; x_wconf 91' lang='lat' dir='ltr'><strong>tantum</strong></span> <span class='ocrx_word' id='word_1_473' title='bbox 994 3080 1103 3125; x_wconf 88' lang='lat' dir='ltr'><strong>igitur</strong></span> <span class='ocrx_word' id='word_1_474' title='bbox 1119 3081 1276 3116; x_wconf 85' lang='lat' dir='ltr'><strong>rationes</strong></span> 
     </span>
     <span class='ocr_line' id='line_1_66' title="bbox 186 3125 1276 3171; baseline -0.002 -8"><span class='ocrx_word' id='word_1_475' title='bbox 186 3126 336 3163; x_wconf 90' lang='lat' dir='ltr'><strong>reddere</strong></span> <span class='ocrx_word' id='word_1_476' title='bbox 360 3129 518 3171; x_wconf 76' lang='lat' dir='ltr'><strong>cogetur.</strong></span> <span class='ocrx_word' id='word_1_477' title='bbox 555 3125 619 3161; x_wconf 89' lang='lat' dir='ltr'><strong>sed</strong></span> <span class='ocrx_word' id='word_1_478' title='bbox 643 3135 690 3160; x_wconf 90' lang='lat' dir='ltr'><strong>an</strong></span> <span class='ocrx_word' id='word_1_479' title='bbox 714 3129 751 3161; x_wconf 90' lang='lat' dir='ltr'><strong>et</strong></span> <span class='ocrx_word' id='word_1_480' title='bbox 772 3125 910 3170; x_wconf 84' lang='lat' dir='ltr'><strong>reliqua</strong></span> <span class='ocrx_word' id='word_1_481' title='bbox 929 3126 1118 3161; x_wconf 89' lang='lat' dir='ltr'><strong>restituere</strong></span> <span class='ocrx_word' id='word_1_482' title='bbox 1136 3125 1276 3165; x_wconf 83' lang='lat' dir='ltr'><strong>debeat,</strong></span> 
     </span>
     <span class='ocr_line' id='line_1_67' title="bbox 187 3170 1278 3216; baseline -0.001 -9"><span class='ocrx_word' id='word_1_483' title='bbox 187 3172 274 3207; x_wconf 89' lang='lat' dir='ltr'><strong>nihil</strong></span> <span class='ocrx_word' id='word_1_484' title='bbox 299 3171 462 3213; x_wconf 87' lang='lat' dir='ltr'><strong>adicitur,</strong></span> <span class='ocrx_word' id='word_1_485' title='bbox 488 3180 554 3206; x_wconf 89' lang='lat' dir='ltr'><strong>nec</strong></span> <span class='ocrx_word' id='word_1_486' title='bbox 577 3174 665 3215; x_wconf 91' lang='lat' dir='ltr'><strong>puto</strong></span> <span class='ocrx_word' id='word_1_487' title='bbox 690 3170 905 3215; x_wconf 87' lang='lat' dir='ltr'><strong>cogendum:</strong></span> <span class='ocrx_word' id='word_1_488' title='bbox 932 3180 1015 3206; x_wconf 87' lang='lat' dir='ltr'><strong>nam</strong></span> <span class='ocrx_word' id='word_1_489' title='bbox 1038 3170 1082 3207; x_wconf 92' lang='lat' dir='ltr'><strong>de</strong></span> <span class='ocrx_word' id='word_1_490' title='bbox 1103 3181 1157 3214; x_wconf 94' lang='lat' dir='ltr'><strong>eo,</strong></span> <span class='ocrx_word' id='word_1_491' title='bbox 1182 3170 1278 3216; x_wconf 92' lang='lat' dir='ltr'><strong>quod</strong></span> 
     </span>
     <span class='ocr_line' id='line_1_68' title="bbox 186 3214 1278 3260; baseline -0.001 -8"><span class='ocrx_word' id='word_1_492' title='bbox 186 3217 223 3252; x_wconf 89' lang='lat' dir='ltr'><strong>in</strong></span> <span class='ocrx_word' id='word_1_493' title='bbox 258 3216 429 3253; x_wconf 71' lang='lat' dir='ltr'><strong>servitute</strong></span> <span class='ocrx_word' id='word_1_494' title='bbox 466 3214 595 3260; x_wconf 77' lang='lat' dir='ltr'><strong>gessit,</strong></span> <span class='ocrx_word' id='word_1_495' title='bbox 636 3219 720 3260; x_wconf 91' lang='lat' dir='ltr'><strong>post</strong></span> <span class='ocrx_word' id='word_1_496' title='bbox 753 3216 956 3251; x_wconf 89' lang='lat' dir='ltr'><strong>libertatem</strong></span> <span class='ocrx_word' id='word_1_497' title='bbox 991 3215 1171 3252; x_wconf 87' lang='lat' dir='ltr'><strong>conveniri</strong></span> <span class='ocrx_word' id='word_1_498' title='bbox 1205 3226 1278 3252; x_wconf 91' lang='lat' dir='ltr'><strong>non</strong></span> 
     </span>
     <span class='ocr_line' id='line_1_69' title="bbox 187 3260 1278 3307; baseline 0 -10"><span class='ocrx_word' id='word_1_499' title='bbox 187 3266 316 3307; x_wconf 89' lang='lat' dir='ltr'><strong>potest.</strong></span> <span class='ocrx_word' id='word_1_500' title='bbox 365 3270 519 3306; x_wconf 89' lang='lat' dir='ltr'><strong>corpora</strong></span> <span class='ocrx_word' id='word_1_501' title='bbox 552 3260 658 3305; x_wconf 88' lang='lat' dir='ltr'><strong>plane</strong></span> <span class='ocrx_word' id='word_1_502' title='bbox 688 3261 865 3296; x_wconf 90' lang='lat' dir='ltr'><strong>rationum</strong></span> <span class='ocrx_word' id='word_1_503' title='bbox 896 3265 933 3296; x_wconf 92' lang='lat' dir='ltr'><strong>et</strong></span> <span class='ocrx_word' id='word_1_504' title='bbox 963 3261 993 3296; x_wconf 91' lang='lat' dir='ltr'><strong>si</strong></span> <span class='ocrx_word' id='word_1_505' title='bbox 1022 3271 1111 3306; x_wconf 89' lang='lat' dir='ltr'><strong>quas</strong></span> <span class='ocrx_word' id='word_1_506' title='bbox 1140 3271 1199 3297; x_wconf 88' lang='lat' dir='ltr'><strong>res</strong></span> <span class='ocrx_word' id='word_1_507' title='bbox 1222 3261 1278 3297; x_wconf 91' lang='lat' dir='ltr'><strong>vel</strong></span> 
     </span>
     <span class='ocr_line' id='line_1_70' title="bbox 187 3304 1278 3357; baseline 0.001 -16"><span class='ocrx_word' id='word_1_508' title='bbox 187 3307 359 3351; x_wconf 86' lang='lat' dir='ltr'><strong>pecunias</strong></span> <span class='ocrx_word' id='word_1_509' title='bbox 384 3316 428 3342; x_wconf 85' lang='lat' dir='ltr'><strong>ex</strong></span> <span class='ocrx_word' id='word_1_510' title='bbox 452 3306 507 3342; x_wconf 89' lang='lat' dir='ltr'><strong>his</strong></span> <span class='ocrx_word' id='word_1_511' title='bbox 531 3304 664 3357; x_wconf 82' lang='lat' dir='ltr'><strong>detinet</strong></span> <span class='ocrx_word' id='word_1_512' title='bbox 688 3306 868 3350; x_wconf 84' lang='lat' dir='ltr'><strong>cogendus</strong></span> <span class='ocrx_word' id='word_1_513' title='bbox 899 3309 956 3341; x_wconf 89' lang='lat' dir='ltr'><strong>est</strong></span> <span class='ocrx_word' id='word_1_514' title='bbox 986 3316 1051 3351; x_wconf 89' lang='lat' dir='ltr'><strong>per</strong></span> <span class='ocrx_word' id='word_1_515' title='bbox 1073 3309 1278 3352; x_wconf 88' lang='lat' dir='ltr'><strong>praetorem</strong></span> 
     </span>
     <span class='ocr_line' id='line_1_71' title="bbox 187 3349 954 3395; baseline -0.003 -8"><span class='ocrx_word' id='word_1_516' title='bbox 187 3352 396 3387; x_wconf 82' lang='lat' dir='ltr'><strong>restituere:</strong></span> <span class='ocrx_word' id='word_1_517' title='bbox 419 3351 506 3386; x_wconf 88' lang='lat' dir='ltr'><strong>item</strong></span> <span class='ocrx_word' id='word_1_518' title='bbox 529 3349 573 3386; x_wconf 90' lang='lat' dir='ltr'><strong>de</strong></span> <span class='ocrx_word' id='word_1_519' title='bbox 596 3350 743 3395; x_wconf 88' lang='lat' dir='ltr'><strong>singulis</strong></span> <span class='ocrx_word' id='word_1_520' title='bbox 766 3350 954 3387; x_wconf 85' lang='lat' dir='ltr'><strong>instruere.</strong></span> 
     </span>
    </p>

    <p class='ocr_par' dir='ltr' id='par_1_9' title="bbox 234 3393 1276 3440">
     <span class='ocr_line' id='line_1_72' title="bbox 234 3393 1276 3440; baseline -0.001 -6"><span class='ocrx_word' id='word_1_521' title='bbox 234 3393 287 3434; x_wconf 90' lang='lat'><strong>38</strong></span> <span class='ocrx_word' id='word_1_522' title='bbox 314 3395 474 3432; x_wconf 70' lang='lat' dir='ltr'><strong>mes</strong></span> <span class='ocrx_word' id='word_1_523' title='bbox 490 3396 581 3432; x_wconf 83' lang='lat' dir='ltr'><strong>libro</strong></span> <span class='ocrx_word' id='word_1_524' title='bbox 601 3395 706 3432; x_wconf 74' lang='lat' dir='ltr'><strong>tertio</strong></span> <span class='ocrx_word' id='word_1_525' title='bbox 725 3395 949 3431; x_wconf 79' lang='lat' dir='ltr'><strong>decretorum</strong></span> <span class='ocrx_word' id='word_1_526' title='bbox 987 3395 1031 3432; x_wconf 90' lang='lat' dir='ltr'><strong>In</strong></span> <span class='ocrx_word' id='word_1_527' title='bbox 1050 3399 1276 3440; x_wconf 87' lang='lat' dir='ltr'><strong>testamento,</strong></span> 
     </span>
    </p>
   </div>
   <div class='ocr_carea' id='block_1_4' title="bbox 187 3034 1031 3081">
    <p class='ocr_par' dir='ltr' id='par_1_10' title="bbox 187 3034 1031 3081">
     <span class='ocr_line' id='line_1_73' title="bbox 187 3034 1031 3081; baseline -0.002 -9"><span class='ocrx_word' id='word_1_528' title='bbox 187 3036 357 3078; x_wconf 53' lang='lat' dir='ltr'><strong>‘dandum</strong></span> <span class='ocrx_word' id='word_1_529' title='bbox 389 3034 487 3081; x_wconf 86' lang='lat' dir='ltr'><strong>apud</strong></span> <span class='ocrx_word' id='word_1_530' title='bbox 518 3045 623 3080; x_wconf 92' lang='lat' dir='ltr'><strong>quem</strong></span> <span class='ocrx_word' id='word_1_531' title='bbox 652 3035 844 3078; x_wconf 89' lang='lat' dir='ltr'><strong>rationem,</strong></span> <span class='ocrx_word' id='word_1_532' title='bbox 878 3045 984 3079; x_wconf 88' lang='lat' dir='ltr'><strong>quam</strong></span> <span class='ocrx_word' id='word_1_533' title='bbox 1008 3045 1031 3070; x_wconf 90' lang='lat' dir='ltr'><strong>a</strong></span> 
     </span>
    </p>
   </div>
   <div class='ocr_carea' id='block_1_5' title="bbox 189 3507 1277 3778">
    <p class='ocr_par' dir='ltr' id='par_1_11' title="bbox 189 3507 1277 3778">
     <span class='ocr_line' id='line_1_74' title="bbox 189 3507 1276 3551; baseline 0 -8"><span class='ocrx_word' id='word_1_534' title='bbox 189 3511 228 3549; x_wconf 79' lang='grc' dir='ltr'><strong>(ι)</strong></span> <span class='ocrx_word' id='word_1_535' title='bbox 254 3510 314 3541; x_wconf 88' lang='lat' dir='ltr'><strong>sut</strong></span> <span class='ocrx_word' id='word_1_536' title='bbox 323 3508 558 3543; x_wconf 81' lang='lat' dir='ltr'><strong>manumittere</strong></span> <span class='ocrx_word' id='word_1_537' title='bbox 571 3510 630 3543; x_wconf 76' lang='lat' dir='ltr'><strong>ins.</strong></span> <span class='ocrx_word' id='word_1_538' title='bbox 713 3512 755 3550; x_wconf 79' lang='lat'><strong>(2)</strong></span> <span class='ocrx_word' id='word_1_539' title='bbox 781 3508 838 3542; x_wconf 83' lang='lat' dir='ltr'><strong>oui</strong></span> <span class='ocrx_word' id='word_1_540' title='bbox 849 3520 907 3542; x_wconf 86' lang='lat' dir='ltr'><strong>om.</strong></span> <span class='ocrx_word' id='word_1_541' title='bbox 924 3509 960 3542; x_wconf 82' lang='lat' dir='ltr'>F</span> <span class='ocrx_word' id='word_1_542' title='bbox 1029 3513 1071 3551; x_wconf 81' lang='grc'><strong>(3)</strong></span> <span class='ocrx_word' id='word_1_543' title='bbox 1096 3511 1208 3543; x_wconf 82' lang='lat' dir='ltr'><strong>tamen</strong></span> <span class='ocrx_word' id='word_1_544' title='bbox 1221 3507 1276 3543; x_wconf 66' lang='lat' dir='ltr'><strong>F*</strong></span> 
     </span>
     <span class='ocr_line' id='line_1_75' title="bbox 189 3553 1277 3596; baseline 0 -9"><span class='ocrx_word' id='word_1_545' title='bbox 189 3555 232 3595; x_wconf 81' lang='grc'><strong>(4)</strong></span> <span class='ocrx_word' id='word_1_546' title='bbox 256 3554 363 3587; x_wconf 83' lang='lat' dir='ltr'><strong>mains</strong></span> <span class='ocrx_word' id='word_1_547' title='bbox 374 3554 423 3587; x_wconf 88' lang='lat' dir='ltr'><strong>rei</strong></span> <span class='ocrx_word' id='word_1_548' title='bbox 435 3566 496 3587; x_wconf 77' lang='lat' dir='ltr'><strong>scr.</strong></span> <span class='ocrx_word' id='word_1_549' title='bbox 591 3555 635 3596; x_wconf 75' lang='lat' dir='ltr'><strong>(c)</strong></span> <span class='ocrx_word' id='word_1_550' title='bbox 660 3556 788 3587; x_wconf 85' lang='lat' dir='ltr'><strong>tutores</strong></span> <span class='ocrx_word' id='word_1_551' title='bbox 798 3553 833 3587; x_wconf 73' lang='lat' dir='ltr'><strong>F·</strong></span> <span class='ocrx_word' id='word_1_552' title='bbox 921 3554 965 3594; x_wconf 79' lang='lat' dir='ltr'><strong>(c)</strong></span> <span class='ocrx_word' id='word_1_553' title='bbox 990 3555 1184 3588; x_wconf 81' lang='lat' dir='ltr'><strong>continetur</strong></span> <span class='ocrx_word' id='word_1_554' title='bbox 1199 3553 1277 3587; x_wconf 86' lang='lat' dir='ltr'><strong>aliis</strong></span> 
     </span>
     <span class='ocr_line' id='line_1_76' title="bbox 189 3597 725 3639; baseline 0.004 -8"><span class='ocrx_word' id='word_1_555' title='bbox 189 3599 265 3639; x_wconf 86' lang='lat' dir='ltr'><strong>quis</strong></span> <span class='ocrx_word' id='word_1_556' title='bbox 286 3599 345 3639; x_wconf 59' lang='grc' dir='ltr'><strong>ΡΙ,</strong></span> <span class='ocrx_word' id='word_1_557' title='bbox 369 3599 585 3633; x_wconf 86' lang='lat' dir='ltr'><strong>continentur</strong></span> <span class='ocrx_word' id='word_1_558' title='bbox 604 3598 651 3632; x_wconf 83' lang='lat' dir='ltr'><strong>ali</strong></span> <span class='ocrx_word' id='word_1_559' title='bbox 673 3597 725 3633; x_wconf 64' lang='grc' dir='ltr'><strong>Γ*</strong></span> 
     </span>
     <span class='ocr_line' id='line_1_77' title="bbox 189 3642 1277 3697; baseline 0 -20"><span class='ocrx_word' id='word_1_560' title='bbox 189 3646 233 3683; x_wconf 75' lang='grc' dir='ltr'><strong>(ε)</strong></span> <span class='ocrx_word' id='word_1_561' title='bbox 254 3645 290 3695; x_wconf 61' lang='lat' dir='ltr'><strong>ici</strong></span> <span class='ocrx_word' id='word_1_562' title='bbox 299 3652 364 3695; x_wconf 63' lang='lat' dir='ltr'><strong>esf.-</strong></span> <span class='ocrx_word' id='word_1_563' title='bbox 376 3643 482 3696; x_wconf 70' lang='lat' dir='ltr'><strong>Crede</strong></span> <span class='ocrx_word' id='word_1_564' title='bbox 494 3644 589 3695; x_wconf 81' lang='lat' dir='ltr'><strong>mihi,</strong></span> <span class='ocrx_word' id='word_1_565' title='bbox 604 3643 709 3696; x_wconf 59' lang='lat' dir='ltr'><strong>Zoilo,</strong></span> <span class='ocrx_word' id='word_1_566' title='bbox 718 3643 863 3687; x_wconf 78' lang='lat' dir='ltr'><strong>gratim</strong></span> <span class='ocrx_word' id='word_1_567' title='bbox 873 3643 937 3677; x_wconf 90' lang='lat' dir='ltr'><strong>tibi</strong></span> <span class='ocrx_word' id='word_1_568' title='bbox 949 3644 1070 3697; x_wconf 73' lang='lat' dir='ltr'><strong>referet</strong></span> <span class='ocrx_word' id='word_1_569' title='bbox 1080 3642 1174 3679; x_wconf 79' lang='lat' dir='ltr'><strong>filius</strong></span> <span class='ocrx_word' id='word_1_570' title='bbox 1184 3653 1277 3678; x_wconf 87' lang='lat' dir='ltr'><strong>meus</strong></span> 
     </span>
     <span class='ocr_line' id='line_1_78' title="bbox 190 3687 1276 3778; baseline 0.002 -13"><span class='ocrx_word' id='word_1_571' title='bbox 190 3687 401 3775; x_wconf 24' lang='lat' dir='ltr'><strong>m?</strong></span> <span class='ocrx_word' id='word_1_572' title='bbox 411 3687 754 3777; x_wconf 23' lang='lat' dir='ltr'><strong>‘¹313thth</strong></span> <span class='ocrx_word' id='word_1_573' title='bbox 770 3694 872 3768; x_wconf 61' lang='lat' dir='ltr'><strong>serm</strong></span> <span class='ocrx_word' id='word_1_574' title='bbox 897 3698 1147 3774; x_wconf 38' lang='lat' dir='ltr'><strong>otaldfrid—terius</strong></span> <span class='ocrx_word' id='word_1_575' title='bbox 1163 3734 1276 3778; x_wconf 76' lang='lat' dir='ltr'><strong>quaml</strong></span> 
     </span>
    </p>
   </div>
   <div class='ocr_carea' id='block_1_6' title="bbox 1271 108 1354 157">
    <p class='ocr_par' dir='ltr' id='par_1_12' title="bbox 1271 108 1354 157">
     <span class='ocr_line' id='line_1_79' title="bbox 1271 108 1354 157; baseline -0.012 0"><span class='ocrx_word' id='word_1_576' title='bbox 1271 108 1354 157; x_wconf 78' lang='lat'><strong>626</strong></span> 
     </span>
    </p>
   </div>
   <div class='ocr_carea' id='block_1_7' title="bbox 885 3598 1282 3642">
    <p class='ocr_par' dir='ltr' id='par_1_13' title="bbox 885 3598 1282 3642">
     <span class='ocr_line' id='line_1_80' title="bbox 885 3598 1282 3642; baseline 0 -9"><span class='ocrx_word' id='word_1_577' title='bbox 885 3601 929 3641; x_wconf 79' lang='grc' dir='ltr'>(ι)</span> <span class='ocrx_word' id='word_1_578' title='bbox 951 3598 1230 3642; x_wconf 69' lang='lat' dir='ltr'><strong>interponendam</strong></span> <span class='ocrx_word' id='word_1_579' title='bbox 1245 3598 1282 3633; x_wconf 76' lang='lat' dir='ltr'>F</span> 
     </span>
    </p>
   </div>
   <div class='ocr_carea' id='block_1_8' title="bbox 1505 17 1576 115">
    <p class='ocr_par' dir='ltr' id='par_1_14' title="bbox 1505 17 1576 115">
     <span class='ocr_line' id='line_1_81' title="bbox 1505 17 1576 95; baseline 0 0"><span class='ocrx_word' id='word_1_580' title='bbox 1505 17 1576 95; x_wconf 42' lang='grc' dir='ltr'>ἥ</span> 
     </span>
     <span class='ocr_line' id='line_1_82' title="bbox 1564 99 1568 115; baseline 0 0"><span class='ocrx_word' id='word_1_581' title='bbox 1564 99 1568 115; x_wconf 79' lang='lat' dir='ltr'><strong>l</strong></span> 
     </span>
    </p>
   </div>
   <div class='ocr_carea' id='block_1_9' title="bbox 1899 123 2426 156">
    <p class='ocr_par' dir='ltr' id='par_1_15' title="bbox 1899 123 2426 156">
     <span class='ocr_line' id='line_1_83' title="bbox 1899 123 2426 156; baseline 0.004 -2"><span class='ocrx_word' id='word_1_582' title='bbox 1899 124 1961 154; x_wconf 75' lang='lat' dir='ltr'><strong>DE</strong></span> <span class='ocrx_word' id='word_1_583' title='bbox 1989 123 2426 156; x_wconf 70' lang='lat' dir='ltr'><strong>mecomssamls</strong></span> 
     </span>
    </p>
   </div>
   <div class='ocr_carea' id='block_1_10' title="bbox 1343 233 2435 3442">
    <p class='ocr_par' dir='ltr' id='par_1_16' title="bbox 1344 233 2430 597">
     <span class='ocr_line' id='line_1_84' title="bbox 1345 233 2427 332; baseline 0.004 -18"><span class='ocrx_word' id='word_1_584' title='bbox 1345 233 1676 332; x_wconf 54' lang='lat'><strong>32‘231010033333</strong></span> <span class='ocrx_word' id='word_1_585' title='bbox 1699 235 2094 317; x_wconf 48' lang='lat' dir='ltr'><strong>issiifflssamfflommmm</strong></span> <span class='ocrx_word' id='word_1_586' title='bbox 2114 236 2427 318; x_wconf 51' lang='lat' dir='ltr'><strong>{¹2¹⁸}thssssss</strong></span> 
     </span>
     <span class='ocr_line' id='line_1_85' title="bbox 1344 325 2426 372; baseline 0.004 -13"><span class='ocrx_word' id='word_1_587' title='bbox 1344 327 1516 369; x_wconf 78' lang='lat' dir='ltr'><strong>egissent,</strong></span> <span class='ocrx_word' id='word_1_588' title='bbox 1546 325 1700 370; x_wconf 88' lang='lat' dir='ltr'><strong>quaesiit</strong></span> <span class='ocrx_word' id='word_1_589' title='bbox 1729 326 1937 372; x_wconf 89' lang='lat' dir='ltr'><strong>imperator,</strong></span> <span class='ocrx_word' id='word_1_590' title='bbox 1969 336 2018 362; x_wconf 88' lang='lat' dir='ltr'><strong>an</strong></span> <span class='ocrx_word' id='word_1_591' title='bbox 2045 330 2086 362; x_wconf 91' lang='lat' dir='ltr'><strong>ut</strong></span> <span class='ocrx_word' id='word_1_592' title='bbox 2114 337 2160 362; x_wconf 88' lang='lat' dir='ltr'><strong>ex</strong></span> <span class='ocrx_word' id='word_1_593' title='bbox 2189 337 2300 363; x_wconf 89' lang='lat' dir='ltr'><strong>causa</strong></span> <span class='ocrx_word' id='word_1_594' title='bbox 2326 326 2426 363; x_wconf 89' lang='lat' dir='ltr'><strong>fidei-</strong></span> 
     </span>
     <span class='ocr_line' id='line_1_86' title="bbox 1346 369 2428 414; baseline 0.004 -10"><span class='ocrx_word' id='word_1_595' title='bbox 1346 369 1524 405; x_wconf 90' lang='lat' dir='ltr'><strong>commissi</strong></span> <span class='ocrx_word' id='word_1_596' title='bbox 1565 370 1784 406; x_wconf 85' lang='lat' dir='ltr'><strong>manumissa</strong></span> <span class='ocrx_word' id='word_1_597' title='bbox 1822 370 1967 407; x_wconf 84' lang='lat' dir='ltr'><strong>fuisset:</strong></span> <span class='ocrx_word' id='word_1_598' title='bbox 2011 375 2046 407; x_wconf 93' lang='lat' dir='ltr'><strong>et</strong></span> <span class='ocrx_word' id='word_1_599' title='bbox 2084 371 2318 408; x_wconf 87' lang='lat' dir='ltr'><strong>interlocutus</strong></span> <span class='ocrx_word' id='word_1_600' title='bbox 2360 375 2428 414; x_wconf 83' lang='lat' dir='ltr'><strong>est,</strong></span> 
     </span>
     <span class='ocr_line' id='line_1_87' title="bbox 1345 413 2426 462; baseline 0.002 -12"><span class='ocrx_word' id='word_1_601' title='bbox 1345 413 1485 450; x_wconf 87' lang='lat' dir='ltr'><strong>etiamsi</strong></span> <span class='ocrx_word' id='word_1_602' title='bbox 1508 414 1595 449; x_wconf 88' lang='lat' dir='ltr'><strong>nihil</strong></span> <span class='ocrx_word' id='word_1_603' title='bbox 1618 415 1664 450; x_wconf 90' lang='lat' dir='ltr'><strong>ab</strong></span> <span class='ocrx_word' id='word_1_604' title='bbox 1687 415 1857 452; x_wconf 79' lang='lat' dir='ltr'><strong>intestato</strong></span> <span class='ocrx_word' id='word_1_605' title='bbox 1881 421 1984 461; x_wconf 87' lang='lat' dir='ltr'><strong>pater</strong></span> <span class='ocrx_word' id='word_1_606' title='bbox 2006 416 2173 461; x_wconf 86' lang='lat' dir='ltr'><strong>petisset,</strong></span> <span class='ocrx_word' id='word_1_607' title='bbox 2203 417 2282 462; x_wconf 87' lang='lat' dir='ltr'><strong>pios</strong></span> <span class='ocrx_word' id='word_1_608' title='bbox 2309 420 2426 458; x_wconf 65' lang='lat' dir='ltr'><strong>tamen</strong></span> 
     </span>
     <span class='ocr_line' id='line_1_88' title="bbox 1346 458 2426 507; baseline 0.003 -13"><span class='ocrx_word' id='word_1_609' title='bbox 1346 459 1438 495; x_wconf 89' lang='lat' dir='ltr'><strong>filios</strong></span> <span class='ocrx_word' id='word_1_610' title='bbox 1462 458 1628 495; x_wconf 83' lang='lat' dir='ltr'><strong>debuisse</strong></span> <span class='ocrx_word' id='word_1_611' title='bbox 1652 461 1898 497; x_wconf 89' lang='lat' dir='ltr'><strong>manumittere</strong></span> <span class='ocrx_word' id='word_1_612' title='bbox 1920 471 2011 503; x_wconf 89' lang='lat' dir='ltr'><strong>eam,</strong></span> <span class='ocrx_word' id='word_1_613' title='bbox 2036 471 2141 506; x_wconf 91' lang='lat' dir='ltr'><strong>quam</strong></span> <span class='ocrx_word' id='word_1_614' title='bbox 2164 467 2268 507; x_wconf 90' lang='lat' dir='ltr'><strong>pater</strong></span> <span class='ocrx_word' id='word_1_615' title='bbox 2286 461 2426 497; x_wconf 85' lang='lat' dir='ltr'><strong>dilexis·</strong></span> 
     </span>
     <span class='ocr_line' id='line_1_89' title="bbox 1346 505 2430 550; baseline 0.003 -11"><span class='ocrx_word' id='word_1_616' title='bbox 1346 508 1411 540; x_wconf 88' lang='lat' dir='ltr'><strong>set.</strong></span> <span class='ocrx_word' id='word_1_617' title='bbox 1484 505 1701 540; x_wconf 85' lang='lat' dir='ltr'><strong>ronuntiavit</strong></span> <span class='ocrx_word' id='word_1_618' title='bbox 1734 506 1844 550; x_wconf 82' lang='lat' dir='ltr'><strong>igitur</strong></span> <span class='ocrx_word' id='word_1_619' title='bbox 1877 511 1974 542; x_wconf 84' lang='lat' dir='ltr'><strong>recte</strong></span> <span class='ocrx_word' id='word_1_620' title='bbox 2002 517 2082 542; x_wconf 88' lang='lat' dir='ltr'><strong>eain</strong></span> <span class='ocrx_word' id='word_1_621' title='bbox 2111 506 2362 542; x_wconf 84' lang='lat' dir='ltr'><strong>manumissam</strong></span> <span class='ocrx_word' id='word_1_622' title='bbox 2393 511 2430 542; x_wconf 90' lang='lat' dir='ltr'><strong>et</strong></span> 
     </span>
     <span class='ocr_line' id='line_1_90' title="bbox 1346 548 2159 597; baseline 0.004 -13"><span class='ocrx_word' id='word_1_623' title='bbox 1346 549 1425 584; x_wconf 88' lang='lat' dir='ltr'><strong>ideo</strong></span> <span class='ocrx_word' id='word_1_624' title='bbox 1475 548 1722 586; x_wconf 89' lang='lat' dir='ltr'><strong>deicommissa</strong></span> <span class='ocrx_word' id='word_1_625' title='bbox 1743 551 1850 587; x_wconf 88' lang='lat' dir='ltr'><strong>etiam</strong></span> <span class='ocrx_word' id='word_1_626' title='bbox 1873 552 1906 587; x_wconf 92' lang='lat' dir='ltr'><strong>ei</strong></span> <span class='ocrx_word' id='word_1_627' title='bbox 1929 551 2159 597; x_wconf 86' lang='lat' dir='ltr'><strong>praestanda.</strong></span> 
     </span>
    </p>

    <p class='ocr_par' dir='ltr' id='par_1_17' title="bbox 1343 591 2433 1182">
     <span class='ocr_line' id='line_1_91' title="bbox 1392 591 2429 643; baseline 0.001 -12"><span class='ocrx_word' id='word_1_628' title='bbox 1392 591 1446 631; x_wconf 83' lang='lat'><strong>39</strong></span> <span class='ocrx_word' id='word_1_629' title='bbox 1472 593 1577 629; x_wconf 61' lang='lat'><strong>102⁸</strong></span> <span class='ocrx_word' id='word_1_630' title='bbox 1598 595 1689 630; x_wconf 83' lang='lat' dir='ltr'><strong>libro</strong></span> <span class='ocrx_word' id='word_1_631' title='bbox 1713 597 1816 631; x_wconf 82' lang='lat' dir='ltr'><strong>tertio</strong></span> <span class='ocrx_word' id='word_1_632' title='bbox 1841 596 1976 632; x_wconf 84' lang='lat' dir='ltr'><strong>decimo</strong></span> <span class='ocrx_word' id='word_1_633' title='bbox 1999 607 2254 643; x_wconf 77' lang='lat' dir='ltr'><strong>responsorum</strong></span> <span class='ocrx_word' id='word_1_634' title='bbox 2295 596 2429 632; x_wconf 89' lang='lat' dir='ltr'><strong>Paulus</strong></span> 
     </span>
     <span class='ocr_line' id='line_1_92' title="bbox 1346 639 2431 695; baseline 0.002 -21"><span class='ocrx_word' id='word_1_635' title='bbox 1346 639 1546 684; x_wconf 88' lang='lat' dir='ltr'><strong>respondit,</strong></span> <span class='ocrx_word' id='word_1_636' title='bbox 1583 639 1653 675; x_wconf 88' lang='lat' dir='ltr'><strong>etsi</strong></span> <span class='ocrx_word' id='word_1_637' title='bbox 1682 639 1819 677; x_wconf 89' lang='lat' dir='ltr'><strong>alienus</strong></span> <span class='ocrx_word' id='word_1_638' title='bbox 1850 641 2049 677; x_wconf 90' lang='lat' dir='ltr'><strong>inveniatur</strong></span> <span class='ocrx_word' id='word_1_639' title='bbox 2079 652 2221 684; x_wconf 90' lang='lat' dir='ltr'><strong>servus,</strong></span> <span class='ocrx_word' id='word_1_640' title='bbox 2254 652 2359 695; x_wconf 82' lang='lat' dir='ltr'><strong>quem</strong></span> <span class='ocrx_word' id='word_1_641' title='bbox 2392 646 2431 676; x_wconf 90' lang='lat' dir='ltr'><strong>ut</strong></span> 
     </span>
     <span class='ocr_line' id='line_1_93' title="bbox 1347 685 2430 723; baseline 0.004 -4"><span class='ocrx_word' id='word_1_642' title='bbox 1347 695 1450 719; x_wconf 91' lang='lat' dir='ltr'><strong>suum</strong></span> <span class='ocrx_word' id='word_1_643' title='bbox 1480 689 1631 720; x_wconf 90' lang='lat' dir='ltr'><strong>testator</strong></span> <span class='ocrx_word' id='word_1_644' title='bbox 1660 685 1707 721; x_wconf 89' lang='lat' dir='ltr'><strong>ab</strong></span> <span class='ocrx_word' id='word_1_645' title='bbox 1735 696 1807 721; x_wconf 90' lang='lat' dir='ltr'><strong>uno</strong></span> <span class='ocrx_word' id='word_1_646' title='bbox 1838 696 1883 721; x_wconf 83' lang='lat' dir='ltr'><strong>ex</strong></span> <span class='ocrx_word' id='word_1_647' title='bbox 1914 687 2107 723; x_wconf 88' lang='lat' dir='ltr'><strong>heredibus</strong></span> <span class='ocrx_word' id='word_1_648' title='bbox 2131 687 2283 723; x_wconf 82' lang='lat' dir='ltr'><strong>voluerit</strong></span> <span class='ocrx_word' id='word_1_649' title='bbox 2303 698 2430 722; x_wconf 88' lang='lat' dir='ltr'><strong>manu·</strong></span> 
     </span>
     <span class='ocr_line' id='line_1_94' title="bbox 1346 729 2429 777; baseline 0.005 -14"><span class='ocrx_word' id='word_1_650' title='bbox 1346 729 1455 770; x_wconf 81' lang='lat' dir='ltr'><strong>mitti,</strong></span> <span class='ocrx_word' id='word_1_651' title='bbox 1490 734 1610 765; x_wconf 89' lang='lat' dir='ltr'><strong>tamen</strong></span> <span class='ocrx_word' id='word_1_652' title='bbox 1634 730 1830 775; x_wconf 89' lang='lat' dir='ltr'><strong>cogendum</strong></span> <span class='ocrx_word' id='word_1_653' title='bbox 1855 742 1951 775; x_wconf 91' lang='lat' dir='ltr'><strong>eum,</strong></span> <span class='ocrx_word' id='word_1_654' title='bbox 1983 732 2045 777; x_wconf 89' lang='lat' dir='ltr'><strong>qui</strong></span> <span class='ocrx_word' id='word_1_655' title='bbox 2067 736 2213 777; x_wconf 89' lang='lat' dir='ltr'><strong>rogatus</strong></span> <span class='ocrx_word' id='word_1_656' title='bbox 2238 735 2308 774; x_wconf 85' lang='lat' dir='ltr'><strong>est,</strong></span> <span class='ocrx_word' id='word_1_657' title='bbox 2338 731 2429 767; x_wconf 90' lang='lat' dir='ltr'><strong>redi-</strong></span> 
     </span>
     <span class='ocr_line' id='line_1_95' title="bbox 1347 776 2429 822; baseline 0.004 -14"><span class='ocrx_word' id='word_1_658' title='bbox 1347 784 1442 809; x_wconf 88' lang='lat' dir='ltr'><strong>mere</strong></span> <span class='ocrx_word' id='word_1_659' title='bbox 1466 784 1546 809; x_wconf 91' lang='lat' dir='ltr'><strong>eum</strong></span> <span class='ocrx_word' id='word_1_660' title='bbox 1570 779 1606 809; x_wconf 90' lang='lat' dir='ltr'><strong>et</strong></span> <span class='ocrx_word' id='word_1_661' title='bbox 1624 776 1883 818; x_wconf 88' lang='lat' dir='ltr'><strong>manumittere,</strong></span> <span class='ocrx_word' id='word_1_662' title='bbox 1908 777 2075 821; x_wconf 85' lang='lat' dir='ltr'><strong>quoniam</strong></span> <span class='ocrx_word' id='word_1_663' title='bbox 2091 788 2164 813; x_wconf 93' lang='lat' dir='ltr'><strong>non</strong></span> <span class='ocrx_word' id='word_1_664' title='bbox 2181 777 2320 822; x_wconf 90' lang='lat' dir='ltr'><strong>putavit</strong></span> <span class='ocrx_word' id='word_1_665' title='bbox 2335 777 2429 812; x_wconf 87' lang='lat' dir='ltr'><strong>simi·</strong></span> 
     </span>
     <span class='ocr_line' id='line_1_96' title="bbox 1345 819 2429 867; baseline 0.002 -13"><span class='ocrx_word' id='word_1_666' title='bbox 1345 819 1415 854; x_wconf 92' lang='lat' dir='ltr'><strong>lem</strong></span> <span class='ocrx_word' id='word_1_667' title='bbox 1434 829 1513 855; x_wconf 90' lang='lat' dir='ltr'><strong>esse</strong></span> <span class='ocrx_word' id='word_1_668' title='bbox 1534 829 1679 855; x_wconf 88' lang='lat' dir='ltr'><strong>causam</strong></span> <span class='ocrx_word' id='word_1_669' title='bbox 1695 820 1871 856; x_wconf 89' lang='lat' dir='ltr'><strong>libertatis</strong></span> <span class='ocrx_word' id='word_1_670' title='bbox 1891 825 1928 856; x_wconf 93' lang='lat' dir='ltr'><strong>et</strong></span> <span class='ocrx_word' id='word_1_671' title='bbox 1945 821 2207 858; x_wconf 88' lang='lat' dir='ltr'><strong>fideicommissi</strong></span> <span class='ocrx_word' id='word_1_672' title='bbox 2222 822 2429 867; x_wconf 85' lang='lat' dir='ltr'><strong>pecuniarii.</strong></span> 
     </span>
     <span class='ocr_line' id='line_1_97' title="bbox 1345 863 2428 919; baseline 0.002 -21"><span class='ocrx_word' id='word_1_673' title='bbox 1345 868 1360 916; x_wconf 59' lang='grc' dir='ltr'><strong>ζ1</strong></span> <span class='ocrx_word' id='word_1_674' title='bbox 1413 863 1550 919; x_wconf 70' lang='lat' dir='ltr'><strong>Paulug</strong></span> <span class='ocrx_word' id='word_1_675' title='bbox 1585 865 1769 918; x_wconf 86' lang='lat' dir='ltr'><strong>respondit</strong></span> <span class='ocrx_word' id='word_1_676' title='bbox 1799 866 1855 901; x_wconf 91' lang='lat' dir='ltr'><strong>his</strong></span> <span class='ocrx_word' id='word_1_677' title='bbox 1886 866 2003 902; x_wconf 90' lang='lat' dir='ltr'><strong>verbis</strong></span> <span class='ocrx_word' id='word_1_678' title='bbox 2041 863 2247 902; x_wconf 62' lang='lat' dir='ltr'><strong>‘aimanor</strong></span> <span class='ocrx_word' id='word_1_679' title='bbox 2282 865 2324 902; x_wconf 72' lang='grc' dir='ltr'><strong>δέ</strong></span> <span class='ocrx_word' id='word_1_680' title='bbox 2356 879 2428 911; x_wconf 85' lang='grc' dir='ltr'>μοι,</span> 
     </span>
     <span class='ocr_line' id='line_1_98' title="bbox 1356 906 2334 956; baseline 0.004 -13"><span class='ocrx_word' id='word_1_681' title='bbox 1356 907 1489 950; x_wconf 77' lang='grc' dir='ltr'><strong>Ζώϊλε,</strong></span> <span class='ocrx_word' id='word_1_682' title='bbox 1529 923 1588 944; x_wconf 83' lang='grc' dir='ltr'><strong>οτι</strong></span> <span class='ocrx_word' id='word_1_683' title='bbox 1621 922 1684 946; x_wconf 72' lang='grc' dir='ltr'><strong>τας</strong></span> <span class='ocrx_word' id='word_1_684' title='bbox 1715 909 1862 956; x_wconf 77' lang='grc' dir='ltr'>χάριτάς</span> <span class='ocrx_word' id='word_1_685' title='bbox 1898 924 1956 946; x_wconf 81' lang='grc' dir='ltr'><strong>σοι</strong></span> <span class='ocrx_word' id='word_1_686' title='bbox 1991 906 2178 947; x_wconf 68' lang='grc' dir='ltr'>ἀποδώσει</span> <span class='ocrx_word' id='word_1_687' title='bbox 2210 909 2230 946; x_wconf 87' lang='grc' dir='ltr'><strong><em>ὁ</em></strong></span> <span class='ocrx_word' id='word_1_688' title='bbox 2259 911 2334 948; x_wconf 72' lang='grc' dir='ltr'>υἱός</span> 
     </span>
     <span class='ocr_line' id='line_1_99' title="bbox 1343 951 2431 1003; baseline 0.005 -16"><span class='ocrx_word' id='word_1_689' title='bbox 1343 951 1580 1000; x_wconf 45' lang='grc' dir='ltr'>(Μαρτιάλιοε</span> <span class='ocrx_word' id='word_1_690' title='bbox 1609 958 1674 989; x_wconf 72' lang='grc' dir='ltr'><strong>καί</strong></span> <span class='ocrx_word' id='word_1_691' title='bbox 1703 969 1761 990; x_wconf 85' lang='grc' dir='ltr'><strong>σοι</strong></span> <span class='ocrx_word' id='word_1_692' title='bbox 1790 959 1850 989; x_wconf 84' lang='grc' dir='ltr'><strong>καὶ</strong></span> <span class='ocrx_word' id='word_1_693' title='bbox 1879 959 1955 991; x_wconf 76' lang='grc' dir='ltr'><em>τοῖς</em></span> <span class='ocrx_word' id='word_1_694' title='bbox 1986 960 2061 992; x_wconf 70' lang='grc' dir='ltr'>σοῖς</span> <span class='ocrx_word' id='word_1_695' title='bbox 2087 952 2260 992; x_wconf 69' lang='lat' dir='ltr'><strong>nacolv²⁸</strong></span> <span class='ocrx_word' id='word_1_696' title='bbox 2290 957 2431 1003; x_wconf 69' lang='lat' dir='ltr'><strong>plenam</strong></span> 
     </span>
     <span class='ocr_line' id='line_1_100' title="bbox 1345 999 2432 1038; baseline 0.004 -4"><span class='ocrx_word' id='word_1_697' title='bbox 1345 1000 1564 1036; x_wconf 90' lang='lat' dir='ltr'><strong>voluntatem</strong></span> <span class='ocrx_word' id='word_1_698' title='bbox 1595 999 1755 1036; x_wconf 84' lang='lat' dir='ltr'><strong>defuncti</strong></span> <span class='ocrx_word' id='word_1_699' title='bbox 1786 1001 1962 1037; x_wconf 87' lang='lat' dir='ltr'><strong>contineri</strong></span> <span class='ocrx_word' id='word_1_700' title='bbox 1992 1002 2089 1038; x_wconf 91' lang='lat' dir='ltr'><strong>circa</strong></span> <span class='ocrx_word' id='word_1_701' title='bbox 2116 1001 2432 1038; x_wconf 83' lang='lat' dir='ltr'><strong>benefaciendum⁹</strong></span> 
     </span>
     <span class='ocr_line' id='line_1_101' title="bbox 1346 1045 2433 1112; baseline 0.002 -32"><span class='ocrx_word' id='word_1_702' title='bbox 1346 1045 1546 1112; x_wconf 43' lang='lat' dir='ltr'><strong>coniunctis</strong></span> <span class='ocrx_word' id='word_1_703' title='bbox 1574 1046 1737 1099; x_wconf 70' lang='lat' dir='ltr'><strong>personis</strong></span> <span class='ocrx_word' id='word_1_704' title='bbox 1760 1046 1920 1099; x_wconf 62' lang='lat' dir='ltr'><strong>Zoilum:</strong></span> <span class='ocrx_word' id='word_1_705' title='bbox 1950 1046 2012 1092; x_wconf 91' lang='lat' dir='ltr'><strong>qui</strong></span> <span class='ocrx_word' id='word_1_706' title='bbox 2040 1047 2073 1083; x_wconf 88' lang='lat' dir='ltr'><strong>si</strong></span> <span class='ocrx_word' id='word_1_707' title='bbox 2101 1048 2192 1083; x_wconf 88' lang='lat' dir='ltr'><strong>servi</strong></span> <span class='ocrx_word' id='word_1_708' title='bbox 2224 1047 2312 1091; x_wconf 90' lang='lat' dir='ltr'><strong>sint,</strong></span> <span class='ocrx_word' id='word_1_709' title='bbox 2346 1047 2433 1082; x_wconf 88' lang='lat' dir='ltr'><strong>nihil</strong></span> 
     </span>
     <span class='ocr_line' id='line_1_102' title="bbox 1344 1091 2433 1182; baseline 0.002 -12"><span class='ocrx_word' id='word_1_710' title='bbox 1344 1094 1424 1171; x_wconf 64' lang='lat'><em>{³320</em></span> <span class='ocrx_word' id='word_1_711' title='bbox 1450 1091 1718 1182; x_wconf 54' lang='grc' dir='ltr'><strong>ηἴὲἱὲῒὲωξῖ</strong></span> <span class='ocrx_word' id='word_1_712' title='bbox 1765 1093 2433 1182; x_wconf 55' lang='grc' dir='ltr'><strong>ἔὲἓῗὲἓοξὲῗῗὲιαῖῗὲξω“ἓὲἓῗέἓὲ</strong></span> 
     </span>
    </p>

    <p class='ocr_par' dir='ltr' id='par_1_18' title="bbox 1343 1146 2435 1860">
     <span class='ocr_line' id='line_1_103' title="bbox 1391 1146 2432 1234; baseline -0.001 -15.01"><span class='ocrx_word' id='word_1_713' title='bbox 1391 1146 1449 1219; x_wconf 62' lang='grc'><strong>48</strong></span> <span class='ocrx_word' id='word_1_714' title='bbox 1470 1180 1684 1234; x_wconf 41' lang='lat' dir='ltr'><strong>IDEM-libro</strong></span> <span class='ocrx_word' id='word_1_715' title='bbox 1727 1183 1828 1217; x_wconf 75' lang='lat' dir='ltr'><strong>uinto</strong></span> <span class='ocrx_word' id='word_1_716' title='bbox 1849 1182 1985 1218; x_wconf 81' lang='lat' dir='ltr'><strong>decimo</strong></span> <span class='ocrx_word' id='word_1_717' title='bbox 2004 1194 2045 1218; x_wconf 83' lang='lat' dir='ltr'><strong>re</strong></span> <span class='ocrx_word' id='word_1_718' title='bbox 2090 1193 2260 1218; x_wconf 82' lang='lat' dir='ltr'><strong>onsorum</strong></span> <span class='ocrx_word' id='word_1_719' title='bbox 2299 1182 2432 1218; x_wconf 87' lang='lat' dir='ltr'><strong>Lucius</strong></span> 
     </span>
     <span class='ocr_line' id='line_1_104' title="bbox 1346 1226 2432 1271; baseline 0 -9"><span class='ocrx_word' id='word_1_720' title='bbox 1346 1226 1461 1262; x_wconf 82' lang='lat' dir='ltr'><strong>Titius</strong></span> <span class='ocrx_word' id='word_1_721' title='bbox 1486 1226 1665 1271; x_wconf 78' lang='lat' dir='ltr'><strong>Septiciae</strong></span> <span class='ocrx_word' id='word_1_722' title='bbox 1733 1226 1741 1235; x_wconf 84' lang='lat'><strong>‘</strong></span> <span class='ocrx_word' id='word_1_723' title='bbox 1815 1237 1903 1263; x_wconf 90' lang='lat' dir='ltr'><strong>suae</strong></span> <span class='ocrx_word' id='word_1_724' title='bbox 1930 1231 1995 1263; x_wconf 88' lang='lat' dir='ltr'><strong>nat</strong></span> <span class='ocrx_word' id='word_1_725' title='bbox 2076 1228 2084 1236; x_wconf 69' lang='lat'>⁹</span> <span class='ocrx_word' id='word_1_726' title='bbox 2111 1227 2346 1264; x_wconf 84' lang='lat' dir='ltr'><strong>Concordiam</strong></span> <span class='ocrx_word' id='word_1_727' title='bbox 2369 1238 2432 1262; x_wconf 88' lang='lat' dir='ltr'><strong>an-</strong></span> 
     </span>
     <span class='ocr_line' id='line_1_105' title="bbox 1346 1271 2434 1318; baseline 0.001 -12"><span class='ocrx_word' id='word_1_728' title='bbox 1346 1271 1464 1306; x_wconf 90' lang='lat' dir='ltr'><strong>cillam</strong></span> <span class='ocrx_word' id='word_1_729' title='bbox 1493 1281 1596 1307; x_wconf 86' lang='lat' dir='ltr'><strong>suam</strong></span> <span class='ocrx_word' id='word_1_730' title='bbox 1627 1272 1790 1308; x_wconf 88' lang='lat' dir='ltr'><strong>donavit:</strong></span> <span class='ocrx_word' id='word_1_731' title='bbox 1821 1272 1915 1308; x_wconf 91' lang='lat' dir='ltr'><strong>idem</strong></span> <span class='ocrx_word' id='word_1_732' title='bbox 1943 1277 2069 1318; x_wconf 88' lang='lat' dir='ltr'><strong>postea</strong></span> <span class='ocrx_word' id='word_1_733' title='bbox 2097 1276 2310 1309; x_wconf 87' lang='lat' dir='ltr'><strong>testamento</strong></span> <span class='ocrx_word' id='word_1_734' title='bbox 2339 1273 2434 1307; x_wconf 83' lang='lat' dir='ltr'><strong>filiae</strong></span> 
     </span>
     <span class='ocr_line' id='line_1_106' title="bbox 1345 1316 2432 1363; baseline -0.001 -11"><span class='ocrx_word' id='word_1_735' title='bbox 1345 1327 1433 1352; x_wconf 91' lang='lat' dir='ltr'><strong>suae</strong></span> <span class='ocrx_word' id='word_1_736' title='bbox 1462 1327 1544 1352; x_wconf 89' lang='lat' dir='ltr'><strong>cum</strong></span> <span class='ocrx_word' id='word_1_737' title='bbox 1576 1316 1656 1352; x_wconf 90' lang='lat' dir='ltr'><strong>aliis</strong></span> <span class='ocrx_word' id='word_1_738' title='bbox 1687 1317 1901 1362; x_wconf 86' lang='lat' dir='ltr'><strong>quibusdam</strong></span> <span class='ocrx_word' id='word_1_739' title='bbox 1933 1318 2101 1354; x_wconf 86' lang='lat' dir='ltr'><strong>ancillam</strong></span> <span class='ocrx_word' id='word_1_740' title='bbox 2131 1329 2174 1354; x_wconf 88' lang='lat' dir='ltr'><strong>su</strong></span> <span class='ocrx_word' id='word_1_741' title='bbox 2201 1329 2242 1354; x_wconf 92' lang='lat' dir='ltr'><strong>ra</strong></span> <span class='ocrx_word' id='word_1_742' title='bbox 2265 1318 2432 1363; x_wconf 83' lang='lat' dir='ltr'><strong>scriptam</strong></span> 
     </span>
     <span class='ocr_line' id='line_1_107' title="bbox 1344 1362 2435 1416; baseline 0 -19"><span class='ocrx_word' id='word_1_743' title='bbox 1344 1362 1485 1407; x_wconf 85' lang='lat' dir='ltr'><strong>legavit,</strong></span> <span class='ocrx_word' id='word_1_744' title='bbox 1509 1367 1551 1397; x_wconf 88' lang='lat' dir='ltr'><strong>ut</strong></span> <span class='ocrx_word' id='word_1_745' title='bbox 1573 1363 1901 1399; x_wconf 86' lang='lat' dir='ltr'><strong>manumitteretur:</strong></span> <span class='ocrx_word' id='word_1_746' title='bbox 1932 1374 2085 1408; x_wconf 88' lang='lat' dir='ltr'><strong>quaero,</strong></span> <span class='ocrx_word' id='word_1_747' title='bbox 2110 1374 2158 1399; x_wconf 90' lang='lat' dir='ltr'><strong>an</strong></span> <span class='ocrx_word' id='word_1_748' title='bbox 2206 1363 2339 1416; x_wconf 87' lang='lat' dir='ltr'><strong>epticia</strong></span> <span class='ocrx_word' id='word_1_749' title='bbox 2360 1363 2435 1398; x_wconf 87' lang='lat' dir='ltr'><strong>filia</strong></span> 
     </span>
     <span class='ocr_line' id='line_1_108' title="bbox 1344 1407 2433 1454; baseline 0.002 -12"><span class='ocrx_word' id='word_1_750' title='bbox 1344 1407 1519 1443; x_wconf 89' lang='lat' dir='ltr'><strong>naturalis</strong></span> <span class='ocrx_word' id='word_1_751' title='bbox 1552 1407 1719 1443; x_wconf 87' lang='lat' dir='ltr'><strong>ancillam</strong></span> <span class='ocrx_word' id='word_1_752' title='bbox 1750 1418 1861 1453; x_wconf 87' lang='lat' dir='ltr'><strong>supra</strong></span> <span class='ocrx_word' id='word_1_753' title='bbox 1890 1409 2062 1454; x_wconf 90' lang='lat' dir='ltr'><strong>scriptam</strong></span> <span class='ocrx_word' id='word_1_754' title='bbox 2084 1413 2333 1444; x_wconf 87' lang='lat' dir='ltr'><strong>manumittere</strong></span> <span class='ocrx_word' id='word_1_755' title='bbox 2358 1408 2433 1452; x_wconf 84' lang='lat' dir='ltr'><strong>cogi</strong></span> 
     </span>
     <span class='ocr_line' id='line_1_109' title="bbox 1343 1452 2433 1499; baseline 0 -11"><span class='ocrx_word' id='word_1_756' title='bbox 1343 1452 1469 1498; x_wconf 90' lang='lat' dir='ltr'><strong>possit.</strong></span> <span class='ocrx_word' id='word_1_757' title='bbox 1518 1452 1654 1489; x_wconf 90' lang='lat' dir='ltr'><strong>Paulus</strong></span> <span class='ocrx_word' id='word_1_758' title='bbox 1676 1453 1878 1498; x_wconf 88' lang='lat' dir='ltr'><strong>respondit,</strong></span> <span class='ocrx_word' id='word_1_759' title='bbox 1908 1453 1940 1489; x_wconf 91' lang='lat' dir='ltr'><strong>si</strong></span> <span class='ocrx_word' id='word_1_760' title='bbox 1962 1454 2040 1490; x_wconf 87' lang='lat' dir='ltr'><strong>vivo</strong></span> <span class='ocrx_word' id='word_1_761' title='bbox 2064 1458 2168 1499; x_wconf 88' lang='lat' dir='ltr'><strong>patre</strong></span> <span class='ocrx_word' id='word_1_762' title='bbox 2190 1453 2348 1489; x_wconf 88' lang='lat' dir='ltr'><strong>naturali</strong></span> <span class='ocrx_word' id='word_1_763' title='bbox 2371 1454 2433 1488; x_wconf 91' lang='lat' dir='ltr'><strong>do-</strong></span> 
     </span>
     <span class='ocr_line' id='line_1_110' title="bbox 1345 1498 2434 1544; baseline 0.001 -11"><span class='ocrx_word' id='word_1_764' title='bbox 1345 1498 1443 1533; x_wconf 89' lang='lat' dir='ltr'><strong>natio</strong></span> <span class='ocrx_word' id='word_1_765' title='bbox 1468 1498 1619 1534; x_wconf 76' lang='lat' dir='ltr'><strong>ancillae</strong></span> <span class='ocrx_word' id='word_1_766' title='bbox 1643 1498 1750 1533; x_wconf 87' lang='lat' dir='ltr'><strong>fuit¹¹</strong></span> <span class='ocrx_word' id='word_1_767' title='bbox 1781 1509 1826 1534; x_wconf 91' lang='lat' dir='ltr'><strong>ne</strong></span> <span class='ocrx_word' id='word_1_768' title='bbox 1852 1508 1897 1534; x_wconf 89' lang='lat' dir='ltr'><strong>ue</strong></span> <span class='ocrx_word' id='word_1_769' title='bbox 1925 1499 2039 1544; x_wconf 87' lang='lat' dir='ltr'><strong>patris</strong></span> <span class='ocrx_word' id='word_1_770' title='bbox 2063 1499 2240 1535; x_wconf 89' lang='lat' dir='ltr'><strong>naturalis</strong></span> <span class='ocrx_word' id='word_1_771' title='bbox 2264 1499 2434 1534; x_wconf 89' lang='lat' dir='ltr'><strong>iudicium</strong></span> 
     </span>
     <span class='ocr_line' id='line_1_111' title="bbox 1344 1543 2431 1588; baseline 0 -10"><span class='ocrx_word' id='word_1_772' title='bbox 1344 1543 1383 1578; x_wconf 90' lang='lat' dir='ltr'><strong>in</strong></span> <span class='ocrx_word' id='word_1_773' title='bbox 1406 1543 1534 1579; x_wconf 87' lang='lat' dir='ltr'><strong>ceteris</strong></span> <span class='ocrx_word' id='word_1_774' title='bbox 1558 1543 1685 1588; x_wconf 84' lang='lat' dir='ltr'><strong>legatis</strong></span> <span class='ocrx_word' id='word_1_775' title='bbox 1708 1543 1783 1579; x_wconf 91' lang='lat' dir='ltr'><strong>filia</strong></span> <span class='ocrx_word' id='word_1_776' title='bbox 1852 1544 1985 1588; x_wconf 87' lang='lat' dir='ltr'><strong>gnovit‚</strong></span> <span class='ocrx_word' id='word_1_777' title='bbox 2009 1555 2083 1581; x_wconf 90' lang='lat' dir='ltr'><strong>non</strong></span> <span class='ocrx_word' id='word_1_778' title='bbox 2132 1555 2212 1580; x_wconf 90' lang='lat' dir='ltr'><strong>osse</strong></span> <span class='ocrx_word' id='word_1_779' title='bbox 2234 1555 2314 1580; x_wconf 89' lang='lat' dir='ltr'><strong>eam</strong></span> <span class='ocrx_word' id='word_1_780' title='bbox 2338 1554 2431 1579; x_wconf 89' lang='lat' dir='ltr'><strong>ccm-</strong></span> 
     </span>
     <span class='ocr_line' id='line_1_112' title="bbox 1344 1588 2431 1633; baseline 0 -10"><span class='ocrx_word' id='word_1_781' title='bbox 1344 1588 1429 1633; x_wconf 89' lang='lat' dir='ltr'><strong>pelli</strong></span> <span class='ocrx_word' id='word_1_782' title='bbox 1460 1588 1629 1624; x_wconf 90' lang='lat' dir='ltr'><strong>ancillam</strong></span> <span class='ocrx_word' id='word_1_783' title='bbox 1683 1589 1839 1633; x_wconf 88' lang='lat' dir='ltr'><strong>ropriam</strong></span> <span class='ocrx_word' id='word_1_784' title='bbox 1869 1599 1915 1625; x_wconf 83' lang='lat' dir='ltr'><strong>ex</strong></span> <span class='ocrx_word' id='word_1_785' title='bbox 1938 1599 2050 1625; x_wconf 87' lang='lat' dir='ltr'><strong>causa</strong></span> <span class='ocrx_word' id='word_1_786' title='bbox 2072 1589 2097 1624; x_wconf 90' lang='lat' dir='ltr'><strong>fi</strong></span> <span class='ocrx_word' id='word_1_787' title='bbox 2123 1589 2336 1626; x_wconf 90' lang='lat' dir='ltr'><strong>eicommissi</strong></span> <span class='ocrx_word' id='word_1_788' title='bbox 2358 1599 2431 1624; x_wconf 39' lang='lat' dir='ltr'><strong>mas</strong></span> 
     </span>
     <span class='ocr_line' id='line_1_113' title="bbox 1348 1633 2432 1671; baseline 0.001 -3"><span class='ocrx_word' id='word_1_789' title='bbox 1348 1637 1363 1668; x_wconf 86' lang='lat'>1</span> <span class='ocrx_word' id='word_1_790' title='bbox 1413 1633 1617 1669; x_wconf 80' lang='lat' dir='ltr'><strong>immittere.</strong></span> <span class='ocrx_word' id='word_1_791' title='bbox 1696 1634 1800 1670; x_wconf 90' lang='lat' dir='ltr'><strong>ucius</strong></span> <span class='ocrx_word' id='word_1_792' title='bbox 1818 1633 1934 1670; x_wconf 90' lang='lat' dir='ltr'><strong>Titius</strong></span> <span class='ocrx_word' id='word_1_793' title='bbox 1951 1633 2112 1670; x_wconf 89' lang='lat' dir='ltr'><strong>Stichum</strong></span> <span class='ocrx_word' id='word_1_794' title='bbox 2135 1645 2277 1671; x_wconf 89' lang='lat' dir='ltr'><strong>servum</strong></span> <span class='ocrx_word' id='word_1_795' title='bbox 2293 1634 2432 1670; x_wconf 84' lang='lat' dir='ltr'><strong>Maevio</strong></span> 
     </span>
     <span class='ocr_line' id='line_1_114' title="bbox 1344 1678 2434 1725; baseline 0 -12"><span class='ocrx_word' id='word_1_796' title='bbox 1344 1678 1476 1723; x_wconf 86' lang='lat' dir='ltr'><strong>legavit</strong></span> <span class='ocrx_word' id='word_1_797' title='bbox 1498 1682 1535 1714; x_wconf 92' lang='lat' dir='ltr'><strong>et</strong></span> <span class='ocrx_word' id='word_1_798' title='bbox 1556 1678 1657 1724; x_wconf 89' lang='lat' dir='ltr'><strong>petit,</strong></span> <span class='ocrx_word' id='word_1_799' title='bbox 1682 1682 1723 1714; x_wconf 91' lang='lat' dir='ltr'><strong>ut</strong></span> <span class='ocrx_word' id='word_1_800' title='bbox 1746 1689 1862 1724; x_wconf 92' lang='lat' dir='ltr'><strong>neque</strong></span> <span class='ocrx_word' id='word_1_801' title='bbox 1881 1679 1927 1714; x_wconf 88' lang='lat' dir='ltr'><strong>ab</strong></span> <span class='ocrx_word' id='word_1_802' title='bbox 1945 1689 1988 1715; x_wconf 89' lang='lat' dir='ltr'><strong>eo</strong></span> <span class='ocrx_word' id='word_1_803' title='bbox 2006 1690 2122 1725; x_wconf 91' lang='lat' dir='ltr'><strong>neque</strong></span> <span class='ocrx_word' id='word_1_804' title='bbox 2141 1681 2186 1716; x_wconf 91' lang='lat' dir='ltr'><strong>ab</strong></span> <span class='ocrx_word' id='word_1_805' title='bbox 2204 1679 2335 1715; x_wconf 88' lang='lat' dir='ltr'><strong>herede</strong></span> <span class='ocrx_word' id='word_1_806' title='bbox 2358 1679 2434 1715; x_wconf 85' lang='lat' dir='ltr'><strong>eius</strong></span> 
     </span>
     <span class='ocr_line' id='line_1_115' title="bbox 1345 1723 2432 1768; baseline 0 -9"><span class='ocrx_word' id='word_1_807' title='bbox 1345 1733 1515 1768; x_wconf 81' lang='lat' dir='ltr'><strong>umquam</strong></span> <span class='ocrx_word' id='word_1_808' title='bbox 1537 1724 1860 1759; x_wconf 77' lang='lat' dir='ltr'><strong>manumitteretur.</strong></span> <span class='ocrx_word' id='word_1_809' title='bbox 1907 1723 2044 1761; x_wconf 89' lang='lat' dir='ltr'><strong>Paulus</strong></span> <span class='ocrx_word' id='word_1_810' title='bbox 2074 1735 2132 1760; x_wconf 86' lang='lat' dir='ltr'><strong>res</strong></span> <span class='ocrx_word' id='word_1_811' title='bbox 2160 1725 2262 1761; x_wconf 89' lang='lat' dir='ltr'><strong>ondit</strong></span> <span class='ocrx_word' id='word_1_812' title='bbox 2284 1728 2432 1760; x_wconf 88' lang='lat' dir='ltr'><strong>testato-</strong></span> 
     </span>
     <span class='ocr_line' id='line_1_116' title="bbox 1345 1736 2432 1822; baseline 0 -18"><span class='ocrx_word' id='word_1_813' title='bbox 1345 1779 1420 1805; x_wconf 88' lang='lat' dir='ltr'><strong>rem</strong></span> <span class='ocrx_word' id='word_1_814' title='bbox 1442 1769 1604 1821; x_wconf 82' lang='lat' dir='ltr'><strong>potuisse</strong></span> <span class='ocrx_word' id='word_1_815' title='bbox 1626 1773 1754 1814; x_wconf 89' lang='lat' dir='ltr'><strong>postea</strong></span> <span class='ocrx_word' id='word_1_816' title='bbox 1776 1769 1874 1804; x_wconf 90' lang='lat' dir='ltr'><strong>hunc</strong></span> <span class='ocrx_word' id='word_1_817' title='bbox 1897 1779 2037 1805; x_wconf 90' lang='lat' dir='ltr'><strong>servum</strong></span> <span class='ocrx_word' id='word_1_818' title='bbox 2061 1770 2108 1805; x_wconf 92' lang='lat' dir='ltr'><strong>ad</strong></span> <span class='ocrx_word' id='word_1_819' title='bbox 2130 1736 2332 1806; x_wconf 63' lang='lat' dir='ltr'><strong>fiber-tatem</strong></span> <span class='ocrx_word' id='word_1_820' title='bbox 2353 1780 2432 1822; x_wconf 73' lang='lat' dir='ltr'><strong>per-</strong></span> 
     </span>
     <span class='ocr_line' id='line_1_117' title="bbox 1347 1814 2397 1860; baseline 0 -11"><span class='ocrx_word' id='word_1_821' title='bbox 1347 1814 1488 1857; x_wconf 89' lang='lat' dir='ltr'><strong>ducere,</strong></span> <span class='ocrx_word' id='word_1_822' title='bbox 1513 1824 1598 1859; x_wconf 88' lang='lat' dir='ltr'><strong>quia</strong></span> <span class='ocrx_word' id='word_1_823' title='bbox 1620 1825 1694 1850; x_wconf 92' lang='lat' dir='ltr'><strong>non</strong></span> <span class='ocrx_word' id='word_1_824' title='bbox 1717 1814 1786 1850; x_wconf 91' lang='lat' dir='ltr'><strong>sibi</strong></span> <span class='ocrx_word' id='word_1_825' title='bbox 1808 1814 1922 1859; x_wconf 88' lang='lat' dir='ltr'><strong>legem</strong></span> <span class='ocrx_word' id='word_1_826' title='bbox 1945 1814 2103 1859; x_wconf 77' lang='lat' dir='ltr'><strong>dixisset,</strong></span> <span class='ocrx_word' id='word_1_827' title='bbox 2128 1815 2192 1851; x_wconf 89' lang='lat' dir='ltr'><strong>sed</strong></span> <span class='ocrx_word' id='word_1_828' title='bbox 2214 1815 2397 1860; x_wconf 86' lang='lat' dir='ltr'><strong>legatario.</strong></span> 
     </span>
    </p>

    <p class='ocr_par' dir='ltr' id='par_1_19' title="bbox 1343 1857 2435 3442">
     <span class='ocr_line' id='line_1_118' title="bbox 1391 1857 2434 1914; baseline -0.001 -18"><span class='ocrx_word' id='word_1_829' title='bbox 1391 1857 1442 1896; x_wconf 89' lang='lat'><strong>41</strong></span> <span class='ocrx_word' id='word_1_830' title='bbox 1479 1858 1683 1895; x_wconf 59' lang='lat' dir='ltr'><strong>Sossvom</strong></span> <span class='ocrx_word' id='word_1_831' title='bbox 1715 1860 1806 1896; x_wconf 80' lang='lat' dir='ltr'><strong>libro</strong></span> <span class='ocrx_word' id='word_1_832' title='bbox 1839 1863 1970 1913; x_wconf 84' lang='lat' dir='ltr'><strong>quarto</strong></span> <span class='ocrx_word' id='word_1_833' title='bbox 2001 1871 2256 1914; x_wconf 67' lang='lat' dir='ltr'><strong>responsorum</strong></span> <span class='ocrx_word' id='word_1_834' title='bbox 2313 1860 2434 1895; x_wconf 85' lang='lat' dir='ltr'><strong>‘Thais</strong></span> 
     </span>
     <span class='ocr_line' id='line_1_119' title="bbox 1347 1904 2433 1947; baseline 0 -8"><span class='ocrx_word' id='word_1_835' title='bbox 1347 1904 1491 1940; x_wconf 87' lang='lat' dir='ltr'><strong>‘ancilla</strong></span> <span class='ocrx_word' id='word_1_836' title='bbox 1520 1914 1601 1940; x_wconf 90' lang='lat' dir='ltr'><strong>mea</strong></span> <span class='ocrx_word' id='word_1_837' title='bbox 1625 1915 1706 1940; x_wconf 93' lang='lat' dir='ltr'><strong>cum</strong></span> <span class='ocrx_word' id='word_1_838' title='bbox 1728 1905 1853 1940; x_wconf 88' lang='lat' dir='ltr'><strong>heredi</strong></span> <span class='ocrx_word' id='word_1_839' title='bbox 1874 1915 1953 1941; x_wconf 91' lang='lat' dir='ltr'><strong>meo</strong></span> <span class='ocrx_word' id='word_1_840' title='bbox 1978 1905 2140 1941; x_wconf 87' lang='lat' dir='ltr'><strong>servierit</strong></span> <span class='ocrx_word' id='word_1_841' title='bbox 2163 1916 2278 1942; x_wconf 90' lang='lat' dir='ltr'><strong>annos</strong></span> <span class='ocrx_word' id='word_1_842' title='bbox 2301 1905 2433 1947; x_wconf 89' lang='lat' dir='ltr'><strong>decem,</strong></span> 
     </span>
     <span class='ocr_line' id='line_1_120' title="bbox 1346 1949 2434 1995; baseline 0.001 -10"><span class='ocrx_word' id='word_1_843' title='bbox 1346 1949 1438 1985; x_wconf 89' lang='lat' dir='ltr'><strong>‘volo</strong></span> <span class='ocrx_word' id='word_1_844' title='bbox 1462 1949 1511 1986; x_wconf 89' lang='lat' dir='ltr'><strong>sit</strong></span> <span class='ocrx_word' id='word_1_845' title='bbox 1533 1960 1614 1986; x_wconf 89' lang='lat' dir='ltr'><strong>mea</strong></span> <span class='ocrx_word' id='word_1_846' title='bbox 1635 1950 1789 1986; x_wconf 88' lang='lat' dir='ltr'><strong>liberta&#39;.</strong></span> <span class='ocrx_word' id='word_1_847' title='bbox 1819 1951 2015 1995; x_wconf 87' lang='lat' dir='ltr'><strong>quaeritur,</strong></span> <span class='ocrx_word' id='word_1_848' title='bbox 2040 1962 2121 1986; x_wconf 91' lang='lat' dir='ltr'><strong>cum</strong></span> <span class='ocrx_word' id='word_1_849' title='bbox 2143 1951 2309 1987; x_wconf 89' lang='lat' dir='ltr'><strong>libertam</strong></span> <span class='ocrx_word' id='word_1_850' title='bbox 2332 1961 2434 1986; x_wconf 88' lang='lat' dir='ltr'><strong>suam</strong></span> 
     </span>
     <span class='ocr_line' id='line_1_121' title="bbox 1345 1994 2435 2041; baseline 0 -11"><span class='ocrx_word' id='word_1_851' title='bbox 1345 2005 1424 2030; x_wconf 87' lang='lat' dir='ltr'><strong>esse</strong></span> <span class='ocrx_word' id='word_1_852' title='bbox 1446 1994 1599 2031; x_wconf 89' lang='lat' dir='ltr'><strong>voluerit</strong></span> <span class='ocrx_word' id='word_1_853' title='bbox 1621 2005 1688 2030; x_wconf 92' lang='lat' dir='ltr'><strong>nec</strong></span> <span class='ocrx_word' id='word_1_854' title='bbox 1709 1995 1748 2030; x_wconf 91' lang='lat' dir='ltr'><strong>id</strong></span> <span class='ocrx_word' id='word_1_855' title='bbox 1770 1995 1875 2031; x_wconf 90' lang='lat' dir='ltr'><strong>heres</strong></span> <span class='ocrx_word' id='word_1_856' title='bbox 1896 1995 2018 2032; x_wconf 87' lang='lat' dir='ltr'><strong>facere</strong></span> <span class='ocrx_word' id='word_1_857' title='bbox 2034 1996 2193 2041; x_wconf 87' lang='lat' dir='ltr'><strong>potuerit</strong></span> <span class='ocrx_word' id='word_1_858' title='bbox 2212 2006 2279 2031; x_wconf 92' lang='lat' dir='ltr'><strong>nec</strong></span> <span class='ocrx_word' id='word_1_859' title='bbox 2299 1995 2435 2031; x_wconf 86' lang='lat' dir='ltr'><strong>directa</strong></span> 
     </span>
     <span class='ocr_line' id='line_1_122' title="bbox 1345 2039 2435 2092; baseline 0.001 -17"><span class='ocrx_word' id='word_1_860' title='bbox 1345 2051 1436 2092; x_wconf 83' lang='lat' dir='ltr'><strong>pure</strong></span> <span class='ocrx_word' id='word_1_861' title='bbox 1458 2039 1545 2075; x_wconf 90' lang='lat' dir='ltr'><strong>data</strong></span> <span class='ocrx_word' id='word_1_862' title='bbox 1568 2040 1615 2075; x_wconf 91' lang='lat' dir='ltr'><strong>sit</strong></span> <span class='ocrx_word' id='word_1_863' title='bbox 1643 2040 1810 2083; x_wconf 88' lang='lat' dir='ltr'><strong>libertas,</strong></span> <span class='ocrx_word' id='word_1_864' title='bbox 1843 2051 1891 2076; x_wconf 90' lang='lat' dir='ltr'><strong>an</strong></span> <span class='ocrx_word' id='word_1_865' title='bbox 1918 2040 2026 2077; x_wconf 89' lang='lat' dir='ltr'><strong>etiam</strong></span> <span class='ocrx_word' id='word_1_866' title='bbox 2082 2045 2140 2077; x_wconf 91' lang='lat' dir='ltr'><strong>ost</strong></span> <span class='ocrx_word' id='word_1_867' title='bbox 2171 2041 2292 2077; x_wconf 90' lang='lat' dir='ltr'><strong>decem</strong></span> <span class='ocrx_word' id='word_1_868' title='bbox 2321 2051 2435 2076; x_wconf 86' lang='lat' dir='ltr'><strong>annos</strong></span> 
     </span>
     <span class='ocr_line' id='line_1_123' title="bbox 1345 2085 2434 2132; baseline 0 -12"><span class='ocrx_word' id='word_1_869' title='bbox 1345 2096 1384 2120; x_wconf 89' lang='lat' dir='ltr'><strong>in</strong></span> <span class='ocrx_word' id='word_1_870' title='bbox 1423 2085 1629 2121; x_wconf 88' lang='lat' dir='ltr'><strong>servitutem</strong></span> <span class='ocrx_word' id='word_1_871' title='bbox 1666 2090 1877 2122; x_wconf 87' lang='lat' dir='ltr'><strong>remaneret.</strong></span> <span class='ocrx_word' id='word_1_872' title='bbox 1924 2096 2056 2131; x_wconf 84' lang='lat' dir='ltr'><strong>respon</strong></span> <span class='ocrx_word' id='word_1_873' title='bbox 2083 2087 2110 2121; x_wconf 86' lang='lat' dir='ltr'><strong>&#39;t</strong></span> <span class='ocrx_word' id='word_1_874' title='bbox 2146 2086 2234 2122; x_wconf 90' lang='lat' dir='ltr'><strong>nihil</strong></span> <span class='ocrx_word' id='word_1_875' title='bbox 2272 2096 2338 2132; x_wconf 88' lang='lat' dir='ltr'><strong>pro</strong></span> <span class='ocrx_word' id='word_1_876' title='bbox 2365 2086 2434 2128; x_wconf 90' lang='lat' dir='ltr'><strong>oni,</strong></span> 
     </span>
     <span class='ocr_line' id='line_1_124' title="bbox 1350 2130 2434 2167; baseline 0.001 -2"><span class='ocrx_word' id='word_1_877' title='bbox 1350 2134 1365 2165; x_wconf 91' lang='lat'>1</span> <span class='ocrx_word' id='word_1_878' title='bbox 1415 2141 1481 2166; x_wconf 88' lang='lat' dir='ltr'><strong>cur</strong></span> <span class='ocrx_word' id='word_1_879' title='bbox 1503 2140 1577 2166; x_wconf 90' lang='lat' dir='ltr'><strong>non</strong></span> <span class='ocrx_word' id='word_1_880' title='bbox 1601 2130 1732 2166; x_wconf 90' lang='lat' dir='ltr'><strong>Thaidi</strong></span> <span class='ocrx_word' id='word_1_881' title='bbox 1754 2131 1903 2167; x_wconf 89' lang='lat' dir='ltr'><strong>libertas</strong></span> <span class='ocrx_word' id='word_1_882' title='bbox 1926 2130 2110 2167; x_wconf 88' lang='lat' dir='ltr'><strong>debeatur.</strong></span> <span class='ocrx_word' id='word_1_883' title='bbox 2157 2131 2293 2167; x_wconf 87' lang='lat' dir='ltr'><strong>Lucius</strong></span> <span class='ocrx_word' id='word_1_884' title='bbox 2349 2131 2434 2166; x_wconf 87' lang='lat' dir='ltr'><strong>itius</strong></span> 
     </span>
     <span class='ocr_line' id='line_1_125' title="bbox 1345 2175 2435 2221; baseline 0.001 -11"><span class='ocrx_word' id='word_1_885' title='bbox 1345 2175 1397 2211; x_wconf 91' lang='lat' dir='ltr'><strong>ita</strong></span> <span class='ocrx_word' id='word_1_886' title='bbox 1416 2175 1527 2211; x_wconf 90' lang='lat' dir='ltr'><strong>cavit:</strong></span> <span class='ocrx_word' id='word_1_887' title='bbox 1554 2175 1685 2211; x_wconf 86' lang='lat' dir='ltr'><strong>‘Maevi</strong></span> <span class='ocrx_word' id='word_1_888' title='bbox 1703 2175 1757 2211; x_wconf 89' lang='lat' dir='ltr'><strong>fili</strong></span> <span class='ocrx_word' id='word_1_889' title='bbox 1773 2176 1966 2219; x_wconf 87' lang='lat' dir='ltr'><strong>carissime,</strong></span> <span class='ocrx_word' id='word_1_890' title='bbox 1990 2181 2027 2212; x_wconf 88' lang='lat' dir='ltr'><strong>te</strong></span> <span class='ocrx_word' id='word_1_891' title='bbox 2045 2187 2143 2221; x_wconf 87' lang='lat' dir='ltr'><strong>rogo,</strong></span> <span class='ocrx_word' id='word_1_892' title='bbox 2166 2180 2218 2220; x_wconf 89' lang='grc' dir='ltr'>ιιι,</span> <span class='ocrx_word' id='word_1_893' title='bbox 2242 2177 2275 2213; x_wconf 90' lang='lat' dir='ltr'><strong>si</strong></span> <span class='ocrx_word' id='word_1_894' title='bbox 2291 2176 2435 2213; x_wconf 88' lang='lat' dir='ltr'><strong>Stichus</strong></span> 
     </span>
     <span class='ocr_line' id='line_1_126' title="bbox 1346 2220 2434 2274; baseline 0.001 -18"><span class='ocrx_word' id='word_1_895' title='bbox 1346 2223 1395 2256; x_wconf 83' lang='lat' dir='ltr'><strong>‘et</strong></span> <span class='ocrx_word' id='word_1_896' title='bbox 1413 2220 1548 2257; x_wconf 86' lang='lat' dir='ltr'><strong>Damas</strong></span> <span class='ocrx_word' id='word_1_897' title='bbox 1572 2224 1609 2257; x_wconf 92' lang='lat' dir='ltr'><strong>et</strong></span> <span class='ocrx_word' id='word_1_898' title='bbox 1627 2220 1837 2274; x_wconf 84' lang='lat' dir='ltr'><strong>Pamphilus</strong></span> <span class='ocrx_word' id='word_1_899' title='bbox 1861 2226 1898 2257; x_wconf 89' lang='lat' dir='ltr'><strong>te</strong></span> <span class='ocrx_word' id='word_1_900' title='bbox 1919 2222 2192 2266; x_wconf 87' lang='lat' dir='ltr'><strong>promeruerint,</strong></span> <span class='ocrx_word' id='word_1_901' title='bbox 2215 2231 2299 2258; x_wconf 87' lang='lat' dir='ltr'><strong>aere</strong></span> <span class='ocrx_word' id='word_1_902' title='bbox 2319 2221 2434 2257; x_wconf 86' lang='lat' dir='ltr'><strong>alieno</strong></span> 
     </span>
     <span class='ocr_line' id='line_1_127' title="bbox 1346 2266 2434 2312; baseline 0.002 -11"><span class='ocrx_word' id='word_1_903' title='bbox 1346 2266 1509 2302; x_wconf 86' lang='lat' dir='ltr'><strong>‘liberato</strong></span> <span class='ocrx_word' id='word_1_904' title='bbox 1545 2276 1591 2302; x_wconf 92' lang='lat' dir='ltr'><strong>ne</strong></span> <span class='ocrx_word' id='word_1_905' title='bbox 1624 2266 1774 2302; x_wconf 87' lang='lat' dir='ltr'><strong>alterius</strong></span> <span class='ocrx_word' id='word_1_906' title='bbox 1809 2277 1916 2312; x_wconf 89' lang='lat' dir='ltr'><strong>quam</strong></span> <span class='ocrx_word' id='word_1_907' title='bbox 1930 2268 1958 2289; x_wconf 79' lang='lat'><strong>¹²</strong></span> <span class='ocrx_word' id='word_1_908' title='bbox 1995 2270 2095 2303; x_wconf 89' lang='lat' dir='ltr'><strong>tuam</strong></span> <span class='ocrx_word' id='word_1_909' title='bbox 2132 2268 2338 2303; x_wconf 88' lang='lat' dir='ltr'><strong>servitutem</strong></span> <span class='ocrx_word' id='word_1_910' title='bbox 2372 2277 2434 2303; x_wconf 87' lang='lat' dir='ltr'><strong>ex-</strong></span> 
     </span>
     <span class='ocr_line' id='line_1_128' title="bbox 1346 2311 2434 2363; baseline 0.002 -17"><span class='ocrx_word' id='word_1_911' title='bbox 1346 2311 1574 2363; x_wconf 75' lang='lat' dir='ltr'><strong>‘periantur&#39;z</strong></span> <span class='ocrx_word' id='word_1_912' title='bbox 1600 2321 1746 2363; x_wconf 84' lang='lat' dir='ltr'><strong>quaero,</strong></span> <span class='ocrx_word' id='word_1_913' title='bbox 1770 2322 1828 2354; x_wconf 90' lang='lat' dir='ltr'><strong>an,</strong></span> <span class='ocrx_word' id='word_1_914' title='bbox 1856 2312 1887 2348; x_wconf 85' lang='lat' dir='ltr'><strong>si</strong></span> <span class='ocrx_word' id='word_1_915' title='bbox 1910 2322 1975 2357; x_wconf 89' lang='lat' dir='ltr'><strong>per</strong></span> <span class='ocrx_word' id='word_1_916' title='bbox 1997 2311 2164 2348; x_wconf 87' lang='lat' dir='ltr'><strong>heredem</strong></span> <span class='ocrx_word' id='word_1_917' title='bbox 2187 2312 2338 2355; x_wconf 88' lang='lat' dir='ltr'><strong>steterit,</strong></span> <span class='ocrx_word' id='word_1_918' title='bbox 2363 2322 2434 2358; x_wconf 91' lang='lat' dir='ltr'><strong>quc</strong></span> 
     </span>
     <span class='ocr_line' id='line_1_129' title="bbox 1344 2356 2433 2400; baseline 0.001 -9"><span class='ocrx_word' id='word_1_919' title='bbox 1344 2366 1461 2392; x_wconf 87' lang='lat' dir='ltr'><strong>minus</strong></span> <span class='ocrx_word' id='word_1_920' title='bbox 1485 2366 1548 2392; x_wconf 89' lang='lat' dir='ltr'><strong>aes</strong></span> <span class='ocrx_word' id='word_1_921' title='bbox 1572 2356 1725 2393; x_wconf 88' lang='lat' dir='ltr'><strong>ahenum</strong></span> <span class='ocrx_word' id='word_1_922' title='bbox 1749 2357 2008 2400; x_wconf 87' lang='lat' dir='ltr'><strong>exsolveretur,</strong></span> <span class='ocrx_word' id='word_1_923' title='bbox 2039 2367 2084 2393; x_wconf 77' lang='lat' dir='ltr'><strong>ex</strong></span> <span class='ocrx_word' id='word_1_924' title='bbox 2112 2367 2225 2394; x_wconf 87' lang='lat' dir='ltr'><strong>causa</strong></span> <span class='ocrx_word' id='word_1_925' title='bbox 2252 2357 2433 2394; x_wconf 86' lang='lat' dir='ltr'><strong>fideicom-</strong></span> 
     </span>
     <span class='ocr_line' id='line_1_130' title="bbox 1346 2401 2432 2448; baseline 0.002 -12"><span class='ocrx_word' id='word_1_926' title='bbox 1346 2401 1444 2437; x_wconf 90' lang='lat' dir='ltr'><strong>missi</strong></span> <span class='ocrx_word' id='word_1_927' title='bbox 1463 2401 1665 2437; x_wconf 83' lang='lat' dir='ltr'><strong>libertatem</strong></span> <span class='ocrx_word' id='word_1_928' title='bbox 1685 2402 1855 2447; x_wconf 89' lang='lat' dir='ltr'><strong>consequi</strong></span> <span class='ocrx_word' id='word_1_929' title='bbox 1874 2403 2026 2447; x_wconf 90' lang='lat' dir='ltr'><strong>possint.</strong></span> <span class='ocrx_word' id='word_1_930' title='bbox 2061 2402 2247 2448; x_wconf 89' lang='lat' dir='ltr'><strong>respondit</strong></span> <span class='ocrx_word' id='word_1_931' title='bbox 2262 2413 2335 2439; x_wconf 90' lang='lat' dir='ltr'><strong>non</strong></span> <span class='ocrx_word' id='word_1_932' title='bbox 2356 2403 2432 2448; x_wconf 90' lang='lat' dir='ltr'><strong>qui-</strong></span> 
     </span>
     <span class='ocr_line' id='line_1_131' title="bbox 1345 2446 2434 2492; baseline 0.002 -10"><span class='ocrx_word' id='word_1_933' title='bbox 1345 2447 1426 2482; x_wconf 90' lang='lat' dir='ltr'><strong>dem</strong></span> <span class='ocrx_word' id='word_1_934' title='bbox 1448 2446 1497 2481; x_wconf 91' lang='lat' dir='ltr'><strong>im</strong></span> <span class='ocrx_word' id='word_1_935' title='bbox 1523 2446 1697 2482; x_wconf 87' lang='lat' dir='ltr'><strong>utandum</strong></span> <span class='ocrx_word' id='word_1_936' title='bbox 1719 2447 1861 2488; x_wconf 82' lang='lat' dir='ltr'><strong>heredi.</strong></span> <span class='ocrx_word' id='word_1_937' title='bbox 1893 2447 1925 2482; x_wconf 90' lang='lat' dir='ltr'><strong>si</strong></span> <span class='ocrx_word' id='word_1_938' title='bbox 1954 2458 2021 2492; x_wconf 88' lang='lat' dir='ltr'><strong>pro</strong></span> <span class='ocrx_word' id='word_1_939' title='bbox 2049 2447 2359 2484; x_wconf 86' lang='lat' dir='ltr'><strong>commoditatibus</strong></span> <span class='ocrx_word' id='word_1_940' title='bbox 2381 2451 2434 2484; x_wconf 84' lang='lat' dir='ltr'><strong>rel</strong></span> 
     </span>
     <span class='ocr_line' id='line_1_132' title="bbox 1345 2491 2428 2529; baseline 0.001 -3"><span class='ocrx_word' id='word_1_941' title='bbox 1345 2501 1433 2527; x_wconf 88' lang='lat' dir='ltr'><strong>suae</strong></span> <span class='ocrx_word' id='word_1_942' title='bbox 1539 2491 1757 2528; x_wconf 79' lang='lat' dir='ltr'><strong>inistrandae</strong></span> <span class='ocrx_word' id='word_1_943' title='bbox 1780 2502 1842 2528; x_wconf 86' lang='lat' dir='ltr'><strong>aes</strong></span> <span class='ocrx_word' id='word_1_944' title='bbox 1866 2492 2022 2528; x_wconf 85' lang='lat' dir='ltr'><strong>alienum</strong></span> <span class='ocrx_word' id='word_1_945' title='bbox 2053 2493 2190 2529; x_wconf 89' lang='lat' dir='ltr'><strong>tardius</strong></span> <span class='ocrx_word' id='word_1_946' title='bbox 2220 2492 2428 2529; x_wconf 82' lang='lat' dir='ltr'><strong>exsolverit:</strong></span> 
     </span>
     <span class='ocr_line' id='line_1_133' title="bbox 1345 2536 2432 2584; baseline 0.002 -12"><span class='ocrx_word' id='word_1_947' title='bbox 1345 2547 1468 2573; x_wconf 91' lang='lat' dir='ltr'><strong>verum</strong></span> <span class='ocrx_word' id='word_1_948' title='bbox 1491 2536 1522 2572; x_wconf 89' lang='lat' dir='ltr'><strong>si</strong></span> <span class='ocrx_word' id='word_1_949' title='bbox 1544 2536 1734 2574; x_wconf 82' lang='lat' dir='ltr'><strong>manifeste</strong></span> <span class='ocrx_word' id='word_1_950' title='bbox 1756 2537 1915 2574; x_wconf 89' lang='lat' dir='ltr'><strong>studium</strong></span> <span class='ocrx_word' id='word_1_951' title='bbox 1942 2548 2016 2574; x_wconf 91' lang='lat' dir='ltr'><strong>non</strong></span> <span class='ocrx_word' id='word_1_952' title='bbox 2045 2538 2215 2574; x_wconf 89' lang='lat' dir='ltr'><strong>solventis</strong></span> <span class='ocrx_word' id='word_1_953' title='bbox 2238 2538 2272 2574; x_wconf 94' lang='lat' dir='ltr'><strong>ei</strong></span> <span class='ocrx_word' id='word_1_954' title='bbox 2294 2538 2346 2574; x_wconf 91' lang='lat' dir='ltr'><strong>rei</strong></span> <span class='ocrx_word' id='word_1_955' title='bbox 2368 2548 2432 2584; x_wconf 89' lang='lat' dir='ltr'><strong>pa-</strong></span> 
     </span>
     <span class='ocr_line' id='line_1_134' title="bbox 1344 2581 2434 2628; baseline 0.002 -11"><span class='ocrx_word' id='word_1_956' title='bbox 1344 2586 1481 2624; x_wconf 87' lang='lat' dir='ltr'><strong>ratum,</strong></span> <span class='ocrx_word' id='word_1_957' title='bbox 1513 2585 1554 2617; x_wconf 90' lang='lat' dir='ltr'><strong>ut</strong></span> <span class='ocrx_word' id='word_1_958' title='bbox 1583 2582 1810 2623; x_wconf 86' lang='lat' dir='ltr'><strong>libertatibus</strong></span> <span class='ocrx_word' id='word_1_959' title='bbox 1840 2593 1942 2619; x_wconf 86' lang='lat' dir='ltr'><strong>mora</strong></span> <span class='ocrx_word' id='word_1_960' title='bbox 1963 2581 2082 2626; x_wconf 88' lang='lat' dir='ltr'><strong>fieret,</strong></span> <span class='ocrx_word' id='word_1_961' title='bbox 2113 2583 2347 2628; x_wconf 87' lang='lat' dir='ltr'><strong>probaretur,</strong></span> <span class='ocrx_word' id='word_1_962' title='bbox 2378 2594 2434 2619; x_wconf 89' lang='lat' dir='ltr'><strong>re·</strong></span> 
     </span>
     <span class='ocr_line' id='line_1_135' title="bbox 1348 2627 2434 2674; baseline 0.001 -12"><span class='ocrx_word' id='word_1_963' title='bbox 1348 2629 1368 2662; x_wconf 83' lang='lat'><strong>2</strong></span> <span class='ocrx_word' id='word_1_964' title='bbox 1414 2627 1698 2672; x_wconf 87' lang='lat' dir='ltr'><strong>praesentandas</strong></span> <span class='ocrx_word' id='word_1_965' title='bbox 1716 2627 1913 2665; x_wconf 89' lang='lat' dir='ltr'><strong>libertates.</strong></span> <span class='ocrx_word' id='word_1_966' title='bbox 1949 2628 2106 2672; x_wconf 87' lang='lat' dir='ltr'><strong>Tutoris,</strong></span> <span class='ocrx_word' id='word_1_967' title='bbox 2132 2639 2236 2674; x_wconf 86' lang='lat' dir='ltr'><strong>quem</strong></span> <span class='ocrx_word' id='word_1_968' title='bbox 2259 2633 2297 2664; x_wconf 88' lang='lat' dir='ltr'><strong>et</strong></span> <span class='ocrx_word' id='word_1_969' title='bbox 2317 2628 2434 2674; x_wconf 89' lang='lat' dir='ltr'><strong>ipsum</strong></span> 
     </span>
     <span class='ocr_line' id='line_1_136' title="bbox 1345 2672 2433 2717; baseline 0 -9"><span class='ocrx_word' id='word_1_970' title='bbox 1345 2676 1559 2709; x_wconf 89' lang='lat' dir='ltr'><strong>testamento</strong></span> <span class='ocrx_word' id='word_1_971' title='bbox 1581 2672 1703 2709; x_wconf 88' lang='lat' dir='ltr'><strong>liberis</strong></span> <span class='ocrx_word' id='word_1_972' title='bbox 1727 2673 1892 2717; x_wconf 89' lang='lat' dir='ltr'><strong>dederat,</strong></span> <span class='ocrx_word' id='word_1_973' title='bbox 1923 2672 2008 2709; x_wconf 88' lang='lat' dir='ltr'><strong>fidei</strong></span> <span class='ocrx_word' id='word_1_974' title='bbox 2037 2674 2213 2709; x_wconf 85' lang='lat' dir='ltr'><strong>commisit</strong></span> <span class='ocrx_word' id='word_1_975' title='bbox 2241 2673 2285 2710; x_wconf 90' lang='lat' dir='ltr'><strong>de</strong></span> <span class='ocrx_word' id='word_1_976' title='bbox 2309 2683 2433 2709; x_wconf 87' lang='lat' dir='ltr'><strong>manu-</strong></span> 
     </span>
     <span class='ocr_line' id='line_1_137' title="bbox 1345 2718 2432 2764; baseline 0.001 -11"><span class='ocrx_word' id='word_1_977' title='bbox 1345 2718 1527 2754; x_wconf 87' lang='lat' dir='ltr'><strong>mittendis</strong></span> <span class='ocrx_word' id='word_1_978' title='bbox 1555 2718 1668 2755; x_wconf 87' lang='lat' dir='ltr'><strong>servis</strong></span> <span class='ocrx_word' id='word_1_979' title='bbox 1696 2718 1811 2764; x_wconf 89' lang='lat' dir='ltr'><strong>ipsius</strong></span> <span class='ocrx_word' id='word_1_980' title='bbox 1839 2719 1988 2763; x_wconf 88' lang='lat' dir='ltr'><strong>tutoris,</strong></span> <span class='ocrx_word' id='word_1_981' title='bbox 2018 2719 2082 2755; x_wconf 90' lang='lat' dir='ltr'><strong>sed</strong></span> <span class='ocrx_word' id='word_1_982' title='bbox 2111 2719 2142 2755; x_wconf 91' lang='lat' dir='ltr'><strong>is</strong></span> <span class='ocrx_word' id='word_1_983' title='bbox 2175 2729 2198 2754; x_wconf 90' lang='lat' dir='ltr'><strong>a</strong></span> <span class='ocrx_word' id='word_1_984' title='bbox 2228 2719 2343 2755; x_wconf 88' lang='lat' dir='ltr'><strong>tutela</strong></span> <span class='ocrx_word' id='word_1_985' title='bbox 2373 2729 2432 2754; x_wconf 87' lang='lat' dir='ltr'><strong>ex-</strong></span> 
     </span>
     <span class='ocr_line' id='line_1_138' title="bbox 1347 2762 2434 2809; baseline -0.001 -10"><span class='ocrx_word' id='word_1_986' title='bbox 1347 2767 1495 2800; x_wconf 88' lang='lat' dir='ltr'><strong>cusatus</strong></span> <span class='ocrx_word' id='word_1_987' title='bbox 1518 2762 1655 2800; x_wconf 85' lang='lat' dir='ltr'><strong>fuerat:</strong></span> <span class='ocrx_word' id='word_1_988' title='bbox 1687 2773 1841 2809; x_wconf 88' lang='lat' dir='ltr'><strong>quaero,</strong></span> <span class='ocrx_word' id='word_1_989' title='bbox 1870 2773 1919 2800; x_wconf 88' lang='lat' dir='ltr'><strong>an</strong></span> <span class='ocrx_word' id='word_1_990' title='bbox 1941 2763 2075 2800; x_wconf 90' lang='lat' dir='ltr'><strong>eisdem</strong></span> <span class='ocrx_word' id='word_1_991' title='bbox 2098 2764 2209 2800; x_wconf 88' lang='lat' dir='ltr'><strong>servis</strong></span> <span class='ocrx_word' id='word_1_992' title='bbox 2232 2764 2434 2800; x_wconf 83' lang='lat' dir='ltr'><strong>libertatem</strong></span> 
     </span>
     <span class='ocr_line' id='line_1_139' title="bbox 1370 2808 2433 2854; baseline -0.001 -9"><span class='ocrx_word' id='word_1_993' title='bbox 1370 2812 1530 2845; x_wconf 89' lang='lat' dir='ltr'><strong>raestare</strong></span> <span class='ocrx_word' id='word_1_994' title='bbox 1561 2808 1734 2845; x_wconf 89' lang='lat' dir='ltr'><strong>deberent</strong></span> <span class='ocrx_word' id='word_1_995' title='bbox 1762 2813 1920 2852; x_wconf 88' lang='lat' dir='ltr'><strong>tutores,</strong></span> <span class='ocrx_word' id='word_1_996' title='bbox 1959 2809 2022 2854; x_wconf 91' lang='lat' dir='ltr'><strong>qui</strong></span> <span class='ocrx_word' id='word_1_997' title='bbox 2051 2809 2090 2845; x_wconf 90' lang='lat' dir='ltr'><strong>in</strong></span> <span class='ocrx_word' id='word_1_998' title='bbox 2120 2809 2240 2845; x_wconf 90' lang='lat' dir='ltr'><strong>locum</strong></span> <span class='ocrx_word' id='word_1_999' title='bbox 2270 2809 2433 2846; x_wconf 85' lang='lat' dir='ltr'><strong>excusati</strong></span> 
     </span>
     <span class='ocr_line' id='line_1_140' title="bbox 1370 2853 2431 2899; baseline 0.002 -10"><span class='ocrx_word' id='word_1_1000' title='bbox 1370 2853 1421 2889; x_wconf 91' lang='lat' dir='ltr'><strong>ati</strong></span> <span class='ocrx_word' id='word_1_1001' title='bbox 1443 2854 1593 2889; x_wconf 89' lang='lat' dir='ltr'><strong>tutelam</strong></span> <span class='ocrx_word' id='word_1_1002' title='bbox 1615 2854 1916 2890; x_wconf 87' lang='lat' dir='ltr'><strong>administrarent.</strong></span> <span class='ocrx_word' id='word_1_1003' title='bbox 1962 2854 2149 2899; x_wconf 84' lang='lat' dir='ltr'><strong>respondit</strong></span> <span class='ocrx_word' id='word_1_1004' title='bbox 2171 2853 2367 2890; x_wconf 89' lang='lat' dir='ltr'><strong>secundum</strong></span> <span class='ocrx_word' id='word_1_1005' title='bbox 2391 2863 2431 2891; x_wconf 78' lang='lat' dir='ltr'><strong>ea</strong></span> 
     </span>
     <span class='ocr_line' id='line_1_141' title="bbox 1346 2899 2432 2944; baseline 0 -10"><span class='ocrx_word' id='word_1_1006' title='bbox 1346 2909 1439 2944; x_wconf 90' lang='lat' dir='ltr'><strong>quae</strong></span> <span class='ocrx_word' id='word_1_1007' title='bbox 1480 2902 1741 2944; x_wconf 85' lang='lat' dir='ltr'><strong>reponerentur</strong></span> <span class='ocrx_word' id='word_1_1008' title='bbox 1757 2899 1941 2935; x_wconf 85' lang='lat' dir='ltr'><strong>libertates</strong></span> <span class='ocrx_word' id='word_1_1009' title='bbox 1960 2903 1996 2935; x_wconf 92' lang='lat' dir='ltr'><strong>et</strong></span> <span class='ocrx_word' id='word_1_1010' title='bbox 2015 2899 2062 2935; x_wconf 90' lang='lat' dir='ltr'><strong>ab</strong></span> <span class='ocrx_word' id='word_1_1011' title='bbox 2078 2899 2271 2936; x_wconf 88' lang='lat' dir='ltr'><strong>heredibus</strong></span> <span class='ocrx_word' id='word_1_1012' title='bbox 2291 2899 2432 2944; x_wconf 84' lang='lat' dir='ltr'><strong>scriptis</strong></span> 
     </span>
     <span class='ocr_line' id='line_1_142' title="bbox 1347 2943 2430 2982; baseline 0.003 -3"><span class='ocrx_word' id='word_1_1013' title='bbox 1347 2948 1367 2979; x_wconf 86' lang='lat'><strong>3</strong></span> <span class='ocrx_word' id='word_1_1014' title='bbox 1414 2943 1448 2980; x_wconf 89' lang='lat' dir='ltr'><strong>vi</strong></span> <span class='ocrx_word' id='word_1_1015' title='bbox 1473 2944 1525 2980; x_wconf 90' lang='lat' dir='ltr'><strong>eri</strong></span> <span class='ocrx_word' id='word_1_1016' title='bbox 1554 2943 1670 2981; x_wconf 86' lang='lat' dir='ltr'><strong>datas.</strong></span> <span class='ocrx_word' id='word_1_1017' title='bbox 1726 2944 1819 2981; x_wconf 90' lang='lat' dir='ltr'><strong>‘Seio</strong></span> <span class='ocrx_word' id='word_1_1018' title='bbox 1850 2945 1930 2981; x_wconf 78' lang='lat' dir='ltr'><strong>auri</strong></span> <span class='ocrx_word' id='word_1_1019' title='bbox 1959 2944 2071 2981; x_wconf 88' lang='lat' dir='ltr'><strong>libras</strong></span> <span class='ocrx_word' id='word_1_1020' title='bbox 2100 2948 2174 2981; x_wconf 85' lang='lat' dir='ltr'><strong>tres</strong></span> <span class='ocrx_word' id='word_1_1021' title='bbox 2207 2948 2243 2980; x_wconf 90' lang='lat' dir='ltr'><strong>et</strong></span> <span class='ocrx_word' id='word_1_1022' title='bbox 2271 2944 2430 2982; x_wconf 84' lang='lat' dir='ltr'><strong>Stichum</strong></span> 
     </span>
     <span class='ocr_line' id='line_1_143' title="bbox 1346 2989 2434 3035; baseline -0.001 -9"><span class='ocrx_word' id='word_1_1023' title='bbox 1346 2989 1554 3033; x_wconf 86' lang='lat' dir='ltr'><strong>‘notarium‚</strong></span> <span class='ocrx_word' id='word_1_1024' title='bbox 1595 2999 1700 3035; x_wconf 89' lang='lat' dir='ltr'><strong>quem</strong></span> <span class='ocrx_word' id='word_1_1025' title='bbox 1738 2994 1823 3035; x_wconf 92' lang='lat' dir='ltr'><strong>peto</strong></span> <span class='ocrx_word' id='word_1_1026' title='bbox 1861 2989 2116 3026; x_wconf 84' lang='lat' dir='ltr'><strong>manumittas’.</strong></span> <span class='ocrx_word' id='word_1_1027' title='bbox 2172 2989 2275 3025; x_wconf 88' lang='lat' dir='ltr'><strong>Seius</strong></span> <span class='ocrx_word' id='word_1_1028' title='bbox 2311 2989 2434 3025; x_wconf 87' lang='lat' dir='ltr'><strong>eodem</strong></span> 
     </span>
     <span class='ocr_line' id='line_1_144' title="bbox 1346 3034 2432 3081; baseline 0.001 -11"><span class='ocrx_word' id='word_1_1029' title='bbox 1346 3038 1560 3071; x_wconf 89' lang='lat' dir='ltr'><strong>testamento</strong></span> <span class='ocrx_word' id='word_1_1030' title='bbox 1583 3038 1683 3070; x_wconf 91' lang='lat' dir='ltr'><strong>tutor</strong></span> <span class='ocrx_word' id='word_1_1031' title='bbox 1706 3034 1813 3071; x_wconf 86' lang='lat' dir='ltr'><strong>datus</strong></span> <span class='ocrx_word' id='word_1_1032' title='bbox 1837 3045 1860 3071; x_wconf 90' lang='lat' dir='ltr'><strong>a</strong></span> <span class='ocrx_word' id='word_1_1033' title='bbox 1882 3035 1997 3071; x_wconf 87' lang='lat' dir='ltr'><strong>tutela</strong></span> <span class='ocrx_word' id='word_1_1034' title='bbox 2025 3045 2064 3071; x_wconf 88' lang='lat' dir='ltr'><strong>se</strong></span> <span class='ocrx_word' id='word_1_1035' title='bbox 2092 3034 2296 3071; x_wconf 85' lang='lat' dir='ltr'><strong>excusavit:</strong></span> <span class='ocrx_word' id='word_1_1036' title='bbox 2325 3044 2432 3081; x_wconf 86' lang='lat' dir='ltr'><strong>quae·</strong></span> 
     </span>
     <span class='ocr_line' id='line_1_145' title="bbox 1345 3079 2431 3122; baseline -0.001 -6"><span class='ocrx_word' id='word_1_1037' title='bbox 1345 3080 1447 3122; x_wconf 89' lang='lat' dir='ltr'><strong>ritur,</strong></span> <span class='ocrx_word' id='word_1_1038' title='bbox 1465 3090 1512 3115; x_wconf 91' lang='lat' dir='ltr'><strong>an</strong></span> <span class='ocrx_word' id='word_1_1039' title='bbox 1529 3079 1639 3116; x_wconf 90' lang='lat' dir='ltr'><strong>nihilo</strong></span> <span class='ocrx_word' id='word_1_1040' title='bbox 1656 3079 1774 3116; x_wconf 89' lang='lat' dir='ltr'><strong>minus</strong></span> <span class='ocrx_word' id='word_1_1041' title='bbox 1794 3080 2069 3116; x_wconf 83' lang='lat' dir='ltr'><strong>fideicommissa</strong></span> <span class='ocrx_word' id='word_1_1042' title='bbox 2083 3079 2232 3116; x_wconf 88' lang='lat' dir='ltr'><strong>libertas</strong></span> <span class='ocrx_word' id='word_1_1043' title='bbox 2247 3079 2431 3116; x_wconf 86' lang='lat' dir='ltr'><strong>debeatur.</strong></span> 
     </span>
     <span class='ocr_line' id='line_1_146' title="bbox 1346 3124 2434 3172; baseline -0.001 -11"><span class='ocrx_word' id='word_1_1044' title='bbox 1346 3129 1368 3161; x_wconf 85' lang='grc'>4</span> <span class='ocrx_word' id='word_1_1045' title='bbox 1414 3124 1600 3170; x_wconf 86' lang='lat' dir='ltr'><strong>respondit</strong></span> <span class='ocrx_word' id='word_1_1046' title='bbox 1616 3125 1704 3161; x_wconf 92' lang='lat' dir='ltr'><strong>nihil</strong></span> <span class='ocrx_word' id='word_1_1047' title='bbox 1722 3125 1888 3172; x_wconf 88' lang='lat' dir='ltr'><strong>proponi,</strong></span> <span class='ocrx_word' id='word_1_1048' title='bbox 1912 3136 1979 3162; x_wconf 87' lang='lat' dir='ltr'><strong>cur</strong></span> <span class='ocrx_word' id='word_1_1049' title='bbox 1994 3135 2067 3161; x_wconf 91' lang='lat' dir='ltr'><strong>non</strong></span> <span class='ocrx_word' id='word_1_1050' title='bbox 2088 3125 2271 3161; x_wconf 86' lang='lat' dir='ltr'><strong>debeatur.</strong></span> <span class='ocrx_word' id='word_1_1051' title='bbox 2305 3124 2434 3161; x_wconf 89' lang='lat' dir='ltr'><strong>Scrcre</strong></span> 
     </span>
     <span class='ocr_line' id='line_1_147' title="bbox 1345 3167 2433 3215; baseline -0.004 -8"><span class='ocrx_word' id='word_1_1052' title='bbox 1345 3180 1412 3207; x_wconf 86' lang='lat' dir='ltr'><strong>sua</strong></span> <span class='ocrx_word' id='word_1_1053' title='bbox 1441 3170 1572 3206; x_wconf 87' lang='lat' dir='ltr'><strong>herede</strong></span> <span class='ocrx_word' id='word_1_1054' title='bbox 1602 3170 1767 3206; x_wconf 89' lang='lat' dir='ltr'><strong>instituta</strong></span> <span class='ocrx_word' id='word_1_1055' title='bbox 1797 3170 1842 3207; x_wconf 90' lang='lat' dir='ltr'><strong>de</strong></span> <span class='ocrx_word' id='word_1_1056' title='bbox 1872 3170 1983 3207; x_wconf 85' lang='lat' dir='ltr'><strong>servis</strong></span> <span class='ocrx_word' id='word_1_1057' title='bbox 2011 3170 2063 3206; x_wconf 90' lang='lat' dir='ltr'><strong>ita</strong></span> <span class='ocrx_word' id='word_1_1058' title='bbox 2096 3171 2208 3206; x_wconf 88' lang='lat' dir='ltr'><strong>cavit:</strong></span> <span class='ocrx_word' id='word_1_1059' title='bbox 2244 3167 2433 3215; x_wconf 75' lang='grc' dir='ltr'>“βούλομαι</span> 
     </span>
     <span class='ocr_line' id='line_1_148' title="bbox 1343 3210 2431 3269; baseline -0.002 -18"><span class='ocrx_word' id='word_1_1060' title='bbox 1343 3213 1419 3251; x_wconf 61' lang='lat' dir='ltr'><strong>‘aaz</strong></span> <span class='ocrx_word' id='word_1_1061' title='bbox 1441 3214 1652 3262; x_wconf 76' lang='grc' dir='ltr'><strong><em>παρακαλῶ,</em></strong></span> <span class='ocrx_word' id='word_1_1062' title='bbox 1677 3214 1876 3262; x_wconf 76' lang='grc' dir='ltr'><strong><em>γλυκυτάτη</em></strong></span> <span class='ocrx_word' id='word_1_1063' title='bbox 1898 3229 1968 3260; x_wconf 81' lang='grc' dir='ltr'><strong>μου</strong></span> <span class='ocrx_word' id='word_1_1064' title='bbox 1987 3210 2133 3269; x_wconf 67' lang='grc' dir='ltr'><strong>ἀδελφή,</strong></span> <span class='ocrx_word' id='word_1_1065' title='bbox 2159 3218 2199 3250; x_wconf 69' lang='grc' dir='ltr'><strong>ἐν</strong></span> <span class='ocrx_word' id='word_1_1066' title='bbox 2217 3228 2431 3263; x_wconf 73' lang='grc' dir='ltr'><strong><em>παρακατα-</em></strong></span> 
     </span>
     <span class='ocr_line' id='line_1_149' title="bbox 1344 3258 2433 3315; baseline 0 -21"><span class='ocrx_word' id='word_1_1067' title='bbox 1344 3258 1456 3307; x_wconf 69' lang='grc' dir='ltr'><strong>“θήκῃ</strong></span> <span class='ocrx_word' id='word_1_1068' title='bbox 1472 3261 1500 3283; x_wconf 83' lang='lat'><strong>¹³</strong></span> <span class='ocrx_word' id='word_1_1069' title='bbox 1525 3273 1564 3295; x_wconf 79' lang='lat' dir='ltr'><strong>os</strong></span> <span class='ocrx_word' id='word_1_1070' title='bbox 1583 3263 1677 3302; x_wconf 70' lang='grc' dir='ltr'>ἔχειν</span> <span class='ocrx_word' id='word_1_1071' title='bbox 1691 3263 1828 3303; x_wconf 70' lang='grc' dir='ltr'><strong><em>Στίχον</em></strong></span> <span class='ocrx_word' id='word_1_1072' title='bbox 1842 3264 1904 3295; x_wconf 75' lang='grc' dir='ltr'><strong>καὶ</strong></span> <span class='ocrx_word' id='word_1_1073' title='bbox 1916 3258 2048 3306; x_wconf 61' lang='lat' dir='ltr'><strong>Adfatim</strong></span> <span class='ocrx_word' id='word_1_1074' title='bbox 2061 3273 2143 3296; x_wconf 74' lang='lat' dir='ltr'><strong>‘rous</strong></span> <span class='ocrx_word' id='word_1_1075' title='bbox 2162 3259 2433 3315; x_wconf 59' lang='lat' dir='ltr'><strong>“eappan-nde</strong></span> 
     </span>
     <span class='ocr_line' id='line_1_150' title="bbox 1343 3301 2432 3362; baseline 0 -22"><span class='ocrx_word' id='word_1_1076' title='bbox 1343 3302 1442 3359; x_wconf 55' lang='lat' dir='ltr'><strong>:gom</strong></span> <span class='ocrx_word' id='word_1_1077' title='bbox 1468 3302 1529 3340; x_wconf 74' lang='grc' dir='ltr'><strong>οδε</strong></span> <span class='ocrx_word' id='word_1_1078' title='bbox 1551 3305 1622 3351; x_wconf 65' lang='grc' dir='ltr'><strong>ἐγὼ</strong></span> <span class='ocrx_word' id='word_1_1079' title='bbox 1645 3301 1710 3341; x_wconf 69' lang='grc' dir='ltr'><strong>οὐκ</strong></span> <span class='ocrx_word' id='word_1_1080' title='bbox 1732 3301 1868 3349; x_wconf 53' lang='lat' dir='ltr'><strong>fiam-95</strong></span> <span class='ocrx_word' id='word_1_1081' title='bbox 1887 3318 1981 3347; x_wconf 71' lang='lat' dir='ltr'><strong>moa,</strong></span> <span class='ocrx_word' id='word_1_1082' title='bbox 2016 3303 2115 3350; x_wconf 64' lang='grc' dir='ltr'>ἄχρις</span> <span class='ocrx_word' id='word_1_1083' title='bbox 2138 3303 2184 3340; x_wconf 71' lang='grc' dir='ltr'><strong>ἂν</strong></span> <span class='ocrx_word' id='word_1_1084' title='bbox 2204 3317 2269 3342; x_wconf 69' lang='lat' dir='ltr'><strong>vas</strong></span> <span class='ocrx_word' id='word_1_1085' title='bbox 2289 3303 2432 3362; x_wconf 67' lang='grc' dir='ltr'><strong><em>ψήφους</em></strong></span> 
     </span>
     <span class='ocr_line' id='line_1_151' title="bbox 1357 3346 2431 3396; baseline -0.002 -10"><span class='ocrx_word' id='word_1_1086' title='bbox 1357 3349 1731 3394; x_wconf 68' lang='grc' dir='ltr'>αποκαταστήσωσινε</span> <span class='ocrx_word' id='word_1_1087' title='bbox 1754 3350 1820 3386; x_wconf 66' lang='grc' dir='ltr'><strong>ἐὰν</strong></span> <span class='ocrx_word' id='word_1_1088' title='bbox 1842 3348 1866 3385; x_wconf 74' lang='grc' dir='ltr'><em>ὃ</em></span> <span class='ocrx_word' id='word_1_1089' title='bbox 1901 3353 1963 3385; x_wconf 75' lang='grc' dir='ltr'><strong>καὶ</strong></span> <span class='ocrx_word' id='word_1_1090' title='bbox 1985 3353 2042 3385; x_wconf 79' lang='grc' dir='ltr'><strong>σοὶ</strong></span> <span class='ocrx_word' id='word_1_1091' title='bbox 2066 3346 2251 3396; x_wconf 61' lang='lat' dir='ltr'><strong>uiolentam,</strong></span> <span class='ocrx_word' id='word_1_1092' title='bbox 2277 3353 2431 3394; x_wconf 69' lang='grc' dir='ltr'><strong><em>ἐμηνυσα</em></strong></span> 
     </span>
     <span class='ocr_line' id='line_1_152' title="bbox 1344 3391 2432 3442; baseline -0.001 -11"><span class='ocrx_word' id='word_1_1093' title='bbox 1344 3391 1418 3431; x_wconf 65' lang='grc' dir='ltr'>’σοι</span> <span class='ocrx_word' id='word_1_1094' title='bbox 1437 3394 1506 3438; x_wconf 79' lang='grc' dir='ltr'><strong>τὴν</strong></span> <span class='ocrx_word' id='word_1_1095' title='bbox 1526 3395 1678 3442; x_wconf 71' lang='grc' dir='ltr'><strong><em>γνώμην</em></strong></span> <span class='ocrx_word' id='word_1_1096' title='bbox 1698 3392 1783 3442; x_wconf 77' lang='grc' dir='ltr'><strong>μου’</strong></span> <span class='ocrx_word' id='word_1_1097' title='bbox 1796 3397 1834 3432; x_wconf 86' lang='lat'><strong>²⁴.</strong></span> <span class='ocrx_word' id='word_1_1098' title='bbox 1869 3405 2016 3442; x_wconf 86' lang='lat' dir='ltr'><strong>quaero,</strong></span> <span class='ocrx_word' id='word_1_1099' title='bbox 2041 3396 2073 3432; x_wconf 88' lang='lat' dir='ltr'><strong>si</strong></span> <span class='ocrx_word' id='word_1_1100' title='bbox 2091 3396 2227 3442; x_wconf 86' lang='lat' dir='ltr'><strong>paratis</strong></span> <span class='ocrx_word' id='word_1_1101' title='bbox 2249 3395 2432 3432; x_wconf 83' lang='lat' dir='ltr'><strong>actoribus</strong></span> 
     </span>
    </p>
   </div>
   <div class='ocr_carea' id='block_1_11' title="bbox 2275 3474 2429 3479">
    <p class='ocr_par' dir='ltr' id='par_1_20' title="bbox 2275 3474 2429 3479">
     <span class='ocr_line' id='line_1_153' title="bbox 2275 3474 2429 3479; baseline 0 0"><span class='ocrx_word' id='word_1_1102' title='bbox 2275 3474 2429 3479; x_wconf 95' lang='lat' dir='ltr'><strong> </strong></span> 
     </span>
    </p>
   </div>
   <div class='ocr_carea' id='block_1_12' title="bbox 1343 3508 2433 3689">
    <p class='ocr_par' dir='ltr' id='par_1_21' title="bbox 1343 3508 2433 3689">
     <span class='ocr_line' id='line_1_154' title="bbox 1343 3508 2433 3554; baseline 0.002 -12"><span class='ocrx_word' id='word_1_1103' title='bbox 1343 3508 1486 3542; x_wconf 85' lang='lat' dir='ltr'><strong>ulterius</strong></span> <span class='ocrx_word' id='word_1_1104' title='bbox 1496 3523 1559 3544; x_wconf 71' lang='lat' dir='ltr'><strong>scr.</strong></span> <span class='ocrx_word' id='word_1_1105' title='bbox 1635 3512 1695 3551; x_wconf 77' lang='lat'><strong>(18)</strong></span> <span class='ocrx_word' id='word_1_1106' title='bbox 1719 3509 2018 3554; x_wconf 64' lang='grc' dir='ltr'><strong>παρακαταθηῑ*</strong></span> <span class='ocrx_word' id='word_1_1107' title='bbox 2086 3512 2145 3551; x_wconf 77' lang='grc'><strong>(14)</strong></span> <span class='ocrx_word' id='word_1_1108' title='bbox 2170 3511 2209 3546; x_wconf 67' lang='lat' dir='ltr'><strong>id</strong></span> <span class='ocrx_word' id='word_1_1109' title='bbox 2219 3517 2284 3545; x_wconf 78' lang='lat' dir='ltr'><strong>est.-</strong></span> <span class='ocrx_word' id='word_1_1110' title='bbox 2306 3520 2384 3545; x_wconf 66' lang='lat' dir='ltr'><strong>vcro</strong></span> <span class='ocrx_word' id='word_1_1111' title='bbox 2399 3516 2433 3544; x_wconf 89' lang='lat' dir='ltr'><strong>et</strong></span> 
     </span>
     <span class='ocr_line' id='line_1_155' title="bbox 1344 3554 2433 3599; baseline 0.003 -12"><span class='ocrx_word' id='word_1_1112' title='bbox 1344 3564 1443 3596; x_wconf 85' lang='lat' dir='ltr'><strong>rogo,</strong></span> <span class='ocrx_word' id='word_1_1113' title='bbox 1467 3565 1561 3588; x_wconf 84' lang='lat' dir='ltr'><strong>soror</strong></span> <span class='ocrx_word' id='word_1_1114' title='bbox 1582 3554 1789 3596; x_wconf 68' lang='lat' dir='ltr'><strong>dulcinima,</strong></span> <span class='ocrx_word' id='word_1_1115' title='bbox 1812 3557 1852 3588; x_wconf 87' lang='grc' dir='ltr'><strong>ιιι</strong></span> <span class='ocrx_word' id='word_1_1116' title='bbox 1868 3555 1904 3588; x_wconf 88' lang='lat' dir='ltr'><strong>in</strong></span> <span class='ocrx_word' id='word_1_1117' title='bbox 1923 3555 2071 3599; x_wconf 75' lang='lat' dir='ltr'><strong>deposito</strong></span> <span class='ocrx_word' id='word_1_1118' title='bbox 2092 3555 2213 3590; x_wconf 84' lang='lat' dir='ltr'><strong>habeas</strong></span> <span class='ocrx_word' id='word_1_1119' title='bbox 2230 3556 2380 3589; x_wconf 88' lang='lat' dir='ltr'><strong>Stichum</strong></span> <span class='ocrx_word' id='word_1_1120' title='bbox 2399 3558 2433 3590; x_wconf 81' lang='lat' dir='ltr'><strong>et</strong></span> 
     </span>
     <span class='ocr_line' id='line_1_156' title="bbox 1344 3600 2432 3643; baseline 0.002 -11"><span class='ocrx_word' id='word_1_1121' title='bbox 1344 3600 1482 3632; x_wconf 81' lang='lat' dir='ltr'><strong>Damam</strong></span> <span class='ocrx_word' id='word_1_1122' title='bbox 1501 3602 1630 3633; x_wconf 84' lang='lat' dir='ltr'><strong>actores</strong></span> <span class='ocrx_word' id='word_1_1123' title='bbox 1646 3610 1744 3642; x_wconf 84' lang='lat' dir='ltr'><strong>meos,</strong></span> <span class='ocrx_word' id='word_1_1124' title='bbox 1764 3610 1848 3642; x_wconf 85' lang='lat' dir='ltr'><strong>quos</strong></span> <span class='ocrx_word' id='word_1_1125' title='bbox 1864 3600 2017 3643; x_wconf 83' lang='lat' dir='ltr'><strong>equidem</strong></span> <span class='ocrx_word' id='word_1_1126' title='bbox 2034 3611 2102 3634; x_wconf 88' lang='lat' dir='ltr'><strong>non</strong></span> <span class='ocrx_word' id='word_1_1127' title='bbox 2121 3601 2310 3642; x_wconf 82' lang='lat' dir='ltr'><strong>manumisi,</strong></span> <span class='ocrx_word' id='word_1_1128' title='bbox 2327 3601 2432 3634; x_wconf 85' lang='lat' dir='ltr'><strong>donec</strong></span> 
     </span>
     <span class='ocr_line' id='line_1_157' title="bbox 1343 3643 2429 3689; baseline 0.002 -12"><span class='ocrx_word' id='word_1_1129' title='bbox 1343 3643 1490 3677; x_wconf 78' lang='lat' dir='ltr'><strong>rationes</strong></span> <span class='ocrx_word' id='word_1_1130' title='bbox 1501 3644 1738 3678; x_wconf 81' lang='lat' dir='ltr'><strong>reddidissent:</strong></span> <span class='ocrx_word' id='word_1_1131' title='bbox 1763 3645 1852 3687; x_wconf 84' lang='lat' dir='ltr'><strong>quod</strong></span> <span class='ocrx_word' id='word_1_1132' title='bbox 1864 3645 1892 3677; x_wconf 83' lang='lat' dir='ltr'><strong>si</strong></span> <span class='ocrx_word' id='word_1_1133' title='bbox 1905 3647 1943 3678; x_wconf 79' lang='lat' dir='ltr'><strong>tu</strong></span> <span class='ocrx_word' id='word_1_1134' title='bbox 1953 3655 2086 3689; x_wconf 85' lang='lat' dir='ltr'><strong>qnoque</strong></span> <span class='ocrx_word' id='word_1_1135' title='bbox 2098 3656 2153 3679; x_wconf 86' lang='lat' dir='ltr'><strong>eos</strong></span> <span class='ocrx_word' id='word_1_1136' title='bbox 2164 3646 2363 3689; x_wconf 77' lang='lat' dir='ltr'><strong>probaveris,</strong></span> <span class='ocrx_word' id='word_1_1137' title='bbox 2375 3656 2429 3679; x_wconf 79' lang='lat' dir='ltr'><strong>vc-</strong></span> 
     </span>
    </p>
   </div>
   <div class='ocr_carea' id='block_1_13' title="bbox 1131 3687 1910 3732">
    <p class='ocr_par' dir='ltr' id='par_1_22' title="bbox 1131 3687 1910 3732">
     <span class='ocr_line' id='line_1_158' title="bbox 1131 3687 1910 3732; baseline 0 -9"><span class='ocrx_word' id='word_1_1138' title='bbox 1131 3693 1190 3729; x_wconf 84' lang='lat'><strong>‹1⁰)</strong></span> <span class='ocrx_word' id='word_1_1139' title='bbox 1216 3689 1275 3732; x_wconf 79' lang='lat' dir='ltr'><strong>est}</strong></span> <span class='ocrx_word' id='word_1_1140' title='bbox 1343 3687 1508 3722; x_wconf 85' lang='lat' dir='ltr'><strong>luntatem</strong></span> <span class='ocrx_word' id='word_1_1141' title='bbox 1520 3700 1626 3723; x_wconf 82' lang='lat' dir='ltr'><strong>meam</strong></span> <span class='ocrx_word' id='word_1_1142' title='bbox 1639 3689 1703 3724; x_wconf 79' lang='lat' dir='ltr'><strong>tibi</strong></span> <span class='ocrx_word' id='word_1_1143' title='bbox 1713 3690 1910 3732; x_wconf 79' lang='lat' dir='ltr'><strong>significavi.</strong></span> 
     </span>
    </p>
   </div>
   <div class='ocr_carea' id='block_1_14' title="bbox 2520 3805 2528 3918">
    <p class='ocr_par' dir='ltr' id='par_1_23' title="bbox 2520 3805 2528 3918">
     <span class='ocr_line' id='line_1_159' title="bbox 2520 3805 2528 3918; textangle 90"><span class='ocrx_word' id='word_1_1144' title='bbox 2520 3805 2528 3918; x_wconf 38' lang='lat' dir='ltr'><strong>md.-</strong></span> 
     </span>
    </p>
   </div>
  </div>
 </body>
</html>
