2528 3918
148 137 207 174 DE
229 141 392 175 Ponms

151 253 191 287 15
237 251 460 295 admiserint,
489 261 625 288 summo
654 249 830 296 supplicio
860 248 1110 286 adficerentur.
1156 249 1228 284 Fa-

149 308 266 344 mosos
289 297 448 334 latrones
471 298 507 332 in
530 296 587 332 his
609 295 716 339 locis,
741 295 802 332 ubi
824 295 979 340 grassati
1002 298 1101 339 sunt,
1125 294 1230 330 furca

149 341 306 387 figendos
338 354 417 379 com
444 342 580 378 Iuribus
636 341 761 383 lacuit,
801 344 842 376 ut
873 344 910 376 et
940 343 1135 386 conspectu
1168 339 1228 375 de-

148 390 371 423 terreantur¹
403 388 464 423 aii
495 387 541 423 ab
574 387 604 422 is
651 397 685 421 m
714 386 935 422 facinoribus
965 389 1002 422 et
1024 385 1158 422 solacio
1183 384 1230 420 sit

149 443 191 468 co
241 433 308 468 atis
325 436 362 469 et
377 432 553 468 adfinibus
568 431 860 476 interemptorum
877 431 999 467 eodem
1016 430 1096 466 loco
1112 440 1229 475 poena

168 443 299 520 effici,
320 477 360 514 in
383 489 451 523 quo
469 477 625 513 latrones
645 476 836 512 homicidia
856 476 1041 512 fecissent:
1066 475 1229 527 nonnulli

152 525 192 558 16
239 523 346 558 etiam
387 522 434 558 ad
470 521 603 558 bestias
643 521 710 558 hos
750 521 1017 558 damnaverunt.
1071 520 1228 556 Ma1ores

148 568 261 604 nostri
290 568 329 604 in
357 567 453 604 omni
482 566 659 619 supplicio
687 567 842 603 severius
866 576 987 603 servos
1011 575 1118 612 quam
1140 565 1228 601 libe-

148 623 219 654 ros,
236 612 395 649 famosos
434 622 516 648 uam
531 615 691 657 mtegrae
707 612 826 649 famae
837 612 1003 651 >homines
1023 610 1226 657 punierunt.

195 655 248 696 29
276 658 397 695 GAIUs
410 623 508 694 (libro
520 658 645 711 primo
670 658 719 693 ad
738 658 850 704 leqem
868 657 999 692 Iuliam
1021 661 1054 691 et
1071 655 1228 710 ..Pupiam

149 703 218 747 Qui
240 702 364 739 ultimo
388 702 562 748 supplicio
588 702 819 746 damnantur,
846 702 966 739 statim
990 705 1026 737 et
1050 705 1228 737 civitatem

149 752 186 783 et
207 748 406 784 libertatem
429 748 595 793 perdunt.
631 748 753 794 itaque
775 750 1017 794 praeoccupat
1039 747 1098 782 hic
1123 756 1228 782 casus

148 796 298 830 mortem
334 796 371 829 et
406 803 671 839 nonnumquam
707 794 850 838 longum
880 796 1020 838 tempus
1051 802 1142 828 occu
1169 795 1227 828 at:

149 838 245 883 quod
267 837 399 874 accidit
420 838 458 874 in
479 838 643 884 personis
666 848 800 881 eorum,
826 837 886 883 qui
910 838 956 873 ad
975 837 1109 874 bestias
1154 847 1228 872 am-

148 887 291 920 nantur.
338 893 447 929 saepe
476 884 583 920 etiam
612 883 692 919 ideo
722 884 854 920 servari
885 883 1001 919 solent
1023 886 1107 928 post
1129 883 1227 918 dam-

147 929 339 972 nationem,
361 932 404 965 ut
425 939 470 965 ex
492 929 609 976 his-in
632 928 722 964 alios
746 928 907 974 quaestio
930 928 1118 964 habeatur.

193 971 247 1012 30
272 973 525 1010 Moorsmws
554 974 645 1009 libro
668 974 793 1020 primo
825 974 869 1009 de
893 974 1028 1021 poenis
1081 973 1120 1009 Si
1150 973 1228 1018 quis

147 1018 281 1064 aliquid
310 1017 454 1062 fecerit,
484 1029 554 1064 quo
586 1019 679 1055 leves
707 1019 889 1055 hominum
921 1019 1027 1054 animi
1055 1019 1227 1064 supersti-

147 1065 244 1100 tione
275 1064 428 1100 numinis
458 1067 638 1100 terrentur
648 1065 672 1107 ²,
711 1064 812 1100 divus
842 1064 989 1100 Marcus
1027 1063 1229 1099 huiusmodi

147 1109 308 1145 homines
329 1109 368 1144 in
388 1108 542 1145 insulam
563 1109 714 1154 relegari
736 1109 930 1155 rescripsit.

193 1152 244 1192 31
271 1153 379 1190 IDEM
403 1154 495 1191 libro
520 1156 624 1190 tertio
655 1155 699 1190 de
715 1156 848 1201 poenis
892 1155 950 1190 Ad
972 1154 1106 1190 bestias
1130 1153 1228 1189 dam-

148 1203 251 1235 natos
273 1199 397 1235 favore
419 1199 543 1245 populi
565 1210 709 1245 praeses
730 1200 905 1236 dimittere
924 1210 997 1235 non
1016 1199 1140 1235 debet:
1167 1198 1230 1235 sed

148 1245 179 1280 si
201 1244 278 1281 eius
300 1244 440 1280 roboris
464 1245 519 1280 vel
541 1244 683 1280 artificii
706 1245 787 1287 sint,
812 1249 853 1280 ut
877 1245 979 1290 digne
983 1244 1136 1325 11ξιοριῠο
1155 1245 1227 1280 Ro-

147 1300 253 1326 mano
285 1290 444 1326 exhiberi
471 1290 626 1335 possint,
665 1291 863 1344 principem
893 1301 980 1326 cons
1021 1300 1080 1326 ere
1112 1289 1227 1325 debet.

151 1339 166 1370 1
214 1335 272 1370 Ex
295 1335 480 1387 provincia
501 1339 622 1371 autem
638 1335 675 1371 in
692 1335 911 1381 provinciam
927 1335 1112 1371 transduci
1130 1335 1228 1370 dam-

147 1383 250 1416 natos
274 1390 350 1416 sme
371 1380 548 1426 permissu
578 1380 750 1426 principis
778 1391 852 1416 non
880 1381 988 1416 licere
1018 1380 1144 1417 divus³
1167 1380 1229 1416 Se·

146 1434 251 1462 verus
274 1428 312 1461 et
332 1425 536 1461 Antoninus
559 1426 829 1471 rescripserunt.

192 1467 247 1508 32
279 1469 473 1506 ULPJANUS
497 1470 588 1506 libro
611 1475 717 1507 sexto
747 1471 797 1506 ad
818 1471 971 1507 edictum
1019 1470 1056 1506 Si
1084 1480 1231 1516 praeses

146 1516 202 1552 vel
223 1514 332 1551 iudex
353 1516 406 1551 ita
426 1515 663 1552 interlocutus
688 1516 734 1551 sit
758 1516 837 1551 ‘vim
859 1515 999 1559 fecisti’,
1029 1516 1060 1551 si
1090 1515 1231 1561 quidem

148 1570 194 1596 ex
215 1560 415 1605 interdicto,
440 1571 513 1596 non
537 1561 604 1597 erit
626 1564 772 1597 notatus
792 1572 858 1597 nec
877 1571 995 1607 poena
1013 1561 1100 1606 legis
1119 1561 1231 1596 Iuliae

147 1609 334 1651 sequetur:
358 1606 390 1642 si
412 1616 496 1642 vero
520 1616 565 1642 ex
589 1606 746 1649 crimine,
772 1606 869 1642 aliud
891 1610 957 1642 est.
996 1606 1081 1651 quid
1105 1606 1135 1642 si
1158 1617 1230 1641 non

147 1651 350 1687 distinxerit
396 1661 532 1695 raeses,
564 1655 683 1687 utrum
707 1651 798 1687 Iulia
820 1651 1044 1697 publicorum
1069 1662 1116 1687 an
1138 1650 1231 1687 Iulia

147 1662 395 1742 privatorum?
420 1699 508 1732 tunc
530 1707 576 1732 ex
600 1697 744 1733 crimine
769 1697 836 1732 erit
858 1697 1129 1733 aestimandum.
1168 1696 1231 1733 sed

147 1742 178 1776 si
207 1742 392 1794 utriusque
421 1741 509 1787 legis
540 1742 690 1778 crimina
718 1742 860 1778 obiecta
889 1746 990 1785 sunt,
1019 1742 1137 1778 mitior
1160 1741 1229 1784 lex,

147 1786 184 1822 id
206 1790 263 1822 est
310 1790 504 1822 rivatorum
526 1787 595 1823 erit
617 1787 808 1833 sequenda.

193 1829 249 1870 33
297 1842 509 1867 Afflvmmls
523 1832 614 1868 libro
630 1833 786 1868 secundo
804 1833 1053 1878 quaestionum
1082 1832 1230 1868 Fratres

146 1877 378 1957 imperatores
388 1877 668 1958 tresffgpffizmt
696 1888 817 1958 servios
847 1877 1230 1958 iffittgemporarialvin·

148 1933 168 1957 c
208 1932 231 1957 a
258 1922 444 1958 damnaos
525 1932 544 1957 e
619 1933 673 1958 em
703 1933 723 1958 e
793 1933 852 1958 ere
878 1933 928 1958 ia
965 1934 1000 1957 m
1029 1933 1103 1959 sive
1147 1933 1228 1959 ea-

146 1972 239 2010 tum,
267 1970 459 2013 postquam
489 1971 629 2013 tempus
660 1968 878 2013 expleverint
926 1968 1113 2013 consequi,
1146 1933 1230 2013 qtgiia

149 2012 364 2058 temporaria
395 2012 581 2066 coercitio,
618 2023 709 2066 quae
744 1995 929 2049 descendit
954 2023 1011 2065 'ex
1041 2013 1228 2067 sententia,

146 2067 284 2111 poenae
313 2060 370 2093 est
399 2057 556 2093 abohtio.
603 2068 635 2094 si
666 2061 785 2093 autem
814 2057 1025 2094 beneficium
1052 2059 1229 2094 libertatis

146 2113 184 2138 ιιι
205 2102 357 2138 vinculis
381 2112 443 2138 eos
466 2102 632 2147 inveniat,
657 2103 749 2139 ratio
772 2103 859 2138 iuris
889 2107 926 2138 et
955 2104 1064 2139 verba
1095 2104 1228 2139 consti-

147 2147 295 2184 tutionis
325 2147 484 2183 libertati
513 2147 748 2193 refragantur.
802 2148 910 2194 plane
948 2149 979 2184 si
1014 2152 1228 2185 testamento

146 2193 292 2228 libertas
325 2193 411 2228 data
441 2193 488 2228 sit
517 2196 552 2228 et
574 2203 616 2229 eo
640 2197 818 2238 tempore,
853 2204 923 2239 quo
947 2193 1066 2229 aditur
1088 2193 1228 2230 heredi-

147 2245 222 2281 tas,
255 2242 396 2283 tempus
428 2237 651 2274 vinculorum
682 2239 837 2274 solutum
867 2238 931 2282 sit,
970 2242 1068 2275 recte
1103 2249 1229 2275 manu-

146 2282 275 2318 missus
297 2282 539 2328 intellegetur,
570 2294 642 2319 non
673 2293 776 2320 secus
807 2294 851 2319 ac
881 2283 913 2319 si
943 2284 1083 2329 pignori
1106 2284 1228 2320 datum

147 2338 286 2380 servum
318 2328 469 2381 debitor·
479 2328 742 2382 manumisisset
764 2329 910 2375 eiusque
931 2332 1016 2375 post
1038 2329 1228 2366 liberatum

146 2383 255 2456 1³13}
256 2382 274 2439 ἓ
289 2372 397 2454 ῗιίιίἑῗ
417 2373 786 2470 Ξίἶιὲἒθξεέῗέθὲῗέῗιο
805 2429 1062 2466 responsorum
1098 2419 1228 2455 Servus

146 2463 183 2499 in
213 2473 304 2509 opus
334 2463 517 2509 pubhcum
548 2467 760 2509 perpetuum
791 2474 835 2500 ac
864 2465 976 2500 multo
1003 2465 1115 2509 magis
1139 2467 1228 2500 tem-

145 2507 327 2554 porarium
349 2519 422 2544 non
441 2507 557 2544 datur.
594 2519 675 2544 cum
695 2509 803 2554 igitur
821 2520 886 2555 per
905 2519 1062 2545 errorem
1080 2510 1118 2544 in
1138 2521 1227 2563 opus

147 2552 400 2599 temporarium
423 2553 549 2589 fuisset
572 2553 694 2596 datus,
725 2554 867 2600 expleto
897 2558 968 2590 tem
995 2565 1057 2590 ore
1085 2554 1227 2590 dommo

151 2602 163 2633 1
213 2608 354 2634 servum
384 2608 463 2634 esse
492 2598 710 2634 reddendum
742 2599 922 2645 respondi.
1013 2610 1052 2635 os
1088 2610 1228 2645 quoque

146 2653 262 2689 poena
293 2643 462 2679 delatoris
494 2653 538 2678 cx
569 2644 745 2679 sententia
767 2648 913 2680 senatus
938 2644 1091 2680 consulti
1113 2645 1228 2681 teneri

146 2687 324 2734 respondi,
350 2688 409 2733 qui
432 2697 496 2733 per
519 2689 740 2734 suppositam
762 2699 953 2735 personam
972 2689 1123 2726 delatori
1142 2700 1227 2726 cau·

147 2744 223 2768 sam
247 2732 429 2768 dederunt.

193 2775 246 2815 35
274 2777 557 2814 cammarus
578 2778 669 2814 libro
682 2779 805 2825 primo
851 2780 1076 2815 uaestionum
1121 2780 1226 2816 Man-

147 2822 239 2858 datis
270 2822 546 2868 principalibus,
580 2833 671 2868 quae
694 2824 812 2868 praesi
836 2824 916 2860 ibus
941 2824 1091 2868 dantur,
1124 2835 1226 2862 cave-

146 2872 216 2911 tur,
236 2877 281 2903 ne
300 2867 378 2912 quis
398 2867 580 2913 perpetuis
598 2868 746 2904 vinculis
764 2868 969 2906 damnetur:
993 2870 1099 2915 idque
1118 2870 1226 2906 etiam

146 2912 247 2948 divus
270 2912 475 2948 Hadrianus
498 2913 692 2958 rescripsit.

192 2955 245 2995 36
269 2956 722 3011 Hmuoofflmiwsfibro
735 2960 858 3005 primo
878 2960 969 2995 iuris
988 2961 1226 3007 epitomarum

146 3003 188 3038 In
215 3002 416 3044 metallum,
453 3002 517 3038 sed
551 3006 587 3038 et
614 3013 652 3038 in
680 3003 913 3040 ministerium
943 3005 1226 3042 metallicorum³

146 3047 304 3083 damnati
325 3047 419 3083 servi
441 3046 654 3092 efficiuntur,
678 3049 742 3085 sed
763 3060 912 3095 poenae.

191 3090 244 3131 37
269 3091 429 3128 Pavws
457 3091 547 3127 libro
570 3093 692 3139 primo
721 3096 977 3130 sententiarum
1023 3095 1065 3130 In
1097 3095 1224 3131 darda-

145 3137 266 3173 narios
293 3140 442 3183 propter
471 3136 601 3172 falsum
623 3148 868 3175 mensurarum
891 3140 1035 3176 modum
1059 3140 1104 3176 ob
1128 3141 1224 3176 utili-

145 3186 257 3217 tatem
284 3182 467 3228 popularis
498 3192 660 3217 annonae
697 3194 763 3229 pro
797 3185 904 3221 modo
941 3185 1087 3222 admissi
1123 3189 1226 3222 extra

146 3226 304 3263 ordinem
327 3226 498 3263 vindicari
520 3227 668 3272 placuit.

191 3268 244 3310 38
267 3271 373 3308 loru
399 3272 490 3308 libro
515 3273 665 3318 quinto⁶
692 3275 946 3311 sententiarum
994 3274 1033 3311 Si
1056 3275 1134 3322 quis
1158 3276 1224 3311 ali-

145 3386 186 3428 (1)
209 3385 419 3420 deteri-antur
432 3387 467 3420 F
541 3387 585 3429 (2)
610 3388 817 3420 terrerentur
831 3389 931 3422 Taur.
1011 3391 1054 3431 (3)
1080 3389 1150 3422 divi
1161 3402 1224 3423 scr.

146 3433 188 3473 (⁴)
213 3431 260 3464 ad
272 3435 289 3470 ς
303 3438 316 3465 1
328 3433 371 3476 cf
382 3432 430 3466 D.
442 3433 497 3474 48,
510 3439 555 3474 16,
568 3440 593 3474 1,
605 3439 637 3467 13
696 3433 740 3474 (5)
763 3432 986 3467 metalliorum
999 3434 1060 3477 17¹¹,
1073 3434 1224 3468 metallo-

146 3486 221 3508 rum
233 3475 287 3508 F²
377 3477 422 3518 (6)
449 3481 465 3516 5
480 3484 498 3512 2
509 3493 555 3506 τε
568 3479 614 3511 tit.
628 3484 664 3511 22
678 3489 703 3511 c.
718 3485 749 3516 13
777 3482 824 3517 §5
836 3495 882 3507 ==
894 3480 939 3513 tit.
954 3486 990 3514 23
1003 3488 1093 3519 c.14;
1121 3484 1136 3519 ξ
1153 3486 1222 3513 ’1...9

144 3537 190 3549 =
211 3522 257 3554 tic.
277 3528 313 3555 25
332 3533 359 3555 c.
380 3529 466 3561 7...s;
501 3526 517 3561 §
540 3530 573 3557 ιο
593 3539 638 3552 =
657 3523 703 3556 tit.
724 3529 760 3557 28
785 3535 809 3557 c.
830 3531 844 3557 1
966 3526 1009 3565 (7)
1035 3527 1068 3558 et
1087 3525 1149 3558 del.
1171 3524 1224 3556 ΙΜ

144 3565 190 3607 (8)
214 3566 365 3599 auctores
379 3566 506 3600 Paulus
598 3568 642 3609 (9)
665 3566 789 3611 populo
807 3567 984 3612 concitato]
1005 3569 1059 3602 vel
1077 3569 1223 3603 concita-

144 3611 232 3642 tores
241 3609 360 3654 populi
372 3610 498 3645 Paulus
568 3612 627 3654 (ιο)
652 3622 784 3645 crucem
797 3613 922 3647 Paulus
991 3615 1046 3657 (11)
1070 3614 1108 3647 in
1123 3627 1181 3647 om.
1194 3612 1228 3645 F

144 3656 203 3696 (12)
228 3654 420 3698 deportatur
435 3657 471 3690 F
544 3657 601 3699 (13)
626 3656 662 3690 id
675 3658 735 3691 ins.
750 3657 876 3692 Paulus
957 3658 1016 3701 (14)
1042 3658 1131 3702 quod
1142 3658 1170 3691 si
1184 3668 1223 3691 ex

145 3700 207 3732 hoc
221 3699 348 3733 Paulus
444 3701 501 3742 (15)
526 3701 609 3744 legis
622 3703 681 3735 ins.
695 3702 822 3736 Paulus
911 3702 972 3746 (16)
995 3705 1054 3737 aut
1065 3703 1222 3737 humilio-

146 3754 195 3776 res
216 3744 341 3778 Paulus
431 3745 490 3788 (17)
515 3746 735 3780 instrumenta
754 3746 912 3780 utilitatis
930 3758 1007 3781 suae
1031 3749 1128 3782 Pauli
1147 3749 1226 3781 libri

1220 123 1300 172 817

2020 131 2290 176 XXXXVIII
2325 135 2375 176 19

1297 249 1382 295 quid
1403 259 1446 285 ex
1466 248 1610 285 metallo
1630 250 1799 297 principis
1819 252 1873 288 vel
1890 263 1933 289 ex
1953 258 2095 291 moneta
2114 266 2218 292 sacra
2234 255 2376 294 furatus

1301 298 1315 330 1
1366 295 1428 338 sit,
1451 305 1570 341 poena
1591 296 1726 347 metalli
1750 299 1806 332 et⁷
1831 298 1926 333 exilii
1948 300 2106 344 punitur.
2154 302 2376 348 Transfugae

1297 339 1345 375 ad
1374 340 1497 375 hostes
1528 340 1583 375 vel
1613 341 1838 377 conslliorum
1879 349 2079 380 nostrorum
2114 348 2376 383 renuntiatores

1298 387 1317 420 2
1364 388 1428 420 aut
1450 384 1518 420 vivi
1542 389 1739 420 exuruntur
1762 392 1825 422 aut
1846 388 1969 425 furcae
1992 392 2268 435 suspenduntur.
2303 393 2375 428 Ac-

1297 430 1419 466 tores⁸
1448 429 1631 483 seditionis
1659 434 1699 482 ct
1721 433 1891 468 tumultus
1915 436 2047 479 populo
2073 436 2277 473 concitato⁹
2307 448 2374 484 pro

1298 475 1468 520 qualitate
1505 474 1686 520 d1gn1tat1s
1726 480 1789 511 aut
1826 478 1861 512 in
1893 478 2031 514 furcam
2045 482 2072 501 ¹⁰
2108 481 2281 517 tolluntur
2313 486 2376 517 aut

1297 521 1420 556 bestiis
1452 520 1655 556 obiciuntur
1691 525 1754 555 aut
1789 522 1825 556 in
1840 524 1865 544 ¹¹
1901 523 2052 559 insulam
2091 525 2374 571 deportantur¹².

1298 568 1317 601 3
1365 565 1433 610 Qui
1471 565 1630 601 nondum
1672 566 1900 611 viripotentes
1940 569 2091 614 virgines
2134 576 2375 616 corrumpunt,

1296 610 1503 646 humiliores
1539 610 1577 646 in
1607 611 1790 646 metallum
1820 612 2049 657 damnantur,
2085 616 2304 652 honestiores
2339 617 2376 652 in

1296 659 1317 691 4
1363 656 1518 692 insulam
1540 656 1743 701 relegantur
1766 660 1830 692 aut
1851 658 1888 692 in
1912 658 2054 694 exilium
2074 660 2270 696 mittuntur.
2309 661 2376 706 Qui

1297 711 1336 737 se
1368 701 1442 737 suis
1474 702 1626 737 nummis
1658 701 1878 747 redemptum
1909 714 1981 738 non
2010 705 2231 749 probaverit,
2270 706 2375 742 liber-

1296 750 1408 783 tatem
1430 750 1552 792 petere
1575 757 1648 782 non
1670 751 1807 793 potest:
1836 758 1891 782 am
1918 748 1986 784 lius
2011 750 2120 785 eidem
2145 750 2285 787 domino
2309 752 2375 787 sub

1295 802 1413 837 poena
1433 792 1655 828 vinculorum
1674 792 1834 828 redditur
1852 804 1894 828 ve
1910 820 1918 835 ,
1944 794 1973 828 si
1989 794 2002 828 i
2028 804 2066 830 se
2085 795 2247 831 dominus
2266 796 2376 838 malit,

1297 841 1317 872 5
1364 838 1402 872 in
1426 837 1608 873 metallum
1632 837 1831 873 damnatur.
1879 838 1947 883 Qui
1977 849 1998 874 a
2025 841 2170 876 ortionis
2195 845 2258 876 aut
2279 851 2375 876 ama-

1296 882 1429 918 torium
1451 883 1621 928 poculum
1645 882 1743 927 dant,
1767 883 1835 919 etsi
1848 883 1875 905 ¹³
1899 883 1980 919 dolo
2000 894 2072 920 non
2090 885 2235 929 faciant,
2260 889 2378 921 tamen

1298 928 1381 973 quia
1412 928 1497 963 mali
1528 928 1678 973 exempli
1708 939 1765 964 res
1798 931 1868 971 est,
1902 928 2104 965 humiliores
2126 930 2163 964 in
2187 931 2377 975 metallum,

1297 973 1519 1009 honestiores
1549 973 1585 1008 in
1616 973 1770 1009 insulam
1801 974 1932 1009 amissa
1961 977 2065 1019 parte
2092 975 2266 1011 bonorum
2289 976 2377 1011 rele-

1296 1022 1436 1063 gantur.
1492 1018 1589 1064 quod
1627 1018 1659 1054 si
1697 1029 1739 1055 eo
1754 1019 1780 1040 ¹⁴
1820 1019 1946 1054 mulier
1982 1023 2045 1054 aut
2080 1019 2185 1056 homo
2224 1021 2378 1065 perierit,

1299 1068 1318 1098 6
1365 1074 1503 1099 summo
1523 1063 1700 1109 supplicio
1721 1063 1947 1099 adficiuntur.
1985 1064 2260 1109 Testamentum,
2284 1066 2379 1111 quod

1297 1109 1397 1145 nullo
1421 1109 1498 1144 iure
1518 1109 1622 1152 valet,
1645 1109 1790 1154 impune
1814 1109 2065 1154 supprimitur:
2090 1110 2178 1145 nihil
2200 1115 2254 1146 est
2277 1111 2378 1154 enim,

1299 1157 1316 1187 7
1366 1154 1461 1200 quod
1485 1164 1530 1189 ex
1549 1163 1590 1190 eo
1611 1158 1675 1189 aut
1691 1158 1837 1200 petatur
1855 1158 1921 1189 aut
1940 1155 2133 1190 consistere
2152 1156 2276 1200 possit.
2313 1155 2380 1200 Qui

1297 1199 1366 1235 vivi
1399 1203 1653 1235 testamentum
1691 1199 1871 1245 aperuerit
1904 1200 2107 1235 recitaverit
2143 1200 2380 1245 resignaverit,

1297 1254 1415 1289 poena
1428 1246 1456 1266 ¹⁵
1481 1244 1665 1280 Corneliae
1688 1249 1847 1280 tenetur:
1880 1248 1916 1280 et
1944 1245 2152 1290 plerumque
2175 1245 2380 1281 humiliores

1298 1291 1401 1325 aut¹⁶
1431 1290 1469 1324 in
1491 1290 1674 1325 metallum
1698 1290 1912 1325 damnantur
1934 1294 1997 1325 aut
2019 1290 2239 1326 honestiores
2266 1291 2304 1326 in
2325 1290 2380 1326 in·

1299 1338 1319 1370 8
1367 1335 1483 1371 sulam
1514 1335 1760 1381 deportantur.
1818 1335 1856 1371 Si
1891 1335 1970 1380 quis
2004 1334 2277 1371 instrumentum
2307 1335 2381 1371 litis

1298 1390 1386 1416 suae
1398 1381 1426 1402 ¹⁷
1456 1390 1479 1415 a
1509 1384 1743 1425 procuratore
1756 1381 1784 1403 ¹⁸
1817 1380 2019 1416 adversario
2050 1380 2230 1425 proditum
2242 1382 2270 1402 ¹⁹
2303 1391 2383 1417 esse

1299 1425 1507 1470 convicerit,
1538 1430 1754 1470 procurator
1783 1425 1814 1461 si
1842 1425 2010 1461 humilior
2039 1426 2102 1468 sit,
2133 1426 2171 1460 in
2200 1426 2382 1462 metallum

1299 1470 1500 1513 damnatur,
1522 1472 1553 1506 si
1570 1471 1764 1514 honestior,
1784 1471 1952 1516 adempta
1968 1474 2071 1516 parte
2088 1471 2263 1506 bonorum
2280 1471 2382 1506 dimi-

1299 1519 1319 1550 9
1367 1516 1426 1551 dia
1448 1516 1486 1550 in
1510 1519 1719 1561 perpetuum
1743 1516 1923 1561 relegatur
1932 1517 1974 1551 ²⁰.
2010 1517 2250 1552 Instrumenta
2271 1526 2381 1563 penes

1299 1571 1337 1597 se
1369 1561 1533 1607 deposita
1565 1561 1779 1607 quicumque
1810 1561 1914 1596 alteri
1944 1561 2056 1597 altero
2089 1562 2235 1597 absente
2264 1561 2382 1597 reddi-

1299 1606 1391 1642 derit
1413 1606 1469 1642 vel
1493 1606 1697 1642 adversario
1721 1606 1934 1652 prodiderit:
1966 1610 2075 1652 prout
2096 1616 2273 1651 personae
2296 1617 2381 1643 con-

1300 1651 1392 1687 dicio
1417 1652 1521 1694 est2¹‚
1547 1656 1611 1686 aut
1632 1652 1670 1687 in
1687 1653 1868 1687 metallum
1886 1651 2075 1687 damnatur
2094 1655 2158 1687 aut
2175 1652 2212 1687 in
2229 1652 2382 1688 insulam

1302 1700 1342 1731 10
1391 1696 1434 1732 de
1462 1699 1601 1732 ortatur
1611 1697 1653 1732 2².
1708 1696 1849 1733 Iudices
1879 1697 2030 1743 pedanei
2060 1697 2090 1732 si
2119 1697 2272 1742 pecunia
2302 1707 2381 1733 cor-

1298 1742 1395 1787 rupti
1453 1742 1608 1785 'cantur‚
1646 1742 1854 1787 plerumque
1890 1752 1912 1777 a
1946 1741 2110 1787 praeside
2145 1745 2208 1777 aut
2243 1742 2342 1778 curia
2351 1742 2382 1764 ²³

1298 1790 1565 1823 summoventur
1587 1790 1652 1822 aut
1673 1787 1710 1822 in
1734 1787 1876 1823 exilium
1895 1787 2083 1823 mittuntur
2102 1792 2166 1822 aut
2184 1787 2270 1822 ad2⁴
2292 1791 2380 1823 tem-

1301 1836 1337 1867 11
1389 1843 1457 1877 pus
1482 1832 1694 1877 relegantur.
1738 1832 1855 1876 Miles,
1881 1832 1942 1877 qui
1965 1843 2009 1868 ex
2033 1842 2175 1868 carcere
2198 1832 2282 1868 dato
2305 1832 2379 1878 gla-

1299 1877 1358 1913 dio
1389 1877 1505 1922 erupit
1514 1879 1555 1920 ²⁵,
1593 1888 1710 1923 poena
1743 1878 1871 1923 capitis
1902 1878 2060 1923 punitur.
2115 1877 2237 1913 eadem
2264 1887 2382 1923 poena

1296 1926 1439 1958 tenetur
1462 1926 1499 1958 et
1521 1922 1582 1968 qui
1606 1933 1686 1958 cum
1711 1933 1772 1967 eo,
1806 1934 1910 1968 quem
1942 1922 2181 1965 custodiebat,
2213 1922 2380 1958 deseruit.

1300 1971 1341 2002 12
1388 1967 1505 2010 Miles,
1531 1967 1591 2013 qui
1614 1968 1683 2004 sibi
1705 1978 1832 2004 manus
1855 1968 1976 2003 intulit
1995 1978 2060 2004 nec
2079 1968 2215 2003 factum
2233 1968 2380 2014 peregit,

1296 2012 1366 2048 nisi
1396 2012 1608 2058 inpatientia
1637 2013 1769 2049 doloris
1802 2017 1865 2048 aut
1895 2013 2009 2049 morbi
2039 2014 2200 2048 luctusve
2230 2013 2380 2049 alicuius

1296 2058 1351 2094 vel
1380 2058 1452 2093 alia
1484 2068 1594 2094 causa
1624 2058 1767 2101 fecerit,
1806 2059 1923 2104 capite
1950 2058 2153 2104 puniendus
2182 2061 2255 2094 est:
2290 2058 2380 2093 alias

1298 2114 1378 2139 cum
1401 2103 1595 2148 ignominia
1617 2103 1810 2139 mittendus
1835 2108 1900 2140 est.

1343 2146 1397 2186 39
1424 2149 1703 2184 Tm’przomzws
1723 2149 1814 2184 libro
1838 2148 1974 2185 decimo
1997 2148 2279 2194 disputationum
2322 2147 2379 2188 Gi-

1299 2203 1381 2230 cero
1403 2193 1442 2229 in
1465 2193 1627 2229 oratione
1649 2204 1716 2239 pro
1738 2193 1900 2230 Cluentio
1919 2193 2052 2229 Habito
2063 2194 2093 2215 ²⁶
2116 2192 2259 2238 scripsit
2276 2192 2378 2228 Mile-

1298 2238 1387 2274 siam
1419 2238 1597 2285 quandam
1626 2239 1826 2282 mulierem,
1858 2249 1940 2274 cum
1968 2242 2063 2274 esset
2091 2238 2129 2273 in
2151 2238 2255 2280 Asia,
2285 2238 2379 2282 quod

1297 2284 1344 2320 ab
1375 2284 1568 2320 heredibus
1598 2284 1763 2319 secundis
1793 2286 1942 2330 accepta
1971 2283 2125 2328 pecunia
2146 2286 2290 2328 partum
2312 2283 2380 2318 sibi

1297 2329 1563 2365 medicamentis
1586 2329 1667 2374 ipsa
1690 2329 1885 2374 abegisset,
1914 2328 1966 2364 rei
1990 2328 2154 2373 capitalis
2178 2338 2256 2364 esse
2279 2326 2378 2363 dam-

1297 2377 1428 2410 natam.
1465 2374 1528 2410 sed
1553 2377 1588 2409 et
1611 2374 1642 2409 si
1667 2384 1738 2419 qua
1760 2374 1955 2410 visceribus
1978 2374 2051 2409 suis
2074 2376 2157 2418 post
2179 2372 2377 2415 divortium,

1297 2419 1393 2464 quod
1415 2429 1591 2465 praegnas
1615 2418 1686 2454 fuit
1695 2420 1736 2463 ²⁷,
1768 2419 1836 2454 vim
1867 2418 2043 2462 intulerit,
2076 2428 2121 2454 ne
2144 2418 2214 2453 iam
2235 2417 2377 2453 inimico

1296 2464 1424 2500 marito
1447 2464 1560 2500 filium
1582 2468 1800 2510 procrearet,
1825 2468 1866 2500 ut
1884 2463 2070 2509 temporali
2089 2463 2193 2499 exilio
2214 2472 2377 2498 coercea-

1296 2514 1366 2551 tur,
1393 2511 1439 2546 ab
1463 2509 1605 2555 optimis
1629 2509 1902 2555 imperatoribus
1927 2508 2057 2544 nostris
2079 2507 2292 2554 rescriptum
2310 2511 2376 2543 est.

1342 2554 1395 2593 40
1422 2554 1478 2590 ΡΑ
1486 2564 1581 2590 vsvs
1607 2554 1697 2590 libro
1722 2556 1826 2590 tertio
1851 2555 2071 2590 decretorum
2123 2552 2376 2596 Metrodorum,

1297 2611 1378 2636 cum
1401 2599 1540 2636 hostem
1563 2598 1756 2645 fugientem
1780 2600 1896 2636 sciens
1922 2598 2135 2643 susceperit,
2164 2597 2202 2632 in
2224 2597 2377 2633 insulam

1296 2645 1490 2691 deportari,
1514 2644 1749 2688 Philocteten‚
1775 2645 1870 2690 quod
1894 2643 2067 2680 occultari
2086 2653 2166 2678 eum
2186 2653 2258 2678 non
2276 2643 2375 2687 igno-

1296 2701 1381 2726 rans
1404 2690 1465 2725 diu
1490 2690 1775 2733 dissimulaverit,
1800 2690 1837 2725 in
1859 2688 2013 2725 insulam
2036 2687 2185 2733 relegari
2207 2688 2335 2733 placet.

1341 2734 1392 2772 41
1413 2735 1659 2770 PAPJNJANUS
1675 2735 1766 2770 libro
1782 2735 1939 2771 secundo
1956 2733 2200 2778 definitionum
2233 2732 2375 2767 Sanctio

1295 2781 1431 2826 legum,
1464 2790 1554 2826 quae
1584 2779 1774 2816 novissime
1805 2784 1937 2815 certam
1966 2788 2116 2823 poenam
2145 2778 2279 2823 irrogat
2307 2777 2375 2819 his,

1296 2826 1356 2871 qui
1383 2825 1589 2878 praeceptis
1626 2825 1713 2870 legis
1751 2835 1823 2860 non
1858 2822 2193 2874 obtemperaverint,
2231 2821 2278 2858 ad
2313 2831 2375 2857 eas

1296 2881 1431 2916 species
1454 2870 1634 2916 pertinere
1658 2880 1730 2905 non
1746 2869 1895 2912 videtur,
1922 2869 2048 2914 quibus
2069 2877 2148 2912 1psa
2165 2867 2242 2911 lege
2259 2876 2375 2919 poena·¹

1295 2916 1496 2962 specialiter
1515 2915 1638 2950 addita
1658 2918 1722 2950 est.
1760 2915 1791 2936 ²⁸
1799 2925 1865 2950 nec
1883 2914 2072 2959 ambigitur
2090 2913 2127 2947 in
2145 2915 2261 2947 cetero
2280 2922 2375 2947 omm

1293 2962 1371 2996 iure
1395 2961 1550 3005 speciem
1572 2960 1692 3005 generi
1716 2959 1898 3004 derogare,
1922 2969 1988 2994 nec
2009 2967 2094 2993 sane
2114 2956 2298 3007 verisimile
2319 2959 2375 2990 est

1295 3006 1463 3059 delictum
1503 3016 1613 3040 unum
1653 3004 1776 3041 eadem
1816 3005 1893 3050 lege
1928 3003 2035 3041 variis
2072 3001 2373 3037 aestimationibus

1294 3061 1460 3087 coercen.

1340 3094 1394 3132 42
1417 3095 1762 3130 HERMOGENIANUS
1783 3094 1874 3130 libro
1886 3094 2009 3140 primo
2033 3104 2052 3127 e
2080 3093 2267 3126 itomarum
2313 3089 2371 3141 ln-

1294 3139 1547 3186 terpretatione
1580 3139 1697 3184 legum
1733 3149 1871 3184 poenae
1900 3137 2041 3174 mollien
2067 3147 2109 3171 ae
2140 3138 2223 3170 sunt
2253 3137 2371 3179 potius

1294 3196 1402 3231 quam
1424 3185 1657 3231 asperandae.

1340 3228 1392 3268 43
1419 3229 1476 3265 ΡΑ
1484 3239 1578 3265 Utus
1606 3229 1697 3265 libro
1719 3229 1843 3276 primo
1871 3236 2122 3274 responsorum
2175 3223 2372 3268 Imperator

1293 3275 1496 3311 Antoninus
1520 3274 1666 3310 Aurelio
1690 3273 1847 3309 Atiliano
1871 3271 2069 3317 rescripsit:
2095 3269 2252 3305 ‘Praeses
2277 3267 2373 3303 ultra

1293 3389 1354 3431 (18)
1378 3387 1431 3422 vel
1452 3389 1624 3431 cognitore
1648 3390 1707 3423 ins.
1733 3388 1859 3421 Paulus
2006 3386 2067 3426 (19)
2089 3383 2221 3427 prodita
2244 3384 2370 3435 Paulus

1292 3435 1357 3476 (2ο)
1380 3436 1577 3476 procurator
1659 3431 1837 3475 relegatur]
1857 3432 1925 3463 tam
1939 3432 2134 3473 procurator
2145 3438 2243 3470 quam
2255 3438 2370 3470 cog-m-

1293 3481 1364 3520 tor,
1388 3479 1416 3511 si
1435 3478 1631 3512 humiliores
1649 3480 1744 3519 sunt,
1768 3477 1805 3508 in
1827 3474 1998 3508 metallum
2017 3474 2234 3514 damnantur,
2258 3473 2286 3505 si
2309 3473 2369 3506 ho-

1292 3523 1452 3556 nestiores
1463 3526 1543 3556 sunt
1555 3525 1614 3564 (sic
1627 3524 1703 3557 libri
1715 3523 1812 3562 boni),
1832 3520 1983 3562 adempta
1999 3518 2136 3551 dimidia
2153 3519 2246 3560 parte
2266 3517 2369 3550 bono-

1292 3579 1367 3601 rum
1378 3568 1416 3601 in
1427 3570 1625 3611 perpetuum
1637 3567 1828 3608 relegantur
1841 3565 1964 3597 Paulus
2053 3564 2112 3605 (21)
2135 3572 2196 3605 pro
2211 3571 2368 3604 personae

1293 3613 1363 3646 eius
1374 3613 1569 3647 condicione
1583 3613 1709 3645 Paulus
1777 3610 1839 3652 (22)
1860 3608 2026 3650 relegatur
2038 3607 2163 3640 Paulus
2228 3607 2291 3649 (23)
2310 3616 2368 3638 cu-

1291 3658 1361 3691 riae
1374 3658 1410 3691 F
1483 3660 1547 3701 (24)
1571 3657 1612 3691 ad
1626 3669 1683 3690 om.
1698 3656 1733 3689 F
1807 3655 1871 3696 (25)
1895 3663 1934 3686 ex
1945 3662 2074 3685 carcere
2086 3651 2207 3694 erupit,
2219 3651 2316 3683 datus
2326 3651 2368 3683 ad

1290 3702 1440 3744 gladium
1452 3716 1514 3737 scr.
1598 3702 1662 3744 (26)
1687 3712 1711 3734 c.
1730 3701 1781 3742 11,
1794 3706 1828 3733 32

1291 3748 1355 3790 (28)
1379 3757 1457 3781 nam
1469 3750 1528 3781 ins.

1916 3699 1978 3740 (27)
2001 3697 2080 3730 fecit
2092 3696 2139 3729 Io.
2157 3696 2368 3740 Canneyt’eter

2036 3799 2096 3830 103
