2528 3918
118 122 174 151 ET
201 118 562 150 FIDEICOMMISSIS

116 230 290 266 mandatis
313 228 485 274 principis
510 231 711 273 cognoscet,
741 227 826 262 item
850 238 872 262 a
896 227 1081 272 praefecto
1105 227 1205 262 urbis

115 276 319 320 deportatos
355 273 452 318 (quia
487 274 519 308 ei
556 283 697 318 quoque
727 272 883 317 epistula
915 272 986 307 divi
1018 272 1140 308 Severi
1172 276 1207 307 et

115 319 336 365 imperatorIS
371 319 486 354 nostri
515 319 571 354 ius
605 318 818 362 deportandi
845 318 966 352 datum
992 320 1059 360 est)
1086 317 1207 352 statim

114 365 274 400 amittere
300 364 477 399 civitatem
501 368 537 398 et
558 363 639 399 ideo
664 374 730 398 nec
750 363 954 398 testamenti
974 363 1130 398 faciendi
1149 363 1206 398 ius

114 414 132 443 5
181 420 246 445 nec
263 409 591 444 fideicommittendi
608 412 750 444 constat
766 409 911 443 habere.
948 408 986 443 Si
1004 408 1082 453 quis
1100 408 1206 453 plane

112 456 150 490 in
172 455 326 490 insulam
350 454 558 499 deportatus
586 454 771 489 codicillos
804 453 855 488 ibi
880 452 1006 488 fecerit
1029 457 1065 489 et
1088 453 1204 488 indul-

113 500 232 545 gentia
262 499 487 544 imperatoris
519 500 707 535 restitutus
735 498 849 534 isdem
874 498 1047 534 codicillis
1073 499 1204 533 duran-

114 546 208 581 tibus
226 544 429 587 decesserit,
451 548 571 590 potest
588 544 731 579 defendi
747 544 1059 579 fideicommissum
1076 544 1205 585 valere,

114 595 133 626 6
180 590 211 625 si
242 589 347 625 modo
378 590 416 624 in
448 590 571 626 eadem
604 590 787 625 voluntate
815 589 968 624 duravit.
1016 589 1206 624 Sciendum

114 639 167 671 est
197 640 317 670 autem
349 645 472 671 eorum
505 635 588 670 fidei
621 634 816 670 committi¹
853 645 959 679 quem
992 645 1117 680 posse,
1161 633 1207 668 ad

115 691 200 726 quos
232 680 367 725 aliquid
398 684 652 725 perventurum
684 684 739 715 est
765 683 881 715 morte
905 680 1001 721 eius,
1034 680 1091 715 vel
1122 679 1206 714 dum

115 730 131 760 7
180 726 231 761 eis
256 726 364 761 datur
387 726 442 761 vel
467 726 550 761 dum
574 726 625 761 eis
650 736 722 760 non
746 725 926 760 adimitur.
965 725 1043 760 Nec
1067 728 1206 760 tantum

112 771 264 817 proximi
287 772 464 807 bonorum
488 771 726 816 possessoris,
759 781 882 806 verum
912 770 1092 806 inferioris
1117 781 1204 815 quo-

113 820 131 851 8
202 827 247 851 110
270 816 354 851 fidei
378 816 598 852 committere
623 827 827 869 possumus.
876 815 946 851 Sed
970 821 1006 851 et
1030 816 1118 858 eius,
1145 815 1206 859 qui

112 873 182 897 non
208 873 267 896 um
299 866 405 897 natus
438 865 511 905 est,
552 861 635 897 fide1
668 861 842 897 committi
872 872 998 906 posse,
1038 861 1069 896 si
1100 860 1206 896 modo

113 910 132 942 9
178 910 284 942 natus
317 907 420 943 nobis
454 917 689 942 successurus
718 907 776 942 sit.
824 907 919 941 Illud
944 910 1040 942 certe
1063 906 1206 941 indubi-

111 955 184 987 tate
209 952 357 994 dicitur,
391 952 422 988 si
454 953 533 998 quis
562 953 754 987 intestatus
779 951 954 987 decedens
979 952 1025 987 ab
1050 962 1111 994 00,
1145 951 1207 996 (1111

110 997 223 1043 primo
260 997 373 1042 gradu
408 998 440 1032 ei
481 998 676 1033 succedere
715 997 851 1043 potuit,
892 997 1206 1032 fideicommissum

111 1043 311 1087 reliquerit,
346 1043 378 1078 si
407 1043 469 1078 illo
501 1043 713 1088 repudiante
746 1043 792 1078 ad
822 1047 1028 1087 sequentem
1052 1042 1206 1086 gradum

113 1089 280 1123 devoluta
304 1088 350 1124 sit
374 1088 576 1131 successio,
607 1099 688 1124 eum
711 1088 1024 1123 fideicommissum
1047 1099 1121 1123 non
1145 1088 1204 1123 de-

115 1137 153 1168 10
201 1134 304 1169 bere:
331 1138 367 1169 et
389 1133 441 1168 ita
463 1134 659 1178 imperator
682 1138 806 1169 noster
828 1133 1025 1178 rescripsit.
1075 1133 1146 1169 Sed
1170 1136 1206 1168 et

111 1180 139 1214 si
172 1189 194 1213 a
225 1183 378 1223 patrono
410 1179 457 1214 sit
487 1180 653 1215 relictum
685 1183 721 1215 et
751 1179 880 1224 aliquis
913 1189 959 1214 ex
981 1178 1103 1214 liberis
1128 1178 1205 1214 eius

110 1228 250 1259 mortuo
283 1227 351 1259 eo²
381 1224 558 1260 admissus
587 1225 635 1261 sit
657 1225 704 1260 ad
728 1225 904 1260 bonorum
928 1224 1203 1269 possessionem,

110 1270 203 1304 idem
228 1270 296 1304 erit
320 1270 520 1304 dicendum.

157 1313 180 1350 2
217 1315 340 1351 GAws
369 1315 459 1351 libro
486 1316 609 1360 primo
639 1315 998 1360 fideicommissorum
1049 1314 1107 1349 Ex
1130 1314 1204 1350 filio

111 1360 321 1405 praeterito,
346 1360 431 1395 licet
454 1370 541 1395 suus
565 1360 669 1395 heres
694 1360 780 1403 erit,
813 1359 1127 1395 fideicommissum
1150 1370 1204 1395 re-

112 1405 222 1449 linqui
245 1416 317 1440 non
340 1408 468 1450 potest.

155 1449 178 1487 3
223 1450 417 1485 ULPJANUS
457 1450 549 1486 libro
581 1451 702 1495 primo
737 1451 1095 1495 fideicommissorum
1167 1450 1204 1486 Si

109 1496 234 1531 mulier
258 1495 376 1530 dotem
400 1495 573 1540 stipulata
597 1495 706 1530 fuerit
735 1500 771 1531 et
793 1500 943 1540 accepto
967 1496 1051 1530 tulit
1073 1496 1203 1531 marito

110 1542 145 1575 in
168 1542 237 1575 hoc
261 1540 398 1583 dotem,
424 1545 464 1575 ut
488 1540 802 1576 fideicommissum
827 1540 905 1583 det,
935 1541 1125 1576 dicendum
1149 1545 1204 1576 est

110 1586 420 1621 fideicommissum
456 1586 596 1621 deberi:
641 1587 847 1631 percepisse
881 1586 976 1621 enim
1010 1586 1147 1632 aliquid
1182 1597 1204 1621 a

109 1632 255 1667 muliere
278 1631 428 1666 videtur.
477 1632 566 1666 haec
591 1632 661 1674 ita,
687 1632 718 1667 si
740 1631 864 1667 mortis
890 1642 1001 1667 causa
1025 1632 1203 1667 donatura

109 1677 234 1712 mulier
255 1677 383 1712 marito
408 1676 493 1712 fecit
517 1681 716 1721 acceptum.
758 1677 821 1712 sed
841 1680 877 1712 et
898 1677 928 1712 si
947 1678 1071 1713 mortis
1094 1688 1204 1712 causa

110 1722 248 1757 auxerit
270 1722 399 1757 marito
425 1722 544 1757 dotem
564 1722 619 1757 vel
641 1723 678 1756 in
697 1722 963 1758 matrimonium
981 1723 1056 1758 eius
1077 1724 1203 1758 mortis

110 1778 218 1803 causa
241 1767 398 1809 redierit,
428 1772 548 1813 potest
572 1767 643 1802 dici
666 1767 980 1803 fideicommissum
1003 1769 1050 1803 ab
1075 1778 1116 1803 eo
1142 1769 1202 1803 de-

114 1817 124 1847 l
175 1813 263 1848 beri.
312 1813 472 1849 Iulianus
496 1813 641 1855 scribit,
674 1813 705 1849 si
737 1823 860 1848 servus
883 1813 970 1847 mihi
993 1813 1132 1857 legatus
1157 1814 1204 1848 sit

109 1869 258 1903 eumque
282 1859 532 1893 manumittere
555 1862 701 1902 rogatus
727 1858 811 1901 sim,
844 1858 1157 1895 fideicommissum
1182 1870 1204 1894 a

108 1914 163 1939 me
195 1904 346 1948 relinqui
378 1915 450 1939 non
479 1914 605 1948 posse,
639 1904 777 1939 scilicet
800 1904 830 1939 si
853 1914 944 1948 pure
968 1907 1087 1948 roget:
1121 1915 1203 1939 nam

111 1949 139 1984 si
162 1949 230 1984 sub
256 1949 465 1985 condicione
488 1949 544 1984 vel
567 1949 605 1984 in
625 1949 728 1991 diem,
753 1954 901 1994 propter
921 1949 1079 1984 fructum
1096 1949 1203 1985 medii

112 1998 179 2029 tem
207 1994 278 2029 oris
311 2005 417 2039 posse
448 2005 504 2030 me
538 1994 688 2039 obligari
720 2005 786 2030 nec
814 1995 976 2030 Iulianus
1009 1994 1201 2030 dubitaret.

110 2043 128 2074 2
202 2040 215 2074 i
249 2050 324 2075 rem
382 2040 437 2075 uis
474 2040 603 2075 debeat
638 2050 682 2075 ex
717 2040 892 2085 stipulatu
932 2040 965 2075 ei
1005 2040 1088 2075 cui³
1127 2051 1202 2075 rem

108 2085 293 2129 legaverit,
327 2085 350 2119 fi
377 2085 410 2120 ei
434 2085 653 2120 committere
678 2085 753 2121 eius
778 2096 851 2120 non
874 2085 1024 2130 poterit,
1049 2085 1134 2120 licet
1159 2097 1202 2120 ex

108 2130 223 2175 legato
256 2130 480 2165 commodum
512 2131 644 2166 sentire
671 2131 852 2172 videatur,
887 2131 983 2175 quod
1008 2131 1202 2166 dominium

108 2176 328 2211 nanciscitur
359 2176 481 2211 statim
511 2187 578 2211 nec
610 2180 795 2221 exspectat
822 2187 865 2211 ex
890 2176 1064 2221 stipulatu
1089 2177 1201 2212 actio-

108 2232 207 2256 nem:
248 2221 411 2257 fortassis
446 2221 523 2266 quis
557 2221 654 2256 dicat
686 2225 722 2257 et
752 2226 933 2266 sumptum
964 2222 1057 2263 litis,
1098 2233 1203 2267 quem

109 2266 318 2308 sustineret,
352 2266 383 2302 si
414 2277 458 2302 ex
482 2267 713 2311 stipulatione
736 2267 910 2311 litigaret,
944 2277 1024 2302 011111
1055 2267 1201 2302 lucrari.

109 2312 172 2347 sed
202 2322 428 2356 nequaquam
459 2312 648 2347 dicendum
679 2316 734 2347 est
764 2313 870 2347 huius
899 2312 981 2347 fidei
1008 2312 1203 2348 committi⁴

111 2361 128 2391 3
176 2368 293 2402 posse.
343 2357 437 2392 Sed⁵
469 2357 500 2392 si
531 2358 679 2393 habenti
711 2357 777 2393 tibi
807 2358 1066 2402 proprietatem
1097 2369 1203 2394 usum

109 2402 266 2437 fructum
289 2403 414 2438 mortis
440 2413 550 2438 causa
575 2413 736 2446 cessem,
769 2408 890 2447 potest
921 2403 992 2438 dici
1022 2403 1201 2439 fideicom-

109 2448 248 2483 mittere
271 2458 327 2483 me
350 2458 468 2493 posse.
503 2459 569 2483 nec
591 2459 804 2493 quemquam
822 2452 972 2492 moveat,
999 2449 1095 2493 quod
1115 2460 1202 2484 usus

111 2495 249 2528 tructus
276 2493 366 2528 solet
390 2498 503 2528 morte
523 2494 719 2538 exstingui:
744 2504 827 2528 nam
847 2493 953 2528 medii
972 2494 1093 2538 potius
1113 2498 1202 2530 tem-

110 2538 225 2582 poris,
259 2549 329 2583 quo
361 2539 456 2573 vivat
483 2539 543 2583 qui
568 2539 722 2582 donavit,
749 2539 972 2574 commodum
996 2539 1202 2583 cogitemus.

111 2587 131 2617 4
178 2584 216 2618 Si
240 2588 360 2619 autem
383 2583 510 2629 pignus
536 2584 705 2620 debitoris
726 2584 926 2620 liberavero
946 2585 1072 2620 mortis
1092 2595 1203 2620 causa

111 2632 146 2663 01
181 2629 258 2682 eius
296 2629 380 2664 fidei
418 2630 644 2673 commisero,
686 2640 758 2665 non
793 2634 914 2674 potest
948 2630 1067 2665 valere
1102 2630 1202 2666 fidei-

112 2684 347 2710 commissum.

157 2718 181 2756 4
216 2719 321 2754 Pin
330 2729 373 2754 us
402 2719 492 2754 libro
526 2723 656 2765 quarto
687 2720 971 2754 sententiarum6
1032 2722 1066 2755 A
1100 2725 1203 2765 patre

111 2765 166 2800 vel
190 2764 332 2800 domino
355 2765 520 2800 relictum
544 2764 873 2808 fideicommissum,
907 2765 937 2799 si
966 2765 1145 2801 hereditas
1172 2766 1203 2801 ei

111 2821 183 2845 non
207 2813 418 2854 quaeratur,
452 2811 498 2845 ab
523 2810 748 2854 emancipato
773 2809 845 2845 filio
870 2810 925 2845 vel
950 2821 1051 2846 servo
1076 2821 1202 2846 manu-

113 2855 218 2890 misso
244 2855 391 2890 utilibus
416 2855 618 2890 actionibus
642 2856 864 2900 postulatur:
890 2866 999 2899 penes
1024 2867 1085 2891 eos
1110 2857 1203 2892 enim

113 2900 294 2945 quaesitae
318 2900 527 2936 hereditatis
551 2901 827 2936 emolumentum
851 2905 1023 2936 remanet.

158 2944 182 2983 5
226 2945 420 2981 ULPIANUS
458 2946 548 2981 libro
576 2948 700 2992 primo
737 2946 1095 2990 fideicommissorum
1166 2947 1204 2982 Si

113 2990 220 3026 fuerit
249 2991 441 3035 municipio
474 2991 630 3035 legatum
657 2991 839 3035 relictum,
872 2992 918 3027 ab
949 2992 1005 3027 his
1037 2992 1097 3037 qui
1128 3003 1203 3028 rem

117 3039 128 3069 1
180 3036 362 3081 publicam
385 3041 513 3081 gerunt
536 3036 848 3072 fideicommissum
880 3037 959 3072 dari
985 3041 1116 3081 potest.
1166 3038 1203 3073 Si

114 3081 191 3125 quis
216 3092 288 3116 non
312 3082 357 3116 ab
381 3082 514 3117 herede
538 3082 593 3116 vel
617 3082 799 3126 legatario,
826 3082 888 3117 sed
912 3083 958 3118 ab
982 3083 1124 3118 heredis
1148 3083 1204 3118 vel

113 3126 275 3170 legatarii
297 3126 427 3162 herede
447 3127 758 3162 fideicommissum
779 3128 972 3172 reliquerit,
997 3129 1065 3163 hoc
1086 3128 1204 3164 valere

115 3172 303 3216 benignum
328 3176 392 3207 est.

159 3214 184 3254 6
209 3216 368 3252 PAULUS
396 3217 486 3253 libro
511 3219 635 3263 primo
665 3217 1022 3261 fideicommissorum
1074 3218 1145 3253 Sed
1169 3223 1205 3253 et

115 3261 146 3296 si
176 3261 228 3297 sic
261 3261 574 3298 fideicommissum
610 3262 739 3298 dedero
776 3263 821 3298 ab
857 3263 986 3298 herede
1022 3274 1120 3298 meo:
1158 3266 1204 3298 ‘te

117 3310 224 3351 ‘rogo,
249 3307 341 3342 Luci
360 3307 443 3351 Titi,
468 3311 509 3342 ut
532 3309 578 3343 ab
602 3308 731 3343 herede
756 3312 818 3343 tuo
843 3312 944 3352 petas
970 3308 1048 3343 dari
1063 3309 1203 3344 Maevio

116 3351 248 3386 ‘decem
271 3353 422 3396 aureos',
447 3353 534 3388 utile
560 3353 626 3388 erit
648 3353 972 3395 fideicommissum,
1003 3354 1142 3389 scilicet
1164 3357 1204 3388 ut

115 3401 254 3431 mortuo
287 3397 381 3433 Titio
414 3399 460 3434 ab
491 3399 622 3434 herede
653 3399 729 3433 eius
761 3398 835 3443 peti
865 3399 998 3443 possit:
1030 3399 1137 3444 idque
1170 3403 1205 3434 et

121 3445 133 3475 1
183 3442 343 3478 Iulianus
382 3444 576 3487 respondit.
636 3444 695 3479 Sic
735 3448 854 3478 autem
893 3443 1205 3480 fideicommissum

116 3486 194 3521 dari
224 3497 296 3521 non
326 3488 476 3531 poterit:
510 3489 553 3525 ‘si
576 3489 720 3524 Stichus
745 3489 817 3524 Seii
847 3488 965 3524 factus
996 3489 1098 3525 iussu
1126 3489 1203 3524 eius

118 3602 156 3642 (1)
179 3601 257 3633 fidei
270 3602 475 3633 committere
489 3603 560 3634 edd.
647 3604 690 3644 (2)
716 3613 754 3635 eo
767 3615 825 3635 om.
841 3602 874 3635 F
954 3603 996 3642 (3)
1021 3602 1049 3635 si
1064 3603 1119 3635 cui
1130 3614 1199 3635 rem

118 3647 192 3688 quis
205 3646 303 3679 debet
315 3657 354 3679 ex
367 3646 542 3688 stipulatu,
564 3648 595 3678 ei
614 3659 678 3680 scr.
796 3649 837 3688 (4)
864 3648 1070 3681 committere
1081 3659 1134 3680 me
1148 3649 1182 3681 F
1187 3647 1202 3667 2

119 3692 160 3731 (5)
185 3695 219 3723 et
236 3693 297 3724 ins.
313 3691 365 3723 F²
511 3694 553 3730 (6)
579 3693 763 3725 sentiarum
780 3693 815 3725 F
953 3693 996 3734 (7)
1023 3694 1119 3726 Seius
1138 3694 1199 3726 ins.

119 3737 163 3775 (s)
188 3747 298 3768 carere
311 3737 344 3768 F
387 3742 430 3777 (9)
448 3737 580 3777 timore]
594 3742 737 3769 remotae
750 3750 813 3770 van
828 3739 867 3770 de
886 3738 994 3772 Water
1042 3741 1100 3779 (10)
1120 3750 1199 3771 eon-

1193 101 1278 148 443

1269 3601 1436 3634 dicionem
1455 3601 1493 3634 F

2197 101 2368 143 XXXII

1277 227 1521 262 ‘hereditatem
1541 226 1681 267 adierit,
1707 226 1816 269 ⁷rogo
1838 225 1921 267 det’,
1943 224 2111 270 quoniam
2155 225 2193 260 ui
2209 223 2368 265 fortuito,

1275 283 1348 307 non
1382 272 1513 307 iudicio
1549 270 1733 306 testatoris
1775 271 2006 315 consequitur
2043 271 2129 305 here
2157 270 2281 305 'tatem
2315 269 2369 304 vel

1274 318 1442 361 legatum,
1467 329 1540 353 non
1563 316 1670 351 debet
1694 316 1848 357 onerari,
1871 327 1939 351 nec
1963 315 2207 360 recipiendum
2227 320 2292 359 est,
2318 318 2368 356 ut,

1277 363 1336 397 cui
1359 363 1448 398 nihil
1473 362 1623 405 dederis,
1649 372 1730 396 eum
1754 361 1913 405 rogando
1940 361 2087 405 obliges.

1323 406 1345 444 7
1380 408 1574 443 ULPIANUS
1596 407 1686 442 ¹libro
1704 407 1827 452 primo
1849 406 2207 451 fideicommissorum
2252 405 2290 441 Si
2308 405 2368 441 de-

1275 453 1409 498 portati
1440 464 1542 488 servo
1575 451 1888 488 fideicommissum
1920 450 2029 486 fuerit
2051 451 2291 496 adscriptum,
2324 450 2370 486 ad

1275 499 1403 534 fiscum
1434 498 1613 543 pertinere
1645 496 1834 532 dicendum
1864 500 1937 538 est,
1970 496 2040 531 nisi
2071 497 2101 532 si
2134 507 2214 532 eum
2241 496 2368 541 depor-

1276 548 1373 578 tatus
1405 543 1483 579 vivo
1516 547 1689 579 testatore
1719 541 1927 577 alienaverit
1950 541 2005 575 vel
2029 541 2137 576 fuerit
2160 542 2367 577 restitutus:

1279 593 1293 623 1
1344 593 1431 624 tunc
1463 590 1556 624 enim
1589 588 1636 623 ad
1658 588 1777 632 ipsum
1801 586 1946 622 debebit
1969 586 2158 630 pertinere.
2208 587 2246 622 Si
2268 587 2368 623 miles

1276 634 1464 679 deportato
1488 633 1800 669 fideicommissum
1823 632 2017 676 reliquerit,
2042 632 2159 667 verius
2183 637 2248 674 est,
2274 633 2370 678 quod

1276 683 1295 714 2
1345 683 1379 713 et
1402 679 1597 714 Marcellus
1621 679 1762 723 probat,
1789 678 1942 722 capere⁸
1966 687 2048 711 eum
2070 687 2187 721 posse.
2227 677 2266 712 Si
2290 677 2368 723 quis

1276 724 1444 760 creditori
1469 735 1535 760 suo
1559 724 1729 768 legaverit
1753 723 1791 758 id
1815 722 1911 768 quod
1935 721 2058 763 debet,
2090 722 2173 757 fidei
2198 723 2370 758 committi

1276 770 1352 806 eius
1378 781 1450 805 uon
1473 770 1625 815 poterit,
1658 769 1728 804 nisi
1759 767 1985 804 commodum
2015 767 2161 812 aliquod
2184 778 2228 803 ex
2252 769 2367 813 legato

1277 819 1537 860 consequatur,
1570 815 1663 850 forte
1696 813 1915 859 exceptionis
1946 813 2097 848 timore⁹
2128 813 2183 847 vel
2214 813 2246 849 si
2274 814 2369 859 quod

1274 861 1312 895 in
1336 861 1430 895 diem
1455 861 1614 895 debitum
1637 859 1707 895 fuit
1730 860 1786 895 vel
1811 860 1877 895 sub
1901 858 2110 894 condicione
2125 859 2163 893 ¹⁰.

1322 903 1347 943 8
1372 905 1429 940 ΡΛ
1438 916 1530 941 ULUS
1553 906 1643 941 libro
1663 906 1785 950 primo
1808 904 2164 949 fideicommissorum
2212 903 2250 939 Si
2273 904 2367 949 lega-

1275 951 1407 994 tarius,
1448 962 1470 986 a
1509 962 1580 996 quo
1616 950 1929 985 fideicommissum
1960 949 2083 983 datum
2115 952 2188 991 est,
2228 949 2370 994 petierit

1274 997 1441 1042 legatum,
1466 996 1503 1031 id
1522 999 1673 1038 tantum,
1699 995 1796 1040 quod
1816 1006 1881 1040 per
1899 994 2054 1029 iudicem
2074 994 2240 1039 exegerit,
2265 1005 2367 1039 prae-

1274 1046 1371 1078 stare
1402 1041 1730 1077 fideicommissario
1765 1045 1912 1085 cogetur
1942 1040 2018 1082 vel,
2051 1040 2081 1075 si
2105 1051 2178 1075 non
2203 1040 2368 1084 exegerit,

1274 1088 1417 1123 actione
1443 1087 1587 1123 cedere:
1621 1086 1668 1122 ad
1698 1097 1780 1122 eum
1812 1086 1906 1122 enim
1935 1085 2009 1120 litis
2039 1085 2239 1130 periculum
2268 1097 2367 1129 spec-

1274 1138 1352 1168 tare
1375 1133 1537 1178 iniquum
1561 1136 1633 1175 est,
1668 1132 1698 1167 si
1729 1142 1802 1167 non
1827 1131 1934 1176 culpa
1956 1130 2120 1175 legatarii
2143 1130 2187 1165 lis
2212 1130 2368 1175 perierit.

1279 1182 1290 1213 l
1344 1178 1453 1214 Servo
1485 1177 1625 1213 heredis
1658 1176 1971 1213 fideicommissum
2003 1176 2140 1211 utiliter
2166 1187 2236 1211 non
2262 1176 2368 1211 relin-

1274 1224 1413 1270 quitur,
1446 1223 1517 1259 nisi
1539 1223 1623 1259 fidei
1647 1222 1724 1258 eius
1751 1222 1983 1264 commiserit,
2016 1225 2057 1256 ut
2081 1232 2221 1257 servum
2244 1232 2368 1256 manu-

1275 1273 1294 1304 2
1341 1269 1470 1304 mittat.
1520 1269 1610 1304 Cum
1640 1268 1692 1303 ita
1722 1268 1873 1313 petisset
1904 1270 2075 1309 testator,
2108 1270 2166 1310 ut,
2199 1266 2370 1312 quidquid

1275 1326 1318 1350 ex
1343 1315 1446 1350 bonis
1471 1315 1548 1350 eius
1573 1313 1620 1349 ad
1643 1317 1782 1359 patrem
1805 1313 2043 1358 pervenisset,
2076 1311 2173 1348 filiae
2205 1323 2292 1348 suae
2319 1312 2371 1347 ita

1273 1360 1530 1404 restitueret¹¹,
1555 1364 1596 1394 ut
1621 1370 1661 1395 eo
1687 1359 1840 1404 amplius
1864 1359 2033 1400 haberet,
2066 1368 2173 1402 quam
2197 1368 2243 1393 ex
2265 1357 2370 1393 bonis

1273 1406 1387 1485 patris
1420 1405 1590 1440 habitura
1622 1409 1735 1446 esset,
1776 1404 1877 1439 divus
1909 1403 1997 1439 Pius
2035 1403 2221 1448 rescripsit
2259 1403 2370 1438 mani-

1289 1455 1406 1486 estum
1429 1461 1508 1486 esse
1534 1450 1577 1486 de
1602 1461 1644 1486 eo
1668 1455 1829 1495 tempore
1853 1449 2009 1485 sensisse
2028 1452 2249 1492 testatorem,
2275 1447 2370 1494 quod

1274 1500 1357 1541 post
1379 1500 1531 1531 mortem
1554 1495 1669 1541 patris
1693 1495 1856 1530 futurum
1880 1498 1985 1530 esset.

1321 1539 1346 1579 9
1379 1541 1618 1576 MAECJANUS
1646 1541 1737 1576 libro
1764 1542 1887 1587 primo
1917 1539 2276 1585 fideicommissorum
2332 1539 2370 1574 Si

1272 1587 1324 1622 ita
1348 1587 1457 1622 fuerit
1480 1586 1793 1622 fideicommissum
1817 1586 1998 1621 relictum:
2030 1585 2087 1620 ‘ad
2111 1595 2370 1630 quemcumque

1274 1636 1330 1668 ‘ex
1359 1636 1575 1667 testamento
1605 1642 1685 1667 meo
1720 1631 1776 1667 vel
1808 1632 1853 1666 ab
1885 1631 2066 1666 intestato‘
2106 1630 2162 1665 vel
2199 1630 2270 1665 ita:
2312 1630 2370 1665 ‘ad

1273 1681 1545 1723 ‘quemcumque
1563 1688 1706 1722 quoquo
1726 1677 1804 1712 iure
1816 1677 1919 1712 bona
1938 1686 2018 1711 mea
2036 1676 2275 1720 perveniant':
2300 1675 2369 1711 hac

1274 1724 1435 1759 oratione
1460 1728 1496 1758 et
1519 1722 1607 1765 eius,
1635 1723 1697 1767 qui
1720 1726 1847 1767 postea
1870 1725 1978 1756 natus
2002 1721 2071 1756 erit
2093 1721 2173 1756 inve
2198 1720 2365 1756 familiam

1273 1769 1409 1803 venerit
1440 1772 1475 1803 et
1507 1768 1602 1811 eius,
1636 1767 1697 1812 qui
1727 1771 1854 1812 postea
1887 1770 2060 1811 cognatus
2093 1776 2172 1802 esse
2200 1766 2367 1811 coeperit,

1274 1814 1357 1848 fidei
1383 1814 1610 1849 commissum
1634 1813 1791 1848 videtur:
1817 1813 1893 1848 eius
1919 1822 2071 1857 quoque,
2096 1822 2187 1857 quae
2211 1811 2368 1847 nondum

1274 1864 1388 1903 nupta
1412 1859 1498 1902 erit,
1531 1859 1594 1894 sed
1617 1859 1785 1903 postea¹2
1810 1868 1853 1893 00
1879 1868 1985 1900 casu,
2018 1868 2088 1902 quo
2114 1867 2158 1892 ex
2181 1857 2298 1892 edicto
2323 1857 2368 1892 ad

1275 1915 1423 1940 uxorem
1447 1905 1543 1940 bona
1565 1903 1686 1938 mariti
1707 1903 1870 1939 intestati
1893 1903 2011 1939 solent
2033 1903 2223 1947 pertinere.

1324 1949 1374 1988 10
1416 1949 1574 1986 VALENS
1605 1949 1695 1984 libro
1728 1949 1886 1984 secundo
1914 1948 2273 1994 fideicommissorum
2332 1947 2370 1982 Si

1275 1995 1340 2031 tibi
1364 1999 1400 2030 et
1424 1995 1474 2037 01,
1508 1994 1569 2039 (1111
1593 2005 1638 2029 ex
1662 1994 1778 2030 tribus
1802 1994 1925 2030 liberis
1947 1993 2034 2029 meis
2057 1993 2095 2028 in
2119 1993 2228 2028 funus
2252 2004 2368 2028 meum

1274 2041 1421 2083 venerit,
1448 2044 1591 2075 centum
1616 2050 1745 2075 aureos
1766 2040 1940 2084 legavero,
1967 2050 2040 2075 non
2058 2039 2231 2074 minuitur
2249 2038 2287 2074 in
2306 2042 2370 2073 tua

1273 2096 1430 2131 persona
1453 2086 1620 2130 legatum,
1646 2085 1678 2121 si
1701 2095 1804 2120 nemo
1829 2085 1936 2120 venit.

1322 2131 1369 2168 11
1389 2133 1415 2152 ¹³
1462 2131 1658 2167 ULPJANUS
1693 2131 1784 2167 libro
1818 2131 1975 2166 secundo
2011 2129 2368 2175 fideicommissorum

1273 2176 1568 2212 Fideicommissa
1589 2187 1743 2221 quocum
1769 2186 1814 2211 ue
1837 2185 2000 2211 sermone
2026 2175 2180 2220 relinqui
2205 2179 2368 2220 possunt,

1273 2233 1345 2257 non
1369 2222 1485 2258 solum
1509 2221 1642 2256 Latina
1666 2221 1721 2257 vel
1779 2231 1906 2263 raeca,
1931 2220 1995 2256 sed
2021 2221 2127 2256 etiam
2151 2220 2290 2255 Punica
2314 2220 2369 2256 vel

1276 2271 1290 2302 1
1343 2267 1532 2302 Gallicana
1563 2267 1619 2302 vel
1643 2267 1792 2302 alterius
1818 2266 2075 2311 cuiuscumque
2098 2266 2223 2310 gentis.
2273 2265 2366 2310 Quo-

1273 2313 1366 2348 tiens
1399 2313 1478 2358 quis
1514 2312 1715 2357 exemplum
1744 2312 1950 2347 testamenti
1979 2315 2174 2356 praeparat
2206 2315 2241 2346 et
2267 2311 2367 2355 prius

1274 2359 1424 2394 decedat
1447 2368 1554 2402 quam
1577 2361 1748 2400 testetur,
1781 2368 1853 2392 non
1884 2357 2004 2392 valent
2017 2358 2043 2378 ¹⁴
2074 2356 2177 2402 quasi
2202 2366 2244 2391 ex
2270 2356 2366 2391 codi-

1273 2404 1363 2439 cillis
1389 2413 1481 2448 quae
1504 2403 1542 2437 in
1566 2403 1727 2447 exemplo
1752 2402 1888 2447 scripta
1907 2407 2001 2445 sunt,
2027 2402 2112 2437 licet
2135 2402 2244 2437 verba
2267 2401 2365 2436 fidei-

1274 2449 1452 2485 commissi
1484 2448 1664 2493 scriptura
1694 2448 1846 2483 habeat:
1881 2452 1915 2482 et
1945 2448 1997 2483 ita
2028 2447 2147 2482 divum
2170 2447 2274 2481 Pium
2306 2447 2366 2482 de-

1274 2498 1292 2529 2
1342 2495 1494 2530 crevisse
1508 2494 1719 2529 Maecianus
1736 2493 1873 2529 scribit.
1906 2493 1944 2528 Si
1959 2493 2011 2527 ita
2027 2493 2107 2537 quis
2121 2494 2148 2513 ¹⁵
2165 2493 2364 2537 scripserit:

1273 2540 1385 2574 ‘illum
1420 2539 1487 2574 tibi
1523 2539 1754 2581 commendo',
1794 2538 1895 2573 divus
1927 2538 2013 2573 Pius
2048 2537 2233 2582 rescripsit
2267 2537 2365 2573 fidei-

1274 2585 1502 2620 commissum
1540 2596 1613 2620 non
1653 2584 1791 2620 deberi:
1833 2583 1932 2619 aliud
1967 2588 2021 2619 est
2052 2582 2144 2618 enim
2176 2594 2366 2627 personam

1274 2630 1540 2671 commendare,
1569 2629 1668 2665 aliud
1690 2630 1910 2665 voluntatem
1934 2639 2036 2664 suam
2059 2627 2364 2663 fideicommitten-

1273 2680 1292 2711 3
1341 2677 1387 2711 tis
1411 2675 1604 2711 heredibus
1628 2675 1821 2710 insinuare.
1872 2674 1961 2710 Cum
1993 2678 2088 2709 esset
2116 2673 2195 2718 quis
2219 2678 2365 2718 rogatus

1272 2721 1461 2756 restituere
1481 2721 1681 2765 portionem
1698 2724 1848 2764 accepta
1867 2724 1965 2754 certa
1982 2719 2192 2764 quantitate,
2217 2729 2365 2764 respon-

1273 2778 1352 2802 sum
1377 2771 1432 2802 est
1456 2766 1551 2801 ultro
1572 2770 1695 2811 petere
1711 2765 1829 2810 ipsum
1845 2764 2157 2800 fideicommissum
2173 2765 2219 2799 ab
2236 2764 2366 2800 herede

1272 2822 1390 2856 posse.
1438 2811 1502 2847 sed
1526 2815 1657 2853 utrum,
1683 2811 1714 2846 si
1737 2811 1842 2852 volet,
1868 2809 2107 2855 praecipiet¹⁶
2130 2809 2366 2855 restituetque

1272 2857 1491 2901 portionem,
1524 2867 1571 2891 an
1601 2867 1685 2891 vero
1717 2860 1753 2891 et
1780 2856 1810 2891 si
1834 2855 2008 2898 noluerit,
2043 2859 2193 2899 cogatur
2217 2859 2366 2899 accepta

1272 2902 1472 2946 quantitate
1495 2902 1695 2946 portionem
1719 2901 1926 2942 restituere,
1957 2900 2126 2945 propriae
2156 2903 2210 2936 est
2234 2900 2364 2936 delibe-

1271 2947 1432 2982 rationis.
1489 2951 1524 2981 et
1554 2957 1641 2982 sane
1673 2957 1753 2981 cum
1784 2946 1862 2990 quis
1898 2950 2046 2991 rogatur
2081 2951 2232 2990 accepta
2267 2950 2365 2981 certa

1273 2992 1473 3036 quantitate
1496 2992 1699 3036 portionem
1722 2992 1921 3033 restituere,
1951 2991 2084 3036 duplex
2108 2995 2162 3026 est
2185 2991 2363 3026 fideicom-

1273 3038 1432 3079 missum,
1458 3048 1578 3079 unum,
1607 3041 1648 3071 ut
1672 3036 1787 3080 possit
1810 3041 1932 3080 petere
1957 3036 2192 3081 quantitatem
2216 3040 2363 3081 paratus

1272 3082 1438 3126 portione
1471 3082 1613 3124 cedere,
1646 3081 1762 3123 aliud,
1796 3086 1837 3116 ut
1868 3086 1904 3117 et
1935 3082 1965 3117 si
1997 3092 2069 3117 non
2098 3085 2212 3126 petet,
2246 3086 2363 3115 tamen

1275 3131 1423 3172 cogatur
1454 3126 1783 3162 fideicommissario
1815 3128 2004 3163 restituere
2027 3131 2155 3171 parato
2179 3130 2363 3170 praestare

1274 3176 1293 3206 4
1343 3172 1590 3217 quantitatem.
1632 3172 1669 3207 Si
1686 3172 1765 3216 quis
1785 3172 1836 3208 ita
1856 3172 2058 3217 scripserit:
2086 3171 2281 3206 ‘sufficiunt
2299 3170 2363 3205 tibi

1275 3218 1409 3252 ‘vineae
1432 3218 1487 3252 vel
1511 3217 1667 3260 fundus',
1700 3217 2011 3253 fideicommissum
2036 3222 2108 3260 est,
2138 3216 2304 3261 quoniam
2328 3219 2363 3249 et

1272 3263 1362 3297 illud
1378 3262 1688 3298 fideicommissum
1705 3273 1782 3298 esse
1799 3263 2033 3298 arbitramur:
2061 3266 2261 3297 ‘contentus
2284 3265 2361 3295 esto

1274 3312 1292 3341 5
1343 3308 1416 3342 ‘illa
1434 3308 1497 3343 re'.
1534 3308 1592 3343 Sic
1615 3307 1925 3343 fideicommissum
1948 3308 2128 3343 relictum:
2155 3306 2235 3340 ‘nisi
2258 3305 2362 3340 heres

1274 3357 1384 3388 ‘meus
1408 3353 1582 3395 noluerit,
1613 3353 1666 3388 illi
1693 3353 1814 3388 decem
1838 3353 1916 3388 dari
1938 3353 2030 3388 volo’
2055 3351 2157 3396 quasi
2182 3350 2360 3385 condicio-

1272 3398 1354 3433 nale
1374 3398 1685 3433 fideicommissum
1702 3403 1756 3434 est
1771 3403 1807 3433 et
1822 3398 1972 3443 primam
1995 3397 2212 3432 voluntatem
2236 3395 2359 3439 exigit:

1272 3443 1421 3488 ideoque
1445 3447 1528 3488 post
1551 3444 1701 3488 primam
1726 3444 1943 3478 voluntatem
1975 3453 2047 3477 non
2079 3441 2146 3476 erit
2174 3440 2361 3475 arbitrium

1274 3492 1293 3523 6
1341 3488 1482 3524 heredis
1508 3488 1649 3524 dicendi
1672 3488 1841 3524 noluisse.
1888 3489 1966 3523 Hoc
1995 3490 2114 3522 autem
2127 3487 2153 3506 ¹⁷
2182 3489 2275 3519 ‘cum
2298 3495 2359 3519 vo-

1581 3604 1635 3643 (11)
1660 3603 1838 3635 restituere
1855 3602 1887 3632 F
2007 3602 2065 3640 (12)
2090 3598 2238 3631 nondum
2253 3601 2360 3639 nupta

1775 3648 1833 3688 (13)
1859 3647 1905 3678 ad
1926 3650 1941 3684 s
1965 3653 2007 3679 18.
2032 3646 2074 3687 cf
2094 3643 2142 3677 D.
2163 3645 2215 3683 36,
2238 3650 2265 3683 a,
2284 3651 2310 3681 1,
2330 3650 2357 3676 11

1270 3650 1386 3688 postea
1403 3647 1559 3688 nupserit
1579 3660 1640 3681 scr.

2185 3692 2242 3728 (17)
2267 3688 2356 3729 lega-

1270 3692 1328 3733 (14)
1355 3691 1491 3724 valetF
1549 3693 1607 3734 (15)
1633 3692 1738 3735 quiF
1797 3692 1858 3732 (16)
1882 3690 2049 3732 percipiet
2060 3701 2124 3723 scr.

1271 3741 1340 3769 tum
1355 3738 1416 3771 ins.
1431 3737 1482 3770 ΡΞ

2022 3790 2086 3824 56*
