2528 3918
215 139 306 182 v3

262 259 309 298 11
344 258 539 295 ammos
558 253 648 290 libro
669 252 794 299 quinto
814 251 951 288 decimo
971 251 1022 287 ad
1038 251 1190 288 edictum
1226 251 1296 288 Pro
1365 263 1438 289 non
1459 253 1600 289 videtur

214 305 344 343 nerede
366 302 543 349 possidet,
576 298 636 345 qui
684 300 763 333 utat
786 307 826 334 se
847 297 1014 333 heredem
1038 307 1126 332 esse.
1164 297 1227 332 sed
1249 307 1296 332 an

214 356 250 388 et
271 352 312 393 is,
337 349 396 395 qui
420 347 487 382 scit
510 355 549 381 se
572 345 655 380 here
681 353 736 378 em
758 353 831 378 non
855 353 944 385 esse,
968 353 1033 387 pro
1058 341 1188 377 herede
1210 351 1293 387 pos-

212 397 336 438 sideat,
362 392 559 439 quaeritur:
584 392 620 425 et
638 388 812 424 Arrianus
836 388 925 424 libro
946 387 1104 423 secundo
1125 387 1168 422 de
1186 386 1294 422 inter-

212 441 315 477 dictis
338 441 442 484 putat
464 435 588 478 teneri,
613 444 683 480 quo
707 433 785 469 iure
807 443 873 468 nos
892 433 945 468 uti
963 432 1138 467 Proculus
1159 432 1293 467 scribit.

212 486 273 522 sed
305 484 394 519 enim
426 485 462 517 et
492 482 666 516 bonorum
696 488 882 525 possessor
912 488 978 523 pro
1003 477 1134 512 herede
1157 477 1296 512 videtur

214 535 228 566 1
303 528 468 564 ossidere.
515 526 587 561 Pro
618 533 824 570 possessore
856 533 936 559 vero
968 522 1126 567 possidet
1149 522 1294 567 praedo,

260 541 309 612 1¹5
334 573 441 609 IDEM
467 571 558 607 libro
590 569 843 616 sexaqensimo
874 569 1026 614 septimo
1057 567 1106 602 ad
1137 567 1293 619 edictum

210 621 269 667 qui
291 620 530 662 interrogatus
555 626 621 652 cur
642 613 841 660 possideat,
865 623 1104 658 responsurus
1128 615 1175 647 sit
1200 615 1295 658 ‘qma

234 664 382 701 ossideo’
415 673 480 698 nec
515 660 708 697 contendet
741 668 780 694 se
817 657 983 694 heredem
1012 657 1068 693 vel
1097 667 1163 703 per
1193 667 1292 693 men-

278 720 349 745 ium

234 721 330 793 853¹
352 736 463 790 'IDEM
492 752 584 788 libro
615 751 741 797 quinto
772 749 908 785 decimo
943 747 994 783 ad
1026 747 1180 784 edictum
1226 758 1293 783 nec

209 801 316 837 ullam
340 808 485 835 causam
508 795 744 843 possessionis
794 793 882 829 ossit
906 793 1040 829 dicere:
1072 796 1109 828 et
1130 792 1210 828 ideo
1235 792 1294 828 fur

210 850 225 882 1
275 849 311 881 et
332 847 456 890 raptor
505 842 650 878 etitione
673 841 757 875 here
785 839 880 874 'tatis
904 841 1082 874 tenentur.
1120 837 1291 874 Omnibus

207 892 313 927 etiam
336 889 449 925 titulis
500 888 531 923 ’c
553 897 620 940 pro
645 894 851 932 possessore
884 884 1009 919 haeret
1040 887 1075 918 et
1105 884 1207 929 quasi
1237 884 1291 918 in-

205 938 348 972 iunctus
379 938 444 971 est.
482 933 634 978 demque
657 935 693 966 et
723 940 788 976 pro
822 933 982 974 emptore
1012 928 1118 964 titulo
1148 929 1290 964 haeret:

205 992 287 1018 nam
310 981 341 1016 si
365 990 387 1015 a
407 978 542 1015 furioso
567 987 683 1013 emero
708 976 835 1017 sciens,
859 985 924 1020 pro
948 984 1155 1019 possessore
1178 974 1291 1019 possi-

206 1027 282 1063 deo.
318 1027 401 1061 item
434 1025 471 1060 in
501 1022 605 1058 titulo
638 1032 703 1067 pro
736 1021 868 1056 donato
901 1019 1102 1065 quaeritur,
1136 1030 1181 1055 an
1213 1020 1291 1064 quis

205 1083 268 1119 pro
318 1079 500 1107 ossessore
548 1067 723 1109 ossideat,
755 1069 796 1101 ut
818 1068 908 1118 puta
930 1075 1022 1100 uxor
1043 1065 1099 1100 vel
1122 1065 1290 1100 maritus:

205 1121 241 1154 et
262 1129 286 1163 p
301 1119 382 1152 acet
403 1115 506 1151 nobis
548 1113 658 1149 uliani
682 1114 858 1147 sententia
880 1121 945 1156 pro
969 1120 1177 1155 possessore
1207 1120 1290 1155 pos-

204 1163 318 1199 sidere
348 1172 447 1204 eum,
480 1162 516 1195 et
545 1158 624 1194 ideo
656 1157 829 1203 petitione
858 1156 1065 1191 hereditatis
1099 1155 1289 1191 tenebitur.

203 1209 287 1244 item
310 1217 376 1253 pro
401 1205 484 1242 dote
505 1204 631 1239 titulus
654 1202 781 1248 recipit
811 1212 877 1247 pro
910 1211 1117 1246 possessore
1147 1211 1289 1246 posses-

204 1254 356 1295 sionem,
388 1254 430 1287 ut
460 1253 550 1296 puta
579 1249 610 1284 si
633 1259 655 1284 a
677 1247 814 1283 minore
838 1246 1026 1282 duodecim
1050 1246 1152 1281 annis
1175 1249 1290 1291 nupta

203 1298 289 1335 mihi.
312 1297 414 1343 quasi
438 1296 555 1332 dotem
579 1294 695 1329 sciens
720 1292 853 1345 accepi.
891 1295 927 1327 et
957 1292 988 1327 si
1018 1291 1174 1337 legatum
1204 1291 1290 1326 mihi

203 1344 358 1380 solutum
381 1345 436 1378 est
460 1352 503 1377 ex
525 1340 619 1375 falsa
642 1348 752 1374 causa
775 1337 919 1379 scienti,
951 1337 1075 1382 utique
1107 1347 1172 1382 pro
1204 1347 1288 1382 pos-

203 1392 223 1425 2
270 1398 409 1424 sessore
465 1385 640 1423 ossidebo.
688 1384 723 1419 Is
747 1386 866 1418 autem
891 1382 951 1427 qui
974 1382 1129 1417 restituit
1150 1381 1288 1417 heredi-

202 1438 313 1470 tatem
344 1436 456 1469 tenen
491 1429 699 1466 hereditatis
733 1428 905 1474 petitione
939 1438 1012 1463 non
1047 1431 1186 1472 potest,
1221 1427 1290 1462 nisi

203 1480 283 1516 dolo
316 1478 421 1521 fecit,
452 1477 490 1513 id
514 1480 569 1512 est
591 1476 622 1511 si
645 1475 714 1511 scit
737 1478 771 1509 et
793 1473 968 1508 restituit:
1003 1483 1086 1507 nam
1119 1476 1156 1507 et
1186 1472 1288 1508 dolus

201 1524 412 1571 praeteritus
435 1522 531 1558 venit
552 1522 589 1556 in
612 1519 820 1556 hereditatis
852 1518 1040 1564 petitione,
1073 1518 1175 1563 quasi
1206 1518 1288 1552 dolo

202 1573 222 1606 3
270 1569 414 1605 desierit
435 1567 631 1621 possidere.
679 1565 847 1601 Neratius
871 1564 961 1598 libro
986 1566 1087 1598 sexto
1111 1562 1287 1597 membra-

201 1625 328 1649 narum
343 1613 467 1648 scribit
482 1612 528 1646 ab
546 1608 675 1645 herede
695 1608 770 1689 peti
779 1607 1014 1643 hereditatem
1026 1616 1143 1652 posse,
1165 1607 1287 1641 etiam-

201 1659 231 1694 si
253 1659 392 1703 ignoret
413 1667 479 1702 pro
503 1655 632 1690 herede
662 1664 703 1689 ve
747 1663 813 1698 pro
845 1662 1050 1698 possessore
1082 1652 1287 1687 defunctum

200 1703 412 1750 possedisse.
447 1701 542 1736 idem
566 1710 643 1736 esse
665 1699 755 1734 libro
779 1698 930 1743 septimo
955 1697 1006 1732 ait
1030 1697 1136 1733 etiam
1159 1697 1190 1732 si
1220 1709 1286 1743 pu-

199 1749 289 1784 tavit
310 1749 414 1783 heres
438 1757 500 1782 eas
523 1756 581 1781 res
604 1756 649 1781 ex
670 1745 740 1779 hac
763 1743 963 1778 hereditate
995 1753 1074 1778 esse
1104 1753 1196 1788 quae
1220 1743 1287 1778 sibi

201 1798 221 1830 4
268 1793 387 1829 delata
411 1795 475 1828 est.
523 1790 616 1835 Quid
639 1790 668 1825 si
693 1789 771 1835 quis
804 1788 1036 1824 hereditatem
1068 1788 1208 1830 emerit,
1241 1798 1287 1823 an

200 1839 296 1874 utilis
318 1839 357 1873 in
381 1847 461 1873 eum
484 1836 608 1882 petitio
631 1834 838 1870 hereditatis
863 1834 1007 1869 deberet
1031 1833 1118 1876 dari,
1144 1844 1189 1868 ne
1212 1833 1283 1868 sin-

200 1884 290 1930 gulis
314 1883 453 1919 iudiciis
476 1881 691 1917 vexaretur?
715 1879 933 1915 venditorem
956 1879 1048 1914 enim
1071 1879 1185 1914 teneri
1210 1889 1285 1914 cer-

200 1934 275 1964 tum
299 1932 370 1964 est:
396 1927 459 1964 sed
482 1927 575 1972 finge
598 1936 671 1962 non
695 1928 817 1961 extare
833 1924 1052 1960 venditorem
1071 1924 1126 1959 vel
1146 1924 1285 1960 modico

199 1974 398 2010 vendidisse
422 1976 458 2008 et
480 1973 597 2008 bonae
617 1971 699 2006 fidei
718 1980 959 2016 possessorem
978 1969 1109 2005 fuisse:
1135 1980 1182 2004 an
1201 1980 1284 2015 por-

199 2020 421 2100 ?gioiiffl
436 2018 741 2098 dtffidssffipfi‘ffi
759 2016 947 2096 ᾶέἂῗέἒὲἒι
973 2018 1023 2095 ‘³⁶1
1049 2014 1286 2095 effiassrss'affiff

200 2110 351 2145 cendum
375 2112 410 2144 et
432 2109 463 2144 si
485 2118 595 2154 parvo
619 2107 732 2152 pretio
755 2107 874 2141 iussus
897 2105 1048 2141 vendere
1067 2106 1170 2141 heres
1191 2105 1285 2141 Titio

199 2155 430 2191 hereditatem
453 2153 627 2188 vendidit:
663 2163 746 2188 nam
777 2154 882 2197 putat
905 2151 1093 2186 dicendum
1116 2151 1284 2196 Papinia-

199 2211 267 2236 nus
302 2200 470 2235 adversus
505 2197 869 2234 fideicommissariam
901 2196 979 2231 dari
1011 2197 1205 2231 actionem:
1238 2196 1283 2231 ab

197 2245 327 2281 herede
359 2245 451 2280 enim
509 2244 556 2278 eti
587 2254 660 2279 non
691 2241 834 2287 expedit
867 2241 1097 2287 perexiguum
1131 2241 1284 2286 pretium

198 2294 220 2327 6
265 2290 430 2326 habente.
506 2289 548 2324 ed
572 2292 608 2324 et
630 2288 661 2324 si
690 2290 831 2323 retenta
864 2290 963 2322 certa
997 2286 1197 2331 quantitate
1227 2296 1282 2321 re-

196 2335 344 2372 stituere
374 2337 520 2380 rogatus
554 2335 620 2376 sit,
654 2333 749 2369 idem
780 2332 848 2368 erit
881 2331 1079 2367 dicendum.
1115 2331 1223 2377 plane
1253 2332 1283 2367 si

197 2384 346 2426 accepta
369 2384 467 2416 certa
491 2379 690 2425 quantitate
712 2378 900 2413 restituere
929 2381 1075 2422 rogatus
1106 2379 1178 2419 est,
1211 2387 1283 2411 non

197 2430 301 2473 putat
322 2426 542 2471 Papinianus
575 2425 620 2460 ab
652 2423 783 2459 herede
812 2422 1004 2468 petendam
1036 2421 1281 2464 hereditatem,

197 2471 362 2517 quoniam
396 2481 461 2516 pro
495 2469 642 2513 herede,
685 2468 782 2514 quod
823 2467 1041 2504 condicionis
1083 2466 1283 2512 implendae

237 2517 310 2552 atia
333 2516 481 2561 accepit,
504 2526 576 2551 non
600 2514 812 2560 possidetur.
849 2513 912 2549 sed
932 2512 1085 2548 Sabinus
1105 2512 1142 2547 in
1166 2516 1280 2547 statu-

211 2562 307 2597 'bero
332 2565 474 2597 contra:
508 2564 543 2596 et
565 2560 601 2595 id
623 2559 740 2596 verius
764 2561 836 2601 est,
861 2558 945 2604 quia
966 2557 1121 2603 pecunia
1142 2557 1280 2593 heredi-

198 2609 216 2641 ‘1
263 2607 356 2641 taria
380 2609 441 2642 est.
478 2606 574 2641 Idem
599 2608 634 2641 et
655 2605 693 2640 in
717 2614 759 2640 eo
783 2604 844 2650 qui
868 2604 963 2639 solos
987 2603 1126 2638 fructus
1151 2613 1195 2638 ex
1217 2603 1279 2638 he-

198 2651 348 2687 reditate
378 2651 524 2694 retinet,
560 2650 748 2686 dicendum
780 2649 864 2685 erit:
900 2652 1044 2684 tenetur
1073 2647 1166 2684 enim
1191 2651 1227 2683 et
1249 2648 1279 2683 is

198 2699 218 2732 8
264 2696 468 2731 hereditatis
491 2696 672 2741 petitione.
725 2694 762 2730 Si
782 2694 860 2740 quis
882 2694 997 2730 sciens
1021 2693 1173 2728 alienam
1197 2693 1281 2728 emit

197 2741 446 2783 hereditatem,
472 2741 573 2786 quasi
596 2752 661 2786 pro
693 2750 900 2786 possessore
930 2739 1108 2784 possidet:
1142 2739 1203 2774 et²
1226 2738 1278 2774 sic

197 2787 270 2832 peti
294 2787 339 2821 ab
371 2796 411 2821 eo
444 2786 674 2821 hereditatem
707 2786 850 2831 quidam
878 2788 1018 2830 putant.
1056 2794 1163 2829 quam
1198 2793 1277 2819 sen-

195 2831 343 2866 tentiam
377 2841 448 2866 non
482 2835 569 2876 puto
603 2841 739 2866 veram:
782 2840 886 2866 nemo
929 2830 1021 2865 enim
1056 2828 1189 2875 praedo
1225 2833 1279 2866 est

196 2877 257 2923 qui
287 2876 438 2921 pretium
469 2877 682 2911 numeravit:
724 2875 786 2911 sed
824 2879 865 2910 ut
895 2879 1034 2920 emptor
1067 2874 1277 2910 universita-

195 2924 217 2957 9
262 2921 308 2957 tis
340 2921 417 2956 utili
447 2924 597 2956 tenetur.
645 2922 735 2956 Item
765 2921 795 2956 si
827 2921 906 2966 quis
937 2930 960 2955 a
989 2919 1077 2956 fisco
1101 2919 1277 2955 heredita-

195 2970 266 3002 tem
285 2966 388 3012 quasi
414 2969 597 3001 vacantem
626 2966 757 3009 emerit,
783 2965 1033 3011 aequissimum
1062 2966 1129 3000 erit
1155 2965 1277 3001 utilem

198 3014 240 3047 10
286 3011 461 3047 actionem
491 3010 657 3046 adversus
689 3022 769 3046 eum
801 3011 888 3046 dari.
935 3010 1044 3056 Apud
1066 3010 1276 3046 Marcellum

194 3056 286 3092 libro
310 3059 437 3102 quarto
463 3055 674 3100 digestorum
698 3056 848 3091 relatum
872 3059 943 3099 est,
975 3056 1006 3091 si
1029 3055 1154 3091 mulier
1174 3056 1276 3091 here-

195 3101 341 3137 ditatem
364 3101 401 3136 in
434 3100 551 3135 dotem
582 3101 695 3144 dedit,
731 3101 894 3136 maritum
925 3111 990 3146 pro
1023 3101 1106 3136 dote
1136 3100 1277 3154 quidem

193 3146 377 3193 possidere
406 3145 657 3188 hereditatem,
689 3146 751 3181 sed
774 3147 945 3191 petitione
968 3146 1175 3182 hereditatis
1199 3146 1276 3182 utili

194 3191 324 3227 teneri:
357 3190 421 3227 sed
453 3194 489 3226 et
519 3191 632 3235 ipsam
663 3191 842 3226 mulierem
875 3191 1011 3226 directa
1041 3191 1155 3227 teneri
1177 3191 1275 3227 Mar·

194 3236 305 3273 cellus
329 3235 471 3278 scribit,
504 3236 654 3270 maxime
684 3236 714 3270 si
744 3236 814 3271 iam
837 3236 973 3271 factum
997 3236 1186 3272 divortium
1210 3241 1274 3272 est.

197 3285 235 3318 11
283 3280 459 3317 Heredem
471 3284 588 3315 autem
610 3281 714 3315 etiam
734 3291 855 3316 earum
875 3292 992 3316 rerum
1014 3282 1164 3324 nomine,
1186 3292 1276 3335 quas

193 3326 385 3363 defunctus
408 3335 473 3372 pro
498 3328 655 3370 emptore
678 3326 853 3370 possedit,
877 3326 1082 3362 hereditatis
1105 3326 1276 3372 petitione

192 3371 305 3408 teneri
328 3374 487 3413 constat,
520 3370 621 3415 quasi
644 3381 709 3414 pro
733 3371 862 3405 herede
884 3371 1083 3416 possideat:
1117 3372 1274 3417 quamvis

193 3417 300 3453 etiam
323 3426 446 3453 earum
469 3425 587 3451 rerum
611 3415 762 3456 nomine,
786 3426 874 3459 quas
898 3427 963 3460 pro
988 3416 1117 3452 herede
1134 3417 1190 3452 vel
1209 3427 1274 3462 pro

197 3465 237 3498 12
283 3470 491 3508 possessore
503 3459 693 3495 defunctus
705 3460 874 3504 possedit,
894 3461 1016 3513 utique
1027 3465 1200 3497 teneatur.
1237 3461 1276 3496 Si

215 3507 271 3543 uis
293 3505 451 3543 absentis
473 3504 615 3541 nomine
638 3504 820 3550 possideat
842 3505 1092 3549 hereditatem,
1125 3517 1206 3542 cum
1229 3507 1277 3542 sit

191 3518 365 3588 i'ncertum
387 3561 435 3587 an
456 3549 517 3586 ille
537 3553 655 3586 ratum
677 3549 819 3591 habeat,
843 3553 930 3594 puto
955 3551 1111 3586 absentis
1135 3552 1276 3587 nomine

191 3596 380 3643 petendam
402 3594 654 3638 hereditatem,
677 3594 789 3639 ipsius
812 3604 893 3629 vero
918 3604 1159 3641 nequaquam,
1192 3597 1276 3642 quia

194 3711 235 3751 (1)
257 3721 341 3753 pan
355 3713 371 3749 5
387 3716 405 3744 8
417 3725 462 3739 —·-·
473 3709 521 3745 D.
534 3710 589 3750 50,
602 3716 645 3750 17,
658 3716 710 3744 128
720 3722 773 3753 pr.
856 3710 898 3750 (²)
924 3709 1110 3753 possideret
1122 3711 1276 3755 Krueqer

191 3755 235 3792 (2)
259 3754 347 3786 dixit
359 3754 394 3788 ἶν’
455 3755 499 3799 (4)
522 3754 579 3788 sed
593 3758 627 3788 et
637 3755 666 3787 si
678 3754 776 3795 nihil,
790 3754 970 3787 videndum
983 3767 1045 3788 scr.
1128 3757 1169 3796 (a)
1194 3766 1271 3787 eva·

1312 127 1368 174 82
2063 147 2122 178 01⁴:
2151 147 2452 182 finanum-ns

1416 298 1423 306 ·
1614 264 1688 334 lpro
1711 255 1842 292 herede
1863 257 1918 310 yel
1940 267 2005 303 pro
2026 267 2234 312 possessore
2282 259 2449 314 ossidere,

1365 309 1426 378 ἒξ
1450 301 1614 345 contemp
1629 303 1747 336 atione
1770 302 1915 338 alterius
1938 303 2117 348 possidet:
2149 314 2218 340 n1s1
2263 308 2340 341 orte
2372 317 2450 352 quis
2510 336 2515 338 .

1426 343 1492 379 erit
1502 344 1526 387 ³,
1560 354 1642 380 cum
1672 349 1790 382 ratum
1821 357 1891 382 non
1923 347 2051 391 habet,
2083 348 2155 384 iam
2184 353 2451 395 procuratorem
2510 366 2512 369 ¹

1364 389 1467 433 quasi
1489 389 1707 434 praedonem
1731 401 1826 427 esse:
1858 395 1946 428 tunc
1970 393 2063 429 enim
2087 404 2152 429 suo
2176 394 2318 430 nomine
2339 396 2451 431 teneri

1367 436 1407 469 13
1454 437 1596 488 potest..
1630 434 1714 471 Non
1737 437 1851 472 solum
1874 441 1992 473 autem
2016 439 2061 474 ab
2095 449 2136 474 eo
2195 440 2242 475 eti
2271 439 2450 476 hereditas

1363 482 1504 531 potest,
1538 490 1598 532 qui
1622 490 1752 526 corpus
1775 481 2027 518 hereditarium
2077 484 2148 519 ossi
2175 487 2227 527 et,
2260 484 2323 520 sed
2354 489 2389 520 et
2420 486 2451 521 si

1363 524 1461 559 mh11.
1496 527 1533 577 et
1549 524 1737 577 rudendum
1748 527 1772 569 ⁴,
1798 527 1828 562 si
1846 538 1919 563 non
1938 529 2034 573 possi
2062 539 2124 564 ens
2144 529 2313 575 optulerit
2331 532 2449 566 tamen

1363 578 1401 604 se
1434 573 1694 622 pet1t10n1‚·an
1717 575 1892 608 teneatur.
1930 577 1965 608 et
1989 573 2111 609 Celsus
2134 574 2223 610 libro
2248 578 2373 620 quarto
2398 575 2449 611 di-

1362 618 1542 658 gestorum
1566 615 1690 650 scribit
1713 626 1757 652 ex
1780 617 1861 652 dolo
1887 628 1967 653 eum
1990 619 2122 654 teneri:
2155 619 2236 655 dolo
2272 621 2364 655 enim
2393 620 2448 656 fa-

1364 669 1445 695 cere
1479 669 1559 695 eum
1613 660 1651 695 ui
1682 671 1721 697 se
1752 661 1856 697 offert
1878 663 2048 707 petitioni.
2094 674 2200 709 quam
2235 665 2447 701 sententiam

1361 705 1573 749 generaliter
1633 706 1784 742 arcenus
1809 707 1904 752 apud
1926 708 2102 744 Iulianum
2124 709 2273 761 probat:
2299 721 2448 754 omnem,

1363 750 1423 794 qui
1458 760 1497 786 se
1530 750 1636 786 offert
1669 752 1851 804 petitioni,
1896 753 1997 798 quasi
2039 753 2280 799 possldentem
2322 757 2445 791 teneri.
2510 782 2518 798 ,-

1365 797 1406 829 14
1452 795 1542 831 Item
1565 796 1596 831 si
1619 807 1697 841 quis
1722 797 1803 832 dolo
1827 796 1970 840 fecerit,
2007 809 2076 844 quo
2108 799 2224 835 minus
2255 800 2447 845 possideat,

1361 840 1568 893 hereditatis
1599 842 1770 886 petitione
1801 843 1989 878 tenebitur.
2026 843 2089 879 sed
2112 843 2142 879 si
2173 844 2263 880 alius
2295 849 2448 881 nanctus

1361 896 1639 931 possessionem,
1672 892 1778 933 quam
1803 898 1866 932 ego
1892 888 1972 924 dolo
1997 889 2090 924 malo
2115 889 2318 932 amiseram,
2343 900 2448 935 para-

1360 934 1419 966 tus
1443 931 1490 966 sit
1511 931 1680 967 iudicium
1703 932 1791 978 pati,
1815 933 2007 969 Marcellus
2031 934 2120 969 libro
2145 938 2271 980 quarto
2295 935 2446 980 digesto-

1360 987 1440 1011 rum
1471 980 1623 1020 tractat,
1656 988 1700 1012 ne
1730 977 1824 1013 forte
1855 981 2069 1014 evanescat⁵
2091 979 2262 1015 adversus
2286 990 2365 1015 eum
2389 981 2449 1033 qui

1362 1021 1465 1056 desiit
1487 1021 1559 1057 litis
1583 1023 1799 1058 aestimatio:
1834 1027 1870 1058 et
1899 1024 2011 1068 magis
2035 1034 2246 1060 evanescere
2276 1025 2344 1068 ait,
2377 1026 2445 1061 msi

1360 1067 1513 1119 petentis
1536 1067 1700 1104 interest:
1726 1072 1832 1111 certe,
1858 1069 1982 1114 inquit,
2008 1069 2038 1105 si
2060 1080 2135 1105 rem
2158 1073 2305 1115 paratus
2327 1070 2373 1106 sit
2392 1081 2446 1106 re·

1361 1115 1527 1155 stituere,
1559 1112 1798 1149 indubitatum
1823 1114 1890 1149 erit
1913 1125 2133 1150 evanescere.
2170 1115 2233 1151 sed
2264 1116 2294 1151 si
2325 1115 2356 1151 is
2387 1116 2447 1161 qui
2515 1126 2528 1151 ’ἱ

1361 1157 1442 1193 dolo
1467 1157 1572 1192 desiit
1595 1162 1679 1194 ante
1703 1159 1949 1202 conveniatur,
1982 1170 2061 1196 eum
2094 1160 2154 1206 qui
2185 1160 2344 1206 possidet
2375 1172 2446 1196 non
2512 1158 2528 1204 ί,

1363 1205 1402 1237 15
1450 1202 1626 1239 liberabit.
1673 1204 1762 1239 Item
1802 1215 1824 1240 a
1855 1204 2014 1241 debitore
2044 1205 2257 1241 hereditario
2288 1206 2390 1251 quasi
2422 1216 2444 1242 a
2508 1207 2523 1243 ,ἑ

1358 1247 1446 1283 iuris
1476 1259 1700 1293 possessore:
1732 1259 1816 1284 nam
1840 1253 1876 1285 et
1898 1260 1920 1285 a
1942 1251 2028 1286 iuris
2052 1251 2317 1296 possessoribus
2341 1262 2447 1297 posse

1359 1293 1590 1329 hereditatem
1614 1295 1687 1339 peti
1712 1298 1864 1330 constat.

1409 1337 1460 1375 14
1484 1338 1541 1374 ΡΛ
1549 1349 1592 1375 UL
1600 1349 1644 1375 vs
1664 1340 1755 1376 libro
1778 1340 1968 1376 vicensimo
1989 1339 2039 1375 ad
2057 1340 2210 1376 edictum
2245 1340 2315 1376 Sed
2327 1344 2445 1376 utrum
2514 1331 2523 1352 ³

1360 1394 1403 1419 ex
1427 1383 1555 1420 delicto
1581 1395 1626 1420 an
1651 1395 1695 1421 ex
1719 1388 1908 1421 contractu
1940 1385 2079 1421 debitor
2109 1386 2174 1428 sit,
2207 1386 2295 1421 nihil
2325 1386 2444 1421 refert.
2507 1398 2523 1439 ᾗ

1359 1429 1500 1465 debitor
1523 1433 1641 1465 autem
1665 1431 1900 1466 hereditarius
1923 1430 2136 1475 intellegitur
2167 1431 2197 1466 is
2222 1441 2363 1483 quoque
2387 1431 2446 1476 qui

1359 1485 1459 1510 servo
1483 1475 1696 1511 hereditario
1720 1476 1893 1520 promisit,
1917 1476 1972 1511 vel
1996 1477 2058 1521 qui
2081 1479 2164 1511 ante
2187 1476 2320 1511 ad1tam
2343 1477 2444 1512 here·
2511 1470 2528 1524 {ss

1358 1519 1505 1555 ditatem
1529 1521 1696 1555 damnum
1720 1521 1816 1555 dedit
2329 1538 2331 1540 >

1407 1562 1456 1601 15
1485 1564 1608 1600 Gams
1628 1565 1718 1601 libro
1742 1569 1847 1601 sexto
1872 1565 1922 1601 ad
1943 1565 2096 1602 edictum
2114 1566 2344 1612 provinciale
2389 1566 2442 1602 vel
2516 1596 2520 1610 ,,

1357 1610 1513 1692 aliquam
1535 1620 1610 1645 rem
1633 1610 1884 1646 hereditariam
1907 1611 2135 1657 subripuerit.

1433 1653 1457 1693 6
1479 1654 1675 1691 ULPIANUS
1691 1656 1783 1692 libro
1796 1657 1922 1702 quinto
1934 1656 2070 1692 decimo
2082 1657 2133 1692 ad
2143 1656 2295 1692 edictum
2342 1656 2443 1701 Quod

1357 1700 1387 1736 si
1409 1701 1447 1736 in
1470 1700 1562 1735 diem
1586 1701 1632 1736 sit
1656 1701 1795 1737 debitor
1817 1701 1871 1737 vel
1895 1702 1961 1737 sub
1987 1701 2212 1744 condicione,
2237 1711 2259 1737 a
2283 1712 2353 1747 quo
2377 1712 2439 1747 pe-

1355 1746 1422 1781 tita
1442 1749 1498 1781 est
1516 1746 1707 1789 hereditas,
1729 1757 1801 1782 non
1821 1746 1948 1782 debere
1968 1757 2047 1782 eum
2068 1747 2239 1782 damnari.
2274 1747 2326 1782 rei
2363 1747 2444 1782 lane
2510 1762 2517 1774 ι

1355 1788 1535 1827 iudicatae
1566 1794 1706 1837 tempus
1737 1792 1971 1838 spectandum
2004 1803 2082 1828 esse
2114 1792 2311 1828 secundum
2368 1795 2441 1828 cta-

1355 1837 1434 1872 veni
1466 1837 1694 1880 sententiam,
1726 1841 1767 1872 ut
1797 1837 1894 1883 apud
1915 1837 2152 1883 Pomponium
2185 1838 2355 1882 scriptum
2379 1841 2441 1880 est,

1356 1892 1403 1917 an
1426 1882 1501 1918 dies
1525 1883 1677 1918 venerit:
1711 1882 1806 1928 quod
1839 1886 1875 1918 et
1896 1882 1934 1918 in
1958 1883 2187 1928 stipulatione
2210 1882 2442 1918 condicionali

1356 1927 1423 1962 erit
1455 1928 1653 1963 dicendum.
1690 1928 1721 1964 si
1743 1931 1862 1963 autem
1885 1939 1958 1964 non
1981 1929 2135 1971 venerit,
2168 1938 2292 1964 cavere
2323 1927 2441 1964 officio

1354 1973 1481 2009 iudicis
1505 1973 1634 2008 debeat
1657 1973 1701 2009 de
1723 1973 1944 2009 restituendo
1976 1974 2046 2009 hoc
2078 1973 2218 2016 debito,
2254 1983 2334 2008 cum
2367 1973 2441 2009 dies

1358 2022 1373 2053 1
1423 2019 1558 2054 venerit
1576 2019 1632 2054 vel
1651 2018 1812 2055 condicio
1827 2019 1992 2054 extiterit.
2041 2018 2112 2054 Sed
2135 2022 2171 2054 et
2192 2018 2222 2054 is
2246 2019 2306 2064 qui
2353 2019 2442 2054 retia

1354 2074 1472 2099 rerum
1495 2064 1789 2099 hereditariamm
1812 2064 1992 2110 possidet,
2022 2064 2107 2099 item
2138 2064 2198 2109 qui
2228 2074 2251 2098 a
2282 2063 2325 2099 de
2349 2064 2440 2099 itore

1356 2112 1375 2144 2
1411 2109 1627 2145 hereditario
1638 2110 1763 2154 exegit,
1773 2110 1943 2155 petitione
1951 2109 2157 2145 hereditatis
2166 2112 2316 2144 tenetur.
2339 2108 2440 2144 Unde
2509 2118 2515 2121 ’

1354 2154 1513 2190 Iulianus
1521 2154 1612 2190 libro
1622 2158 1723 2190 sexto
1734 2154 1951 2199 digestorum
1967 2155 2017 2190 ait
2033 2155 2078 2190 ab
2097 2164 2149 2197 eo,
2168 2155 2228 2199 qui
2240 2154 2329 2199 petit
2336 2154 2438 2189 here-

1355 2199 1503 2235 ditatem
1527 2203 1563 2235 et
1585 2200 1656 2235 litis
1681 2200 1962 2236 aestimationem
1980 2204 2193 2235 consecutus
2211 2202 2275 2241 est,
2300 2199 2438 2234 heredi-

1354 2247 1374 2280 3
1420 2248 1531 2280 tatem
1573 2245 1621 2280 eti
1635 2255 1752 2290 posse.
1800 2245 1882 2280 Non
1899 2245 2013 2280 solum
2029 2248 2147 2280 autem
2165 2254 2186 2278 a
2202 2244 2362 2279 debitore
2377 2244 2437 2279 de-

1352 2289 1478 2332 functi,
1504 2256 1570 2325 sed
1591 2290 1698 2325 etiam
1721 2300 1744 2325 a
1767 2289 1927 2325 debitore
1942 2289 2155 2324 hereditario
2198 2289 2246 2323 eti
2262 2289 2438 2324 hereditas

1351 2338 1488 2380 potest:
1514 2334 1664 2380 denique
1687 2335 1732 2370 ab
1754 2344 1809 2377 eo,
1834 2334 1895 2379 qui
1918 2335 2059 2379 negotia
2082 2334 2166 2369 here
2194 2333 2296 2368 'taria
2318 2334 2437 2379 gessit,

1353 2383 1389 2415 et
1409 2379 1511 2416 Celso
1529 2383 1564 2415 et
1582 2380 1719 2415 Iuliano
1736 2379 1875 2415 videtur
1890 2380 1964 2424 peti
1979 2379 2212 2415 hereditatem
2235 2389 2351 2424 posse,
2377 2379 2438 2414 sed

1351 2425 1382 2460 si
1399 2425 1540 2460 heredis
1559 2425 1738 2470 negotium
1747 2425 1866 2470 gessit,
1879 2434 2120 2470 nequaquam:
2138 2425 2183 2459 ab
2193 2423 2332 2459 heredis
2346 2424 2436 2460 enim

1351 2473 1372 2505 4
1419 2470 1578 2506 debitore
1590 2470 1663 2515 peti
1678 2469 1857 2505 hereditas
1874 2480 1947 2505 non
1963 2473 2091 2515 potest.
2128 2469 2286 2505 Iulianus
2301 2469 2436 2512 scribit,

1351 2515 1381 2551 si
1395 2515 1437 2558 is,
1480 2516 1515 2550 ui
1531 2526 1596 2561 pro
1614 2515 1744 2551 herede
1759 2515 1976 2560 possidebat,
2000 2515 2033 2550 vi
2047 2514 2157 2550 fuerit
2172 2514 2340 2558 deiectus,
2363 2514 2436 2559 peti

1350 2561 1396 2596 ab
1414 2571 1455 2596 eo
1499 2561 1705 2596 ereditatem
1729 2570 1835 2606 posse
1859 2560 1961 2613 quasi
1977 2570 1999 2595 a
2014 2560 2101 2595 iuris
2117 2568 2335 2605 possessore,
2353 2559 2436 2639 quia

1348 2606 1458 2641 habet
1480 2606 1707 2641 interdictum
1729 2605 1824 2641 unde
1848 2617 1899 2648 vi,
1932 2615 2002 2650 quo
2026 2605 2140 2640 victus
2165 2604 2289 2640 cedere
2312 2604 2356 2639 de
2383 2609 2433 2640 et.

1349 2651 1412 2686 sed
1444 2654 1480 2687 et
1510 2661 1589 2686 eum
1620 2652 1680 2697 qui
1714 2651 1841 2686 deiecit
1870 2651 2042 2696 petitione
2076 2649 2281 2685 hereditatis
2310 2650 2434 2692 teneri,

1349 2699 1368 2731 5
1416 2696 1499 2742 quia
1516 2707 1574 2731 res
1586 2696 1820 2732 hereditarias
1833 2706 1899 2741 pro
1912 2705 2118 2741 possessore
2129 2694 2298 2740 possidet.
2335 2694 2432 2729 Idem

1347 2741 1506 2777 Iulianus
1538 2742 1607 2784 ait,
1639 2742 1712 2777 sive
1743 2741 1822 2787 quis
1853 2740 2039 2786 possidens
2063 2739 2136 2775 sive
2158 2750 2231 2775 non
2253 2749 2328 2774 rem
2350 2750 2433 2775 ven-

1348 2786 1486 2829 diderit,
1509 2787 1681 2831 petitione
1704 2786 1910 2822 hereditatis
1935 2795 2015 2820 eum
2038 2785 2160 2826 teneri,
2185 2784 2258 2820 sive
2271 2784 2341 2819 iam
2378 2794 2432 2820 re-

1347 2832 1435 2867 tium
1458 2832 1594 2877 recepit
1617 2832 1690 2867 sive
1713 2835 1834 2876 petere
1855 2830 1990 2876 possit,
2022 2833 2063 2865 ut
2094 2833 2130 2865 et
2152 2830 2210 2865 hic
2234 2829 2364 2865 actioni
2391 2839 2432 2865 us

1347 2881 1368 2913 6
1416 2877 1529 2913 cedat.
1577 2877 1675 2913 Idem
1699 2876 1822 2912 scribit
1870 2879 2035 2911 atronum
2058 2874 2291 2911 hereditatem
2313 2878 2433 2920 petere

1346 2932 1419 2958 non
1443 2932 1548 2968 posse
1571 2923 1617 2957 ab
1642 2932 1704 2962 eo,
1736 2921 1793 2957 cui
1823 2921 1848 2955 li
1875 2925 1971 2956 ertus
2000 2921 2038 2956 in
2068 2920 2230 2955 fraudem
2253 2919 2431 2962 alienavit,

1370 2968 1430 3003 uia
1453 2967 1653 3002 Calvisiana
1677 2967 1816 3002 actione
1839 2966 1872 3001 ei
1896 2969 2052 3001 tenetur:
2085 2965 2227 3011 patroni
2251 2964 2343 3000 euim
2365 2964 2432 3000 iste

1346 2979 1484 3048 debitor
1515 3015 1588 3055 est,
1621 3022 1692 3047 non
1723 3011 1967 3047 hereditarius.
2006 3021 2088 3056 ergo
2113 3020 2178 3045 nec
2202 3010 2247 3044 ab
2280 3019 2341 3052 eo,
2375 3009 2431 3044 cui

1346 3057 1469 3093 mortis
1505 3067 1614 3093 causa
1647 3056 1817 3092 donatum
1853 3060 1925 3098 est,
1969 3057 2043 3101 peti
2086 3054 2263 3091 hereditas
2298 3058 2428 3099 potest.

1346 3106 1364 3137 7
1412 3102 1510 3137 Idem
1533 3102 1692 3137 Iulianus
1716 3101 1857 3143 scribit,
1891 3101 1922 3136 si
1946 3101 2023 3146 quis
2048 3111 2092 3135 ex
2116 3110 2226 3136 causa
2247 3099 2426 3135 fideicom-

1345 3147 1443 3183 missi
1473 3147 1665 3183 restituerit
1687 3146 1918 3182 hereditatem
1941 3147 1996 3181 vel
2020 3145 2174 3191 singulas
2198 3154 2255 3180 res
2279 3144 2429 3190 praesti-

1343 3193 1445 3235 terit,
1469 3192 1543 3238 peti
1566 3192 1612 3227 ab
1636 3201 1678 3227 eo
1701 3191 1933 3226 hereditatem
1956 3201 2082 3236 posse,
2106 3190 2190 3235 quia
2211 3189 2321 3225 habet
2344 3199 2428 3224 con-

1345 3237 1534 3273 dictionem
1558 3247 1699 3279 earum,
1723 3246 1815 3281 quae
1838 3239 1923 3271 sunt
1947 3246 1991 3271 ex
2014 3245 2056 3271 ea
2079 3245 2189 3270 causa
2212 3234 2367 3276 solutae,
2393 3237 2428 3269 et

1342 3283 1451 3319 veluti
1481 3281 1570 3317 iuris
1601 3289 1786 3334 possessor
1817 3282 1882 3315 est.
1930 3280 1993 3315 sed
2024 3283 2060 3315 et
2089 3280 2119 3315 si
2149 3280 2266 3330 pretia
2297 3289 2427 3320 rerum,

1344 3337 1433 3372 quas
1466 3329 1648 3369 distraxlt,
1683 3335 1728 3361 ex
1759 3335 1869 3360 causa
1902 3324 2165 3359 fideicommissi
2199 3323 2319 3365 solvit,
2355 3323 2427 3368 peti

1343 3371 1574 3407 hereditatem
1604 3371 1650 3407 ab
1674 3381 1715 3406 eo
1738 3379 1863 3416 posse,
1897 3369 1981 3414 quia
2010 3373 2171 3414 repetere
2200 3370 2329 3413 potest.
2365 3366 2427 3403 sed

1343 3417 1398 3452 his
1412 3417 1554 3452 casibus
1567 3416 1726 3452 actiones
1738 3424 1823 3451 suas
1842 3414 2030 3449 dumtaxat
2051 3423 2130 3449 eum
2148 3416 2424 3465 praestaturum,
2496 3431 2499 3434 ·

1344 3472 1425 3497 cum
1458 3466 1494 3497 et
1523 3471 1582 3497 res
1612 3463 1755 3496 exstant
1785 3460 1845 3495 et⁶
1867 3462 1988 3505 potest
2019 3459 2151 3503 petitor
2174 3458 2280 3494 etiam
2302 3467 2367 3502 per
2389 3467 2425 3491 m

1342 3516 1415 3542 rem
1439 3507 1618 3542 actionem
1641 3516 1701 3541 eas
1723 3504 1913 3541 vindicare.

1392 3549 1441 3588 17
1471 3551 1595 3588 Gams
1610 3551 1703 3587 libro
1721 3554 1827 3586 sexto
1846 3548 2059 3584 adediotum
2064 3546 2291 3594 provinciale
2324 3544 2426 3590 Quod

1342 3596 1373 3632 si
1395 3606 1583 3642 possessor
1605 3594 1811 3631 hereditatis
1842 3593 1888 3629 ob
1919 3593 1976 3636 id,
2012 3593 2108 3639 quod
2139 3603 2183 3628 ex
2213 3593 2425 3627 testamento

1341 3709 1450 3743 nescit
1460 3709 1522 3744 Fs
1610 3710 1657 3752 (ο)
1682 3711 1717 3742 et
1728 3708 1791 3743 del.
1802 3707 1974 3751 Schuufnq
