<?xml version="1.0" encoding="UTF-8"?>
<!DOCTYPE html PUBLIC "-//W3C//DTD XHTML 1.0 Transitional//EN"
    "http://www.w3.org/TR/xhtml1/DTD/xhtml1-transitional.dtd">
<html xmlns="http://www.w3.org/1999/xhtml" xml:lang="en" lang="en">
 <head>
  <title>
</title>
<meta http-equiv="Content-Type" content="text/html;charset=utf-8" />
  <meta name='ocr-system' content='tesseract 3.04.00' />
  <meta name='ocr-capabilities' content='ocr_page ocr_carea ocr_par ocr_line ocrx_word'/>
</head>
<body>
  <div class='ocr_page' id='page_1' title='image "./corpusjuriscivil01krueuoft_0865.png"; bbox 0 0 2528 3918; ppageno 0'>
   <div class='ocr_carea' id='block_1_1' title="bbox 139 120 596 153">
    <p class='ocr_par' dir='ltr' id='par_1_1' title="bbox 139 120 596 153">
     <span class='ocr_line' id='line_1_1' title="bbox 139 120 596 153; baseline 0 -1"><span class='ocrx_word' id='word_1_1' title='bbox 139 120 195 152; x_wconf 76' lang='lat' dir='ltr'>ET</span> <span class='ocrx_word' id='word_1_2' title='bbox 224 121 596 153; x_wconf 76' lang='lat' dir='ltr'>LIBERATIONIBUS</span> 
     </span>
    </p>
   </div>
   <div class='ocr_carea' id='block_1_2' title="bbox 1052 172 1275 180">
    <p class='ocr_par' dir='ltr' id='par_1_2' title="bbox 1052 172 1275 180">
     <span class='ocr_line' id='line_1_2' title="bbox 1052 172 1275 180; baseline 0 0"><span class='ocrx_word' id='word_1_3' title='bbox 1052 172 1275 180; x_wconf 95' lang='lat' dir='ltr'> </span> 
     </span>
    </p>
   </div>
   <div class='ocr_carea' id='block_1_3' title="bbox 127 231 1222 3446">
    <p class='ocr_par' dir='ltr' id='par_1_3' title="bbox 127 231 1222 3446">
     <span class='ocr_line' id='line_1_3' title="bbox 138 231 1221 288; baseline -0.003 -17"><span class='ocrx_word' id='word_1_4' title='bbox 138 234 296 288; x_wconf 84' lang='lat' dir='ltr'>quamvis</span> <span class='ocrx_word' id='word_1_5' title='bbox 311 234 468 271; x_wconf 81' lang='lat' dir='ltr'>creditor</span> <span class='ocrx_word' id='word_1_6' title='bbox 480 237 641 270; x_wconf 88' lang='lat' dir='ltr'>mortuus</span> <span class='ocrx_word' id='word_1_7' title='bbox 655 233 774 277; x_wconf 81' lang='lat' dir='ltr'>fuerit,</span> <span class='ocrx_word' id='word_1_8' title='bbox 792 231 901 268; x_wconf 87' lang='lat' dir='ltr'>nihilo</span> <span class='ocrx_word' id='word_1_9' title='bbox 917 231 1034 268; x_wconf 91' lang='lat' dir='ltr'>minus</span> <span class='ocrx_word' id='word_1_10' title='bbox 1051 235 1147 268; x_wconf 89' lang='lat' dir='ltr'>recte</span> <span class='ocrx_word' id='word_1_11' title='bbox 1160 232 1221 268; x_wconf 89' lang='lat' dir='ltr'>Ti-</span> 
     </span>
     <span class='ocr_line' id='line_1_4' title="bbox 137 278 1221 325; baseline -0.001 -11"><span class='ocrx_word' id='word_1_12' title='bbox 137 284 186 316; x_wconf 92' lang='lat' dir='ltr'>tio</span> <span class='ocrx_word' id='word_1_13' title='bbox 197 280 312 323; x_wconf 89' lang='lat' dir='ltr'>solvit,</span> <span class='ocrx_word' id='word_1_14' title='bbox 329 281 359 316; x_wconf 91' lang='lat' dir='ltr'>si</span> <span class='ocrx_word' id='word_1_15' title='bbox 373 281 479 316; x_wconf 89' lang='lat' dir='ltr'>modo</span> <span class='ocrx_word' id='word_1_16' title='bbox 493 279 707 325; x_wconf 84' lang='lat' dir='ltr'>ignoraverit</span> <span class='ocrx_word' id='word_1_17' title='bbox 720 278 930 314; x_wconf 85' lang='lat' dir='ltr'>creditorem</span> <span class='ocrx_word' id='word_1_18' title='bbox 942 282 1118 314; x_wconf 89' lang='lat' dir='ltr'>mortuum</span> <span class='ocrx_word' id='word_1_19' title='bbox 1131 288 1221 315; x_wconf 87' lang='lat' dir='ltr'>esse.</span> 
     </span>
     <span class='ocr_line' id='line_1_5' title="bbox 183 323 1222 371; baseline -0.005 -8"><span class='ocrx_word' id='word_1_20' title='bbox 183 323 235 363; x_wconf 85' lang='lat'>33</span> <span class='ocrx_word' id='word_1_21' title='bbox 256 325 361 360; x_wconf 67' lang='lat' dir='ltr'>lom</span> <span class='ocrx_word' id='word_1_22' title='bbox 381 326 472 361; x_wconf 81' lang='lat' dir='ltr'>libro</span> <span class='ocrx_word' id='word_1_23' title='bbox 493 324 816 371; x_wconf 75' lang='lat' dir='ltr'>quinquaqensz&#39;mo</span> <span class='ocrx_word' id='word_1_24' title='bbox 827 323 984 358; x_wconf 78' lang='lat' dir='ltr'>secundo</span> <span class='ocrx_word' id='word_1_25' title='bbox 1002 323 1222 370; x_wconf 77' lang='lat' dir='ltr'>dz&#39;qestorum</span> 
     </span>
     <span class='ocr_line' id='line_1_6' title="bbox 140 368 1222 414; baseline -0.003 -8"><span class='ocrx_word' id='word_1_26' title='bbox 140 370 207 414; x_wconf 83' lang='lat' dir='ltr'>Qui</span> <span class='ocrx_word' id='word_1_27' title='bbox 230 370 299 406; x_wconf 90' lang='lat' dir='ltr'>sibi</span> <span class='ocrx_word' id='word_1_28' title='bbox 322 374 386 406; x_wconf 87' lang='lat' dir='ltr'>aut</span> <span class='ocrx_word' id='word_1_29' title='bbox 404 370 497 406; x_wconf 92' lang='lat' dir='ltr'>Titio</span> <span class='ocrx_word' id='word_1_30' title='bbox 522 369 672 405; x_wconf 85' lang='lat' dir='ltr'>fundum</span> <span class='ocrx_word' id='word_1_31' title='bbox 695 368 773 403; x_wconf 85' lang='lat' dir='ltr'>dari</span> <span class='ocrx_word' id='word_1_32' title='bbox 798 368 989 412; x_wconf 89' lang='lat' dir='ltr'>stipulatus</span> <span class='ocrx_word' id='word_1_33' title='bbox 1011 373 1074 411; x_wconf 91' lang='lat' dir='ltr'>est,</span> <span class='ocrx_word' id='word_1_34' title='bbox 1100 379 1222 413; x_wconf 91' lang='lat' dir='ltr'>quam-</span> 
     </span>
     <span class='ocr_line' id='line_1_7' title="bbox 137 414 1222 458; baseline -0.002 -8"><span class='ocrx_word' id='word_1_35' title='bbox 137 417 188 451; x_wconf 88' lang='lat' dir='ltr'>vis</span> <span class='ocrx_word' id='word_1_36' title='bbox 208 415 341 451; x_wconf 88' lang='lat' dir='ltr'>fundus</span> <span class='ocrx_word' id='word_1_37' title='bbox 362 416 456 451; x_wconf 89' lang='lat' dir='ltr'>Titio</span> <span class='ocrx_word' id='word_1_38' title='bbox 477 415 582 450; x_wconf 89' lang='lat' dir='ltr'>datus</span> <span class='ocrx_word' id='word_1_39' title='bbox 601 414 718 455; x_wconf 84' lang='lat' dir='ltr'>fuerit,</span> <span class='ocrx_word' id='word_1_40' title='bbox 741 418 872 455; x_wconf 87' lang='lat' dir='ltr'>tamen,</span> <span class='ocrx_word' id='word_1_41' title='bbox 893 414 923 448; x_wconf 90' lang='lat' dir='ltr'>si</span> <span class='ocrx_word' id='word_1_42' title='bbox 942 418 1069 458; x_wconf 88' lang='lat' dir='ltr'>postea</span> <span class='ocrx_word' id='word_1_43' title='bbox 1086 414 1222 449; x_wconf 90' lang='lat' dir='ltr'>evictus</span> 
     </span>
     <span class='ocr_line' id='line_1_8' title="bbox 136 458 1220 512; baseline -0.002 -17"><span class='ocrx_word' id='word_1_44' title='bbox 136 465 206 503; x_wconf 90' lang='lat' dir='ltr'>est,</span> <span class='ocrx_word' id='word_1_45' title='bbox 231 461 341 496; x_wconf 90' lang='lat' dir='ltr'>habet</span> <span class='ocrx_word' id='word_1_46' title='bbox 364 460 556 502; x_wconf 84' lang='lat' dir='ltr'>actionem,</span> <span class='ocrx_word' id='word_1_47' title='bbox 582 458 877 512; x_wconf 82' lang='lat' dir='ltr'>quemadmodum</span> <span class='ocrx_word' id='word_1_48' title='bbox 901 459 932 494; x_wconf 92' lang='lat' dir='ltr'>si</span> <span class='ocrx_word' id='word_1_49' title='bbox 956 459 1134 494; x_wconf 91' lang='lat' dir='ltr'>hominem</span> <span class='ocrx_word' id='word_1_50' title='bbox 1158 459 1220 494; x_wconf 91' lang='lat' dir='ltr'>sti-</span> 
     </span>
     <span class='ocr_line' id='line_1_9' title="bbox 136 504 1220 550; baseline -0.003 -9"><span class='ocrx_word' id='word_1_51' title='bbox 136 506 281 549; x_wconf 89' lang='lat' dir='ltr'>pulatus</span> <span class='ocrx_word' id='word_1_52' title='bbox 306 510 400 541; x_wconf 90' lang='lat' dir='ltr'>esset</span> <span class='ocrx_word' id='word_1_53' title='bbox 422 509 459 540; x_wconf 91' lang='lat' dir='ltr'>et</span> <span class='ocrx_word' id='word_1_54' title='bbox 489 515 683 550; x_wconf 86' lang='lat' dir='ltr'>promissor</span> <span class='ocrx_word' id='word_1_55' title='bbox 707 504 958 539; x_wconf 86' lang='lat' dir='ltr'>statuliberum</span> <span class='ocrx_word' id='word_1_56' title='bbox 983 504 1077 539; x_wconf 87' lang='lat' dir='ltr'>Titio</span> <span class='ocrx_word' id='word_1_57' title='bbox 1103 504 1220 539; x_wconf 89' lang='lat' dir='ltr'>dedis-</span> 
     </span>
     <span class='ocr_line' id='line_1_10' title="bbox 142 549 1221 596; baseline -0.003 -10"><span class='ocrx_word' id='word_1_58' title='bbox 142 555 152 585; x_wconf 93' lang='lat' dir='ltr'>l</span> <span class='ocrx_word' id='word_1_59' title='bbox 203 555 257 586; x_wconf 85' lang='lat' dir='ltr'>set</span> <span class='ocrx_word' id='word_1_60' title='bbox 280 551 380 596; x_wconf 90' lang='lat' dir='ltr'>isque</span> <span class='ocrx_word' id='word_1_61' title='bbox 404 551 449 585; x_wconf 89' lang='lat' dir='ltr'>ad</span> <span class='ocrx_word' id='word_1_62' title='bbox 472 551 672 586; x_wconf 87' lang='lat' dir='ltr'>libertatem</span> <span class='ocrx_word' id='word_1_63' title='bbox 696 550 924 594; x_wconf 88' lang='lat' dir='ltr'>pervenisset.</span> <span class='ocrx_word' id='word_1_64' title='bbox 968 549 1035 593; x_wconf 81' lang='lat' dir='ltr'>Qui</span> <span class='ocrx_word' id='word_1_65' title='bbox 1060 549 1221 584; x_wconf 82' lang='lat' dir='ltr'>Stichum</span> 
     </span>
     <span class='ocr_line' id='line_1_11' title="bbox 135 594 1220 641; baseline -0.002 -11"><span class='ocrx_word' id='word_1_66' title='bbox 135 599 198 631; x_wconf 88' lang='lat' dir='ltr'>aut</span> <span class='ocrx_word' id='word_1_67' title='bbox 221 596 445 641; x_wconf 82' lang='lat' dir='ltr'>Pamphilum</span> <span class='ocrx_word' id='word_1_68' title='bbox 477 596 555 631; x_wconf 92' lang='lat' dir='ltr'>dari</span> <span class='ocrx_word' id='word_1_69' title='bbox 586 595 766 640; x_wconf 81' lang='lat' dir='ltr'>promisit,</span> <span class='ocrx_word' id='word_1_70' title='bbox 803 595 833 630; x_wconf 94' lang='lat' dir='ltr'>si</span> <span class='ocrx_word' id='word_1_71' title='bbox 865 594 1026 629; x_wconf 87' lang='lat' dir='ltr'>Stichum</span> <span class='ocrx_word' id='word_1_72' title='bbox 1058 594 1220 629; x_wconf 89' lang='lat' dir='ltr'>vulnera-</span> 
     </span>
     <span class='ocr_line' id='line_1_12' title="bbox 134 639 1221 686; baseline -0.003 -10"><span class='ocrx_word' id='word_1_73' title='bbox 134 646 234 676; x_wconf 91' lang='lat' dir='ltr'>verat</span> <span class='ocrx_word' id='word_1_74' title='bbox 247 644 268 683; x_wconf 87' lang='lat'>¹,</span> <span class='ocrx_word' id='word_1_75' title='bbox 308 652 381 676; x_wconf 91' lang='lat' dir='ltr'>non</span> <span class='ocrx_word' id='word_1_76' title='bbox 412 642 523 686; x_wconf 89' lang='lat' dir='ltr'>magis</span> <span class='ocrx_word' id='word_1_77' title='bbox 554 651 634 676; x_wconf 92' lang='lat' dir='ltr'>eum</span> <span class='ocrx_word' id='word_1_78' title='bbox 674 640 790 675; x_wconf 86' lang='lat' dir='ltr'>dando</span> <span class='ocrx_word' id='word_1_79' title='bbox 824 640 1012 683; x_wconf 89' lang='lat' dir='ltr'>liberatur,</span> <span class='ocrx_word' id='word_1_80' title='bbox 1055 650 1159 683; x_wconf 90' lang='lat' dir='ltr'>quam</span> <span class='ocrx_word' id='word_1_81' title='bbox 1191 639 1221 674; x_wconf 93' lang='lat' dir='ltr'>si</span> 
     </span>
     <span class='ocr_line' id='line_1_13' title="bbox 134 684 1218 731; baseline -0.003 -10"><span class='ocrx_word' id='word_1_82' title='bbox 134 686 250 721; x_wconf 91' lang='lat' dir='ltr'>solum</span> <span class='ocrx_word' id='word_1_83' title='bbox 267 686 427 722; x_wconf 84' lang='lat' dir='ltr'>Stichum</span> <span class='ocrx_word' id='word_1_84' title='bbox 451 686 673 731; x_wconf 82' lang='lat' dir='ltr'>promisisset</span> <span class='ocrx_word' id='word_1_85' title='bbox 696 690 732 721; x_wconf 90' lang='lat' dir='ltr'>et</span> <span class='ocrx_word' id='word_1_86' title='bbox 756 696 778 720; x_wconf 92' lang='lat' dir='ltr'>a</span> <span class='ocrx_word' id='word_1_87' title='bbox 802 696 839 720; x_wconf 91' lang='lat' dir='ltr'>se</span> <span class='ocrx_word' id='word_1_88' title='bbox 859 685 1080 720; x_wconf 90' lang='lat' dir='ltr'>vulneratum</span> <span class='ocrx_word' id='word_1_89' title='bbox 1105 684 1218 719; x_wconf 88' lang='lat' dir='ltr'>daret.</span> 
     </span>
     <span class='ocr_line' id='line_1_14' title="bbox 134 730 1221 776; baseline -0.001 -10"><span class='ocrx_word' id='word_1_90' title='bbox 134 732 218 766; x_wconf 89' lang='lat' dir='ltr'>item</span> <span class='ocrx_word' id='word_1_91' title='bbox 242 732 303 775; x_wconf 90' lang='lat' dir='ltr'>qui</span> <span class='ocrx_word' id='word_1_92' title='bbox 326 732 503 767; x_wconf 90' lang='lat' dir='ltr'>hominem</span> <span class='ocrx_word' id='word_1_93' title='bbox 527 731 605 766; x_wconf 89' lang='lat' dir='ltr'>dari</span> <span class='ocrx_word' id='word_1_94' title='bbox 635 730 799 776; x_wconf 85' lang='lat' dir='ltr'>promisit</span> <span class='ocrx_word' id='word_1_95' title='bbox 822 734 858 765; x_wconf 90' lang='lat' dir='ltr'>et</span> <span class='ocrx_word' id='word_1_96' title='bbox 888 731 1112 765; x_wconf 91' lang='lat' dir='ltr'>vulneratum</span> <span class='ocrx_word' id='word_1_97' title='bbox 1137 740 1159 764; x_wconf 90' lang='lat' dir='ltr'>a</span> <span class='ocrx_word' id='word_1_98' title='bbox 1183 739 1221 765; x_wconf 87' lang='lat' dir='ltr'>se</span> 
     </span>
     <span class='ocr_line' id='line_1_15' title="bbox 134 775 1220 820; baseline -0.003 -8"><span class='ocrx_word' id='word_1_99' title='bbox 134 776 254 820; x_wconf 88' lang='lat' dir='ltr'>offert,</span> <span class='ocrx_word' id='word_1_100' title='bbox 298 788 370 812; x_wconf 91' lang='lat' dir='ltr'>non</span> <span class='ocrx_word' id='word_1_101' title='bbox 410 777 592 812; x_wconf 89' lang='lat' dir='ltr'>liberatur.</span> <span class='ocrx_word' id='word_1_102' title='bbox 651 776 783 811; x_wconf 86' lang='lat' dir='ltr'>iudicio</span> <span class='ocrx_word' id='word_1_103' title='bbox 822 785 963 820; x_wconf 88' lang='lat' dir='ltr'>quoque</span> <span class='ocrx_word' id='word_1_104' title='bbox 1005 779 1154 819; x_wconf 87' lang='lat' dir='ltr'>accepto</span> <span class='ocrx_word' id='word_1_105' title='bbox 1191 775 1220 809; x_wconf 88' lang='lat' dir='ltr'>si</span> 
     </span>
     <span class='ocr_line' id='line_1_16' title="bbox 134 819 1219 867; baseline -0.003 -10"><span class='ocrx_word' id='word_1_106' title='bbox 134 823 311 857; x_wconf 90' lang='lat' dir='ltr'>hominem</span> <span class='ocrx_word' id='word_1_107' title='bbox 343 822 373 857; x_wconf 91' lang='lat' dir='ltr'>is</span> <span class='ocrx_word' id='word_1_108' title='bbox 398 833 479 857; x_wconf 88' lang='lat' dir='ltr'>cum</span> <span class='ocrx_word' id='word_1_109' title='bbox 504 833 574 867; x_wconf 90' lang='lat' dir='ltr'>quo</span> <span class='ocrx_word' id='word_1_110' title='bbox 600 826 724 866; x_wconf 87' lang='lat' dir='ltr'>agetur</span> <span class='ocrx_word' id='word_1_111' title='bbox 747 822 971 856; x_wconf 88' lang='lat' dir='ltr'>vulneratum</span> <span class='ocrx_word' id='word_1_112' title='bbox 995 830 1017 854; x_wconf 92' lang='lat' dir='ltr'>a</span> <span class='ocrx_word' id='word_1_113' title='bbox 1041 830 1079 855; x_wconf 92' lang='lat' dir='ltr'>se</span> <span class='ocrx_word' id='word_1_114' title='bbox 1102 819 1219 862; x_wconf 90' lang='lat' dir='ltr'>offert,</span> 
     </span>
     <span class='ocr_line' id='line_1_17' title="bbox 134 865 1220 903; baseline -0.004 0"><span class='ocrx_word' id='word_1_115' title='bbox 134 867 361 903; x_wconf 87' lang='lat' dir='ltr'>condemnari</span> <span class='ocrx_word' id='word_1_116' title='bbox 392 867 546 903; x_wconf 87' lang='lat' dir='ltr'>debebit.</span> <span class='ocrx_word' id='word_1_117' title='bbox 601 867 664 902; x_wconf 90' lang='lat' dir='ltr'>sed</span> <span class='ocrx_word' id='word_1_118' title='bbox 695 870 731 902; x_wconf 91' lang='lat' dir='ltr'>et</span> <span class='ocrx_word' id='word_1_119' title='bbox 762 867 807 901; x_wconf 90' lang='lat' dir='ltr'>ab</span> <span class='ocrx_word' id='word_1_120' title='bbox 840 866 910 901; x_wconf 92' lang='lat' dir='ltr'>alio</span> <span class='ocrx_word' id='word_1_121' title='bbox 942 865 1166 900; x_wconf 89' lang='lat' dir='ltr'>vulneratum</span> <span class='ocrx_word' id='word_1_122' title='bbox 1190 866 1220 900; x_wconf 88' lang='lat' dir='ltr'>si</span> 
     </span>
     <span class='ocr_line' id='line_1_18' title="bbox 133 910 1119 956; baseline -0.004 -8"><span class='ocrx_word' id='word_1_123' title='bbox 133 912 202 954; x_wconf 91' lang='lat' dir='ltr'>det,</span> <span class='ocrx_word' id='word_1_124' title='bbox 228 913 519 948; x_wconf 86' lang='lat' dir='ltr'>condemnandus</span> <span class='ocrx_word' id='word_1_125' title='bbox 543 912 622 954; x_wconf 90' lang='lat' dir='ltr'>erit,</span> <span class='ocrx_word' id='word_1_126' title='bbox 648 922 728 947; x_wconf 90' lang='grc'><strong>011111</strong></span> <span class='ocrx_word' id='word_1_127' title='bbox 751 911 866 956; x_wconf 85' lang='lat' dir='ltr'>possit</span> <span class='ocrx_word' id='word_1_128' title='bbox 888 911 997 945; x_wconf 92' lang='lat' dir='ltr'>alium</span> <span class='ocrx_word' id='word_1_129' title='bbox 1022 910 1119 945; x_wconf 83' lang='lat' dir='ltr'>dare.</span> 
     </span>
     <span class='ocr_line' id='line_1_19' title="bbox 179 956 1219 1008; baseline -0.005 -13"><span class='ocrx_word' id='word_1_130' title='bbox 179 956 256 995; x_wconf 83' lang='lat'>34²</span> <span class='ocrx_word' id='word_1_131' title='bbox 274 958 382 993; x_wconf 73' lang='lat' dir='ltr'><em>IDEM</em></span> <span class='ocrx_word' id='word_1_132' title='bbox 402 959 492 994; x_wconf 79' lang='lat' dir='ltr'>libro</span> <span class='ocrx_word' id='word_1_133' title='bbox 536 957 835 1003; x_wconf 72' lang='lat' dir='ltr'>uinquaqensz&#39;mo</span> <span class='ocrx_word' id='word_1_134' title='bbox 855 960 986 1008; x_wconf 77' lang='lat' dir='ltr'>quarto</span> <span class='ocrx_word' id='word_1_135' title='bbox 1000 956 1219 1002; x_wconf 74' lang='lat' dir='ltr'>diqestorum</span> 
     </span>
     <span class='ocr_line' id='line_1_20' title="bbox 133 969 1218 1048; baseline -0.004 -9"><span class='ocrx_word' id='word_1_136' title='bbox 133 1003 202 1048; x_wconf 81' lang='lat' dir='ltr'>Qui</span> <span class='ocrx_word' id='word_1_137' title='bbox 224 1004 401 1038; x_wconf 88' lang='lat' dir='ltr'>hominem</span> <span class='ocrx_word' id='word_1_138' title='bbox 426 1008 490 1038; x_wconf 92' lang='lat' dir='ltr'>aut</span> <span class='ocrx_word' id='word_1_139' title='bbox 508 969 631 1038; x_wconf 53' lang='lat' dir='ltr'>decem</span> <span class='ocrx_word' id='word_1_140' title='bbox 654 1002 719 1037; x_wconf 89' lang='lat' dir='ltr'>tibi</span> <span class='ocrx_word' id='word_1_141' title='bbox 742 1005 805 1036; x_wconf 92' lang='lat' dir='ltr'>aut</span> <span class='ocrx_word' id='word_1_142' title='bbox 826 1001 920 1036; x_wconf 86' lang='lat' dir='ltr'>Titio</span> <span class='ocrx_word' id='word_1_143' title='bbox 946 1001 1023 1036; x_wconf 92' lang='lat' dir='ltr'>dari</span> <span class='ocrx_word' id='word_1_144' title='bbox 1046 1001 1218 1046; x_wconf 86' lang='lat' dir='ltr'>promisit,</span> 
     </span>
     <span class='ocr_line' id='line_1_21' title="bbox 132 1046 1219 1094; baseline -0.004 -10"><span class='ocrx_word' id='word_1_145' title='bbox 132 1049 162 1084; x_wconf 85' lang='lat' dir='ltr'>si</span> <span class='ocrx_word' id='word_1_146' title='bbox 188 1049 281 1084; x_wconf 90' lang='lat' dir='ltr'>Titio</span> <span class='ocrx_word' id='word_1_147' title='bbox 310 1053 450 1094; x_wconf 90' lang='lat' dir='ltr'>partem</span> <span class='ocrx_word' id='word_1_148' title='bbox 477 1048 628 1083; x_wconf 87' lang='lat' dir='ltr'>hominis</span> <span class='ocrx_word' id='word_1_149' title='bbox 653 1047 859 1089; x_wconf 83' lang='lat' dir='ltr'>tradiderit,</span> <span class='ocrx_word' id='word_1_150' title='bbox 892 1057 975 1081; x_wconf 92' lang='lat' dir='ltr'>mox</span> <span class='ocrx_word' id='word_1_151' title='bbox 1005 1046 1072 1081; x_wconf 92' lang='lat' dir='ltr'>tibi</span> <span class='ocrx_word' id='word_1_152' title='bbox 1096 1046 1219 1081; x_wconf 90' lang='lat' dir='ltr'>decem</span> 
     </span>
     <span class='ocr_line' id='line_1_22' title="bbox 132 1092 1218 1137; baseline -0.003 -8"><span class='ocrx_word' id='word_1_153' title='bbox 132 1095 379 1137; x_wconf 82' lang='lat' dir='ltr'>numeraverit,</span> <span class='ocrx_word' id='word_1_154' title='bbox 404 1104 477 1129; x_wconf 90' lang='lat' dir='ltr'>non</span> <span class='ocrx_word' id='word_1_155' title='bbox 497 1093 602 1137; x_wconf 91' lang='lat' dir='ltr'>Titio,</span> <span class='ocrx_word' id='word_1_156' title='bbox 628 1093 691 1128; x_wconf 90' lang='lat' dir='ltr'>sed</span> <span class='ocrx_word' id='word_1_157' title='bbox 714 1093 779 1127; x_wconf 91' lang='lat' dir='ltr'>tibi</span> <span class='ocrx_word' id='word_1_158' title='bbox 802 1095 941 1136; x_wconf 87' lang='lat' dir='ltr'>partem</span> <span class='ocrx_word' id='word_1_159' title='bbox 961 1092 1112 1127; x_wconf 90' lang='lat' dir='ltr'>hominis</span> <span class='ocrx_word' id='word_1_160' title='bbox 1134 1102 1218 1126; x_wconf 90' lang='lat' dir='ltr'>con-</span> 
     </span>
     <span class='ocr_line' id='line_1_23' title="bbox 132 1137 1217 1184; baseline -0.003 -10"><span class='ocrx_word' id='word_1_161' title='bbox 132 1139 244 1182; x_wconf 87' lang='lat' dir='ltr'>dicet,</span> <span class='ocrx_word' id='word_1_162' title='bbox 278 1140 380 1184; x_wconf 88' lang='lat' dir='ltr'>quasi</span> <span class='ocrx_word' id='word_1_163' title='bbox 410 1138 608 1174; x_wconf 90' lang='lat' dir='ltr'>indebitum</span> <span class='ocrx_word' id='word_1_164' title='bbox 639 1142 702 1173; x_wconf 91' lang='lat' dir='ltr'>tua</span> <span class='ocrx_word' id='word_1_165' title='bbox 726 1138 908 1173; x_wconf 88' lang='lat' dir='ltr'>voluntate</span> <span class='ocrx_word' id='word_1_166' title='bbox 933 1137 1028 1172; x_wconf 89' lang='lat' dir='ltr'>Titio</span> <span class='ocrx_word' id='word_1_167' title='bbox 1054 1138 1217 1172; x_wconf 89' lang='lat' dir='ltr'>solveret.</span> 
     </span>
     <span class='ocr_line' id='line_1_24' title="bbox 130 1182 1217 1230; baseline -0.003 -11"><span class='ocrx_word' id='word_1_168' title='bbox 130 1185 293 1230; x_wconf 87' lang='lat' dir='ltr'>idemque</span> <span class='ocrx_word' id='word_1_169' title='bbox 316 1184 403 1219; x_wconf 90' lang='lat' dir='ltr'>iuris</span> <span class='ocrx_word' id='word_1_170' title='bbox 429 1185 495 1219; x_wconf 92' lang='lat' dir='ltr'>erit</span> <span class='ocrx_word' id='word_1_171' title='bbox 518 1185 637 1226; x_wconf 87' lang='lat' dir='ltr'>etiam,</span> <span class='ocrx_word' id='word_1_172' title='bbox 663 1184 692 1218; x_wconf 87' lang='lat' dir='ltr'>si</span> <span class='ocrx_word' id='word_1_173' title='bbox 717 1188 856 1218; x_wconf 86' lang='lat' dir='ltr'>mortuo</span> <span class='ocrx_word' id='word_1_174' title='bbox 882 1182 976 1217; x_wconf 90' lang='lat' dir='ltr'>Titio</span> <span class='ocrx_word' id='word_1_175' title='bbox 1002 1182 1123 1217; x_wconf 89' lang='lat' dir='ltr'>decem</span> <span class='ocrx_word' id='word_1_176' title='bbox 1147 1182 1217 1217; x_wconf 93' lang='lat' dir='ltr'>sol-</span> 
     </span>
     <span class='ocr_line' id='line_1_25' title="bbox 130 1227 1218 1275; baseline -0.004 -10"><span class='ocrx_word' id='word_1_177' title='bbox 130 1230 230 1273; x_wconf 89' lang='lat' dir='ltr'>verit,</span> <span class='ocrx_word' id='word_1_178' title='bbox 255 1234 296 1264; x_wconf 90' lang='lat' dir='ltr'>ut</span> <span class='ocrx_word' id='word_1_179' title='bbox 326 1230 392 1265; x_wconf 92' lang='lat' dir='ltr'>tibi</span> <span class='ocrx_word' id='word_1_180' title='bbox 422 1229 542 1275; x_wconf 90' lang='lat' dir='ltr'>potius</span> <span class='ocrx_word' id='word_1_181' title='bbox 566 1239 673 1274; x_wconf 92' lang='lat' dir='ltr'>quam</span> <span class='ocrx_word' id='word_1_182' title='bbox 696 1229 818 1263; x_wconf 90' lang='lat' dir='ltr'>heredi</span> <span class='ocrx_word' id='word_1_183' title='bbox 842 1227 951 1262; x_wconf 79' lang='grc' dir='ltr'>Τ11113</span> <span class='ocrx_word' id='word_1_184' title='bbox 985 1231 1124 1272; x_wconf 88' lang='lat' dir='ltr'>partem</span> <span class='ocrx_word' id='word_1_185' title='bbox 1154 1228 1218 1262; x_wconf 91' lang='lat' dir='ltr'>ho-</span> 
     </span>
     <span class='ocr_line' id='line_1_26' title="bbox 135 1273 1219 1318; baseline -0.004 -8"><span class='ocrx_word' id='word_1_186' title='bbox 135 1280 147 1309; x_wconf 85' lang='lat'>1</span> <span class='ocrx_word' id='word_1_187' title='bbox 198 1275 302 1310; x_wconf 87' lang='lat' dir='ltr'>minis</span> <span class='ocrx_word' id='word_1_188' title='bbox 333 1275 510 1310; x_wconf 91' lang='lat' dir='ltr'>condicat.</span> <span class='ocrx_word' id='word_1_189' title='bbox 559 1275 597 1310; x_wconf 88' lang='lat' dir='ltr'>Si</span> <span class='ocrx_word' id='word_1_190' title='bbox 629 1274 699 1309; x_wconf 91' lang='lat' dir='ltr'>duo</span> <span class='ocrx_word' id='word_1_191' title='bbox 732 1275 786 1309; x_wconf 91' lang='lat' dir='ltr'>rei</span> <span class='ocrx_word' id='word_1_192' title='bbox 814 1273 1011 1318; x_wconf 88' lang='lat' dir='ltr'>stipulandi</span> <span class='ocrx_word' id='word_1_193' title='bbox 1041 1273 1219 1308; x_wconf 90' lang='lat' dir='ltr'>hominem</span> 
     </span>
     <span class='ocr_line' id='line_1_27' title="bbox 131 1318 1219 1365; baseline -0.002 -11"><span class='ocrx_word' id='word_1_194' title='bbox 131 1320 209 1355; x_wconf 88' lang='lat' dir='ltr'>dari</span> <span class='ocrx_word' id='word_1_195' title='bbox 247 1320 409 1365; x_wconf 87' lang='lat' dir='ltr'>stipulati</span> <span class='ocrx_word' id='word_1_196' title='bbox 446 1320 582 1356; x_wconf 88' lang='lat' dir='ltr'>fuerint</span> <span class='ocrx_word' id='word_1_197' title='bbox 612 1322 649 1355; x_wconf 90' lang='lat' dir='ltr'>et</span> <span class='ocrx_word' id='word_1_198' title='bbox 686 1319 881 1364; x_wconf 86' lang='lat' dir='ltr'>promissor</span> <span class='ocrx_word' id='word_1_199' title='bbox 915 1318 1058 1362; x_wconf 89' lang='lat' dir='ltr'>utrique</span> <span class='ocrx_word' id='word_1_200' title='bbox 1097 1322 1219 1363; x_wconf 89' lang='lat' dir='ltr'>partes</span> 
     </span>
     <span class='ocr_line' id='line_1_28' title="bbox 130 1363 1219 1408; baseline -0.003 -8"><span class='ocrx_word' id='word_1_201' title='bbox 130 1366 350 1401; x_wconf 88' lang='lat' dir='ltr'>diversorum</span> <span class='ocrx_word' id='word_1_202' title='bbox 373 1366 554 1401; x_wconf 91' lang='lat' dir='ltr'>hominum</span> <span class='ocrx_word' id='word_1_203' title='bbox 579 1364 735 1407; x_wconf 89' lang='lat' dir='ltr'>dederit,</span> <span class='ocrx_word' id='word_1_204' title='bbox 761 1364 908 1399; x_wconf 90' lang='lat' dir='ltr'>dubium</span> <span class='ocrx_word' id='word_1_205' title='bbox 930 1374 1003 1399; x_wconf 90' lang='grc'><strong>11011</strong></span> <span class='ocrx_word' id='word_1_206' title='bbox 1027 1366 1100 1406; x_wconf 88' lang='grc'><strong>661,</strong></span> <span class='ocrx_word' id='word_1_207' title='bbox 1134 1363 1219 1408; x_wconf 92' lang='lat' dir='ltr'>quin</span> 
     </span>
     <span class='ocr_line' id='line_1_29' title="bbox 129 1409 1219 1453; baseline -0.003 -7"><span class='ocrx_word' id='word_1_208' title='bbox 129 1421 201 1445; x_wconf 90' lang='lat' dir='ltr'>non</span> <span class='ocrx_word' id='word_1_209' title='bbox 225 1411 408 1446; x_wconf 88' lang='lat' dir='ltr'>liberetur.</span> <span class='ocrx_word' id='word_1_210' title='bbox 442 1411 505 1446; x_wconf 89' lang='lat' dir='ltr'>sed</span> <span class='ocrx_word' id='word_1_211' title='bbox 525 1411 556 1446; x_wconf 91' lang='lat' dir='ltr'>si</span> <span class='ocrx_word' id='word_1_212' title='bbox 580 1410 739 1446; x_wconf 90' lang='lat' dir='ltr'>eiusdem</span> <span class='ocrx_word' id='word_1_213' title='bbox 758 1409 911 1444; x_wconf 86' lang='lat' dir='ltr'>hominis</span> <span class='ocrx_word' id='word_1_214' title='bbox 936 1411 1056 1453; x_wconf 87' lang='lat' dir='ltr'>partes</span> <span class='ocrx_word' id='word_1_215' title='bbox 1076 1409 1219 1453; x_wconf 89' lang='lat' dir='ltr'>utrique</span> 
     </span>
     <span class='ocr_line' id='line_1_30' title="bbox 131 1454 1218 1500; baseline -0.003 -9"><span class='ocrx_word' id='word_1_216' title='bbox 131 1456 285 1499; x_wconf 91' lang='lat' dir='ltr'>dederit,</span> <span class='ocrx_word' id='word_1_217' title='bbox 316 1456 481 1491; x_wconf 90' lang='lat' dir='ltr'>liberatio</span> <span class='ocrx_word' id='word_1_218' title='bbox 507 1455 693 1500; x_wconf 88' lang='lat' dir='ltr'>contingit,</span> <span class='ocrx_word' id='word_1_219' title='bbox 719 1455 803 1500; x_wconf 92' lang='lat' dir='ltr'>quia</span> <span class='ocrx_word' id='word_1_220' title='bbox 827 1454 996 1499; x_wconf 84' lang='lat' dir='ltr'>obligatio</span> <span class='ocrx_word' id='word_1_221' title='bbox 1022 1454 1218 1489; x_wconf 90' lang='lat' dir='ltr'>communis</span> 
     </span>
     <span class='ocr_line' id='line_1_31' title="bbox 129 1500 1219 1546; baseline -0.002 -11"><span class='ocrx_word' id='word_1_222' title='bbox 129 1501 276 1543; x_wconf 84' lang='lat' dir='ltr'>efficiet,</span> <span class='ocrx_word' id='word_1_223' title='bbox 308 1505 348 1536; x_wconf 95' lang='lat' dir='ltr'>ut</span> <span class='ocrx_word' id='word_1_224' title='bbox 379 1501 475 1546; x_wconf 91' lang='lat' dir='ltr'>quod</span> <span class='ocrx_word' id='word_1_225' title='bbox 506 1501 646 1536; x_wconf 90' lang='lat' dir='ltr'>duobus</span> <span class='ocrx_word' id='word_1_226' title='bbox 678 1501 834 1536; x_wconf 89' lang='lat' dir='ltr'>solutum</span> <span class='ocrx_word' id='word_1_227' title='bbox 867 1505 937 1541; x_wconf 88' lang='lat' dir='ltr'>est,</span> <span class='ocrx_word' id='word_1_228' title='bbox 970 1500 1031 1533; x_wconf 91' lang='lat' dir='ltr'>uni</span> <span class='ocrx_word' id='word_1_229' title='bbox 1063 1500 1219 1534; x_wconf 89' lang='lat' dir='ltr'>solutum</span> 
     </span>
     <span class='ocr_line' id='line_1_32' title="bbox 130 1544 1216 1582; baseline -0.003 0"><span class='ocrx_word' id='word_1_230' title='bbox 130 1556 208 1582; x_wconf 86' lang='lat' dir='ltr'>esse</span> <span class='ocrx_word' id='word_1_231' title='bbox 238 1546 410 1582; x_wconf 87' lang='lat' dir='ltr'>videatur.</span> <span class='ocrx_word' id='word_1_232' title='bbox 457 1557 541 1582; x_wconf 87' lang='lat' dir='ltr'>nam</span> <span class='ocrx_word' id='word_1_233' title='bbox 571 1557 615 1581; x_wconf 88' lang='lat' dir='ltr'>ex</span> <span class='ocrx_word' id='word_1_234' title='bbox 647 1545 827 1581; x_wconf 89' lang='lat' dir='ltr'>contrario</span> <span class='ocrx_word' id='word_1_235' title='bbox 860 1556 940 1580; x_wconf 91' lang='lat' dir='ltr'>cum</span> <span class='ocrx_word' id='word_1_236' title='bbox 972 1544 1042 1579; x_wconf 92' lang='lat' dir='ltr'>duo</span> <span class='ocrx_word' id='word_1_237' title='bbox 1074 1544 1216 1579; x_wconf 87' lang='lat' dir='ltr'>fideius-</span> 
     </span>
     <span class='ocr_line' id='line_1_33' title="bbox 129 1590 1218 1637; baseline -0.004 -10"><span class='ocrx_word' id='word_1_238' title='bbox 129 1603 229 1627; x_wconf 81' lang='lat' dir='ltr'>sores</span> <span class='ocrx_word' id='word_1_239' title='bbox 248 1592 426 1627; x_wconf 89' lang='lat' dir='ltr'>hominem</span> <span class='ocrx_word' id='word_1_240' title='bbox 446 1592 524 1627; x_wconf 86' lang='lat' dir='ltr'>dari</span> <span class='ocrx_word' id='word_1_241' title='bbox 545 1591 812 1637; x_wconf 89' lang='lat' dir='ltr'>spoponderint,</span> <span class='ocrx_word' id='word_1_242' title='bbox 838 1590 1056 1626; x_wconf 91' lang='lat' dir='ltr'>diversorum</span> <span class='ocrx_word' id='word_1_243' title='bbox 1078 1590 1218 1634; x_wconf 88' lang='lat' dir='ltr'>quidem</span> 
     </span>
     <span class='ocr_line' id='line_1_34' title="bbox 129 1635 1217 1682; baseline -0.002 -10"><span class='ocrx_word' id='word_1_244' title='bbox 129 1637 310 1674; x_wconf 86' lang='lat' dir='ltr'>hominum</span> <span class='ocrx_word' id='word_1_245' title='bbox 333 1641 456 1682; x_wconf 90' lang='lat' dir='ltr'>partes</span> <span class='ocrx_word' id='word_1_246' title='bbox 481 1637 606 1672; x_wconf 88' lang='lat' dir='ltr'>dantes</span> <span class='ocrx_word' id='word_1_247' title='bbox 630 1648 703 1671; x_wconf 91' lang='lat' dir='ltr'>non</span> <span class='ocrx_word' id='word_1_248' title='bbox 732 1636 971 1671; x_wconf 70' lang='lat' dir='ltr'>liberantur⁴z</span> <span class='ocrx_word' id='word_1_249' title='bbox 1009 1639 1047 1670; x_wconf 87' lang='lat' dir='ltr'>at</span> <span class='ocrx_word' id='word_1_250' title='bbox 1071 1637 1101 1670; x_wconf 91' lang='lat' dir='ltr'>si</span> <span class='ocrx_word' id='word_1_251' title='bbox 1125 1635 1217 1671; x_wconf 89' lang='lat' dir='ltr'>eius-</span> 
     </span>
     <span class='ocr_line' id='line_1_35' title="bbox 130 1680 1217 1727; baseline -0.003 -10"><span class='ocrx_word' id='word_1_252' title='bbox 130 1686 150 1717; x_wconf 87' lang='lat'>2</span> <span class='ocrx_word' id='word_1_253' title='bbox 198 1683 278 1718; x_wconf 89' lang='lat' dir='ltr'>dem</span> <span class='ocrx_word' id='word_1_254' title='bbox 300 1683 453 1718; x_wconf 88' lang='lat' dir='ltr'>hominis</span> <span class='ocrx_word' id='word_1_255' title='bbox 478 1686 599 1727; x_wconf 90' lang='lat' dir='ltr'>partes</span> <span class='ocrx_word' id='word_1_256' title='bbox 623 1682 794 1725; x_wconf 88' lang='lat' dir='ltr'>dederint,</span> <span class='ocrx_word' id='word_1_257' title='bbox 819 1681 1053 1716; x_wconf 39' lang='lat' dir='ltr'>liberantur&amp;</span> <span class='ocrx_word' id='word_1_258' title='bbox 1097 1680 1217 1725; x_wconf 89' lang='lat' dir='ltr'>Stipu-</span> 
     </span>
     <span class='ocr_line' id='line_1_36' title="bbox 128 1726 1218 1763; baseline -0.003 0"><span class='ocrx_word' id='word_1_259' title='bbox 128 1728 223 1763; x_wconf 89' lang='lat' dir='ltr'>latus</span> <span class='ocrx_word' id='word_1_260' title='bbox 256 1739 335 1763; x_wconf 91' lang='lat' dir='ltr'>sum</span> <span class='ocrx_word' id='word_1_261' title='bbox 369 1728 491 1763; x_wconf 91' lang='lat' dir='ltr'>decem</span> <span class='ocrx_word' id='word_1_262' title='bbox 522 1727 608 1762; x_wconf 90' lang='lat' dir='ltr'>mihi</span> <span class='ocrx_word' id='word_1_263' title='bbox 639 1731 702 1762; x_wconf 89' lang='lat' dir='ltr'>aut</span> <span class='ocrx_word' id='word_1_264' title='bbox 732 1726 911 1762; x_wconf 86' lang='lat' dir='ltr'>hominem</span> <span class='ocrx_word' id='word_1_265' title='bbox 935 1726 1030 1761; x_wconf 90' lang='lat' dir='ltr'>Titio</span> <span class='ocrx_word' id='word_1_266' title='bbox 1058 1726 1153 1760; x_wconf 92' lang='lat' dir='ltr'>dari:</span> <span class='ocrx_word' id='word_1_267' title='bbox 1188 1726 1218 1761; x_wconf 92' lang='lat' dir='ltr'>si</span> 
     </span>
     <span class='ocr_line' id='line_1_37' title="bbox 128 1771 1219 1818; baseline -0.003 -10"><span class='ocrx_word' id='word_1_268' title='bbox 128 1774 234 1808; x_wconf 90' lang='lat' dir='ltr'>homo</span> <span class='ocrx_word' id='word_1_269' title='bbox 258 1773 352 1809; x_wconf 88' lang='lat' dir='ltr'>Titio</span> <span class='ocrx_word' id='word_1_270' title='bbox 379 1773 485 1808; x_wconf 89' lang='lat' dir='ltr'>datus</span> <span class='ocrx_word' id='word_1_271' title='bbox 510 1773 655 1814; x_wconf 83' lang='lat' dir='ltr'>fuisset,</span> <span class='ocrx_word' id='word_1_272' title='bbox 687 1772 883 1818; x_wconf 89' lang='lat' dir='ltr'>promissor</span> <span class='ocrx_word' id='word_1_273' title='bbox 907 1782 929 1806; x_wconf 91' lang='lat' dir='ltr'>a</span> <span class='ocrx_word' id='word_1_274' title='bbox 960 1781 1016 1807; x_wconf 90' lang='lat' dir='ltr'>me</span> <span class='ocrx_word' id='word_1_275' title='bbox 1046 1771 1219 1806; x_wconf 90' lang='lat' dir='ltr'>liberatur</span> 
     </span>
     <span class='ocr_line' id='line_1_38' title="bbox 128 1817 1218 1863; baseline -0.002 -10"><span class='ocrx_word' id='word_1_276' title='bbox 128 1822 183 1860; x_wconf 89' lang='lat' dir='ltr'>et,</span> <span class='ocrx_word' id='word_1_277' title='bbox 214 1823 405 1863; x_wconf 90' lang='lat' dir='ltr'>antequam</span> <span class='ocrx_word' id='word_1_278' title='bbox 429 1819 535 1853; x_wconf 90' lang='lat' dir='ltr'>homo</span> <span class='ocrx_word' id='word_1_279' title='bbox 561 1818 722 1861; x_wconf 89' lang='lat' dir='ltr'>daretur,</span> <span class='ocrx_word' id='word_1_280' title='bbox 755 1827 818 1862; x_wconf 88' lang='lat' dir='ltr'>ego</span> <span class='ocrx_word' id='word_1_281' title='bbox 845 1817 967 1852; x_wconf 79' lang='lat' dir='ltr'>decem</span> <span class='ocrx_word' id='word_1_282' title='bbox 990 1820 1111 1862; x_wconf 88' lang='lat' dir='ltr'>petere</span> <span class='ocrx_word' id='word_1_283' title='bbox 1134 1827 1218 1861; x_wconf 89' lang='lat' dir='ltr'>pos-</span> 
     </span>
     <span class='ocr_line' id='line_1_39' title="bbox 129 1862 1217 1915; baseline -0.002 -17"><span class='ocrx_word' id='word_1_284' title='bbox 129 1867 148 1898; x_wconf 86' lang='lat'>3</span> <span class='ocrx_word' id='word_1_285' title='bbox 197 1875 286 1899; x_wconf 90' lang='lat' dir='ltr'>sum.</span> <span class='ocrx_word' id='word_1_286' title='bbox 335 1864 373 1899; x_wconf 88' lang='lat' dir='ltr'>Si</span> <span class='ocrx_word' id='word_1_287' title='bbox 405 1864 538 1898; x_wconf 89' lang='lat' dir='ltr'>Titium</span> <span class='ocrx_word' id='word_1_288' title='bbox 572 1863 735 1899; x_wconf 90' lang='lat' dir='ltr'>omnibus</span> <span class='ocrx_word' id='word_1_289' title='bbox 767 1862 919 1907; x_wconf 84' lang='lat' dir='ltr'>negotiis</span> <span class='ocrx_word' id='word_1_290' title='bbox 943 1862 1031 1897; x_wconf 86' lang='lat' dir='ltr'>meis</span> <span class='ocrx_word' id='word_1_291' title='bbox 1063 1872 1217 1915; x_wconf 84' lang='lat' dir='ltr'>praepo-</span> 
     </span>
     <span class='ocr_line' id='line_1_40' title="bbox 128 1907 1216 1952; baseline -0.003 -8"><span class='ocrx_word' id='word_1_292' title='bbox 128 1919 253 1951; x_wconf 87' lang='lat' dir='ltr'>suero,</span> <span class='ocrx_word' id='word_1_293' title='bbox 286 1909 413 1944; x_wconf 89' lang='lat' dir='ltr'>deinde</span> <span class='ocrx_word' id='word_1_294' title='bbox 443 1912 589 1944; x_wconf 90' lang='lat' dir='ltr'>vetuero</span> <span class='ocrx_word' id='word_1_295' title='bbox 613 1919 694 1944; x_wconf 89' lang='lat' dir='ltr'>euni</span> <span class='ocrx_word' id='word_1_296' title='bbox 717 1907 964 1952; x_wconf 84' lang='lat' dir='ltr'>ignorantibus</span> <span class='ocrx_word' id='word_1_297' title='bbox 995 1907 1216 1942; x_wconf 76' lang='lat' dir='ltr'>debitoribus</span> 
     </span>
     <span class='ocr_line' id='line_1_41' title="bbox 129 1952 1216 2007; baseline -0.002 -18"><span class='ocrx_word' id='word_1_298' title='bbox 129 1954 377 1990; x_wconf 88' lang='lat' dir='ltr'>administrare</span> <span class='ocrx_word' id='word_1_299' title='bbox 401 1954 543 2007; x_wconf 82' lang='lat' dir='ltr'>negotia</span> <span class='ocrx_word' id='word_1_300' title='bbox 562 1964 651 1997; x_wconf 89' lang='lat' dir='ltr'>mea,</span> <span class='ocrx_word' id='word_1_301' title='bbox 677 1953 855 1989; x_wconf 87' lang='lat' dir='ltr'>debitores</span> <span class='ocrx_word' id='word_1_302' title='bbox 880 1953 913 1988; x_wconf 89' lang='lat' dir='ltr'>ei</span> <span class='ocrx_word' id='word_1_303' title='bbox 937 1952 1105 1988; x_wconf 90' lang='lat' dir='ltr'>solvendo</span> <span class='ocrx_word' id='word_1_304' title='bbox 1129 1952 1216 1987; x_wconf 89' lang='lat' dir='ltr'>libe·</span> 
     </span>
     <span class='ocr_line' id='line_1_42' title="bbox 128 1997 1217 2045; baseline -0.003 -10"><span class='ocrx_word' id='word_1_305' title='bbox 128 2000 320 2035; x_wconf 82' lang='lat' dir='ltr'>rabuntur:</span> <span class='ocrx_word' id='word_1_306' title='bbox 345 2010 429 2035; x_wconf 91' lang='lat' dir='ltr'>nam</span> <span class='ocrx_word' id='word_1_307' title='bbox 451 2011 493 2042; x_wconf 90' lang='grc'>16,</span> <span class='ocrx_word' id='word_1_308' title='bbox 519 1999 580 2045; x_wconf 92' lang='lat' dir='ltr'>qui</span> <span class='ocrx_word' id='word_1_309' title='bbox 605 1999 768 2035; x_wconf 86' lang='lat' dir='ltr'>omnibus</span> <span class='ocrx_word' id='word_1_310' title='bbox 792 1998 942 2043; x_wconf 88' lang='lat' dir='ltr'>negotiis</span> <span class='ocrx_word' id='word_1_311' title='bbox 967 1997 1041 2033; x_wconf 87' lang='lat' dir='ltr'>suis</span> <span class='ocrx_word' id='word_1_312' title='bbox 1063 1998 1217 2042; x_wconf 90' lang='lat' dir='ltr'>aliquem</span> 
     </span>
     <span class='ocr_line' id='line_1_43' title="bbox 127 2043 1218 2090; baseline -0.004 -9"><span class='ocrx_word' id='word_1_313' title='bbox 127 2046 331 2090; x_wconf 81' lang='lat' dir='ltr'>proponit⁵‚</span> <span class='ocrx_word' id='word_1_314' title='bbox 355 2045 573 2090; x_wconf 84' lang='lat' dir='ltr'>intellegitur</span> <span class='ocrx_word' id='word_1_315' title='bbox 597 2045 705 2079; x_wconf 89' lang='lat' dir='ltr'>etiam</span> <span class='ocrx_word' id='word_1_316' title='bbox 728 2044 947 2079; x_wconf 84' lang='lat' dir='ltr'>debitoribus</span> <span class='ocrx_word' id='word_1_317' title='bbox 973 2043 1152 2086; x_wconf 85' lang='lat' dir='ltr'>mandare,</span> <span class='ocrx_word' id='word_1_318' title='bbox 1178 2047 1218 2077; x_wconf 93' lang='lat' dir='ltr'>ut</span> 
     </span>
     <span class='ocr_line' id='line_1_44' title="bbox 128 2089 1217 2143; baseline -0.003 -18"><span class='ocrx_word' id='word_1_319' title='bbox 128 2094 148 2125; x_wconf 84' lang='grc'>4</span> <span class='ocrx_word' id='word_1_320' title='bbox 194 2091 422 2143; x_wconf 81' lang='lat' dir='ltr'>procuratori</span> <span class='ocrx_word' id='word_1_321' title='bbox 442 2091 591 2126; x_wconf 89' lang='lat' dir='ltr'>solvant.</span> <span class='ocrx_word' id='word_1_322' title='bbox 625 2090 663 2125; x_wconf 87' lang='lat' dir='ltr'>Si</span> <span class='ocrx_word' id='word_1_323' title='bbox 675 2090 774 2125; x_wconf 94' lang='lat' dir='ltr'>nullo</span> <span class='ocrx_word' id='word_1_324' title='bbox 785 2090 954 2124; x_wconf 89' lang='lat' dir='ltr'>mandato</span> <span class='ocrx_word' id='word_1_325' title='bbox 975 2089 1217 2124; x_wconf 86' lang='lat' dir='ltr'>intercedente</span> 
     </span>
     <span class='ocr_line' id='line_1_45' title="bbox 128 2133 1216 2178; baseline -0.003 -7"><span class='ocrx_word' id='word_1_326' title='bbox 128 2136 269 2172; x_wconf 89' lang='lat' dir='ltr'>debitor</span> <span class='ocrx_word' id='word_1_327' title='bbox 299 2136 391 2171; x_wconf 88' lang='lat' dir='ltr'>falso</span> <span class='ocrx_word' id='word_1_328' title='bbox 424 2135 676 2171; x_wconf 86' lang='lat' dir='ltr'>existimaverit</span> <span class='ocrx_word' id='word_1_329' title='bbox 706 2135 889 2170; x_wconf 89' lang='lat' dir='ltr'>voluntate</span> <span class='ocrx_word' id='word_1_330' title='bbox 918 2144 998 2169; x_wconf 91' lang='lat' dir='ltr'>mea</span> <span class='ocrx_word' id='word_1_331' title='bbox 1028 2133 1216 2178; x_wconf 89' lang='lat' dir='ltr'>pecuniam</span> 
     </span>
     <span class='ocr_line' id='line_1_46' title="bbox 128 2179 1215 2224; baseline -0.003 -8"><span class='ocrx_word' id='word_1_332' title='bbox 128 2192 167 2216; x_wconf 88' lang='lat' dir='ltr'>se</span> <span class='ocrx_word' id='word_1_333' title='bbox 191 2191 396 2222; x_wconf 87' lang='lat' dir='ltr'>numerare,</span> <span class='ocrx_word' id='word_1_334' title='bbox 430 2192 503 2216; x_wconf 89' lang='lat' dir='ltr'>non</span> <span class='ocrx_word' id='word_1_335' title='bbox 531 2180 752 2216; x_wconf 88' lang='lat' dir='ltr'>liberabitur.</span> <span class='ocrx_word' id='word_1_336' title='bbox 802 2183 837 2214; x_wconf 92' lang='lat' dir='ltr'>et</span> <span class='ocrx_word' id='word_1_337' title='bbox 868 2179 946 2215; x_wconf 89' lang='lat' dir='ltr'>ideo</span> <span class='ocrx_word' id='word_1_338' title='bbox 976 2179 1215 2224; x_wconf 86' lang='lat' dir='ltr'>procuratori,</span> 
     </span>
     <span class='ocr_line' id='line_1_47' title="bbox 129 2224 1215 2270; baseline -0.004 -8"><span class='ocrx_word' id='word_1_339' title='bbox 129 2227 189 2270; x_wconf 92' lang='lat' dir='ltr'>qui</span> <span class='ocrx_word' id='word_1_340' title='bbox 223 2237 263 2262; x_wconf 88' lang='lat' dir='ltr'>se</span> <span class='ocrx_word' id='word_1_341' title='bbox 293 2227 387 2262; x_wconf 88' lang='lat' dir='ltr'>ultro</span> <span class='ocrx_word' id='word_1_342' title='bbox 421 2226 544 2262; x_wconf 89' lang='lat' dir='ltr'>alienis</span> <span class='ocrx_word' id='word_1_343' title='bbox 576 2226 726 2270; x_wconf 86' lang='lat' dir='ltr'>negotiis</span> <span class='ocrx_word' id='word_1_344' title='bbox 759 2224 880 2268; x_wconf 88' lang='lat' dir='ltr'>offert,</span> <span class='ocrx_word' id='word_1_345' title='bbox 918 2224 1086 2260; x_wconf 89' lang='lat' dir='ltr'>solvendo</span> <span class='ocrx_word' id='word_1_346' title='bbox 1111 2234 1215 2259; x_wconf 90' lang='lat' dir='ltr'>nemo</span> 
     </span>
     <span class='ocr_line' id='line_1_48' title="bbox 129 2270 1217 2315; baseline -0.001 -9"><span class='ocrx_word' id='word_1_347' title='bbox 129 2276 148 2306; x_wconf 87' lang='lat'>5</span> <span class='ocrx_word' id='word_1_348' title='bbox 195 2272 426 2307; x_wconf 83' lang='lat' dir='ltr'>liberabitur:</span> <span class='ocrx_word' id='word_1_349' title='bbox 472 2272 524 2307; x_wconf 90' lang='lat' dir='ltr'>Et</span> <span class='ocrx_word' id='word_1_350' title='bbox 546 2282 626 2306; x_wconf 89' lang='lat' dir='ltr'>cum</span> <span class='ocrx_word' id='word_1_351' title='bbox 651 2270 839 2315; x_wconf 86' lang='lat' dir='ltr'>fugitivus,</span> <span class='ocrx_word' id='word_1_352' title='bbox 866 2270 927 2315; x_wconf 91' lang='lat' dir='ltr'>qui</span> <span class='ocrx_word' id='word_1_353' title='bbox 950 2280 1015 2315; x_wconf 90' lang='lat' dir='ltr'>pro</span> <span class='ocrx_word' id='word_1_354' title='bbox 1040 2270 1152 2305; x_wconf 91' lang='lat' dir='ltr'>libero</span> <span class='ocrx_word' id='word_1_355' title='bbox 1178 2280 1217 2305; x_wconf 91' lang='lat' dir='ltr'>se</span> 
     </span>
     <span class='ocr_line' id='line_1_49' title="bbox 127 2316 1215 2362; baseline -0.002 -10"><span class='ocrx_word' id='word_1_356' title='bbox 127 2318 289 2362; x_wconf 84' lang='lat' dir='ltr'>gerebat,</span> <span class='ocrx_word' id='word_1_357' title='bbox 322 2327 398 2353; x_wconf 90' lang='lat' dir='ltr'>rem</span> <span class='ocrx_word' id='word_1_358' title='bbox 428 2316 662 2360; x_wconf 87' lang='lat' dir='ltr'>vendidisset,</span> <span class='ocrx_word' id='word_1_359' title='bbox 703 2326 916 2361; x_wconf 89' lang='lat' dir='ltr'>responsum</span> <span class='ocrx_word' id='word_1_360' title='bbox 948 2319 1004 2351; x_wconf 89' lang='lat' dir='ltr'>est</span> <span class='ocrx_word' id='word_1_361' title='bbox 1037 2322 1215 2360; x_wconf 86' lang='lat' dir='ltr'>emptores</span> 
     </span>
     <span class='ocr_line' id='line_1_50' title="bbox 130 2360 1216 2407; baseline -0.002 -10"><span class='ocrx_word' id='word_1_362' title='bbox 130 2367 150 2398; x_wconf 79' lang='lat'>6</span> <span class='ocrx_word' id='word_1_363' title='bbox 198 2362 344 2407; x_wconf 85' lang='lat' dir='ltr'>fugitivo</span> <span class='ocrx_word' id='word_1_364' title='bbox 365 2362 543 2398; x_wconf 89' lang='lat' dir='ltr'>solventes</span> <span class='ocrx_word' id='word_1_365' title='bbox 563 2372 586 2397; x_wconf 89' lang='lat' dir='ltr'>a</span> <span class='ocrx_word' id='word_1_366' title='bbox 605 2362 747 2397; x_wconf 90' lang='lat' dir='ltr'>domino</span> <span class='ocrx_word' id='word_1_367' title='bbox 767 2361 937 2396; x_wconf 87' lang='lat' dir='ltr'>liberatos</span> <span class='ocrx_word' id='word_1_368' title='bbox 959 2371 1031 2395; x_wconf 91' lang='lat' dir='ltr'>non</span> <span class='ocrx_word' id='word_1_369' title='bbox 1051 2371 1141 2396; x_wconf 88' lang='lat' dir='ltr'>esse.</span> <span class='ocrx_word' id='word_1_370' title='bbox 1178 2360 1216 2395; x_wconf 85' lang='lat' dir='ltr'>Si</span> 
     </span>
     <span class='ocr_line' id='line_1_51' title="bbox 127 2406 1216 2453; baseline -0.002 -10"><span class='ocrx_word' id='word_1_371' title='bbox 127 2418 235 2453; x_wconf 88' lang='lat' dir='ltr'>gener</span> <span class='ocrx_word' id='word_1_372' title='bbox 259 2418 403 2450; x_wconf 87' lang='lat' dir='ltr'>socero,</span> <span class='ocrx_word' id='word_1_373' title='bbox 438 2408 624 2452; x_wconf 86' lang='lat' dir='ltr'>ignorante</span> <span class='ocrx_word' id='word_1_374' title='bbox 648 2407 739 2450; x_wconf 90' lang='lat' dir='ltr'>filia,</span> <span class='ocrx_word' id='word_1_375' title='bbox 776 2406 894 2442; x_wconf 90' lang='lat' dir='ltr'>dotem</span> <span class='ocrx_word' id='word_1_376' title='bbox 926 2406 1107 2448; x_wconf 89' lang='lat' dir='ltr'>solvisset,</span> <span class='ocrx_word' id='word_1_377' title='bbox 1143 2417 1216 2441; x_wconf 92' lang='lat' dir='ltr'>non</span> 
     </span>
     <span class='ocr_line' id='line_1_52' title="bbox 128 2451 1214 2505; baseline -0.002 -17"><span class='ocrx_word' id='word_1_378' title='bbox 128 2457 183 2488; x_wconf 86' lang='lat' dir='ltr'>est</span> <span class='ocrx_word' id='word_1_379' title='bbox 211 2453 400 2494; x_wconf 88' lang='lat' dir='ltr'>liberatus,</span> <span class='ocrx_word' id='word_1_380' title='bbox 433 2453 518 2489; x_wconf 78' lang='lat' dir='ltr'>sed⁶</span> <span class='ocrx_word' id='word_1_381' title='bbox 543 2452 731 2488; x_wconf 88' lang='lat' dir='ltr'>condicere</span> <span class='ocrx_word' id='word_1_382' title='bbox 755 2462 880 2488; x_wconf 91' lang='lat' dir='ltr'>socero</span> <span class='ocrx_word' id='word_1_383' title='bbox 904 2455 1039 2505; x_wconf 84' lang='lat' dir='ltr'>potest,</span> <span class='ocrx_word' id='word_1_384' title='bbox 1065 2451 1134 2486; x_wconf 91' lang='lat' dir='ltr'>nisi</span> <span class='ocrx_word' id='word_1_385' title='bbox 1158 2462 1214 2486; x_wconf 89' lang='lat' dir='ltr'>ra-</span> 
     </span>
     <span class='ocr_line' id='line_1_53' title="bbox 127 2497 1216 2551; baseline -0.002 -18"><span class='ocrx_word' id='word_1_386' title='bbox 127 2502 204 2533; x_wconf 92' lang='lat' dir='ltr'>tum</span> <span class='ocrx_word' id='word_1_387' title='bbox 227 2499 302 2533; x_wconf 88' lang='lat' dir='ltr'>filia</span> <span class='ocrx_word' id='word_1_388' title='bbox 324 2498 520 2534; x_wconf 84' lang='lat' dir='ltr'>habuisset.</span> <span class='ocrx_word' id='word_1_389' title='bbox 554 2501 590 2533; x_wconf 90' lang='lat' dir='ltr'>et</span> <span class='ocrx_word' id='word_1_390' title='bbox 612 2497 870 2551; x_wconf 90' lang='lat' dir='ltr'>propemodum</span> <span class='ocrx_word' id='word_1_391' title='bbox 890 2497 1014 2532; x_wconf 86' lang='lat' dir='ltr'>similis</span> <span class='ocrx_word' id='word_1_392' title='bbox 1035 2501 1090 2533; x_wconf 90' lang='lat' dir='ltr'>est</span> <span class='ocrx_word' id='word_1_393' title='bbox 1108 2507 1216 2541; x_wconf 90' lang='lat' dir='ltr'>gener</span> 
     </span>
     <span class='ocr_line' id='line_1_54' title="bbox 127 2542 1216 2589; baseline -0.002 -11"><span class='ocrx_word' id='word_1_394' title='bbox 127 2543 172 2586; x_wconf 89' lang='lat' dir='ltr'>ei,</span> <span class='ocrx_word' id='word_1_395' title='bbox 197 2545 258 2588; x_wconf 92' lang='lat' dir='ltr'>qui</span> <span class='ocrx_word' id='word_1_396' title='bbox 282 2544 439 2579; x_wconf 84' lang='lat' dir='ltr'>absentis</span> <span class='ocrx_word' id='word_1_397' title='bbox 462 2548 690 2589; x_wconf 81' lang='lat' dir='ltr'>procuratori</span> <span class='ocrx_word' id='word_1_398' title='bbox 713 2544 877 2585; x_wconf 89' lang='lat' dir='ltr'>solveret,</span> <span class='ocrx_word' id='word_1_399' title='bbox 903 2542 986 2588; x_wconf 90' lang='lat' dir='ltr'>quia</span> <span class='ocrx_word' id='word_1_400' title='bbox 1009 2542 1046 2577; x_wconf 94' lang='lat' dir='ltr'>in</span> <span class='ocrx_word' id='word_1_401' title='bbox 1071 2552 1216 2577; x_wconf 87' lang='lat' dir='ltr'>causam</span> 
     </span>
     <span class='ocr_line' id='line_1_55' title="bbox 129 2588 1217 2635; baseline -0.003 -11"><span class='ocrx_word' id='word_1_402' title='bbox 129 2588 222 2624; x_wconf 89' lang='lat' dir='ltr'>dotis</span> <span class='ocrx_word' id='word_1_403' title='bbox 247 2589 428 2635; x_wconf 88' lang='lat' dir='ltr'>particeps</span> <span class='ocrx_word' id='word_1_404' title='bbox 453 2593 489 2624; x_wconf 92' lang='lat' dir='ltr'>et</span> <span class='ocrx_word' id='word_1_405' title='bbox 520 2589 621 2634; x_wconf 90' lang='lat' dir='ltr'>quasi</span> <span class='ocrx_word' id='word_1_406' title='bbox 645 2589 744 2624; x_wconf 88' lang='lat' dir='ltr'>socia</span> <span class='ocrx_word' id='word_1_407' title='bbox 768 2588 993 2633; x_wconf 82' lang='lat' dir='ltr'>obligationis</span> <span class='ocrx_word' id='word_1_408' title='bbox 1025 2588 1121 2632; x_wconf 90' lang='lat' dir='ltr'>patri</span> <span class='ocrx_word' id='word_1_409' title='bbox 1144 2588 1217 2622; x_wconf 88' lang='lat' dir='ltr'>filia</span> 
     </span>
     <span class='ocr_line' id='line_1_56' title="bbox 129 2633 1215 2678; baseline -0.004 -8"><span class='ocrx_word' id='word_1_410' title='bbox 129 2638 146 2666; x_wconf 85' lang='lat'><em>7</em></span> <span class='ocrx_word' id='word_1_411' title='bbox 196 2638 299 2670; x_wconf 88' lang='lat' dir='ltr'>esset.</span> <span class='ocrx_word' id='word_1_412' title='bbox 338 2635 376 2669; x_wconf 84' lang='lat' dir='ltr'>Si</span> <span class='ocrx_word' id='word_1_413' title='bbox 396 2634 591 2670; x_wconf 89' lang='lat' dir='ltr'>debitorem</span> <span class='ocrx_word' id='word_1_414' title='bbox 614 2644 732 2669; x_wconf 90' lang='lat' dir='ltr'>meum</span> <span class='ocrx_word' id='word_1_415' title='bbox 752 2633 889 2669; x_wconf 89' lang='lat' dir='ltr'>iussero</span> <span class='ocrx_word' id='word_1_416' title='bbox 912 2634 1102 2678; x_wconf 84' lang='lat' dir='ltr'>pecuniam</span> <span class='ocrx_word' id='word_1_417' title='bbox 1121 2633 1215 2667; x_wconf 86' lang='lat' dir='ltr'>Titio</span> 
     </span>
     <span class='ocr_line' id='line_1_57' title="bbox 129 2679 1215 2724; baseline -0.002 -10"><span class='ocrx_word' id='word_1_418' title='bbox 129 2679 215 2715; x_wconf 89' lang='lat' dir='ltr'>dare</span> <span class='ocrx_word' id='word_1_419' title='bbox 244 2680 440 2715; x_wconf 89' lang='lat' dir='ltr'>donaturus</span> <span class='ocrx_word' id='word_1_420' title='bbox 472 2679 524 2722; x_wconf 91' lang='lat' dir='ltr'>ei,</span> <span class='ocrx_word' id='word_1_421' title='bbox 561 2679 721 2724; x_wconf 88' lang='lat' dir='ltr'>quamvis</span> <span class='ocrx_word' id='word_1_422' title='bbox 746 2679 862 2713; x_wconf 90' lang='lat' dir='ltr'>Titius</span> <span class='ocrx_word' id='word_1_423' title='bbox 894 2689 937 2713; x_wconf 90' lang='lat' dir='ltr'>ea</span> <span class='ocrx_word' id='word_1_424' title='bbox 965 2682 1083 2713; x_wconf 91' lang='lat' dir='ltr'>mente</span> <span class='ocrx_word' id='word_1_425' title='bbox 1113 2688 1215 2712; x_wconf 85' lang='lat' dir='ltr'>acce-</span> 
     </span>
     <span class='ocr_line' id='line_1_58' title="bbox 128 2723 1216 2769; baseline -0.002 -9"><span class='ocrx_word' id='word_1_426' title='bbox 128 2725 231 2769; x_wconf 84' lang='lat' dir='ltr'>perit,</span> <span class='ocrx_word' id='word_1_427' title='bbox 257 2729 297 2760; x_wconf 90' lang='lat' dir='ltr'>ut</span> <span class='ocrx_word' id='word_1_428' title='bbox 320 2734 417 2760; x_wconf 90' lang='lat' dir='ltr'>meos</span> <span class='ocrx_word' id='word_1_429' title='bbox 441 2735 604 2759; x_wconf 88' lang='lat' dir='ltr'>nummos</span> <span class='ocrx_word' id='word_1_430' title='bbox 628 2725 774 2764; x_wconf 83' lang='lat' dir='ltr'>faceret,</span> <span class='ocrx_word' id='word_1_431' title='bbox 800 2723 912 2759; x_wconf 91' lang='lat' dir='ltr'>nihilo</span> <span class='ocrx_word' id='word_1_432' title='bbox 935 2724 1052 2759; x_wconf 90' lang='lat' dir='ltr'>minus</span> <span class='ocrx_word' id='word_1_433' title='bbox 1077 2723 1216 2758; x_wconf 90' lang='lat' dir='ltr'>debitor</span> 
     </span>
     <span class='ocr_line' id='line_1_59' title="bbox 129 2769 1216 2815; baseline -0.001 -11"><span class='ocrx_word' id='word_1_434' title='bbox 129 2769 359 2805; x_wconf 85' lang='lat' dir='ltr'>liberabitur:</span> <span class='ocrx_word' id='word_1_435' title='bbox 398 2770 483 2805; x_wconf 91' lang='lat' dir='ltr'>sed⁷</span> <span class='ocrx_word' id='word_1_436' title='bbox 509 2770 540 2805; x_wconf 89' lang='lat' dir='ltr'>si</span> <span class='ocrx_word' id='word_1_437' title='bbox 563 2773 690 2815; x_wconf 88' lang='lat' dir='ltr'>postea</span> <span class='ocrx_word' id='word_1_438' title='bbox 713 2769 829 2804; x_wconf 88' lang='lat' dir='ltr'>Titius</span> <span class='ocrx_word' id='word_1_439' title='bbox 854 2769 1003 2804; x_wconf 88' lang='lat' dir='ltr'>eandem</span> <span class='ocrx_word' id='word_1_440' title='bbox 1027 2769 1216 2812; x_wconf 88' lang='lat' dir='ltr'>pecuniam</span> 
     </span>
     <span class='ocr_line' id='line_1_60' title="bbox 130 2813 1215 2858; baseline -0.001 -9"><span class='ocrx_word' id='word_1_441' title='bbox 130 2819 149 2849; x_wconf 80' lang='grc'><strong>8</strong></span> <span class='ocrx_word' id='word_1_442' title='bbox 197 2815 282 2849; x_wconf 84' lang='grc'><strong>1111111</strong></span> <span class='ocrx_word' id='word_1_443' title='bbox 305 2814 476 2857; x_wconf 88' lang='lat' dir='ltr'>dedisset,</span> <span class='ocrx_word' id='word_1_444' title='bbox 511 2815 645 2849; x_wconf 91' lang='lat' dir='ltr'>nummi</span> <span class='ocrx_word' id='word_1_445' title='bbox 675 2815 742 2849; x_wconf 90' lang='lat' dir='ltr'>mei</span> <span class='ocrx_word' id='word_1_446' title='bbox 773 2815 870 2849; x_wconf 87' lang='lat' dir='ltr'>fient.</span> <span class='ocrx_word' id='word_1_447' title='bbox 919 2813 1071 2858; x_wconf 79' lang='lat' dir='ltr'>Quidam</span> <span class='ocrx_word' id='word_1_448' title='bbox 1104 2814 1215 2848; x_wconf 86' lang='lat' dir='ltr'>filium</span> 
     </span>
     <span class='ocr_line' id='line_1_61' title="bbox 129 2859 1214 2904; baseline -0.002 -9"><span class='ocrx_word' id='word_1_449' title='bbox 129 2860 300 2902; x_wconf 84' lang='lat' dir='ltr'>familias,</span> <span class='ocrx_word' id='word_1_450' title='bbox 331 2870 354 2895; x_wconf 85' lang='lat' dir='ltr'>a</span> <span class='ocrx_word' id='word_1_451' title='bbox 378 2871 448 2904; x_wconf 93' lang='lat' dir='ltr'>quo</span> <span class='ocrx_word' id='word_1_452' title='bbox 472 2859 716 2895; x_wconf 86' lang='lat' dir='ltr'>fideiussorem</span> <span class='ocrx_word' id='word_1_453' title='bbox 740 2864 946 2904; x_wconf 86' lang='lat' dir='ltr'>acceperat,</span> <span class='ocrx_word' id='word_1_454' title='bbox 971 2859 1137 2894; x_wconf 89' lang='lat' dir='ltr'>heredem</span> <span class='ocrx_word' id='word_1_455' title='bbox 1161 2859 1214 2894; x_wconf 90' lang='lat' dir='ltr'>in-</span> 
     </span>
     <span class='ocr_line' id='line_1_62' title="bbox 129 2905 1214 2950; baseline -0.001 -10"><span class='ocrx_word' id='word_1_456' title='bbox 129 2906 311 2941; x_wconf 90' lang='lat' dir='ltr'>stituerat:</span> <span class='ocrx_word' id='word_1_457' title='bbox 338 2905 537 2949; x_wconf 89' lang='lat' dir='ltr'>quaesitum</span> <span class='ocrx_word' id='word_1_458' title='bbox 556 2909 620 2947; x_wconf 87' lang='lat' dir='ltr'>est,</span> <span class='ocrx_word' id='word_1_459' title='bbox 646 2905 677 2940; x_wconf 90' lang='lat' dir='ltr'>si</span> <span class='ocrx_word' id='word_1_460' title='bbox 693 2906 793 2940; x_wconf 88' lang='lat' dir='ltr'>iussu</span> <span class='ocrx_word' id='word_1_461' title='bbox 817 2905 930 2950; x_wconf 88' lang='lat' dir='ltr'>patris</span> <span class='ocrx_word' id='word_1_462' title='bbox 954 2905 1089 2940; x_wconf 89' lang='lat' dir='ltr'>adisset</span> <span class='ocrx_word' id='word_1_463' title='bbox 1112 2905 1214 2939; x_wconf 86' lang='lat' dir='ltr'>liere-</span> 
     </span>
     <span class='ocr_line' id='line_1_63' title="bbox 129 2949 1214 2995; baseline -0.001 -10"><span class='ocrx_word' id='word_1_464' title='bbox 129 2951 287 2992; x_wconf 85' lang='lat' dir='ltr'>ditatem,</span> <span class='ocrx_word' id='word_1_465' title='bbox 312 2961 358 2985; x_wconf 91' lang='lat' dir='ltr'>an</span> <span class='ocrx_word' id='word_1_466' title='bbox 382 2954 485 2995; x_wconf 88' lang='lat' dir='ltr'>pater</span> <span class='ocrx_word' id='word_1_467' title='bbox 509 2961 589 2985; x_wconf 90' lang='lat' dir='ltr'>cum</span> <span class='ocrx_word' id='word_1_468' title='bbox 612 2950 821 2985; x_wconf 88' lang='lat' dir='ltr'>fideiussore</span> <span class='ocrx_word' id='word_1_469' title='bbox 841 2960 945 2995; x_wconf 88' lang='lat' dir='ltr'>agere</span> <span class='ocrx_word' id='word_1_470' title='bbox 962 2953 1096 2995; x_wconf 84' lang='lat' dir='ltr'>posset.</span> <span class='ocrx_word' id='word_1_471' title='bbox 1130 2949 1214 2992; x_wconf 87' lang='lat' dir='ltr'>dixi,</span> 
     </span>
     <span class='ocr_line' id='line_1_64' title="bbox 130 2995 1215 3040; baseline -0.001 -9"><span class='ocrx_word' id='word_1_472' title='bbox 130 2996 294 3040; x_wconf 90' lang='lat' dir='ltr'>quotiens</span> <span class='ocrx_word' id='word_1_473' title='bbox 325 3006 409 3031; x_wconf 89' lang='lat' dir='ltr'>reus</span> <span class='ocrx_word' id='word_1_474' title='bbox 441 2995 639 3031; x_wconf 89' lang='lat' dir='ltr'>satisdandi</span> <span class='ocrx_word' id='word_1_475' title='bbox 669 3006 730 3030; x_wconf 91' lang='lat' dir='ltr'>reo</span> <span class='ocrx_word' id='word_1_476' title='bbox 763 2995 851 3031; x_wconf 89' lang='lat' dir='ltr'>satis</span> <span class='ocrx_word' id='word_1_477' title='bbox 883 2995 1080 3040; x_wconf 90' lang='lat' dir='ltr'>accipiendi</span> <span class='ocrx_word' id='word_1_478' title='bbox 1111 2995 1215 3030; x_wconf 90' lang='lat' dir='ltr'>heres</span> 
     </span>
     <span class='ocr_line' id='line_1_65' title="bbox 129 3040 1215 3086; baseline -0.002 -10"><span class='ocrx_word' id='word_1_479' title='bbox 129 3042 297 3076; x_wconf 82' lang='lat' dir='ltr'>existeret</span> <span class='ocrx_word' id='word_1_480' title='bbox 307 3042 331 3083; x_wconf 84' lang='lat'>⁸,</span> <span class='ocrx_word' id='word_1_481' title='bbox 354 3040 581 3076; x_wconf 88' lang='lat' dir='ltr'>fideiussores</span> <span class='ocrx_word' id='word_1_482' title='bbox 605 3040 683 3075; x_wconf 91' lang='lat' dir='ltr'>ideo</span> <span class='ocrx_word' id='word_1_483' title='bbox 708 3041 868 3083; x_wconf 89' lang='lat' dir='ltr'>liberari,</span> <span class='ocrx_word' id='word_1_484' title='bbox 893 3041 977 3086; x_wconf 89' lang='lat' dir='ltr'>quia</span> <span class='ocrx_word' id='word_1_485' title='bbox 1000 3051 1066 3085; x_wconf 89' lang='lat' dir='ltr'>pro</span> <span class='ocrx_word' id='word_1_486' title='bbox 1091 3041 1215 3076; x_wconf 91' lang='lat' dir='ltr'>eodem</span> 
     </span>
     <span class='ocr_line' id='line_1_66' title="bbox 130 3085 1213 3131; baseline -0.001 -10"><span class='ocrx_word' id='word_1_487' title='bbox 130 3089 150 3121; x_wconf 87' lang='grc'><strong>9</strong></span> <span class='ocrx_word' id='word_1_488' title='bbox 196 3086 294 3131; x_wconf 86' lang='lat' dir='ltr'>apud</span> <span class='ocrx_word' id='word_1_489' title='bbox 316 3086 468 3121; x_wconf 91' lang='lat' dir='ltr'>eundem</span> <span class='ocrx_word' id='word_1_490' title='bbox 492 3086 620 3121; x_wconf 88' lang='lat' dir='ltr'>debere</span> <span class='ocrx_word' id='word_1_491' title='bbox 643 3096 716 3120; x_wconf 92' lang='lat' dir='ltr'>non</span> <span class='ocrx_word' id='word_1_492' title='bbox 739 3090 897 3131; x_wconf 89' lang='lat' dir='ltr'>possent.</span> <span class='ocrx_word' id='word_1_493' title='bbox 946 3086 985 3120; x_wconf 89' lang='lat' dir='ltr'>Si</span> <span class='ocrx_word' id='word_1_494' title='bbox 1008 3086 1141 3131; x_wconf 89' lang='lat' dir='ltr'>praedo</span> <span class='ocrx_word' id='word_1_495' title='bbox 1166 3085 1213 3127; x_wconf 89' lang='lat' dir='ltr'>id,</span> 
     </span>
     <span class='ocr_line' id='line_1_67' title="bbox 130 3130 1214 3176; baseline -0.001 -10"><span class='ocrx_word' id='word_1_496' title='bbox 130 3131 225 3176; x_wconf 91' lang='lat' dir='ltr'>quod</span> <span class='ocrx_word' id='word_1_497' title='bbox 248 3141 270 3166; x_wconf 89' lang='lat' dir='ltr'>a</span> <span class='ocrx_word' id='word_1_498' title='bbox 294 3131 512 3167; x_wconf 89' lang='lat' dir='ltr'>debitoribus</span> <span class='ocrx_word' id='word_1_499' title='bbox 536 3130 759 3166; x_wconf 87' lang='lat' dir='ltr'>hereditariis</span> <span class='ocrx_word' id='word_1_500' title='bbox 783 3135 968 3176; x_wconf 86' lang='lat' dir='ltr'>exegerat,</span> <span class='ocrx_word' id='word_1_501' title='bbox 992 3131 1127 3175; x_wconf 91' lang='lat' dir='ltr'>petenti</span> <span class='ocrx_word' id='word_1_502' title='bbox 1151 3131 1214 3165; x_wconf 90' lang='lat' dir='ltr'>he-</span> 
     </span>
     <span class='ocr_line' id='line_1_68' title="bbox 132 3176 1215 3217; baseline -0.001 -6"><span class='ocrx_word' id='word_1_503' title='bbox 132 3180 172 3211; x_wconf 89' lang='lat'>10</span> <span class='ocrx_word' id='word_1_504' title='bbox 219 3177 406 3212; x_wconf 90' lang='lat' dir='ltr'>reditatem</span> <span class='ocrx_word' id='word_1_505' title='bbox 430 3177 641 3217; x_wconf 88' lang='lat' dir='ltr'>restituerit,</span> <span class='ocrx_word' id='word_1_506' title='bbox 668 3176 845 3212; x_wconf 90' lang='lat' dir='ltr'>debitores</span> <span class='ocrx_word' id='word_1_507' title='bbox 869 3177 1128 3212; x_wconf 90' lang='lat' dir='ltr'>liberabuntur.</span> <span class='ocrx_word' id='word_1_508' title='bbox 1177 3176 1215 3210; x_wconf 90' lang='lat' dir='ltr'>Si</span> 
     </span>
     <span class='ocr_line' id='line_1_69' title="bbox 130 3220 1213 3265; baseline -0.002 -8"><span class='ocrx_word' id='word_1_509' title='bbox 130 3222 252 3257; x_wconf 89' lang='lat' dir='ltr'>decem</span> <span class='ocrx_word' id='word_1_510' title='bbox 283 3226 347 3256; x_wconf 91' lang='lat' dir='ltr'>aut</span> <span class='ocrx_word' id='word_1_511' title='bbox 374 3222 552 3257; x_wconf 91' lang='lat' dir='ltr'>hominem</span> <span class='ocrx_word' id='word_1_512' title='bbox 585 3220 663 3255; x_wconf 91' lang='lat' dir='ltr'>dari</span> <span class='ocrx_word' id='word_1_513' title='bbox 701 3221 891 3265; x_wconf 89' lang='lat' dir='ltr'>stipulatus</span> <span class='ocrx_word' id='word_1_514' title='bbox 920 3221 1022 3256; x_wconf 81' lang='lat' dir='ltr'>fuero</span> <span class='ocrx_word' id='word_1_515' title='bbox 1055 3225 1092 3256; x_wconf 90' lang='lat' dir='ltr'>et</span> <span class='ocrx_word' id='word_1_516' title='bbox 1124 3221 1213 3256; x_wconf 90' lang='lat' dir='ltr'>duos</span> 
     </span>
     <span class='ocr_line' id='line_1_70' title="bbox 128 3266 1213 3312; baseline -0.001 -11"><span class='ocrx_word' id='word_1_517' title='bbox 128 3266 355 3302; x_wconf 85' lang='lat' dir='ltr'>fideiussores</span> <span class='ocrx_word' id='word_1_518' title='bbox 395 3277 568 3312; x_wconf 88' lang='lat' dir='ltr'>accepero</span> <span class='ocrx_word' id='word_1_519' title='bbox 602 3266 732 3300; x_wconf 92' lang='lat' dir='ltr'>Titium</span> <span class='ocrx_word' id='word_1_520' title='bbox 762 3270 798 3301; x_wconf 92' lang='lat' dir='ltr'>et</span> <span class='ocrx_word' id='word_1_521' title='bbox 827 3266 1007 3302; x_wconf 88' lang='lat' dir='ltr'>Maevium</span> <span class='ocrx_word' id='word_1_522' title='bbox 1039 3270 1075 3301; x_wconf 93' lang='lat' dir='ltr'>et</span> <span class='ocrx_word' id='word_1_523' title='bbox 1097 3266 1213 3301; x_wconf 87' lang='lat' dir='ltr'>Titius</span> 
     </span>
     <span class='ocr_line' id='line_1_71' title="bbox 129 3311 1213 3357; baseline -0.002 -10"><span class='ocrx_word' id='word_1_524' title='bbox 129 3312 285 3357; x_wconf 88' lang='lat' dir='ltr'>quinque</span> <span class='ocrx_word' id='word_1_525' title='bbox 308 3312 460 3354; x_wconf 90' lang='lat' dir='ltr'>solverit,</span> <span class='ocrx_word' id='word_1_526' title='bbox 485 3322 559 3346; x_wconf 89' lang='lat' dir='ltr'>non</span> <span class='ocrx_word' id='word_1_527' title='bbox 582 3311 802 3353; x_wconf 91' lang='lat' dir='ltr'>liberabitur,</span> <span class='ocrx_word' id='word_1_528' title='bbox 851 3312 1033 3356; x_wconf 88' lang='lat' dir='ltr'>riusquam</span> <span class='ocrx_word' id='word_1_529' title='bbox 1051 3311 1213 3347; x_wconf 91' lang='lat' dir='ltr'>Maevius</span> 
     </span>
     <span class='ocr_line' id='line_1_72' title="bbox 129 3356 1213 3402; baseline -0.002 -10"><span class='ocrx_word' id='word_1_530' title='bbox 129 3367 271 3402; x_wconf 87' lang='lat' dir='ltr'>quoque</span> <span class='ocrx_word' id='word_1_531' title='bbox 294 3357 379 3401; x_wconf 86' lang='lat' dir='ltr'>quin</span> <span class='ocrx_word' id='word_1_532' title='bbox 403 3367 449 3392; x_wconf 88' lang='lat' dir='ltr'>ue</span> <span class='ocrx_word' id='word_1_533' title='bbox 473 3357 602 3392; x_wconf 86' lang='lat' dir='ltr'>solvat:</span> <span class='ocrx_word' id='word_1_534' title='bbox 628 3356 723 3401; x_wconf 88' lang='lat' dir='ltr'>quod</span> <span class='ocrx_word' id='word_1_535' title='bbox 747 3356 779 3391; x_wconf 87' lang='lat' dir='ltr'>si</span> <span class='ocrx_word' id='word_1_536' title='bbox 843 3357 962 3392; x_wconf 90' lang='lat' dir='ltr'>aevius</span> <span class='ocrx_word' id='word_1_537' title='bbox 987 3360 1124 3401; x_wconf 89' lang='lat' dir='ltr'>partem</span> <span class='ocrx_word' id='word_1_538' title='bbox 1148 3357 1213 3390; x_wconf 90' lang='lat' dir='ltr'>ho-</span> 
     </span>
     <span class='ocr_line' id='line_1_73' title="bbox 135 3401 1214 3446; baseline 0 -10"><span class='ocrx_word' id='word_1_539' title='bbox 135 3405 170 3437; x_wconf 85' lang='grc'>11</span> <span class='ocrx_word' id='word_1_540' title='bbox 219 3402 321 3437; x_wconf 84' lang='grc'><strong>11111116</strong></span> <span class='ocrx_word' id='word_1_541' title='bbox 345 3413 385 3437; x_wconf 90' lang='lat' dir='ltr'>so</span> <span class='ocrx_word' id='word_1_542' title='bbox 401 3402 499 3444; x_wconf 90' lang='lat' dir='ltr'>verit,</span> <span class='ocrx_word' id='word_1_543' title='bbox 524 3406 675 3446; x_wconf 89' lang='lat' dir='ltr'>uterque</span> <span class='ocrx_word' id='word_1_544' title='bbox 699 3401 875 3445; x_wconf 88' lang='lat' dir='ltr'>obligatus</span> <span class='ocrx_word' id='word_1_545' title='bbox 899 3401 1107 3437; x_wconf 88' lang='lat' dir='ltr'>remanebit.</span> <span class='ocrx_word' id='word_1_546' title='bbox 1145 3402 1214 3446; x_wconf 76' lang='lat' dir='ltr'>Qui</span> 
     </span>
    </p>
   </div>
   <div class='ocr_carea' id='block_1_4' title="bbox 185 3478 314 3485">
    <p class='ocr_par' dir='ltr' id='par_1_4' title="bbox 185 3478 314 3485">
     <span class='ocr_line' id='line_1_74' title="bbox 185 3478 314 3485; baseline 0 0"><span class='ocrx_word' id='word_1_547' title='bbox 185 3478 314 3485; x_wconf 95' lang='lat' dir='ltr'> </span> 
     </span>
    </p>
   </div>
   <div class='ocr_carea' id='block_1_5' title="bbox 141 3479 183 3487">
    <p class='ocr_par' dir='ltr' id='par_1_5' title="bbox 141 3479 183 3487">
     <span class='ocr_line' id='line_1_75' title="bbox 141 3479 183 3487; baseline 0 -4"><span class='ocrx_word' id='word_1_548' title='bbox 141 3479 183 3487; x_wconf 68' lang='grc'>,-</span> 
     </span>
    </p>
   </div>
   <div class='ocr_carea' id='block_1_6' title="bbox 130 3514 1215 3738">
    <p class='ocr_par' dir='ltr' id='par_1_6' title="bbox 130 3514 1215 3738">
     <span class='ocr_line' id='line_1_76' title="bbox 130 3514 1215 3558; baseline 0.001 -11"><span class='ocrx_word' id='word_1_549' title='bbox 130 3517 169 3556; x_wconf 79' lang='grc'>(1)</span> <span class='ocrx_word' id='word_1_550' title='bbox 194 3514 421 3548; x_wconf 82' lang='lat' dir='ltr'>vulneraverit</span> <span class='ocrx_word' id='word_1_551' title='bbox 434 3515 468 3547; x_wconf 85' lang='lat' dir='ltr'><em>F</em></span> <span class='ocrx_word' id='word_1_552' title='bbox 469 3514 484 3535; x_wconf 83' lang='lat'>²</span> <span class='ocrx_word' id='word_1_553' title='bbox 542 3516 584 3556; x_wconf 82' lang='lat'>(2)</span> <span class='ocrx_word' id='word_1_554' title='bbox 611 3515 658 3547; x_wconf 84' lang='lat' dir='ltr'>ad</span> <span class='ocrx_word' id='word_1_555' title='bbox 665 3527 717 3558; x_wconf 86' lang='lat' dir='ltr'>pr.</span> <span class='ocrx_word' id='word_1_556' title='bbox 733 3515 774 3557; x_wconf 73' lang='lat' dir='ltr'>cf</span> <span class='ocrx_word' id='word_1_557' title='bbox 791 3514 811 3546; x_wconf 85' lang='lat' dir='ltr'>l.</span> <span class='ocrx_word' id='word_1_558' title='bbox 825 3521 860 3547; x_wconf 81' lang='grc'>59</span> <span class='ocrx_word' id='word_1_559' title='bbox 876 3514 905 3547; x_wconf 77' lang='lat' dir='ltr'>h.</span> <span class='ocrx_word' id='word_1_560' title='bbox 920 3521 941 3547; x_wconf 80' lang='lat' dir='ltr'>t.</span> <span class='ocrx_word' id='word_1_561' title='bbox 1006 3515 1048 3555; x_wconf 87' lang='lat'>(3)</span> <span class='ocrx_word' id='word_1_562' title='bbox 1072 3514 1150 3548; x_wconf 79' lang='lat' dir='ltr'>titio</span> <span class='ocrx_word' id='word_1_563' title='bbox 1164 3514 1215 3548; x_wconf 84' lang='lat' dir='ltr'>F2</span> 
     </span>
     <span class='ocr_line' id='line_1_77' title="bbox 131 3559 1215 3603; baseline -0.001 -9"><span class='ocrx_word' id='word_1_564' title='bbox 131 3562 172 3601; x_wconf 78' lang='lat'>(4)</span> <span class='ocrx_word' id='word_1_565' title='bbox 196 3560 429 3592; x_wconf 88' lang='lat' dir='ltr'>liberabuntur</span> <span class='ocrx_word' id='word_1_566' title='bbox 443 3559 492 3592; x_wconf 83' lang='lat' dir='ltr'>F²</span> <span class='ocrx_word' id='word_1_567' title='bbox 561 3561 603 3600; x_wconf 80' lang='lat'>(5)</span> <span class='ocrx_word' id='word_1_568' title='bbox 627 3560 804 3602; x_wconf 86' lang='lat' dir='ltr'>praeponit</span> <span class='ocrx_word' id='word_1_569' title='bbox 817 3560 889 3592; x_wconf 82' lang='lat' dir='ltr'>edd.</span> <span class='ocrx_word' id='word_1_570' title='bbox 958 3563 999 3598; x_wconf 83' lang='lat'>(6)</span> <span class='ocrx_word' id='word_1_571' title='bbox 1025 3560 1093 3603; x_wconf 86' lang='lat' dir='ltr'>sed]</span> <span class='ocrx_word' id='word_1_572' title='bbox 1108 3562 1141 3593; x_wconf 89' lang='lat' dir='ltr'>et</span> <span class='ocrx_word' id='word_1_573' title='bbox 1151 3573 1215 3593; x_wconf 80' lang='lat' dir='ltr'>scr.</span> 
     </span>
     <span class='ocr_line' id='line_1_78' title="bbox 130 3604 1215 3648; baseline -0.001 -10"><span class='ocrx_word' id='word_1_574' title='bbox 130 3607 174 3648; x_wconf 86' lang='lat'>(7)</span> <span class='ocrx_word' id='word_1_575' title='bbox 197 3606 243 3637; x_wconf 86' lang='lat' dir='ltr'>sic</span> <span class='ocrx_word' id='word_1_576' title='bbox 256 3606 388 3638; x_wconf 86' lang='lat' dir='ltr'>demum</span> <span class='ocrx_word' id='word_1_577' title='bbox 398 3605 557 3638; x_wconf 82' lang='lat' dir='ltr'>similiave</span> <span class='ocrx_word' id='word_1_578' title='bbox 570 3606 628 3638; x_wconf 76' lang='lat' dir='ltr'>ins.</span> <span class='ocrx_word' id='word_1_579' title='bbox 698 3607 741 3645; x_wconf 88' lang='grc'>(8)</span> <span class='ocrx_word' id='word_1_580' title='bbox 767 3604 915 3637; x_wconf 77' lang='lat' dir='ltr'>extiterit</span> <span class='ocrx_word' id='word_1_581' title='bbox 926 3604 959 3637; x_wconf 88' lang='lat' dir='ltr'><em>F</em></span> <span class='ocrx_word' id='word_1_582' title='bbox 962 3604 978 3625; x_wconf 79' lang='lat'>²</span> <span class='ocrx_word' id='word_1_583' title='bbox 1040 3609 1085 3646; x_wconf 81' lang='grc'>(9)</span> <span class='ocrx_word' id='word_1_584' title='bbox 1109 3605 1215 3638; x_wconf 81' lang='lat' dir='ltr'>inter-</span> 
     </span>
     <span class='ocr_line' id='line_1_79' title="bbox 130 3649 1215 3692; baseline 0 -10"><span class='ocrx_word' id='word_1_585' title='bbox 130 3650 255 3683; x_wconf 85' lang='lat' dir='ltr'>cideret</span> <span class='ocrx_word' id='word_1_586' title='bbox 268 3650 331 3692; x_wconf 80' lang='lat' dir='ltr'>F2,</span> <span class='ocrx_word' id='word_1_587' title='bbox 343 3649 521 3682; x_wconf 85' lang='lat' dir='ltr'>intercedit</span> <span class='ocrx_word' id='word_1_588' title='bbox 530 3662 593 3683; x_wconf 74' lang='lat' dir='ltr'>scr.</span> <span class='ocrx_word' id='word_1_589' title='bbox 653 3650 713 3692; x_wconf 93' lang='grc' dir='ltr'><strong>(1ο)</strong></span> <span class='ocrx_word' id='word_1_590' title='bbox 738 3659 793 3682; x_wconf 84' lang='lat' dir='ltr'>eos</span> <span class='ocrx_word' id='word_1_591' title='bbox 805 3654 865 3683; x_wconf 76' lang='lat' dir='ltr'>ins.</span> <span class='ocrx_word' id='word_1_592' title='bbox 878 3649 932 3682; x_wconf 67' lang='lat'>1⁴⁷²</span> <span class='ocrx_word' id='word_1_593' title='bbox 986 3650 1041 3692; x_wconf 85' lang='lat'><strong>(11)</strong></span> <span class='ocrx_word' id='word_1_594' title='bbox 1067 3651 1127 3692; x_wconf 87' lang='lat' dir='ltr'>qui</span> <span class='ocrx_word' id='word_1_595' title='bbox 1138 3660 1215 3683; x_wconf 90' lang='lat' dir='ltr'>cum</span> 
     </span>
     <span class='ocr_line' id='line_1_80' title="bbox 130 3695 1215 3738; baseline 0 -11"><span class='ocrx_word' id='word_1_596' title='bbox 130 3705 223 3728; x_wconf 80' lang='lat' dir='ltr'>servo</span> <span class='ocrx_word' id='word_1_597' title='bbox 234 3695 406 3738; x_wconf 82' lang='lat' dir='ltr'>negotium</span> <span class='ocrx_word' id='word_1_598' title='bbox 419 3695 630 3727; x_wconf 75' lang='lat' dir='ltr'>contraheret</span> <span class='ocrx_word' id='word_1_599' title='bbox 642 3695 717 3736; x_wconf 63' lang='lat' dir='ltr'>del„</span> <span class='ocrx_word' id='word_1_600' title='bbox 734 3695 970 3727; x_wconf 80' lang='lat' dir='ltr'>contraherent</span> <span class='ocrx_word' id='word_1_601' title='bbox 982 3695 1018 3728; x_wconf 80' lang='lat' dir='ltr'><em>F</em></span> <span class='ocrx_word' id='word_1_602' title='bbox 1100 3699 1160 3736; x_wconf 83' lang='lat'><strong>(12)</strong></span> <span class='ocrx_word' id='word_1_603' title='bbox 1185 3695 1215 3727; x_wconf 84' lang='lat' dir='ltr'>si</span> 
     </span>
    </p>
   </div>
   <div class='ocr_carea' id='block_1_7' title="bbox 132 3738 1214 3782">
    <p class='ocr_par' dir='ltr' id='par_1_7' title="bbox 132 3738 1214 3782">
     <span class='ocr_line' id='line_1_81' title="bbox 132 3738 1214 3782; baseline 0 -10"><span class='ocrx_word' id='word_1_604' title='bbox 132 3742 300 3781; x_wconf 81' lang='lat' dir='ltr'>postumus</span> <span class='ocrx_word' id='word_1_605' title='bbox 312 3741 413 3772; x_wconf 82' lang='lat' dir='ltr'>natus</span> <span class='ocrx_word' id='word_1_606' title='bbox 423 3739 468 3772; x_wconf 80' lang='lat' dir='ltr'>sit</span> <span class='ocrx_word' id='word_1_607' title='bbox 478 3741 539 3774; x_wconf 75' lang='lat' dir='ltr'>ins.</span> <span class='ocrx_word' id='word_1_608' title='bbox 593 3740 653 3782; x_wconf 76' lang='lat'><strong>(13)</strong></span> <span class='ocrx_word' id='word_1_609' title='bbox 670 3740 743 3773; x_wconf 72' lang='lat' dir='ltr'>hist.</span> <span class='ocrx_word' id='word_1_610' title='bbox 758 3740 891 3773; x_wconf 82' lang='lat' dir='ltr'>animal.</span> <span class='ocrx_word' id='word_1_611' title='bbox 905 3742 936 3781; x_wconf 83' lang='lat'>7,</span> <span class='ocrx_word' id='word_1_612' title='bbox 949 3747 977 3781; x_wconf 82' lang='lat'>4,</span> <span class='ocrx_word' id='word_1_613' title='bbox 989 3747 1043 3774; x_wconf 79' lang='lat'>36:</span> <span class='ocrx_word' id='word_1_614' title='bbox 1063 3738 1214 3773; x_wconf 77' lang='grc' dir='ltr'><strong><em>πλεῖστα</em></strong></span> 
     </span>
    </p>
   </div>
   <div class='ocr_carea' id='block_1_8' title="bbox 1211 106 1296 177">
    <p class='ocr_par' dir='ltr' id='par_1_8' title="bbox 1211 106 1296 177">
     <span class='ocr_line' id='line_1_82' title="bbox 1211 106 1296 177; baseline 0 -23"><span class='ocrx_word' id='word_1_615' title='bbox 1211 106 1296 177; x_wconf 75' lang='lat'>749</span> 
     </span>
    </p>
   </div>
   <div class='ocr_carea' id='block_1_9' title="bbox 2089 117 2375 159">
    <p class='ocr_par' dir='ltr' id='par_1_9' title="bbox 2089 117 2375 159">
     <span class='ocr_line' id='line_1_83' title="bbox 2089 117 2375 159; baseline 0.003 -1"><span class='ocrx_word' id='word_1_616' title='bbox 2089 117 2319 159; x_wconf 92' lang='lat' dir='ltr'>XXXXVI</span> <span class='ocrx_word' id='word_1_617' title='bbox 2353 121 2375 158; x_wconf 77' lang='lat'><strong>3</strong></span> 
     </span>
    </p>
   </div>
   <div class='ocr_carea' id='block_1_10' title="bbox 1288 173 1462 178">
    <p class='ocr_par' dir='ltr' id='par_1_10' title="bbox 1288 173 1462 178">
     <span class='ocr_line' id='line_1_84' title="bbox 1288 173 1462 178; baseline 0 0"><span class='ocrx_word' id='word_1_618' title='bbox 1288 173 1462 178; x_wconf 95' lang='lat' dir='ltr'> </span> 
     </span>
    </p>
   </div>
   <div class='ocr_carea' id='block_1_11' title="bbox 1283 232 2381 3445">
    <p class='ocr_par' dir='ltr' id='par_1_11' title="bbox 1291 232 2379 416">
     <span class='ocr_line' id='line_1_85' title="bbox 1291 232 2379 313; baseline 0.007 -45"><span class='ocrx_word' id='word_1_619' title='bbox 1291 235 1467 285; x_wconf 85' lang='lat' dir='ltr'>perpetua</span> <span class='ocrx_word' id='word_1_620' title='bbox 1492 232 1701 313; x_wconf 55' lang='lat' dir='ltr'>exceptione</span> <span class='ocrx_word' id='word_1_621' title='bbox 1726 244 1764 270; x_wconf 88' lang='lat' dir='ltr'>se</span> <span class='ocrx_word' id='word_1_622' title='bbox 1787 236 1879 271; x_wconf 86' lang='lat' dir='ltr'>tueri</span> <span class='ocrx_word' id='word_1_623' title='bbox 1903 240 2037 281; x_wconf 85' lang='lat' dir='ltr'>potest,</span> <span class='ocrx_word' id='word_1_624' title='bbox 2072 239 2227 275; x_wconf 86' lang='lat' dir='ltr'>solutum</span> <span class='ocrx_word' id='word_1_625' title='bbox 2250 242 2379 286; x_wconf 86' lang='lat' dir='ltr'>repetit</span> 
     </span>
     <span class='ocr_line' id='line_1_86' title="bbox 1293 278 2377 331; baseline 0.006 -17"><span class='ocrx_word' id='word_1_626' title='bbox 1293 282 1329 314; x_wconf 91' lang='lat' dir='ltr'>et</span> <span class='ocrx_word' id='word_1_627' title='bbox 1351 278 1431 313; x_wconf 90' lang='lat' dir='ltr'>ideo</span> <span class='ocrx_word' id='word_1_628' title='bbox 1456 289 1527 314; x_wconf 93' lang='grc'><strong>11011</strong></span> <span class='ocrx_word' id='word_1_629' title='bbox 1551 278 1576 313; x_wconf 88' lang='grc'>11</span> <span class='ocrx_word' id='word_1_630' title='bbox 1604 283 1736 314; x_wconf 89' lang='lat' dir='ltr'>eratur.</span> <span class='ocrx_word' id='word_1_631' title='bbox 1780 291 1888 325; x_wconf 85' lang='lat' dir='ltr'>quare</span> <span class='ocrx_word' id='word_1_632' title='bbox 1913 283 1943 317; x_wconf 90' lang='lat' dir='ltr'>si</span> <span class='ocrx_word' id='word_1_633' title='bbox 1967 294 2011 318; x_wconf 85' lang='lat' dir='ltr'>ex</span> <span class='ocrx_word' id='word_1_634' title='bbox 2036 284 2175 320; x_wconf 89' lang='lat' dir='ltr'>duobus</span> <span class='ocrx_word' id='word_1_635' title='bbox 2199 285 2269 321; x_wconf 88' lang='lat' dir='ltr'>reis</span> <span class='ocrx_word' id='word_1_636' title='bbox 2294 297 2377 331; x_wconf 87' lang='lat' dir='ltr'>pro-</span> 
     </span>
     <span class='ocr_line' id='line_1_87' title="bbox 1292 323 2377 376; baseline 0.007 -18"><span class='ocrx_word' id='word_1_637' title='bbox 1292 323 1453 376; x_wconf 79' lang='lat' dir='ltr'>mittendi</span> <span class='ocrx_word' id='word_1_638' title='bbox 1478 323 1569 376; x_wconf 76' lang='lat' dir='ltr'>alter</span> <span class='ocrx_word' id='word_1_639' title='bbox 1591 324 1774 375; x_wconf 72' lang='lat' dir='ltr'>pepigerit,</span> <span class='ocrx_word' id='word_1_640' title='bbox 1801 337 1844 360; x_wconf 90' lang='lat' dir='ltr'>ne</span> <span class='ocrx_word' id='word_1_641' title='bbox 1865 328 1909 362; x_wconf 87' lang='lat' dir='ltr'>ab</span> <span class='ocrx_word' id='word_1_642' title='bbox 1936 338 1976 363; x_wconf 90' lang='lat' dir='ltr'>eo</span> <span class='ocrx_word' id='word_1_643' title='bbox 2001 333 2192 372; x_wconf 88' lang='lat' dir='ltr'>peteretur,</span> <span class='ocrx_word' id='word_1_644' title='bbox 2218 332 2377 375; x_wconf 88' lang='lat' dir='ltr'>quamvis</span> 
     </span>
     <span class='ocr_line' id='line_1_88' title="bbox 1292 369 2239 416; baseline 0.007 -12"><span class='ocrx_word' id='word_1_645' title='bbox 1292 369 1458 412; x_wconf 88' lang='lat' dir='ltr'>solverit,</span> <span class='ocrx_word' id='word_1_646' title='bbox 1484 369 1593 403; x_wconf 77' lang='lat' dir='ltr'>nihilo</span> <span class='ocrx_word' id='word_1_647' title='bbox 1619 379 1734 403; x_wconf 89' lang='lat' dir='ltr'>minus</span> <span class='ocrx_word' id='word_1_648' title='bbox 1759 370 1848 406; x_wconf 86' lang='lat' dir='ltr'>alter</span> <span class='ocrx_word' id='word_1_649' title='bbox 1872 373 2047 416; x_wconf 88' lang='lat' dir='ltr'>obligatus</span> <span class='ocrx_word' id='word_1_650' title='bbox 2072 376 2239 411; x_wconf 88' lang='lat' dir='ltr'>manebit.</span> 
     </span>
    </p>

    <p class='ocr_par' dir='ltr' id='par_1_12' title="bbox 1289 412 2376 866">
     <span class='ocr_line' id='line_1_89' title="bbox 1338 412 2376 465; baseline 0.005 -14"><span class='ocrx_word' id='word_1_651' title='bbox 1338 412 1390 451; x_wconf 88' lang='lat'>35</span> <span class='ocrx_word' id='word_1_652' title='bbox 1424 416 1606 449; x_wconf 77' lang='lat' dir='ltr'><em>ALFENUS</em></span> <span class='ocrx_word' id='word_1_653' title='bbox 1637 413 1755 448; x_wconf 57' lang='lat' dir='ltr'><em>VERUS</em></span> <span class='ocrx_word' id='word_1_654' title='bbox 1791 416 1880 451; x_wconf 77' lang='lat' dir='ltr'>libro</span> <span class='ocrx_word' id='word_1_655' title='bbox 1914 420 2069 453; x_wconf 74' lang='lat' dir='ltr'>secundo</span> <span class='ocrx_word' id='word_1_656' title='bbox 2102 421 2320 465; x_wconf 71' lang='lat' dir='ltr'>(liyestorum</span> <span class='ocrx_word' id='word_1_657' title='bbox 2355 434 2376 456; x_wconf 87' lang='lat' dir='ltr'>a</span> 
     </span>
     <span class='ocr_line' id='line_1_90' title="bbox 1291 459 2375 508; baseline 0.007 -14"><span class='ocrx_word' id='word_1_658' title='bbox 1291 459 1409 494; x_wconf 81' lang='lat' dir='ltr'>Paulo</span> <span class='ocrx_word' id='word_1_659' title='bbox 1427 460 1703 506; x_wconf 79' lang='lat' dir='ltr'>epitomatorum</span> <span class='ocrx_word' id='word_1_660' title='bbox 1741 459 1841 503; x_wconf 78' lang='lat' dir='ltr'>Quod</span> <span class='ocrx_word' id='word_1_661' title='bbox 1861 472 1982 498; x_wconf 90' lang='lat' dir='ltr'>servus</span> <span class='ocrx_word' id='word_1_662' title='bbox 2000 473 2042 497; x_wconf 86' lang='lat' dir='ltr'>ex</span> <span class='ocrx_word' id='word_1_663' title='bbox 2058 466 2198 508; x_wconf 87' lang='lat' dir='ltr'>peculio</span> <span class='ocrx_word' id='word_1_664' title='bbox 2215 477 2281 501; x_wconf 87' lang='lat' dir='ltr'>suo</span> <span class='ocrx_word' id='word_1_665' title='bbox 2299 477 2375 502; x_wconf 90' lang='lat' dir='ltr'>cre-</span> 
     </span>
     <span class='ocr_line' id='line_1_91' title="bbox 1292 504 2375 549; baseline 0.008 -11"><span class='ocrx_word' id='word_1_666' title='bbox 1292 504 1440 539; x_wconf 87' lang='lat' dir='ltr'>didisset</span> <span class='ocrx_word' id='word_1_667' title='bbox 1456 509 1519 539; x_wconf 91' lang='lat' dir='ltr'>aut</span> <span class='ocrx_word' id='word_1_668' title='bbox 1535 504 1770 549; x_wconf 81' lang='lat' dir='ltr'>deposuisset,</span> <span class='ocrx_word' id='word_1_669' title='bbox 1790 506 1826 539; x_wconf 88' lang='lat' dir='ltr'>id</span> <span class='ocrx_word' id='word_1_670' title='bbox 1844 507 1885 547; x_wconf 86' lang='lat' dir='ltr'>ei,</span> <span class='ocrx_word' id='word_1_671' title='bbox 1905 507 1976 541; x_wconf 82' lang='lat' dir='ltr'>sive</span> <span class='ocrx_word' id='word_1_672' title='bbox 1992 509 2145 544; x_wconf 89' lang='lat' dir='ltr'>venisset</span> <span class='ocrx_word' id='word_1_673' title='bbox 2162 510 2234 546; x_wconf 91' lang='lat' dir='ltr'>sive</span> <span class='ocrx_word' id='word_1_674' title='bbox 2252 522 2375 546; x_wconf 87' lang='lat' dir='ltr'>manu-</span> 
     </span>
     <span class='ocr_line' id='line_1_92' title="bbox 1290 549 2376 597; baseline 0.006 -13"><span class='ocrx_word' id='word_1_675' title='bbox 1290 550 1419 585; x_wconf 88' lang='lat' dir='ltr'>missus</span> <span class='ocrx_word' id='word_1_676' title='bbox 1436 553 1541 591; x_wconf 87' lang='lat' dir='ltr'>esset,</span> <span class='ocrx_word' id='word_1_677' title='bbox 1558 553 1655 584; x_wconf 86' lang='lat' dir='ltr'>recte</span> <span class='ocrx_word' id='word_1_678' title='bbox 1670 549 1759 584; x_wconf 90' lang='lat' dir='ltr'>solvi</span> <span class='ocrx_word' id='word_1_679' title='bbox 1775 555 1903 594; x_wconf 87' lang='lat' dir='ltr'>potest,</span> <span class='ocrx_word' id='word_1_680' title='bbox 1921 553 1987 587; x_wconf 93' lang='lat' dir='ltr'>nisi</span> <span class='ocrx_word' id='word_1_681' title='bbox 2004 554 2123 597; x_wconf 85' lang='lat' dir='ltr'>aliqua</span> <span class='ocrx_word' id='word_1_682' title='bbox 2143 566 2252 590; x_wconf 88' lang='lat' dir='ltr'>causa</span> <span class='ocrx_word' id='word_1_683' title='bbox 2268 557 2376 591; x_wconf 87' lang='lat' dir='ltr'>inter-</span> 
     </span>
     <span class='ocr_line' id='line_1_93' title="bbox 1293 595 2375 641; baseline 0.007 -13"><span class='ocrx_word' id='word_1_684' title='bbox 1293 595 1418 630; x_wconf 88' lang='lat' dir='ltr'>ciderit</span> <span class='ocrx_word' id='word_1_685' title='bbox 1431 597 1454 637; x_wconf 77' lang='lat'>⁰,</span> <span class='ocrx_word' id='word_1_686' title='bbox 1480 606 1525 630; x_wconf 86' lang='lat' dir='ltr'>ex</span> <span class='ocrx_word' id='word_1_687' title='bbox 1549 605 1620 639; x_wconf 90' lang='lat' dir='ltr'>qua</span> <span class='ocrx_word' id='word_1_688' title='bbox 1643 595 1800 639; x_wconf 87' lang='lat' dir='ltr'>intellegi</span> <span class='ocrx_word' id='word_1_689' title='bbox 1824 597 1937 640; x_wconf 90' lang='lat' dir='ltr'>possit</span> <span class='ocrx_word' id='word_1_690' title='bbox 1962 598 2070 633; x_wconf 91' lang='lat' dir='ltr'>invito</span> <span class='ocrx_word' id='word_1_691' title='bbox 2097 610 2149 641; x_wconf 89' lang='grc'>60,</span> <span class='ocrx_word' id='word_1_692' title='bbox 2176 602 2276 635; x_wconf 83' lang='grc'><strong>0111116</strong></span> <span class='ocrx_word' id='word_1_693' title='bbox 2301 606 2375 636; x_wconf 91' lang='lat' dir='ltr'>tum</span> 
     </span>
     <span class='ocr_line' id='line_1_94' title="bbox 1289 640 2376 687; baseline 0.006 -13"><span class='ocrx_word' id='word_1_694' title='bbox 1289 640 1320 674; x_wconf 90' lang='lat' dir='ltr'>is</span> <span class='ocrx_word' id='word_1_695' title='bbox 1346 650 1468 675; x_wconf 89' lang='lat' dir='ltr'>servus</span> <span class='ocrx_word' id='word_1_696' title='bbox 1493 640 1630 683; x_wconf 84' lang='lat' dir='ltr'>fuisset,</span> <span class='ocrx_word' id='word_1_697' title='bbox 1658 640 1692 674; x_wconf 91' lang='lat' dir='ltr'>ei</span> <span class='ocrx_word' id='word_1_698' title='bbox 1715 641 1813 675; x_wconf 90' lang='lat' dir='ltr'>solvi.</span> <span class='ocrx_word' id='word_1_699' title='bbox 1863 642 1926 675; x_wconf 89' lang='lat' dir='ltr'>sed</span> <span class='ocrx_word' id='word_1_700' title='bbox 1950 648 1984 676; x_wconf 87' lang='lat' dir='ltr'>et</span> <span class='ocrx_word' id='word_1_701' title='bbox 2008 644 2038 677; x_wconf 91' lang='lat' dir='ltr'>si</span> <span class='ocrx_word' id='word_1_702' title='bbox 2062 645 2139 687; x_wconf 90' lang='lat' dir='ltr'>quis</span> <span class='ocrx_word' id='word_1_703' title='bbox 2166 646 2376 681; x_wconf 86' lang='lat' dir='ltr'>dominicam</span> 
     </span>
     <span class='ocr_line' id='line_1_95' title="bbox 1290 684 2376 732; baseline 0.006 -13"><span class='ocrx_word' id='word_1_704' title='bbox 1290 685 1479 729; x_wconf 88' lang='lat' dir='ltr'>pecuniam</span> <span class='ocrx_word' id='word_1_705' title='bbox 1504 686 1549 720; x_wconf 92' lang='lat' dir='ltr'>ab</span> <span class='ocrx_word' id='word_1_706' title='bbox 1574 696 1616 720; x_wconf 92' lang='lat' dir='ltr'>eo</span> <span class='ocrx_word' id='word_1_707' title='bbox 1637 684 1841 720; x_wconf 88' lang='lat' dir='ltr'>faeneratus</span> <span class='ocrx_word' id='word_1_708' title='bbox 1861 690 1966 728; x_wconf 88' lang='lat' dir='ltr'>esset,</span> <span class='ocrx_word' id='word_1_709' title='bbox 1992 688 2022 721; x_wconf 86' lang='lat' dir='ltr'>si</span> <span class='ocrx_word' id='word_1_710' title='bbox 2046 690 2222 732; x_wconf 86' lang='lat' dir='ltr'>permissu</span> <span class='ocrx_word' id='word_1_711' title='bbox 2246 691 2376 726; x_wconf 89' lang='lat' dir='ltr'>domini</span> 
     </span>
     <span class='ocr_line' id='line_1_96' title="bbox 1290 731 2374 775; baseline 0.006 -11"><span class='ocrx_word' id='word_1_712' title='bbox 1290 740 1413 765; x_wconf 88' lang='lat' dir='ltr'>servus</span> <span class='ocrx_word' id='word_1_713' title='bbox 1441 731 1620 775; x_wconf 89' lang='lat' dir='ltr'>negotium</span> <span class='ocrx_word' id='word_1_714' title='bbox 1642 731 1857 765; x_wconf 89' lang='lat' dir='ltr'>dominicum</span> <span class='ocrx_word' id='word_1_715' title='bbox 1876 732 2053 775; x_wconf 85' lang='lat' dir='ltr'>gessisset,</span> <span class='ocrx_word' id='word_1_716' title='bbox 2077 734 2168 768; x_wconf 89' lang='lat' dir='ltr'>idem</span> <span class='ocrx_word' id='word_1_717' title='bbox 2191 735 2278 770; x_wconf 90' lang='lat' dir='ltr'>iuris</span> <span class='ocrx_word' id='word_1_718' title='bbox 2303 741 2374 771; x_wconf 87' lang='lat' dir='ltr'>est:</span> 
     </span>
     <span class='ocr_line' id='line_1_97' title="bbox 1291 775 2375 825; baseline 0.007 -16"><span class='ocrx_word' id='word_1_719' title='bbox 1291 775 1430 810; x_wconf 89' lang='lat' dir='ltr'>videtur</span> <span class='ocrx_word' id='word_1_720' title='bbox 1446 777 1539 811; x_wconf 91' lang='lat' dir='ltr'>enim</span> <span class='ocrx_word' id='word_1_721' title='bbox 1560 776 1743 811; x_wconf 91' lang='lat' dir='ltr'>voluntate</span> <span class='ocrx_word' id='word_1_722' title='bbox 1760 775 1932 811; x_wconf 70' lang='grc' dir='ltr'>(10111101ιο</span> <span class='ocrx_word' id='word_1_723' title='bbox 1957 777 2016 821; x_wconf 92' lang='lat' dir='ltr'>qui</span> <span class='ocrx_word' id='word_1_724' title='bbox 2042 788 2121 812; x_wconf 88' lang='lat' dir='ltr'>cum</span> <span class='ocrx_word' id='word_1_725' title='bbox 2146 790 2245 815; x_wconf 88' lang='lat' dir='ltr'>servo</span> <span class='ocrx_word' id='word_1_726' title='bbox 2271 792 2375 825; x_wconf 84' lang='lat' dir='ltr'>nego-</span> 
     </span>
     <span class='ocr_line' id='line_1_98' title="bbox 1289 820 2374 866; baseline 0.006 -12"><span class='ocrx_word' id='word_1_727' title='bbox 1289 820 1378 855; x_wconf 90' lang='lat' dir='ltr'>tium</span> <span class='ocrx_word' id='word_1_728' title='bbox 1404 821 1669 856; x_wconf 86' lang='lat' dir='ltr'>contraheret¹¹</span> <span class='ocrx_word' id='word_1_729' title='bbox 1701 826 1738 856; x_wconf 89' lang='lat' dir='ltr'>et</span> <span class='ocrx_word' id='word_1_730' title='bbox 1769 822 1814 856; x_wconf 93' lang='lat' dir='ltr'>ab</span> <span class='ocrx_word' id='word_1_731' title='bbox 1847 831 1888 856; x_wconf 92' lang='grc'>60</span> <span class='ocrx_word' id='word_1_732' title='bbox 1922 823 2084 866; x_wconf 86' lang='lat' dir='ltr'>accipere</span> <span class='ocrx_word' id='word_1_733' title='bbox 2117 828 2151 858; x_wconf 89' lang='lat' dir='ltr'>et</span> <span class='ocrx_word' id='word_1_734' title='bbox 2176 826 2206 859; x_wconf 94' lang='lat' dir='ltr'>ei</span> <span class='ocrx_word' id='word_1_735' title='bbox 2231 827 2374 860; x_wconf 87' lang='lat' dir='ltr'>solvere.</span> 
     </span>
    </p>

    <p class='ocr_par' dir='ltr' id='par_1_13' title="bbox 1288 863 2381 1547">
     <span class='ocr_line' id='line_1_99' title="bbox 1336 863 2376 913; baseline 0.003 -12"><span class='ocrx_word' id='word_1_736' title='bbox 1336 863 1389 903; x_wconf 85' lang='lat'>36</span> <span class='ocrx_word' id='word_1_737' title='bbox 1423 866 1615 901; x_wconf 78' lang='lat' dir='ltr'><em>IULIANUS</em></span> <span class='ocrx_word' id='word_1_738' title='bbox 1652 867 1742 901; x_wconf 72' lang='lat' dir='ltr'>libro</span> <span class='ocrx_word' id='word_1_739' title='bbox 1773 867 1896 913; x_wconf 81' lang='lat' dir='ltr'>primo</span> <span class='ocrx_word' id='word_1_740' title='bbox 1933 867 1982 901; x_wconf 75' lang='lat' dir='ltr'>acl</span> <span class='ocrx_word' id='word_1_741' title='bbox 2019 867 2176 903; x_wconf 79' lang='lat' dir='ltr'>Urseium</span> <span class='ocrx_word' id='word_1_742' title='bbox 2208 871 2376 906; x_wconf 80' lang='lat' dir='ltr'>Ferocem</span> 
     </span>
     <span class='ocr_line' id='line_1_100' title="bbox 1290 910 2378 956; baseline 0.004 -11"><span class='ocrx_word' id='word_1_743' title='bbox 1290 910 1328 946; x_wconf 88' lang='lat' dir='ltr'>Si</span> <span class='ocrx_word' id='word_1_744' title='bbox 1351 914 1454 955; x_wconf 88' lang='lat' dir='ltr'>pater</span> <span class='ocrx_word' id='word_1_745' title='bbox 1477 921 1576 946; x_wconf 90' lang='lat' dir='ltr'>meus</span> <span class='ocrx_word' id='word_1_746' title='bbox 1600 915 1794 956; x_wconf 88' lang='lat' dir='ltr'>praegnate</span> <span class='ocrx_word' id='word_1_747' title='bbox 1819 922 1930 947; x_wconf 85' lang='lat' dir='ltr'>uxore</span> <span class='ocrx_word' id='word_1_748' title='bbox 1962 913 2088 947; x_wconf 88' lang='lat' dir='ltr'>relicta</span> <span class='ocrx_word' id='word_1_749' title='bbox 2122 913 2312 950; x_wconf 86' lang='lat' dir='ltr'>decesserit</span> <span class='ocrx_word' id='word_1_750' title='bbox 2342 921 2378 951; x_wconf 88' lang='lat' dir='ltr'>et</span> 
     </span>
     <span class='ocr_line' id='line_1_101' title="bbox 1290 956 2375 1002; baseline 0.004 -11"><span class='ocrx_word' id='word_1_751' title='bbox 1290 966 1334 991; x_wconf 87' lang='lat' dir='ltr'>ex</span> <span class='ocrx_word' id='word_1_752' title='bbox 1361 966 1472 991; x_wconf 89' lang='lat' dir='ltr'>causa</span> <span class='ocrx_word' id='word_1_753' title='bbox 1496 956 1710 991; x_wconf 89' lang='lat' dir='ltr'>hereditaria</span> <span class='ocrx_word' id='word_1_754' title='bbox 1733 960 1848 992; x_wconf 90' lang='lat' dir='ltr'>totum</span> <span class='ocrx_word' id='word_1_755' title='bbox 1873 957 1952 1000; x_wconf 95' lang='grc'><strong>1100,</strong></span> <span class='ocrx_word' id='word_1_756' title='bbox 1978 957 2072 1002; x_wconf 91' lang='lat' dir='ltr'>quod</span> <span class='ocrx_word' id='word_1_757' title='bbox 2097 959 2190 1002; x_wconf 87' lang='lat' dir='ltr'>patri</span> <span class='ocrx_word' id='word_1_758' title='bbox 2214 971 2291 995; x_wconf 89' lang='lat' dir='ltr'>meo</span> <span class='ocrx_word' id='word_1_759' title='bbox 2317 961 2375 995; x_wconf 89' lang='lat' dir='ltr'>de-</span> 
     </span>
     <span class='ocr_line' id='line_1_102' title="bbox 1290 1002 2375 1049; baseline 0.003 -13"><span class='ocrx_word' id='word_1_760' title='bbox 1290 1002 1403 1036; x_wconf 89' lang='lat' dir='ltr'>bitum</span> <span class='ocrx_word' id='word_1_761' title='bbox 1427 1002 1572 1044; x_wconf 87' lang='lat' dir='ltr'>fuisset,</span> <span class='ocrx_word' id='word_1_762' title='bbox 1604 1003 1789 1046; x_wconf 90' lang='lat' dir='ltr'>petissem,</span> <span class='ocrx_word' id='word_1_763' title='bbox 1822 1002 1909 1036; x_wconf 89' lang='lat' dir='ltr'>nihil</span> <span class='ocrx_word' id='word_1_764' title='bbox 1934 1013 1989 1037; x_wconf 92' lang='lat' dir='ltr'>me</span> <span class='ocrx_word' id='word_1_765' title='bbox 2014 1005 2275 1047; x_wconf 88' lang='lat' dir='ltr'>consumpsisse</span> <span class='ocrx_word' id='word_1_766' title='bbox 2300 1007 2375 1049; x_wconf 89' lang='lat' dir='ltr'>qui-</span> 
     </span>
     <span class='ocr_line' id='line_1_103' title="bbox 1290 1046 2374 1094; baseline 0.004 -13"><span class='ocrx_word' id='word_1_767' title='bbox 1290 1046 1371 1081; x_wconf 91' lang='lat' dir='ltr'>dam</span> <span class='ocrx_word' id='word_1_768' title='bbox 1392 1047 1597 1082; x_wconf 90' lang='lat' dir='ltr'>existimant</span> <span class='ocrx_word' id='word_1_769' title='bbox 1612 1048 1656 1081; x_wconf 79' lang='lat'>¹2:</span> <span class='ocrx_word' id='word_1_770' title='bbox 1682 1047 1712 1082; x_wconf 90' lang='lat' dir='ltr'>si</span> <span class='ocrx_word' id='word_1_771' title='bbox 1732 1058 1834 1083; x_wconf 91' lang='lat' dir='ltr'>nemo</span> <span class='ocrx_word' id='word_1_772' title='bbox 1855 1051 1960 1082; x_wconf 86' lang='lat' dir='ltr'>natus</span> <span class='ocrx_word' id='word_1_773' title='bbox 1980 1048 2037 1090; x_wconf 89' lang='lat' dir='ltr'>sit,</span> <span class='ocrx_word' id='word_1_774' title='bbox 2063 1054 2159 1083; x_wconf 89' lang='lat' dir='ltr'>recte</span> <span class='ocrx_word' id='word_1_775' title='bbox 2178 1059 2232 1083; x_wconf 92' lang='lat' dir='ltr'>me</span> <span class='ocrx_word' id='word_1_776' title='bbox 2255 1050 2374 1094; x_wconf 81' lang='lat' dir='ltr'>egisse,</span> 
     </span>
     <span class='ocr_line' id='line_1_104' title="bbox 1290 1092 2376 1136; baseline 0.004 -10"><span class='ocrx_word' id='word_1_777' title='bbox 1290 1092 1374 1136; x_wconf 92' lang='lat' dir='ltr'>quia</span> <span class='ocrx_word' id='word_1_778' title='bbox 1397 1093 1434 1126; x_wconf 90' lang='lat' dir='ltr'>in</span> <span class='ocrx_word' id='word_1_779' title='bbox 1458 1103 1578 1127; x_wconf 91' lang='lat' dir='ltr'>rerum</span> <span class='ocrx_word' id='word_1_780' title='bbox 1602 1097 1732 1127; x_wconf 90' lang='lat' dir='ltr'>natura</span> <span class='ocrx_word' id='word_1_781' title='bbox 1755 1103 1878 1127; x_wconf 91' lang='lat' dir='ltr'>verum</span> <span class='ocrx_word' id='word_1_782' title='bbox 1902 1092 2030 1128; x_wconf 89' lang='lat' dir='ltr'>fuisset</span> <span class='ocrx_word' id='word_1_783' title='bbox 2060 1103 2116 1128; x_wconf 89' lang='lat' dir='ltr'>me</span> <span class='ocrx_word' id='word_1_784' title='bbox 2140 1095 2254 1129; x_wconf 91' lang='lat' dir='ltr'>solum</span> <span class='ocrx_word' id='word_1_785' title='bbox 2278 1096 2376 1130; x_wconf 89' lang='lat' dir='ltr'>here-</span> 
     </span>
     <span class='ocr_line' id='line_1_105' title="bbox 1289 1138 2377 1184; baseline 0.002 -12"><span class='ocrx_word' id='word_1_786' title='bbox 1289 1138 1369 1172; x_wconf 87' lang='lat' dir='ltr'>dem</span> <span class='ocrx_word' id='word_1_787' title='bbox 1390 1138 1513 1173; x_wconf 90' lang='lat' dir='ltr'>fuisse.</span> <span class='ocrx_word' id='word_1_788' title='bbox 1550 1138 1742 1173; x_wconf 76' lang='lat' dir='ltr'><em>IULIANUS</em></span> <span class='ocrx_word' id='word_1_789' title='bbox 1764 1142 1885 1173; x_wconf 78' lang='lat' dir='ltr'>notat.-</span> <span class='ocrx_word' id='word_1_790' title='bbox 1910 1138 2027 1173; x_wconf 91' lang='lat' dir='ltr'>verius</span> <span class='ocrx_word' id='word_1_791' title='bbox 2047 1142 2102 1173; x_wconf 88' lang='lat' dir='ltr'>est</span> <span class='ocrx_word' id='word_1_792' title='bbox 2122 1149 2177 1173; x_wconf 90' lang='lat' dir='ltr'>me</span> <span class='ocrx_word' id='word_1_793' title='bbox 2197 1150 2275 1174; x_wconf 86' lang='lat' dir='ltr'>eam</span> <span class='ocrx_word' id='word_1_794' title='bbox 2295 1151 2377 1184; x_wconf 88' lang='lat' dir='ltr'>par-</span> 
     </span>
     <span class='ocr_line' id='line_1_106' title="bbox 1289 1183 2379 1228; baseline 0.003 -11"><span class='ocrx_word' id='word_1_795' title='bbox 1289 1187 1361 1217; x_wconf 89' lang='lat' dir='ltr'>tem</span> <span class='ocrx_word' id='word_1_796' title='bbox 1390 1183 1606 1227; x_wconf 89' lang='lat' dir='ltr'>perdidisse,</span> <span class='ocrx_word' id='word_1_797' title='bbox 1648 1194 1714 1228; x_wconf 88' lang='lat' dir='ltr'>pro</span> <span class='ocrx_word' id='word_1_798' title='bbox 1747 1193 1817 1228; x_wconf 89' lang='lat' dir='ltr'>qua</span> <span class='ocrx_word' id='word_1_799' title='bbox 1849 1183 1952 1218; x_wconf 89' lang='lat' dir='ltr'>heres</span> <span class='ocrx_word' id='word_1_800' title='bbox 1984 1183 2148 1225; x_wconf 88' lang='lat' dir='ltr'>fuissem,</span> <span class='ocrx_word' id='word_1_801' title='bbox 2189 1188 2379 1228; x_wconf 89' lang='lat' dir='ltr'>antequam</span> 
     </span>
     <span class='ocr_line' id='line_1_107' title="bbox 1290 1228 2378 1274; baseline 0.002 -12"><span class='ocrx_word' id='word_1_802' title='bbox 1290 1232 1425 1263; x_wconf 90' lang='lat' dir='ltr'>certum</span> <span class='ocrx_word' id='word_1_803' title='bbox 1450 1228 1577 1263; x_wconf 83' lang='lat' dir='ltr'>fuisset</span> <span class='ocrx_word' id='word_1_804' title='bbox 1601 1229 1775 1264; x_wconf 90' lang='lat' dir='ltr'>neminem</span> <span class='ocrx_word' id='word_1_805' title='bbox 1798 1229 1917 1271; x_wconf 91' lang='lat' dir='ltr'>nasci,</span> <span class='ocrx_word' id='word_1_806' title='bbox 1950 1232 2015 1262; x_wconf 90' lang='lat' dir='ltr'>aut</span> <span class='ocrx_word' id='word_1_807' title='bbox 2044 1233 2208 1273; x_wconf 88' lang='lat' dir='ltr'>quartam</span> <span class='ocrx_word' id='word_1_808' title='bbox 2231 1234 2378 1274; x_wconf 88' lang='lat' dir='ltr'>partem,</span> 
     </span>
     <span class='ocr_line' id='line_1_108' title="bbox 1290 1274 2377 1319; baseline 0.003 -12"><span class='ocrx_word' id='word_1_809' title='bbox 1290 1274 1373 1318; x_wconf 91' lang='lat' dir='ltr'>quia</span> <span class='ocrx_word' id='word_1_810' title='bbox 1396 1278 1469 1309; x_wconf 89' lang='lat' dir='ltr'>tres</span> <span class='ocrx_word' id='word_1_811' title='bbox 1494 1274 1594 1309; x_wconf 88' lang='lat' dir='ltr'>nasci</span> <span class='ocrx_word' id='word_1_812' title='bbox 1614 1277 1821 1318; x_wconf 89' lang='lat' dir='ltr'>potuerunt,</span> <span class='ocrx_word' id='word_1_813' title='bbox 1846 1278 1909 1308; x_wconf 90' lang='lat' dir='ltr'>aut</span> <span class='ocrx_word' id='word_1_814' title='bbox 1927 1277 2075 1316; x_wconf 88' lang='lat' dir='ltr'>sextam,</span> <span class='ocrx_word' id='word_1_815' title='bbox 2101 1275 2184 1318; x_wconf 90' lang='lat' dir='ltr'>quia</span> <span class='ocrx_word' id='word_1_816' title='bbox 2204 1275 2377 1319; x_wconf 89' lang='lat' dir='ltr'>quinque:</span> 
     </span>
     <span class='ocr_line' id='line_1_109' title="bbox 1289 1319 2381 1364; baseline 0.002 -11"><span class='ocrx_word' id='word_1_817' title='bbox 1289 1329 1371 1353; x_wconf 90' lang='lat' dir='ltr'>nam</span> <span class='ocrx_word' id='word_1_818' title='bbox 1389 1323 1424 1354; x_wconf 89' lang='lat' dir='ltr'>et</span> <span class='ocrx_word' id='word_1_819' title='bbox 1438 1319 1650 1354; x_wconf 90' lang='lat' dir='ltr'>Aristoteles</span> <span class='ocrx_word' id='word_1_820' title='bbox 1665 1321 1691 1340; x_wconf 80' lang='lat'>¹³</span> <span class='ocrx_word' id='word_1_821' title='bbox 1709 1319 1855 1364; x_wconf 90' lang='lat' dir='ltr'>scripsit</span> <span class='ocrx_word' id='word_1_822' title='bbox 1871 1319 2027 1364; x_wconf 90' lang='lat' dir='ltr'>quinque</span> <span class='ocrx_word' id='word_1_823' title='bbox 2042 1320 2141 1354; x_wconf 88' lang='lat' dir='ltr'>nasci</span> <span class='ocrx_word' id='word_1_824' title='bbox 2156 1330 2272 1364; x_wconf 88' lang='lat' dir='ltr'>posse,</span> <span class='ocrx_word' id='word_1_825' title='bbox 2299 1321 2381 1364; x_wconf 81' lang='lat' dir='ltr'>quia</span> 
     </span>
     <span class='ocr_line' id='line_1_110' title="bbox 1288 1364 2378 1410; baseline 0.001 -12"><span class='ocrx_word' id='word_1_826' title='bbox 1288 1364 1413 1399; x_wconf 90' lang='lat' dir='ltr'>vulvae</span> <span class='ocrx_word' id='word_1_827' title='bbox 1430 1365 1617 1400; x_wconf 89' lang='lat' dir='ltr'>mulierum</span> <span class='ocrx_word' id='word_1_828' title='bbox 1637 1364 1785 1400; x_wconf 90' lang='lat' dir='ltr'>totidem</span> <span class='ocrx_word' id='word_1_829' title='bbox 1805 1365 2035 1409; x_wconf 90' lang='lat' dir='ltr'>receptacula</span> <span class='ocrx_word' id='word_1_830' title='bbox 2051 1365 2184 1400; x_wconf 89' lang='lat' dir='ltr'>habere</span> <span class='ocrx_word' id='word_1_831' title='bbox 2208 1370 2378 1410; x_wconf 88' lang='lat' dir='ltr'>possunt:</span> 
     </span>
     <span class='ocr_line' id='line_1_111' title="bbox 1289 1410 2379 1455; baseline 0.001 -11"><span class='ocrx_word' id='word_1_832' title='bbox 1289 1413 1325 1444; x_wconf 92' lang='lat' dir='ltr'>et</span> <span class='ocrx_word' id='word_1_833' title='bbox 1356 1419 1434 1445; x_wconf 90' lang='lat' dir='ltr'>esse</span> <span class='ocrx_word' id='word_1_834' title='bbox 1466 1410 1648 1445; x_wconf 91' lang='lat' dir='ltr'>mulierem</span> <span class='ocrx_word' id='word_1_835' title='bbox 1672 1410 1809 1445; x_wconf 90' lang='lat' dir='ltr'>Romae</span> <span class='ocrx_word' id='word_1_836' title='bbox 1832 1410 2111 1444; x_wconf 86' lang='lat' dir='ltr'>Alexandrinam</span> <span class='ocrx_word' id='word_1_837' title='bbox 2136 1410 2181 1444; x_wconf 91' lang='lat' dir='ltr'>ab</span> <span class='ocrx_word' id='word_1_838' title='bbox 2206 1411 2379 1455; x_wconf 85' lang='lat' dir='ltr'>Aegypto,</span> 
     </span>
     <span class='ocr_line' id='line_1_112' title="bbox 1289 1455 2375 1500; baseline 0.001 -11"><span class='ocrx_word' id='word_1_839' title='bbox 1289 1465 1380 1499; x_wconf 90' lang='lat' dir='ltr'>quae</span> <span class='ocrx_word' id='word_1_840' title='bbox 1396 1455 1552 1500; x_wconf 91' lang='lat' dir='ltr'>quinque</span> <span class='ocrx_word' id='word_1_841' title='bbox 1569 1455 1675 1490; x_wconf 90' lang='lat' dir='ltr'>simul</span> <span class='ocrx_word' id='word_1_842' title='bbox 1690 1455 1831 1500; x_wconf 89' lang='lat' dir='ltr'>peperit</span> <span class='ocrx_word' id='word_1_843' title='bbox 1849 1459 1886 1490; x_wconf 93' lang='lat' dir='ltr'>et</span> <span class='ocrx_word' id='word_1_844' title='bbox 1906 1459 1982 1490; x_wconf 90' lang='lat' dir='ltr'>tum</span> <span class='ocrx_word' id='word_1_845' title='bbox 2000 1455 2158 1490; x_wconf 88' lang='lat' dir='ltr'>habebat</span> <span class='ocrx_word' id='word_1_846' title='bbox 2173 1455 2375 1499; x_wconf 81' lang='lat' dir='ltr'>incolumes,</span> 
     </span>
     <span class='ocr_line' id='line_1_113' title="bbox 1288 1500 2215 1547; baseline 0 -13"><span class='ocrx_word' id='word_1_847' title='bbox 1288 1504 1324 1534; x_wconf 92' lang='lat' dir='ltr'>et</span> <span class='ocrx_word' id='word_1_848' title='bbox 1347 1500 1416 1535; x_wconf 89' lang='lat' dir='ltr'>hoc</span> <span class='ocrx_word' id='word_1_849' title='bbox 1430 1501 1457 1521; x_wconf 68' lang='lat'>¹4</span> <span class='ocrx_word' id='word_1_850' title='bbox 1482 1504 1519 1535; x_wconf 90' lang='lat' dir='ltr'>et</span> <span class='ocrx_word' id='word_1_851' title='bbox 1541 1500 1579 1535; x_wconf 92' lang='lat' dir='ltr'>in</span> <span class='ocrx_word' id='word_1_852' title='bbox 1601 1502 1764 1547; x_wconf 84' lang='lat' dir='ltr'>Aegypto</span> <span class='ocrx_word' id='word_1_853' title='bbox 1789 1500 2017 1535; x_wconf 86' lang='lat' dir='ltr'>adfirmatum</span> <span class='ocrx_word' id='word_1_854' title='bbox 2041 1504 2096 1535; x_wconf 93' lang='grc'>661</span> <span class='ocrx_word' id='word_1_855' title='bbox 2119 1500 2215 1535; x_wconf 87' lang='grc'><strong>1111111.</strong></span> 
     </span>
    </p>

    <p class='ocr_par' dir='ltr' id='par_1_14' title="bbox 1287 1543 2379 1814">
     <span class='ocr_line' id='line_1_114' title="bbox 1335 1543 2378 1590; baseline -0.001 -8"><span class='ocrx_word' id='word_1_856' title='bbox 1335 1543 1387 1582; x_wconf 87' lang='lat'>37</span> <span class='ocrx_word' id='word_1_857' title='bbox 1410 1545 1517 1580; x_wconf 79' lang='lat' dir='ltr'><em>IDEM</em></span> <span class='ocrx_word' id='word_1_858' title='bbox 1533 1545 1624 1581; x_wconf 77' lang='lat' dir='ltr'>libro</span> <span class='ocrx_word' id='word_1_859' title='bbox 1645 1546 1802 1581; x_wconf 75' lang='lat' dir='ltr'>secundo</span> <span class='ocrx_word' id='word_1_860' title='bbox 1823 1546 1873 1580; x_wconf 86' lang='lat' dir='ltr'>ad</span> <span class='ocrx_word' id='word_1_861' title='bbox 1895 1545 2055 1581; x_wconf 76' lang='lat' dir='ltr'>Urseium</span> <span class='ocrx_word' id='word_1_862' title='bbox 2073 1546 2245 1581; x_wconf 76' lang='lat' dir='ltr'>Ferocem</span> <span class='ocrx_word' id='word_1_863' title='bbox 2279 1545 2378 1590; x_wconf 78' lang='lat' dir='ltr'>Quo-</span> 
     </span>
     <span class='ocr_line' id='line_1_115' title="bbox 1287 1590 2377 1636; baseline 0.002 -12"><span class='ocrx_word' id='word_1_864' title='bbox 1287 1590 1379 1626; x_wconf 90' lang='lat' dir='ltr'>tiens</span> <span class='ocrx_word' id='word_1_865' title='bbox 1405 1602 1495 1625; x_wconf 87' lang='lat' dir='ltr'>unus</span> <span class='ocrx_word' id='word_1_866' title='bbox 1521 1602 1564 1625; x_wconf 88' lang='lat' dir='ltr'>ex</span> <span class='ocrx_word' id='word_1_867' title='bbox 1588 1590 1858 1626; x_wconf 88' lang='lat' dir='ltr'>fideiussoribus</span> <span class='ocrx_word' id='word_1_868' title='bbox 1873 1592 1899 1611; x_wconf 76' lang='lat'>¹⁵</span> <span class='ocrx_word' id='word_1_869' title='bbox 1923 1601 2025 1626; x_wconf 89' lang='lat' dir='ltr'>suam</span> <span class='ocrx_word' id='word_1_870' title='bbox 2046 1594 2185 1636; x_wconf 87' lang='lat' dir='ltr'>partem</span> <span class='ocrx_word' id='word_1_871' title='bbox 2204 1591 2377 1633; x_wconf 91' lang='lat' dir='ltr'>solvisset,</span> 
     </span>
     <span class='ocr_line' id='line_1_116' title="bbox 1288 1635 2379 1681; baseline 0.001 -11"><span class='ocrx_word' id='word_1_872' title='bbox 1288 1639 1469 1681; x_wconf 87' lang='lat' dir='ltr'>tamquam</span> <span class='ocrx_word' id='word_1_873' title='bbox 1493 1637 1674 1680; x_wconf 87' lang='lat' dir='ltr'>negotium</span> <span class='ocrx_word' id='word_1_874' title='bbox 1697 1646 1759 1671; x_wconf 89' lang='lat' dir='ltr'>reo</span> <span class='ocrx_word' id='word_1_875' title='bbox 1784 1635 1969 1680; x_wconf 86' lang='lat' dir='ltr'>gessisset,</span> <span class='ocrx_word' id='word_1_876' title='bbox 2002 1636 2148 1680; x_wconf 89' lang='lat' dir='ltr'>perinde</span> <span class='ocrx_word' id='word_1_877' title='bbox 2178 1637 2379 1672; x_wconf 88' lang='lat' dir='ltr'>habendum</span> 
     </span>
     <span class='ocr_line' id='line_1_117' title="bbox 1289 1681 2378 1726; baseline 0 -10"><span class='ocrx_word' id='word_1_878' title='bbox 1289 1685 1360 1722; x_wconf 86' lang='lat' dir='ltr'>est,</span> <span class='ocrx_word' id='word_1_879' title='bbox 1386 1692 1429 1717; x_wconf 89' lang='lat' dir='ltr'>ac</span> <span class='ocrx_word' id='word_1_880' title='bbox 1454 1681 1485 1716; x_wconf 92' lang='lat' dir='ltr'>si</span> <span class='ocrx_word' id='word_1_881' title='bbox 1508 1692 1592 1717; x_wconf 90' lang='lat' dir='ltr'>reus</span> <span class='ocrx_word' id='word_1_882' title='bbox 1614 1682 1693 1726; x_wconf 91' lang='lat' dir='ltr'>ipse</span> <span class='ocrx_word' id='word_1_883' title='bbox 1715 1681 1820 1716; x_wconf 89' lang='lat' dir='ltr'>unius</span> <span class='ocrx_word' id='word_1_884' title='bbox 1844 1681 2066 1716; x_wconf 87' lang='lat' dir='ltr'>fideiussoris</span> <span class='ocrx_word' id='word_1_885' title='bbox 2090 1685 2229 1726; x_wconf 89' lang='lat' dir='ltr'>partem</span> <span class='ocrx_word' id='word_1_886' title='bbox 2253 1682 2378 1717; x_wconf 85' lang='lat' dir='ltr'>solvis-</span> 
     </span>
     <span class='ocr_line' id='line_1_118' title="bbox 1288 1726 2377 1768; baseline 0 -7"><span class='ocrx_word' id='word_1_887' title='bbox 1288 1728 1393 1762; x_wconf 76' lang='lat' dir='ltr'>set¹⁶z</span> <span class='ocrx_word' id='word_1_888' title='bbox 1411 1726 1475 1762; x_wconf 91' lang='lat' dir='ltr'>sed</span> <span class='ocrx_word' id='word_1_889' title='bbox 1488 1730 1608 1761; x_wconf 86' lang='lat' dir='ltr'>tamen</span> <span class='ocrx_word' id='word_1_890' title='bbox 1622 1732 1662 1761; x_wconf 89' lang='lat' dir='ltr'>ut</span> <span class='ocrx_word' id='word_1_891' title='bbox 1678 1738 1751 1762; x_wconf 93' lang='lat' dir='ltr'>non</span> <span class='ocrx_word' id='word_1_892' title='bbox 1765 1737 1809 1761; x_wconf 88' lang='lat' dir='ltr'>ex</span> <span class='ocrx_word' id='word_1_893' title='bbox 1824 1730 1921 1762; x_wconf 89' lang='lat' dir='ltr'>sorte</span> <span class='ocrx_word' id='word_1_894' title='bbox 1936 1726 2096 1768; x_wconf 89' lang='lat' dir='ltr'>decedat,</span> <span class='ocrx_word' id='word_1_895' title='bbox 2115 1726 2177 1761; x_wconf 89' lang='lat' dir='ltr'>sed</span> <span class='ocrx_word' id='word_1_896' title='bbox 2190 1727 2220 1762; x_wconf 90' lang='lat' dir='ltr'>is</span> <span class='ocrx_word' id='word_1_897' title='bbox 2235 1727 2377 1762; x_wconf 90' lang='lat' dir='ltr'>fideius-</span> 
     </span>
     <span class='ocr_line' id='line_1_119' title="bbox 1289 1772 2378 1814; baseline -0.001 -7"><span class='ocrx_word' id='word_1_898' title='bbox 1289 1783 1348 1807; x_wconf 89' lang='lat' dir='ltr'>sor</span> <span class='ocrx_word' id='word_1_899' title='bbox 1372 1772 1470 1807; x_wconf 88' lang='lat' dir='ltr'>solus</span> <span class='ocrx_word' id='word_1_900' title='bbox 1494 1772 1680 1814; x_wconf 89' lang='lat' dir='ltr'>liberatur,</span> <span class='ocrx_word' id='word_1_901' title='bbox 1706 1772 1807 1807; x_wconf 86' lang='lat' dir='ltr'>cuius</span> <span class='ocrx_word' id='word_1_902' title='bbox 1827 1772 1970 1807; x_wconf 91' lang='lat' dir='ltr'>nomine</span> <span class='ocrx_word' id='word_1_903' title='bbox 1990 1772 2119 1807; x_wconf 91' lang='lat' dir='ltr'>solutio</span> <span class='ocrx_word' id='word_1_904' title='bbox 2140 1772 2238 1806; x_wconf 85' lang='lat' dir='ltr'>facta</span> <span class='ocrx_word' id='word_1_905' title='bbox 2258 1772 2378 1807; x_wconf 88' lang='lat' dir='ltr'>fuerit.</span> 
     </span>
    </p>

    <p class='ocr_par' dir='ltr' id='par_1_15' title="bbox 1283 1815 2379 3445">
     <span class='ocr_line' id='line_1_120' title="bbox 1334 1815 2379 1862; baseline -0.003 -8"><span class='ocrx_word' id='word_1_906' title='bbox 1334 1815 1388 1854; x_wconf 82' lang='lat'>38</span> <span class='ocrx_word' id='word_1_907' title='bbox 1418 1818 1646 1853; x_wconf 75' lang='lat' dir='ltr'><em>AFRICANUS</em></span> <span class='ocrx_word' id='word_1_908' title='bbox 1680 1818 1770 1853; x_wconf 74' lang='lat' dir='ltr'>libro</span> <span class='ocrx_word' id='word_1_909' title='bbox 1803 1818 1954 1861; x_wconf 76' lang='lat' dir='ltr'>septimo</span> <span class='ocrx_word' id='word_1_910' title='bbox 1985 1818 2234 1862; x_wconf 78' lang='lat' dir='ltr'>quaestionum</span> <span class='ocrx_word' id='word_1_911' title='bbox 2292 1818 2379 1853; x_wconf 89' lang='lat' dir='ltr'>Cum</span> 
     </span>
     <span class='ocr_line' id='line_1_121' title="bbox 1288 1862 2378 1907; baseline 0 -11"><span class='ocrx_word' id='word_1_912' title='bbox 1288 1863 1366 1907; x_wconf 89' lang='lat' dir='ltr'>quis</span> <span class='ocrx_word' id='word_1_913' title='bbox 1391 1862 1460 1898; x_wconf 90' lang='lat' dir='ltr'>sibi</span> <span class='ocrx_word' id='word_1_914' title='bbox 1484 1866 1548 1897; x_wconf 90' lang='lat' dir='ltr'>aut</span> <span class='ocrx_word' id='word_1_915' title='bbox 1565 1862 1659 1897; x_wconf 91' lang='lat' dir='ltr'>Titio</span> <span class='ocrx_word' id='word_1_916' title='bbox 1685 1862 1764 1897; x_wconf 92' lang='lat' dir='ltr'>dari</span> <span class='ocrx_word' id='word_1_917' title='bbox 1788 1862 1979 1907; x_wconf 88' lang='lat' dir='ltr'>stipulatus</span> <span class='ocrx_word' id='word_1_918' title='bbox 2005 1862 2062 1904; x_wconf 90' lang='lat' dir='ltr'>sit,</span> <span class='ocrx_word' id='word_1_919' title='bbox 2087 1862 2199 1906; x_wconf 86' lang='lat' dir='ltr'>magis</span> <span class='ocrx_word' id='word_1_920' title='bbox 2221 1872 2298 1897; x_wconf 88' lang='lat' dir='ltr'>esse</span> <span class='ocrx_word' id='word_1_921' title='bbox 2318 1863 2378 1903; x_wconf 83' lang='lat' dir='ltr'>ait,</span> 
     </span>
     <span class='ocr_line' id='line_1_122' title="bbox 1287 1907 2377 1950; baseline -0.001 -8"><span class='ocrx_word' id='word_1_922' title='bbox 1287 1912 1328 1942; x_wconf 92' lang='lat' dir='ltr'>ut</span> <span class='ocrx_word' id='word_1_923' title='bbox 1355 1908 1407 1943; x_wconf 90' lang='lat' dir='ltr'>ita</span> <span class='ocrx_word' id='word_1_924' title='bbox 1436 1908 1578 1943; x_wconf 90' lang='lat' dir='ltr'>demum</span> <span class='ocrx_word' id='word_1_925' title='bbox 1602 1911 1700 1943; x_wconf 88' lang='lat' dir='ltr'>recte</span> <span class='ocrx_word' id='word_1_926' title='bbox 1724 1908 1819 1943; x_wconf 90' lang='lat' dir='ltr'>Titio</span> <span class='ocrx_word' id='word_1_927' title='bbox 1850 1908 1939 1943; x_wconf 90' lang='lat' dir='ltr'>solvi</span> <span class='ocrx_word' id='word_1_928' title='bbox 1970 1907 2158 1943; x_wconf 89' lang='lat' dir='ltr'>dicendum</span> <span class='ocrx_word' id='word_1_929' title='bbox 2189 1908 2251 1950; x_wconf 90' lang='lat' dir='ltr'>sit,</span> <span class='ocrx_word' id='word_1_930' title='bbox 2284 1908 2315 1943; x_wconf 92' lang='lat' dir='ltr'>si</span> <span class='ocrx_word' id='word_1_931' title='bbox 2343 1908 2377 1942; x_wconf 94' lang='lat' dir='ltr'>in</span> 
     </span>
     <span class='ocr_line' id='line_1_123' title="bbox 1287 1953 2377 1998; baseline -0.001 -10"><span class='ocrx_word' id='word_1_932' title='bbox 1287 1953 1412 1989; x_wconf 90' lang='lat' dir='ltr'>eodem</span> <span class='ocrx_word' id='word_1_933' title='bbox 1436 1957 1533 1988; x_wconf 87' lang='lat' dir='ltr'>statu</span> <span class='ocrx_word' id='word_1_934' title='bbox 1557 1957 1714 1995; x_wconf 90' lang='lat' dir='ltr'>maneat,</span> <span class='ocrx_word' id='word_1_935' title='bbox 1747 1964 1817 1998; x_wconf 93' lang='lat' dir='ltr'>quo</span> <span class='ocrx_word' id='word_1_936' title='bbox 1842 1953 1930 1996; x_wconf 90' lang='lat' dir='ltr'>fuit,</span> <span class='ocrx_word' id='word_1_937' title='bbox 1957 1964 2038 1988; x_wconf 90' lang='lat' dir='ltr'>cum</span> <span class='ocrx_word' id='word_1_938' title='bbox 2063 1953 2244 1997; x_wconf 90' lang='lat' dir='ltr'>stipulatio</span> <span class='ocrx_word' id='word_1_939' title='bbox 2269 1953 2377 1988; x_wconf 85' lang='lat' dir='ltr'>intor-</span> 
     </span>
     <span class='ocr_line' id='line_1_124' title="bbox 1287 1998 2377 2043; baseline -0.002 -9"><span class='ocrx_word' id='word_1_940' title='bbox 1287 2002 1499 2043; x_wconf 83' lang='lat' dir='ltr'>poneretur:</span> <span class='ocrx_word' id='word_1_941' title='bbox 1533 2003 1691 2034; x_wconf 89' lang='lat' dir='ltr'>ceterum</span> <span class='ocrx_word' id='word_1_942' title='bbox 1723 1999 1796 2034; x_wconf 89' lang='lat' dir='ltr'>sive</span> <span class='ocrx_word' id='word_1_943' title='bbox 1826 1998 1864 2033; x_wconf 90' lang='lat' dir='ltr'>in</span> <span class='ocrx_word' id='word_1_944' title='bbox 1895 1998 2123 2043; x_wconf 88' lang='lat' dir='ltr'>adoptionem</span> <span class='ocrx_word' id='word_1_945' title='bbox 2147 1999 2220 2033; x_wconf 89' lang='lat' dir='ltr'>sive</span> <span class='ocrx_word' id='word_1_946' title='bbox 2242 1999 2279 2032; x_wconf 92' lang='lat' dir='ltr'>in</span> <span class='ocrx_word' id='word_1_947' title='bbox 2305 1998 2377 2033; x_wconf 83' lang='lat' dir='ltr'>exi-</span> 
     </span>
     <span class='ocr_line' id='line_1_125' title="bbox 1287 2043 2378 2089; baseline -0.001 -10"><span class='ocrx_word' id='word_1_948' title='bbox 1287 2044 1374 2079; x_wconf 91' lang='lat' dir='ltr'>lium</span> <span class='ocrx_word' id='word_1_949' title='bbox 1402 2044 1483 2079; x_wconf 89' lang='lat' dir='ltr'>ierit</span> <span class='ocrx_word' id='word_1_950' title='bbox 1512 2045 1569 2079; x_wconf 92' lang='lat' dir='ltr'>vel</span> <span class='ocrx_word' id='word_1_951' title='bbox 1597 2054 1692 2089; x_wconf 89' lang='lat' dir='ltr'>aqua</span> <span class='ocrx_word' id='word_1_952' title='bbox 1715 2047 1752 2079; x_wconf 90' lang='lat' dir='ltr'>et</span> <span class='ocrx_word' id='word_1_953' title='bbox 1774 2044 1846 2088; x_wconf 82' lang='lat' dir='ltr'>igni</span> <span class='ocrx_word' id='word_1_954' title='bbox 1872 2045 1903 2079; x_wconf 94' lang='lat' dir='ltr'>ei</span> <span class='ocrx_word' id='word_1_955' title='bbox 1927 2043 2154 2078; x_wconf 88' lang='lat' dir='ltr'>interdictum</span> <span class='ocrx_word' id='word_1_956' title='bbox 2178 2043 2233 2078; x_wconf 90' lang='lat' dir='ltr'>vel</span> <span class='ocrx_word' id='word_1_957' title='bbox 2257 2054 2378 2078; x_wconf 90' lang='lat' dir='ltr'>servus</span> 
     </span>
     <span class='ocr_line' id='line_1_126' title="bbox 1286 2088 2378 2132; baseline -0.002 -8"><span class='ocrx_word' id='word_1_958' title='bbox 1286 2090 1405 2124; x_wconf 84' lang='lat' dir='ltr'>factus</span> <span class='ocrx_word' id='word_1_959' title='bbox 1431 2090 1495 2132; x_wconf 92' lang='lat' dir='ltr'>sit,</span> <span class='ocrx_word' id='word_1_960' title='bbox 1520 2100 1592 2124; x_wconf 92' lang='lat' dir='ltr'>non</span> <span class='ocrx_word' id='word_1_961' title='bbox 1617 2094 1713 2125; x_wconf 89' lang='lat' dir='ltr'>recte</span> <span class='ocrx_word' id='word_1_962' title='bbox 1738 2091 1770 2124; x_wconf 89' lang='lat' dir='ltr'>ei</span> <span class='ocrx_word' id='word_1_963' title='bbox 1794 2089 1884 2124; x_wconf 88' lang='lat' dir='ltr'>solvi</span> <span class='ocrx_word' id='word_1_964' title='bbox 1908 2088 2118 2123; x_wconf 87' lang='lat' dir='ltr'>dicendum:</span> <span class='ocrx_word' id='word_1_965' title='bbox 2152 2089 2261 2124; x_wconf 89' lang='lat' dir='ltr'>tacite</span> <span class='ocrx_word' id='word_1_966' title='bbox 2285 2088 2378 2123; x_wconf 90' lang='lat' dir='ltr'>enim</span> 
     </span>
     <span class='ocr_line' id='line_1_127' title="bbox 1286 2134 2378 2179; baseline -0.002 -9"><span class='ocrx_word' id='word_1_967' title='bbox 1286 2135 1404 2170; x_wconf 88' lang='lat' dir='ltr'>inesse</span> <span class='ocrx_word' id='word_1_968' title='bbox 1424 2135 1513 2170; x_wconf 89' lang='lat' dir='ltr'>haec</span> <span class='ocrx_word' id='word_1_969' title='bbox 1531 2135 1717 2170; x_wconf 89' lang='lat' dir='ltr'>conventio</span> <span class='ocrx_word' id='word_1_970' title='bbox 1739 2134 1963 2179; x_wconf 87' lang='lat' dir='ltr'>stipulationi</span> <span class='ocrx_word' id='word_1_971' title='bbox 1981 2134 2120 2169; x_wconf 89' lang='lat' dir='ltr'>videtur</span> <span class='ocrx_word' id='word_1_972' title='bbox 2140 2134 2182 2169; x_wconf 86' lang='lat' dir='ltr'>‘si</span> <span class='ocrx_word' id='word_1_973' title='bbox 2199 2135 2236 2168; x_wconf 93' lang='lat' dir='ltr'>in</span> <span class='ocrx_word' id='word_1_974' title='bbox 2255 2134 2378 2169; x_wconf 87' lang='lat' dir='ltr'>eadem</span> 
     </span>
     <span class='ocr_line' id='line_1_128' title="bbox 1290 2179 2378 2216; baseline -0.002 -1"><span class='ocrx_word' id='word_1_975' title='bbox 1290 2184 1304 2215; x_wconf 91' lang='lat'>1</span> <span class='ocrx_word' id='word_1_976' title='bbox 1356 2182 1478 2216; x_wconf 88' lang='lat' dir='ltr'>‘causa</span> <span class='ocrx_word' id='word_1_977' title='bbox 1498 2181 1664 2216; x_wconf 89' lang='lat' dir='ltr'>maneat’.</span> <span class='ocrx_word' id='word_1_978' title='bbox 1702 2180 1739 2216; x_wconf 89' lang='lat' dir='ltr'>Si</span> <span class='ocrx_word' id='word_1_979' title='bbox 1756 2180 1954 2215; x_wconf 85' lang='lat' dir='ltr'>debitorem</span> <span class='ocrx_word' id='word_1_980' title='bbox 1970 2190 2086 2214; x_wconf 90' lang='lat' dir='ltr'>meum</span> <span class='ocrx_word' id='word_1_981' title='bbox 2102 2179 2266 2215; x_wconf 91' lang='lat' dir='ltr'>iusserim</span> <span class='ocrx_word' id='word_1_982' title='bbox 2284 2179 2378 2213; x_wconf 89' lang='lat' dir='ltr'>Titio</span> 
     </span>
     <span class='ocr_line' id='line_1_129' title="bbox 1287 2224 2379 2269; baseline -0.002 -8"><span class='ocrx_word' id='word_1_983' title='bbox 1287 2226 1440 2268; x_wconf 89' lang='lat' dir='ltr'>solvere,</span> <span class='ocrx_word' id='word_1_984' title='bbox 1474 2226 1601 2261; x_wconf 90' lang='lat' dir='ltr'>deinde</span> <span class='ocrx_word' id='word_1_985' title='bbox 1626 2226 1759 2260; x_wconf 91' lang='lat' dir='ltr'>Titium</span> <span class='ocrx_word' id='word_1_986' title='bbox 1791 2225 1961 2260; x_wconf 89' lang='lat' dir='ltr'>vetuerim</span> <span class='ocrx_word' id='word_1_987' title='bbox 1991 2225 2155 2269; x_wconf 89' lang='lat' dir='ltr'>accipere</span> <span class='ocrx_word' id='word_1_988' title='bbox 2180 2229 2215 2259; x_wconf 91' lang='lat' dir='ltr'>et</span> <span class='ocrx_word' id='word_1_989' title='bbox 2239 2224 2379 2259; x_wconf 90' lang='lat' dir='ltr'>debitor</span> 
     </span>
     <span class='ocr_line' id='line_1_130' title="bbox 1285 2270 2377 2315; baseline -0.002 -9"><span class='ocrx_word' id='word_1_990' title='bbox 1285 2271 1455 2315; x_wconf 86' lang='lat' dir='ltr'>ignorans</span> <span class='ocrx_word' id='word_1_991' title='bbox 1476 2271 1632 2313; x_wconf 92' lang='lat' dir='ltr'>solverit,</span> <span class='ocrx_word' id='word_1_992' title='bbox 1656 2272 1708 2306; x_wconf 89' lang='lat' dir='ltr'>ita</span> <span class='ocrx_word' id='word_1_993' title='bbox 1732 2282 1813 2306; x_wconf 91' lang='lat' dir='ltr'>eum</span> <span class='ocrx_word' id='word_1_994' title='bbox 1837 2270 1982 2305; x_wconf 88' lang='lat' dir='ltr'>liberari</span> <span class='ocrx_word' id='word_1_995' title='bbox 2007 2270 2230 2311; x_wconf 88' lang='lat' dir='ltr'>existimavit,</span> <span class='ocrx_word' id='word_1_996' title='bbox 2257 2270 2287 2305; x_wconf 89' lang='lat' dir='ltr'>si</span> <span class='ocrx_word' id='word_1_997' title='bbox 2306 2280 2377 2304; x_wconf 91' lang='lat' dir='ltr'>non</span> 
     </span>
     <span class='ocr_line' id='line_1_131' title="bbox 1286 2315 2374 2360; baseline -0.002 -9"><span class='ocrx_word' id='word_1_998' title='bbox 1286 2327 1329 2352; x_wconf 89' lang='lat' dir='ltr'>ea</span> <span class='ocrx_word' id='word_1_999' title='bbox 1353 2321 1470 2351; x_wconf 91' lang='lat' dir='ltr'>mente</span> <span class='ocrx_word' id='word_1_1000' title='bbox 1494 2316 1611 2351; x_wconf 91' lang='lat' dir='ltr'>Titius</span> <span class='ocrx_word' id='word_1_1001' title='bbox 1635 2327 1798 2351; x_wconf 89' lang='lat' dir='ltr'>nummos</span> <span class='ocrx_word' id='word_1_1002' title='bbox 1823 2316 2019 2360; x_wconf 89' lang='lat' dir='ltr'>acceperit,</span> <span class='ocrx_word' id='word_1_1003' title='bbox 2044 2319 2086 2350; x_wconf 95' lang='lat' dir='ltr'>ut</span> <span class='ocrx_word' id='word_1_1004' title='bbox 2116 2325 2177 2350; x_wconf 91' lang='lat' dir='ltr'>eos</span> <span class='ocrx_word' id='word_1_1005' title='bbox 2207 2315 2374 2350; x_wconf 89' lang='lat' dir='ltr'>lucretur.</span> 
     </span>
     <span class='ocr_line' id='line_1_132' title="bbox 1286 2360 2375 2406; baseline -0.002 -10"><span class='ocrx_word' id='word_1_1006' title='bbox 1286 2362 1462 2406; x_wconf 90' lang='lat' dir='ltr'>alioquin,</span> <span class='ocrx_word' id='word_1_1007' title='bbox 1495 2361 1662 2406; x_wconf 88' lang='lat' dir='ltr'>quoniam</span> <span class='ocrx_word' id='word_1_1008' title='bbox 1686 2361 1823 2396; x_wconf 90' lang='lat' dir='ltr'>furtum</span> <span class='ocrx_word' id='word_1_1009' title='bbox 1848 2371 1971 2396; x_wconf 88' lang='lat' dir='ltr'>eorum</span> <span class='ocrx_word' id='word_1_1010' title='bbox 1996 2361 2044 2396; x_wconf 86' lang='lat' dir='ltr'>sit</span> <span class='ocrx_word' id='word_1_1011' title='bbox 2067 2360 2245 2402; x_wconf 86' lang='lat' dir='ltr'>facturus,</span> <span class='ocrx_word' id='word_1_1012' title='bbox 2277 2371 2375 2394; x_wconf 90' lang='lat' dir='ltr'>man-</span> 
     </span>
     <span class='ocr_line' id='line_1_133' title="bbox 1285 2406 2376 2450; baseline -0.003 -8"><span class='ocrx_word' id='word_1_1013' title='bbox 1285 2417 1390 2442; x_wconf 87' lang='lat' dir='ltr'>suros</span> <span class='ocrx_word' id='word_1_1014' title='bbox 1415 2418 1476 2443; x_wconf 88' lang='lat' dir='ltr'>eos</span> <span class='ocrx_word' id='word_1_1015' title='bbox 1502 2407 1674 2442; x_wconf 88' lang='lat' dir='ltr'>debitoris</span> <span class='ocrx_word' id='word_1_1016' title='bbox 1699 2411 1735 2442; x_wconf 92' lang='lat' dir='ltr'>et</span> <span class='ocrx_word' id='word_1_1017' title='bbox 1758 2407 1839 2442; x_wconf 91' lang='lat' dir='ltr'>ideo</span> <span class='ocrx_word' id='word_1_1018' title='bbox 1864 2406 2111 2441; x_wconf 89' lang='lat' dir='ltr'>liberationem</span> <span class='ocrx_word' id='word_1_1019' title='bbox 2137 2406 2276 2450; x_wconf 92' lang='lat' dir='ltr'>quidem</span> <span class='ocrx_word' id='word_1_1020' title='bbox 2298 2406 2376 2450; x_wconf 88' lang='lat' dir='ltr'>ipso</span> 
     </span>
     <span class='ocr_line' id='line_1_134' title="bbox 1285 2451 2377 2497; baseline -0.002 -10"><span class='ocrx_word' id='word_1_1021' title='bbox 1285 2453 1363 2487; x_wconf 90' lang='lat' dir='ltr'>iure</span> <span class='ocrx_word' id='word_1_1022' title='bbox 1386 2463 1459 2487; x_wconf 92' lang='lat' dir='ltr'>non</span> <span class='ocrx_word' id='word_1_1023' title='bbox 1482 2462 1589 2497; x_wconf 87' lang='lat' dir='ltr'>posse</span> <span class='ocrx_word' id='word_1_1024' title='bbox 1611 2453 1817 2496; x_wconf 86' lang='lat' dir='ltr'>contingere</span> <span class='ocrx_word' id='word_1_1025' title='bbox 1837 2451 2001 2494; x_wconf 88' lang='lat' dir='ltr'>debitori,</span> <span class='ocrx_word' id='word_1_1026' title='bbox 2026 2451 2238 2495; x_wconf 87' lang='lat' dir='ltr'>exceptione</span> <span class='ocrx_word' id='word_1_1027' title='bbox 2258 2454 2377 2485; x_wconf 89' lang='lat' dir='ltr'>tamen</span> 
     </span>
     <span class='ocr_line' id='line_1_135' title="bbox 1286 2496 2375 2542; baseline -0.003 -9"><span class='ocrx_word' id='word_1_1028' title='bbox 1286 2498 1319 2533; x_wconf 89' lang='lat' dir='ltr'>ei</span> <span class='ocrx_word' id='word_1_1029' title='bbox 1343 2498 1506 2533; x_wconf 87' lang='lat' dir='ltr'>succurri</span> <span class='ocrx_word' id='word_1_1030' title='bbox 1529 2508 1684 2542; x_wconf 90' lang='lat' dir='ltr'>aequum</span> <span class='ocrx_word' id='word_1_1031' title='bbox 1708 2508 1797 2541; x_wconf 91' lang='lat' dir='ltr'>esse,</span> <span class='ocrx_word' id='word_1_1032' title='bbox 1823 2498 1853 2532; x_wconf 91' lang='lat' dir='ltr'>si</span> <span class='ocrx_word' id='word_1_1033' title='bbox 1876 2501 2025 2541; x_wconf 89' lang='lat' dir='ltr'>paratus</span> <span class='ocrx_word' id='word_1_1034' title='bbox 2050 2497 2097 2531; x_wconf 90' lang='lat' dir='ltr'>sit</span> <span class='ocrx_word' id='word_1_1035' title='bbox 2117 2496 2375 2531; x_wconf 90' lang='lat' dir='ltr'>condictionem</span> 
     </span>
     <span class='ocr_line' id='line_1_136' title="bbox 1285 2542 2374 2588; baseline -0.002 -11"><span class='ocrx_word' id='word_1_1036' title='bbox 1285 2543 1469 2585; x_wconf 87' lang='lat' dir='ltr'>furtivam,</span> <span class='ocrx_word' id='word_1_1037' title='bbox 1501 2553 1608 2588; x_wconf 90' lang='lat' dir='ltr'>quam</span> <span class='ocrx_word' id='word_1_1038' title='bbox 1637 2543 1808 2578; x_wconf 89' lang='lat' dir='ltr'>adversus</span> <span class='ocrx_word' id='word_1_1039' title='bbox 1834 2543 1968 2577; x_wconf 91' lang='lat' dir='ltr'>Titium</span> <span class='ocrx_word' id='word_1_1040' title='bbox 2000 2542 2126 2584; x_wconf 89' lang='lat' dir='ltr'>habet,</span> <span class='ocrx_word' id='word_1_1041' title='bbox 2158 2542 2242 2575; x_wconf 91' lang='lat' dir='ltr'>mihi</span> <span class='ocrx_word' id='word_1_1042' title='bbox 2271 2551 2374 2585; x_wconf 87' lang='lat' dir='ltr'>prae-</span> 
     </span>
     <span class='ocr_line' id='line_1_137' title="bbox 1285 2587 2375 2631; baseline -0.004 -8"><span class='ocrx_word' id='word_1_1043' title='bbox 1285 2592 1400 2623; x_wconf 88' lang='lat' dir='ltr'>stare:</span> <span class='ocrx_word' id='word_1_1044' title='bbox 1434 2589 1539 2623; x_wconf 90' lang='lat' dir='ltr'>sicuti</span> <span class='ocrx_word' id='word_1_1045' title='bbox 1565 2593 1743 2631; x_wconf 89' lang='lat' dir='ltr'>servatur,</span> <span class='ocrx_word' id='word_1_1046' title='bbox 1770 2599 1851 2623; x_wconf 88' lang='lat' dir='ltr'>cum</span> <span class='ocrx_word' id='word_1_1047' title='bbox 1875 2588 2024 2623; x_wconf 90' lang='lat' dir='ltr'>maritus</span> <span class='ocrx_word' id='word_1_1048' title='bbox 2049 2587 2154 2622; x_wconf 87' lang='lat' dir='ltr'>uxori</span> <span class='ocrx_word' id='word_1_1049' title='bbox 2179 2587 2375 2621; x_wconf 89' lang='lat' dir='ltr'>donaturus</span> 
     </span>
     <span class='ocr_line' id='line_1_138' title="bbox 1285 2631 2374 2676; baseline -0.003 -8"><span class='ocrx_word' id='word_1_1050' title='bbox 1285 2634 1482 2669; x_wconf 90' lang='lat' dir='ltr'>debitorem</span> <span class='ocrx_word' id='word_1_1051' title='bbox 1520 2645 1624 2670; x_wconf 91' lang='lat' dir='ltr'>suum</span> <span class='ocrx_word' id='word_1_1052' title='bbox 1664 2634 1786 2668; x_wconf 89' lang='lat' dir='ltr'>iubeat</span> <span class='ocrx_word' id='word_1_1053' title='bbox 1823 2633 1977 2668; x_wconf 86' lang='lat' dir='ltr'>solvere:</span> <span class='ocrx_word' id='word_1_1054' title='bbox 2019 2643 2102 2667; x_wconf 92' lang='lat' dir='ltr'>nam</span> <span class='ocrx_word' id='word_1_1055' title='bbox 2137 2631 2186 2666; x_wconf 90' lang='lat' dir='ltr'>ibi</span> <span class='ocrx_word' id='word_1_1056' title='bbox 2223 2642 2374 2676; x_wconf 90' lang='lat' dir='ltr'>quoque,</span> 
     </span>
     <span class='ocr_line' id='line_1_139' title="bbox 1285 2676 2374 2724; baseline -0.004 -10"><span class='ocrx_word' id='word_1_1057' title='bbox 1285 2680 1369 2724; x_wconf 92' lang='lat' dir='ltr'>quia</span> <span class='ocrx_word' id='word_1_1058' title='bbox 1393 2680 1528 2714; x_wconf 88' lang='lat' dir='ltr'>nummi</span> <span class='ocrx_word' id='word_1_1059' title='bbox 1550 2679 1708 2714; x_wconf 89' lang='lat' dir='ltr'>mulieris</span> <span class='ocrx_word' id='word_1_1060' title='bbox 1734 2689 1806 2713; x_wconf 92' lang='lat' dir='ltr'>non</span> <span class='ocrx_word' id='word_1_1061' title='bbox 1830 2679 1939 2721; x_wconf 88' lang='lat' dir='ltr'>fiunt,</span> <span class='ocrx_word' id='word_1_1062' title='bbox 1973 2678 2168 2713; x_wconf 85' lang='lat' dir='ltr'>debitorem</span> <span class='ocrx_word' id='word_1_1063' title='bbox 2192 2687 2264 2711; x_wconf 92' lang='lat' dir='ltr'>non</span> <span class='ocrx_word' id='word_1_1064' title='bbox 2287 2676 2374 2710; x_wconf 86' lang='lat' dir='ltr'>libe-</span> 
     </span>
     <span class='ocr_line' id='line_1_140' title="bbox 1285 2721 2375 2769; baseline -0.004 -10"><span class='ocrx_word' id='word_1_1065' title='bbox 1285 2725 1368 2767; x_wconf 89' lang='lat' dir='ltr'>rari,</span> <span class='ocrx_word' id='word_1_1066' title='bbox 1394 2725 1456 2759; x_wconf 91' lang='lat' dir='ltr'>sed</span> <span class='ocrx_word' id='word_1_1067' title='bbox 1480 2725 1689 2769; x_wconf 83' lang='lat' dir='ltr'>exceptione</span> <span class='ocrx_word' id='word_1_1068' title='bbox 1714 2735 1793 2759; x_wconf 91' lang='lat' dir='ltr'>eum</span> <span class='ocrx_word' id='word_1_1069' title='bbox 1819 2724 1989 2758; x_wconf 89' lang='lat' dir='ltr'>adversus</span> <span class='ocrx_word' id='word_1_1070' title='bbox 2013 2723 2180 2757; x_wconf 88' lang='lat' dir='ltr'>maritum</span> <span class='ocrx_word' id='word_1_1071' title='bbox 2203 2721 2375 2756; x_wconf 89' lang='lat' dir='ltr'>tuendum</span> 
     </span>
     <span class='ocr_line' id='line_1_141' title="bbox 1285 2767 2373 2814; baseline -0.005 -9"><span class='ocrx_word' id='word_1_1072' title='bbox 1285 2780 1374 2812; x_wconf 87' lang='lat' dir='ltr'>esse,</span> <span class='ocrx_word' id='word_1_1073' title='bbox 1396 2770 1426 2804; x_wconf 89' lang='lat' dir='ltr'>si</span> <span class='ocrx_word' id='word_1_1074' title='bbox 1447 2770 1717 2813; x_wconf 88' lang='lat' dir='ltr'>condictionem,</span> <span class='ocrx_word' id='word_1_1075' title='bbox 1738 2779 1845 2814; x_wconf 88' lang='lat' dir='ltr'>quam</span> <span class='ocrx_word' id='word_1_1076' title='bbox 1862 2769 2032 2803; x_wconf 89' lang='lat' dir='ltr'>adversus</span> <span class='ocrx_word' id='word_1_1077' title='bbox 2053 2767 2236 2802; x_wconf 86' lang='lat' dir='ltr'>mulierem</span> <span class='ocrx_word' id='word_1_1078' title='bbox 2255 2767 2373 2807; x_wconf 85' lang='lat' dir='ltr'>habet,</span> 
     </span>
     <span class='ocr_line' id='line_1_142' title="bbox 1284 2811 2373 2860; baseline -0.004 -12"><span class='ocrx_word' id='word_1_1079' title='bbox 1284 2818 1453 2860; x_wconf 90' lang='lat' dir='ltr'>praestet.</span> <span class='ocrx_word' id='word_1_1080' title='bbox 1509 2815 1631 2849; x_wconf 86' lang='lat' dir='ltr'>¹⁷furti</span> <span class='ocrx_word' id='word_1_1081' title='bbox 1662 2818 1782 2849; x_wconf 89' lang='lat' dir='ltr'>tamen</span> <span class='ocrx_word' id='word_1_1082' title='bbox 1814 2814 1991 2849; x_wconf 88' lang='lat' dir='ltr'>actionem</span> <span class='ocrx_word' id='word_1_1083' title='bbox 2019 2813 2057 2847; x_wconf 91' lang='lat' dir='ltr'>in</span> <span class='ocrx_word' id='word_1_1084' title='bbox 2105 2812 2264 2857; x_wconf 84' lang='lat' dir='ltr'>reposito</span> <span class='ocrx_word' id='word_1_1085' title='bbox 2289 2811 2373 2845; x_wconf 89' lang='lat' dir='ltr'>mihi</span> 
     </span>
     <span class='ocr_line' id='line_1_143' title="bbox 1285 2856 2375 2905; baseline -0.005 -10"><span class='ocrx_word' id='word_1_1086' title='bbox 1285 2864 1366 2905; x_wconf 90' lang='lat' dir='ltr'>post</span> <span class='ocrx_word' id='word_1_1087' title='bbox 1391 2860 1579 2895; x_wconf 92' lang='lat' dir='ltr'>divortium</span> <span class='ocrx_word' id='word_1_1088' title='bbox 1595 2861 1621 2880; x_wconf 81' lang='lat'>¹⁸</span> <span class='ocrx_word' id='word_1_1089' title='bbox 1646 2859 1937 2904; x_wconf 89' lang='lat' dir='ltr'>competituram,</span> <span class='ocrx_word' id='word_1_1090' title='bbox 1968 2869 2063 2902; x_wconf 89' lang='lat' dir='ltr'>quan</span> <span class='ocrx_word' id='word_1_1091' title='bbox 2090 2869 2110 2893; x_wconf 95' lang='lat' dir='ltr'>o</span> <span class='ocrx_word' id='word_1_1092' title='bbox 2134 2867 2213 2892; x_wconf 91' lang='lat' dir='ltr'>mea</span> <span class='ocrx_word' id='word_1_1093' title='bbox 2236 2856 2375 2891; x_wconf 88' lang='lat' dir='ltr'>intersit</span> 
     </span>
     <span class='ocr_line' id='line_1_144' title="bbox 1286 2902 2373 2950; baseline -0.006 -10"><span class='ocrx_word' id='word_1_1094' title='bbox 1286 2911 1304 2939; x_wconf 75' lang='lat'>2</span> <span class='ocrx_word' id='word_1_1095' title='bbox 1352 2906 1570 2950; x_wconf 85' lang='lat' dir='ltr'>interceptos</span> <span class='ocrx_word' id='word_1_1096' title='bbox 1602 2916 1766 2940; x_wconf 89' lang='lat' dir='ltr'>nummos</span> <span class='ocrx_word' id='word_1_1097' title='bbox 1799 2915 1871 2939; x_wconf 91' lang='lat' dir='ltr'>non</span> <span class='ocrx_word' id='word_1_1098' title='bbox 1901 2914 1989 2939; x_wconf 88' lang='lat' dir='ltr'>esse.</span> <span class='ocrx_word' id='word_1_1099' title='bbox 2037 2903 2093 2937; x_wconf 93' lang='lat' dir='ltr'>De</span> <span class='ocrx_word' id='word_1_1100' title='bbox 2122 2902 2260 2946; x_wconf 88' lang='lat' dir='ltr'>peculio</span> <span class='ocrx_word' id='word_1_1101' title='bbox 2293 2912 2373 2935; x_wconf 86' lang='lat' dir='ltr'>cum</span> 
     </span>
     <span class='ocr_line' id='line_1_145' title="bbox 1284 2946 2371 2986; baseline -0.006 -1"><span class='ocrx_word' id='word_1_1102' title='bbox 1284 2950 1427 2986; x_wconf 91' lang='lat' dir='ltr'>domino</span> <span class='ocrx_word' id='word_1_1103' title='bbox 1452 2956 1573 2985; x_wconf 90' lang='lat' dir='ltr'>actum</span> <span class='ocrx_word' id='word_1_1104' title='bbox 1597 2954 1670 2985; x_wconf 90' lang='lat' dir='ltr'>est:</span> <span class='ocrx_word' id='word_1_1105' title='bbox 1695 2950 1725 2985; x_wconf 89' lang='lat' dir='ltr'>is</span> <span class='ocrx_word' id='word_1_1106' title='bbox 1751 2950 1940 2984; x_wconf 89' lang='lat' dir='ltr'>damnatus</span> <span class='ocrx_word' id='word_1_1107' title='bbox 1965 2949 2080 2984; x_wconf 91' lang='lat' dir='ltr'>solvit.</span> <span class='ocrx_word' id='word_1_1108' title='bbox 2130 2953 2165 2982; x_wconf 87' lang='lat' dir='ltr'>et</span> <span class='ocrx_word' id='word_1_1109' title='bbox 2189 2946 2371 2981; x_wconf 82' lang='lat' dir='ltr'>fideiusso-</span> 
     </span>
     <span class='ocr_line' id='line_1_146' title="bbox 1284 2990 2372 3040; baseline -0.007 -9"><span class='ocrx_word' id='word_1_1110' title='bbox 1284 3007 1341 3031; x_wconf 88' lang='lat' dir='ltr'>res</span> <span class='ocrx_word' id='word_1_1111' title='bbox 1374 3006 1439 3040; x_wconf 90' lang='lat' dir='ltr'>pro</span> <span class='ocrx_word' id='word_1_1112' title='bbox 1471 3006 1572 3031; x_wconf 88' lang='lat' dir='ltr'>servo</span> <span class='ocrx_word' id='word_1_1113' title='bbox 1605 2999 1773 3039; x_wconf 87' lang='lat' dir='ltr'>acceptos</span> <span class='ocrx_word' id='word_1_1114' title='bbox 1802 2994 1949 3030; x_wconf 89' lang='lat' dir='ltr'>liberari</span> <span class='ocrx_word' id='word_1_1115' title='bbox 1982 2992 2183 3038; x_wconf 88' lang='lat' dir='ltr'>respondit:</span> <span class='ocrx_word' id='word_1_1116' title='bbox 2224 2990 2372 3025; x_wconf 87' lang='lat' dir='ltr'>eandem</span> 
     </span>
     <span class='ocr_line' id='line_1_147' title="bbox 1285 3038 2372 3085; baseline -0.007 -9"><span class='ocrx_word' id='word_1_1117' title='bbox 1285 3042 1376 3075; x_wconf 90' lang='lat' dir='ltr'>enim</span> <span class='ocrx_word' id='word_1_1118' title='bbox 1409 3041 1598 3085; x_wconf 89' lang='lat' dir='ltr'>pecuniam</span> <span class='ocrx_word' id='word_1_1119' title='bbox 1626 3041 1663 3074; x_wconf 91' lang='lat' dir='ltr'>in</span> <span class='ocrx_word' id='word_1_1120' title='bbox 1694 3040 1816 3084; x_wconf 88' lang='lat' dir='ltr'>plures</span> <span class='ocrx_word' id='word_1_1121' title='bbox 1849 3050 1977 3074; x_wconf 85' lang='lat' dir='ltr'>causas</span> <span class='ocrx_word' id='word_1_1122' title='bbox 2009 3038 2096 3073; x_wconf 89' lang='lat' dir='ltr'>solvi</span> <span class='ocrx_word' id='word_1_1123' title='bbox 2127 3046 2231 3081; x_wconf 87' lang='lat' dir='ltr'>posse</span> <span class='ocrx_word' id='word_1_1124' title='bbox 2266 3046 2372 3079; x_wconf 88' lang='lat' dir='ltr'>argu-</span> 
     </span>
     <span class='ocr_line' id='line_1_148' title="bbox 1284 3080 2372 3131; baseline -0.007 -10"><span class='ocrx_word' id='word_1_1125' title='bbox 1284 3090 1441 3120; x_wconf 90' lang='lat' dir='ltr'>mentum</span> <span class='ocrx_word' id='word_1_1126' title='bbox 1465 3096 1554 3129; x_wconf 88' lang='lat' dir='ltr'>esse,</span> <span class='ocrx_word' id='word_1_1127' title='bbox 1580 3085 1694 3130; x_wconf 89' lang='lat' dir='ltr'>quod,</span> <span class='ocrx_word' id='word_1_1128' title='bbox 1725 3096 1806 3120; x_wconf 93' lang='lat' dir='ltr'>cum</span> <span class='ocrx_word' id='word_1_1129' title='bbox 1831 3084 2027 3119; x_wconf 87' lang='lat' dir='ltr'>iudicatum</span> <span class='ocrx_word' id='word_1_1130' title='bbox 2051 3082 2139 3118; x_wconf 89' lang='lat' dir='ltr'>solvi</span> <span class='ocrx_word' id='word_1_1131' title='bbox 2162 3080 2372 3131; x_wconf 78' lang='lat' dir='ltr'>satisdatum</span> 
     </span>
     <span class='ocr_line' id='line_1_149' title="bbox 1283 3125 2371 3172; baseline -0.007 -6"><span class='ocrx_word' id='word_1_1132' title='bbox 1283 3135 1339 3166; x_wconf 88' lang='lat' dir='ltr'>est</span> <span class='ocrx_word' id='word_1_1133' title='bbox 1362 3135 1398 3166; x_wconf 91' lang='lat' dir='ltr'>et</span> <span class='ocrx_word' id='word_1_1134' title='bbox 1421 3131 1609 3166; x_wconf 86' lang='lat' dir='ltr'>damnatus</span> <span class='ocrx_word' id='word_1_1135' title='bbox 1634 3141 1718 3165; x_wconf 88' lang='lat' dir='ltr'>reus</span> <span class='ocrx_word' id='word_1_1136' title='bbox 1743 3130 1868 3172; x_wconf 89' lang='lat' dir='ltr'>solvat,</span> <span class='ocrx_word' id='word_1_1137' title='bbox 1894 3140 1966 3164; x_wconf 90' lang='lat' dir='ltr'>non</span> <span class='ocrx_word' id='word_1_1138' title='bbox 1988 3128 2101 3163; x_wconf 88' lang='grc'><strong>60111111</strong></span> <span class='ocrx_word' id='word_1_1139' title='bbox 2121 3126 2261 3161; x_wconf 87' lang='lat' dir='ltr'>actione</span> <span class='ocrx_word' id='word_1_1140' title='bbox 2279 3125 2371 3159; x_wconf 87' lang='lat' dir='ltr'>iudi-</span> 
     </span>
     <span class='ocr_line' id='line_1_150' title="bbox 1285 3170 2371 3220; baseline -0.006 -9"><span class='ocrx_word' id='word_1_1141' title='bbox 1285 3176 1374 3217; x_wconf 90' lang='lat' dir='ltr'>cati,</span> <span class='ocrx_word' id='word_1_1142' title='bbox 1408 3176 1471 3211; x_wconf 88' lang='lat' dir='ltr'>sed</span> <span class='ocrx_word' id='word_1_1143' title='bbox 1502 3176 1608 3211; x_wconf 92' lang='lat' dir='ltr'>etiam</span> <span class='ocrx_word' id='word_1_1144' title='bbox 1639 3186 1685 3210; x_wconf 88' lang='lat' dir='ltr'>ex</span> <span class='ocrx_word' id='word_1_1145' title='bbox 1716 3175 1891 3220; x_wconf 90' lang='lat' dir='ltr'>stipulatu</span> <span class='ocrx_word' id='word_1_1146' title='bbox 1923 3178 1959 3209; x_wconf 88' lang='lat' dir='ltr'>et</span> <span class='ocrx_word' id='word_1_1147' title='bbox 1986 3174 2063 3217; x_wconf 89' lang='lat' dir='ltr'>ipse</span> <span class='ocrx_word' id='word_1_1148' title='bbox 2087 3176 2122 3206; x_wconf 93' lang='lat' dir='ltr'>et</span> <span class='ocrx_word' id='word_1_1149' title='bbox 2144 3170 2371 3205; x_wconf 88' lang='lat' dir='ltr'>fideiussores</span> 
     </span>
     <span class='ocr_line' id='line_1_151' title="bbox 1283 3217 2369 3266; baseline -0.006 -11"><span class='ocrx_word' id='word_1_1150' title='bbox 1283 3222 1490 3256; x_wconf 91' lang='lat' dir='ltr'>liberentur.</span> <span class='ocrx_word' id='word_1_1151' title='bbox 1539 3224 1576 3255; x_wconf 92' lang='lat' dir='ltr'>et</span> <span class='ocrx_word' id='word_1_1152' title='bbox 1598 3221 1711 3265; x_wconf 90' lang='lat' dir='ltr'>magis</span> <span class='ocrx_word' id='word_1_1153' title='bbox 1735 3220 1849 3256; x_wconf 86' lang='lat' dir='ltr'>simile</span> <span class='ocrx_word' id='word_1_1154' title='bbox 1874 3229 1963 3261; x_wconf 85' lang='lat' dir='ltr'>esse,</span> <span class='ocrx_word' id='word_1_1155' title='bbox 1988 3217 2093 3262; x_wconf 90' lang='lat' dir='ltr'>quod,</span> <span class='ocrx_word' id='word_1_1156' title='bbox 2124 3226 2205 3250; x_wconf 88' lang='lat' dir='ltr'>cum</span> <span class='ocrx_word' id='word_1_1157' title='bbox 2227 3224 2369 3266; x_wconf 76' lang='lat' dir='ltr'>posses-</span> 
     </span>
     <span class='ocr_line' id='line_1_152' title="bbox 1284 3260 2369 3310; baseline -0.007 -9"><span class='ocrx_word' id='word_1_1158' title='bbox 1284 3276 1344 3301; x_wconf 89' lang='lat' dir='ltr'>sor</span> <span class='ocrx_word' id='word_1_1159' title='bbox 1373 3266 1580 3301; x_wconf 90' lang='lat' dir='ltr'>hereditatis</span> <span class='ocrx_word' id='word_1_1160' title='bbox 1611 3265 1817 3301; x_wconf 86' lang='lat' dir='ltr'>existimans</span> <span class='ocrx_word' id='word_1_1161' title='bbox 1849 3275 1887 3300; x_wconf 90' lang='lat' dir='ltr'>se</span> <span class='ocrx_word' id='word_1_1162' title='bbox 1917 3262 2080 3298; x_wconf 88' lang='lat' dir='ltr'>heredem</span> <span class='ocrx_word' id='word_1_1163' title='bbox 2111 3271 2189 3295; x_wconf 88' lang='lat' dir='ltr'>esse</span> <span class='ocrx_word' id='word_1_1164' title='bbox 2215 3260 2369 3310; x_wconf 38' lang='lat' dir='ltr'>solve-rit,</span> 
     </span>
     <span class='ocr_line' id='line_1_153' title="bbox 1284 3305 2369 3352; baseline -0.007 -7"><span class='ocrx_word' id='word_1_1165' title='bbox 1284 3312 1387 3346; x_wconf 87' lang='lat' dir='ltr'>heres</span> <span class='ocrx_word' id='word_1_1166' title='bbox 1412 3322 1484 3346; x_wconf 90' lang='lat' dir='ltr'>non</span> <span class='ocrx_word' id='word_1_1167' title='bbox 1507 3311 1697 3346; x_wconf 85' lang='lat' dir='ltr'>liberetur:</span> <span class='ocrx_word' id='word_1_1168' title='bbox 1723 3316 1810 3345; x_wconf 89' lang='lat' dir='ltr'>tunc</span> <span class='ocrx_word' id='word_1_1169' title='bbox 1835 3310 1926 3344; x_wconf 90' lang='lat' dir='ltr'>enim</span> <span class='ocrx_word' id='word_1_1170' title='bbox 1951 3310 2143 3352; x_wconf 89' lang='lat' dir='ltr'>propterea</span> <span class='ocrx_word' id='word_1_1171' title='bbox 2162 3305 2198 3339; x_wconf 89' lang='lat' dir='ltr'>id</span> <span class='ocrx_word' id='word_1_1172' title='bbox 2220 3314 2369 3346; x_wconf 86' lang='lat' dir='ltr'>evemre,</span> 
     </span>
     <span class='ocr_line' id='line_1_154' title="bbox 1284 3349 2370 3401; baseline -0.007 -11"><span class='ocrx_word' id='word_1_1173' title='bbox 1284 3356 1379 3401; x_wconf 83' lang='lat' dir='ltr'>quod</span> <span class='ocrx_word' id='word_1_1174' title='bbox 1402 3356 1463 3391; x_wconf 90' lang='lat' dir='ltr'>ille</span> <span class='ocrx_word' id='word_1_1175' title='bbox 1486 3366 1552 3391; x_wconf 87' lang='lat' dir='ltr'>suo</span> <span class='ocrx_word' id='word_1_1176' title='bbox 1577 3356 1719 3391; x_wconf 90' lang='lat' dir='ltr'>nomine</span> <span class='ocrx_word' id='word_1_1177' title='bbox 1743 3355 1936 3390; x_wconf 86' lang='lat' dir='ltr'>indebitam</span> <span class='ocrx_word' id='word_1_1178' title='bbox 1961 3351 2147 3401; x_wconf 81' lang='lat' dir='ltr'>pecuniam</span> <span class='ocrx_word' id='word_1_1179' title='bbox 2172 3349 2288 3383; x_wconf 89' lang='lat' dir='ltr'>dando</span> <span class='ocrx_word' id='word_1_1180' title='bbox 2313 3359 2370 3400; x_wconf 77' lang='lat' dir='ltr'>re·</span> 
     </span>
     <span class='ocr_line' id='line_1_155' title="bbox 1284 3397 2372 3445; baseline -0.006 -10"><span class='ocrx_word' id='word_1_1181' title='bbox 1284 3405 1303 3435; x_wconf 88' lang='lat'><strong>3</strong></span> <span class='ocrx_word' id='word_1_1182' title='bbox 1352 3401 1557 3445; x_wconf 89' lang='lat' dir='ltr'>petitionem</span> <span class='ocrx_word' id='word_1_1183' title='bbox 1583 3402 1659 3437; x_wconf 88' lang='lat' dir='ltr'>eius</span> <span class='ocrx_word' id='word_1_1184' title='bbox 1683 3401 1832 3435; x_wconf 90' lang='lat' dir='ltr'>haberet</span> <span class='ocrx_word' id='word_1_1185' title='bbox 1846 3401 1884 3434; x_wconf 87' lang='lat'>¹⁷.</span> <span class='ocrx_word' id='word_1_1186' title='bbox 1920 3397 1989 3441; x_wconf 77' lang='lat' dir='ltr'>Qui</span> <span class='ocrx_word' id='word_1_1187' title='bbox 2012 3397 2189 3431; x_wconf 89' lang='lat' dir='ltr'>hominem</span> <span class='ocrx_word' id='word_1_1188' title='bbox 2209 3397 2372 3438; x_wconf 83' lang='lat' dir='ltr'>promisit</span> 
     </span>
    </p>
   </div>
   <div class='ocr_carea' id='block_1_12' title="bbox 2275 3469 2357 3475">
    <p class='ocr_par' dir='ltr' id='par_1_16' title="bbox 2275 3469 2357 3475">
     <span class='ocr_line' id='line_1_156' title="bbox 2275 3469 2357 3475; baseline 0 0"><span class='ocrx_word' id='word_1_1189' title='bbox 2275 3469 2357 3475; x_wconf 95' lang='lat' dir='ltr'> </span> 
     </span>
    </p>
   </div>
   <div class='ocr_carea' id='block_1_13' title="bbox 1548 3469 2254 3483">
    <p class='ocr_par' dir='ltr' id='par_1_17' title="bbox 1548 3469 2254 3483">
     <span class='ocr_line' id='line_1_157' title="bbox 1548 3469 2254 3483; baseline 0 0"><span class='ocrx_word' id='word_1_1190' title='bbox 1548 3469 2254 3483; x_wconf 95' lang='lat' dir='ltr'> </span> 
     </span>
    </p>
   </div>
   <div class='ocr_carea' id='block_1_14' title="bbox 1282 3502 2371 3736">
    <p class='ocr_par' dir='ltr' id='par_1_18' title="bbox 1282 3502 2371 3736">
     <span class='ocr_line' id='line_1_158' title="bbox 1285 3502 2369 3557; baseline -0.007 -11"><span class='ocrx_word' id='word_1_1191' title='bbox 1285 3511 1324 3546; x_wconf 78' lang='grc' dir='ltr'>δὲ</span> <span class='ocrx_word' id='word_1_1192' title='bbox 1336 3515 1496 3546; x_wconf 79' lang='grc' dir='ltr'><strong><em>τίκτεται</em></strong></span> <span class='ocrx_word' id='word_1_1193' title='bbox 1508 3515 1614 3547; x_wconf 76' lang='grc' dir='ltr'><strong><em>πέντε</em></strong></span> <span class='ocrx_word' id='word_1_1194' title='bbox 1625 3511 1691 3547; x_wconf 80' lang='grc' dir='ltr'>τὸν</span> <span class='ocrx_word' id='word_1_1195' title='bbox 1703 3507 1875 3557; x_wconf 71' lang='grc' dir='ltr'>ἀριθμόν·</span> <span class='ocrx_word' id='word_1_1196' title='bbox 1898 3506 1966 3551; x_wconf 83' lang='grc' dir='ltr'>ἤδη</span> <span class='ocrx_word' id='word_1_1197' title='bbox 1977 3505 2045 3555; x_wconf 76' lang='grc' dir='ltr'>γὰρ</span> <span class='ocrx_word' id='word_1_1198' title='bbox 2059 3502 2178 3541; x_wconf 78' lang='grc' dir='ltr'><strong><em>ὦπται</em></strong></span> <span class='ocrx_word' id='word_1_1199' title='bbox 2187 3506 2294 3540; x_wconf 73' lang='grc' dir='ltr'><strong><em>τοῦτο</em></strong></span> <span class='ocrx_word' id='word_1_1200' title='bbox 2309 3509 2369 3539; x_wconf 82' lang='grc' dir='ltr'>καὶ</span> 
     </span>
     <span class='ocr_line' id='line_1_159' title="bbox 1283 3553 2371 3602; baseline -0.006 -11"><span class='ocrx_word' id='word_1_1201' title='bbox 1283 3560 1341 3592; x_wconf 75' lang='grc' dir='ltr'>ἐπὶ</span> <span class='ocrx_word' id='word_1_1202' title='bbox 1353 3557 1534 3592; x_wconf 75' lang='grc' dir='ltr'><strong><em>πλειόνων</em></strong></span> <span class='ocrx_word' id='word_1_1203' title='bbox 1545 3557 1766 3602; x_wconf 78' lang='grc' dir='ltr'><strong><em>συμβεβηκός</em></strong></span> <span class='ocrx_word' id='word_1_1204' title='bbox 1844 3558 1899 3593; x_wconf 78' lang='grc'><strong>(14)</strong></span> <span class='ocrx_word' id='word_1_1205' title='bbox 1926 3555 1999 3596; x_wconf 84' lang='grc'><strong>1100]</strong></span> <span class='ocrx_word' id='word_1_1206' title='bbox 2015 3554 2069 3585; x_wconf 85' lang='grc'><strong>1110</strong></span> <span class='ocrx_word' id='word_1_1207' title='bbox 2081 3566 2142 3586; x_wconf 84' lang='lat' dir='ltr'>scr.</span> <span class='ocrx_word' id='word_1_1208' title='bbox 2221 3554 2282 3594; x_wconf 81' lang='lat'><strong>(15)</strong></span> <span class='ocrx_word' id='word_1_1209' title='bbox 2299 3553 2371 3596; x_wconf 79' lang='lat' dir='ltr'>suit</span> 
     </span>
     <span class='ocr_line' id='line_1_160' title="bbox 1282 3599 2366 3646; baseline -0.006 -10"><span class='ocrx_word' id='word_1_1210' title='bbox 1282 3604 1497 3646; x_wconf 84' lang='lat' dir='ltr'>sponsoribus</span> <span class='ocrx_word' id='word_1_1211' title='bbox 1545 3607 1603 3645; x_wconf 79' lang='grc'><strong>(16)</strong></span> <span class='ocrx_word' id='word_1_1212' title='bbox 1622 3603 1755 3636; x_wconf 82' lang='lat' dir='ltr'>solvisse</span> <span class='ocrx_word' id='word_1_1213' title='bbox 1768 3602 1801 3633; x_wconf 84' lang='lat' dir='ltr'><em>F</em></span> <span class='ocrx_word' id='word_1_1214' title='bbox 1810 3602 1830 3641; x_wconf 91' lang='lat'>¹,</span> <span class='ocrx_word' id='word_1_1215' title='bbox 1843 3600 1950 3632; x_wconf 85' lang='lat' dir='ltr'>solvat</span> <span class='ocrx_word' id='word_1_1216' title='bbox 1959 3600 1991 3631; x_wconf 91' lang='lat' dir='ltr'><em>F</em></span> <span class='ocrx_word' id='word_1_1217' title='bbox 1997 3600 2011 3619; x_wconf 84' lang='lat'><strong>²</strong></span> <span class='ocrx_word' id='word_1_1218' title='bbox 2059 3604 2115 3638; x_wconf 76' lang='grc'><strong>(17)</strong></span> <span class='ocrx_word' id='word_1_1219' title='bbox 2132 3599 2233 3630; x_wconf 81' lang='lat' dir='ltr'>verba</span> <span class='ocrx_word' id='word_1_1220' title='bbox 2247 3602 2263 3636; x_wconf 86' lang='lat'>§</span> <span class='ocrx_word' id='word_1_1221' title='bbox 2275 3603 2291 3630; x_wconf 80' lang='lat'>2</span> <span class='ocrx_word' id='word_1_1222' title='bbox 2300 3599 2366 3638; x_wconf 82' lang='lat' dir='ltr'>fin.</span> 
     </span>
     <span class='ocr_line' id='line_1_161' title="bbox 1283 3642 2367 3692; baseline -0.009 -9"><span class='ocrx_word' id='word_1_1223' title='bbox 1283 3651 1316 3682; x_wconf 74' lang='lat' dir='ltr'>et</span> <span class='ocrx_word' id='word_1_1224' title='bbox 1327 3649 1432 3692; x_wconf 77' lang='lat' dir='ltr'>magis</span> <span class='ocrx_word' id='word_1_1225' title='bbox 1443 3648 1551 3682; x_wconf 77' lang='lat' dir='ltr'>simile</span> <span class='ocrx_word' id='word_1_1226' title='bbox 1563 3659 1630 3681; x_wconf 86' lang='lat' dir='ltr'>esse</span> <span class='ocrx_word' id='word_1_1227' title='bbox 1642 3673 1649 3680; x_wconf 95' lang='lat'>.</span> <span class='ocrx_word' id='word_1_1228' title='bbox 1661 3672 1668 3680; x_wconf 92' lang='lat'><strong><em>.</em></strong></span> <span class='ocrx_word' id='word_1_1229' title='bbox 1680 3672 1687 3680; x_wconf 86' lang='lat'><strong>.</strong></span> <span class='ocrx_word' id='word_1_1230' title='bbox 1700 3646 1931 3688; x_wconf 85' lang='lat' dir='ltr'>repetitionem</span> <span class='ocrx_word' id='word_1_1231' title='bbox 1944 3644 2015 3677; x_wconf 77' lang='lat' dir='ltr'>eius</span> <span class='ocrx_word' id='word_1_1232' title='bbox 2026 3643 2163 3675; x_wconf 81' lang='lat' dir='ltr'>haberet</span> <span class='ocrx_word' id='word_1_1233' title='bbox 2176 3642 2367 3674; x_wconf 75' lang='lat' dir='ltr'>collocanda,</span> 
     </span>
     <span class='ocr_line' id='line_1_162' title="bbox 1285 3686 2365 3736; baseline -0.011 -7"><span class='ocrx_word' id='word_1_1234' title='bbox 1285 3698 1301 3733; x_wconf 65' lang='grc' dir='ltr'><em>ἓ</em></span> <span class='ocrx_word' id='word_1_1235' title='bbox 1317 3701 1330 3727; x_wconf 89' lang='grc'>1</span> <span class='ocrx_word' id='word_1_1236' title='bbox 1349 3706 1459 3728; x_wconf 73' lang='lat' dir='ltr'>versus</span> <span class='ocrx_word' id='word_1_1237' title='bbox 1468 3697 1573 3736; x_wconf 83' lang='lat' dir='ltr'>finem</span> <span class='ocrx_word' id='word_1_1238' title='bbox 1589 3700 1666 3736; x_wconf 78' lang='lat' dir='ltr'>post</span> <span class='ocrx_word' id='word_1_1239' title='bbox 1682 3693 1826 3734; x_wconf 85' lang='lat' dir='ltr'>praestet</span> <span class='ocrx_word' id='word_1_1240' title='bbox 1917 3694 1977 3729; x_wconf 85' lang='grc'><strong>(18)</strong></span> <span class='ocrx_word' id='word_1_1241' title='bbox 2002 3690 2077 3731; x_wconf 77' lang='lat' dir='ltr'>post</span> <span class='ocrx_word' id='word_1_1242' title='bbox 2093 3686 2287 3728; x_wconf 85' lang='lat' dir='ltr'>divortium]</span> <span class='ocrx_word' id='word_1_1243' title='bbox 2310 3687 2365 3718; x_wconf 82' lang='lat' dir='ltr'>ad-</span> 
     </span>
    </p>
   </div>
   <div class='ocr_carea' id='block_1_15' title="bbox 1283 3740 1609 3772">
    <p class='ocr_par' dir='ltr' id='par_1_19' title="bbox 1283 3740 1609 3772">
     <span class='ocr_line' id='line_1_163' title="bbox 1283 3740 1609 3772; baseline -0.006 0"><span class='ocrx_word' id='word_1_1244' title='bbox 1283 3749 1395 3772; x_wconf 83' lang='lat' dir='ltr'>versus</span> <span class='ocrx_word' id='word_1_1245' title='bbox 1407 3740 1535 3772; x_wconf 86' lang='lat' dir='ltr'>Titium</span> <span class='ocrx_word' id='word_1_1246' title='bbox 1545 3751 1609 3771; x_wconf 79' lang='lat' dir='ltr'>scr.</span> 
     </span>
    </p>
   </div>
  </div>
 </body>
</html>
