2528 3918
182 105 273 150 v3

182 232 316 269 caverit
339 232 399 268 se¹
424 230 613 277 petitorem
637 228 822 266 defensum
842 228 898 266 111.
931 229 995 267 sed
1017 241 1065 266 an
1089 232 1125 265 et
1147 229 1263 265 bonae

182 277 263 314 fidei
286 287 470 323 possessor
494 275 623 311 debeat
637 274 897 311 defendendum
912 286 1047 319 cavere,
1072 274 1262 311 videndum

182 323 265 364 erit,
298 322 381 367 quia
411 321 447 356 ’m
472 331 513 356 eo
562 319 633 356 uod
656 319 760 356 solvit
790 330 862 356 non
885 320 1024 356 videtur
1053 319 1263 370 locupletior

181 368 315 402 factus:
342 366 410 401 nisi
433 365 527 400 forte
576 365 683 401 abeat
706 364 966 401 condictionem
985 370 1021 401 et
1035 366 1104 400 1100
1122 374 1263 399 nomme

181 412 319 447 videtur
341 410 570 456 locupletior,
595 410 679 455 quia
701 414 821 456 potest
843 414 1020 456 repetere:
1053 410 1146 454 finge
1170 408 1262 444 enim

181 468 272 499 eum,
296 456 380 491 dum
403 465 442 491 se
464 454 630 491 heredem
651 459 767 501 putat,
791 455 937 491 solvisse
960 466 1026 491 suo
1051 455 1203 490 nomine.
1228 457 1263 489 et

181 502 318 538 videtur
347 500 433 536 mihi
469 500 628 536 Iulianus
661 500 705 536 de
735 501 813 537 solo
871 500 1027 536 raedone
1064 503 1105 534 ut
1138 502 1262 535 caveat

182 547 354 588 sensisse,
378 556 451 581 non
475 545 583 581 etiam
606 545 650 582 de
674 546 790 582 bonae
815 545 840 580 fi
866 546 898 581 ei
918 554 1141 591 possessore:
1175 554 1260 580 con-

182 591 372 627 dictionem
395 595 515 627 tamen
538 595 723 636 praestare
747 590 898 627 debebit.
932 590 993 626 sed
1017 594 1054 625 et
1076 589 1209 635 petitor
1232 588 1262 624 si

182 648 203 673 a
235 636 469 672 creditoribus
500 636 751 679 conveniatur,
783 636 991 680 exceptione
1023 635 1076 670 uti
1107 634 1261 670 debebit.

184 686 198 717 1
250 681 322 717 Sed
345 681 376 717 si
398 681 468 727 ipsi
491 681 624 727 aliquid
646 681 819 726 praedoni
851 681 1065 722 debebatur,
1099 680 1169 716 hoc
1200 679 1260 715 de·

180 727 310 763 ducere
334 737 405 762 non
422 726 581 763 debebit:
607 727 757 762 maxime
774 727 803 761 si
827 726 863 760 id
888 725 956 760 fuit
973 725 1140 767 debitum,
1165 724 1262 777 quod

180 777 308 808 natura
331 771 538 808 debebatur.
572 771 657 817 quid
681 776 799 807 tamen
822 771 853 807 si
877 771 1090 816 expediebat
1146 770 1262 806 0111011

179 817 215 853 id
238 817 396 852 debitum
420 827 497 853 esse
521 816 732 853 dissolutum
748 820 894 868 propter
934 826 1062 852 oenam
1077 826 1119 852 ve
1156 815 1261 850 aliam

181 863 352 898 causam?
383 866 503 908 potest
533 862 604 898 dici
627 862 743 907 ipsum
768 862 834 897 01111
865 871 907 896 ve
951 861 1097 897 solvisse
1121 861 1175 896 vel
1199 860 1260 896 de-

179 910 199 943 2
247 907 520 944 buissesolvere.
561 907 681 943 Iustus
691 910 809 942 autem
844 916 1004 942 ossessor
1019 906 1126 942 dubio
1135 906 1261 951 procul

179 955 199 989 3
247 952 390 989 debebit
404 952 591 994 deducere,
616 952 711 997 quod
728 952 795 987 sibi
835 952 970 987 ebetur.
1025 951 1126 987 Sicut
1141 954 1260 986 autem

180 1002 360 1043 sumptum
376 1008 480 1043 quem
503 998 588 1033 fecit
605 997 760 1039 deducit,
785 997 835 1032 ita
859 997 889 1032 si
911 996 1031 1032 facere
1055 996 1178 1032 debuit
1193 1007 1260 1032 nec

179 1042 276 1086 fecit,
302 1043 430 1088 culpae
452 1043 557 1079 huius
581 1042 708 1094 reddat
730 1043 915 1094 rationem,
945 1042 1016 1094 11101
1039 1042 1155 1078 110000
1178 1041 1261 1078 fidei

181 1098 368 1134 possessor
392 1092 463 1124 est:
496 1093 582 1124 tunc
617 1098 718 1129 001111,
744 1098 827 1132 quia
851 1097 955 1132 (111001
978 1098 1079 1123 0110111
1093 1097 1168 1123 1001
1198 1098 1260 1122 110-

178 1133 298 1178 glexit,
323 1133 410 1169 nulli
435 1134 610 1179 querellae
635 1133 817 1168 subiectus
842 1136 897 1168 001
919 1136 1004 1168 0010
1027 1133 1175 1178 petitam
1198 1133 1259 1168 he-

179 1182 200 1214 4
246 1179 450 1214 reditatem:
482 1183 607 1224 postea
633 1189 712 1214 vero
739 1182 774 1213 et
795 1178 872 1223 ipse
896 1178 1030 1223 praedo
1055 1182 1119 1214 est.
1167 1177 1261 1213 Illud

202 1224 284 1259 lane
308 1223 479 1269 praedoni
502 1223 671 1269 imputari
695 1234 767 1258 non
790 1227 928 1268 potest,
963 1234 1031 1259 cur
1053 1233 1182 1269 passus
1207 1227 1262 1259 est

178 1235 354 1305 3011110100
379 1269 521 1304 liberari
545 1273 580 1304 et
602 1268 832 1314 pauperiores
857 1268 934 1304 fieri
958 1272 994 1304 et
1008 1279 1080 1304 0011
1097 1279 1158 1304 000
1175 1279 1259 1304 000-

178 1317 198 1349 5
245 1314 358 1355 venit,
392 1325 471 1349 cum
495 1314 671 1350 actionem
694 1325 765 1349 non
788 1314 963 1349 habuerit.
1013 1314 1118 1358 Quod
1141 1317 1260 1349 autem

178 1359 374 1405 possessori
390 1359 545 1394 solutum
561 1363 615 1394 est
630 1369 677 1395 an
694 1359 881 1395 restituere
897 1359 1036 1402 debeat,
1060 1359 1259 1395 videamus:

180 1408 217 1439 et
248 1404 303 1439 si²
334 1405 450 1440 bonae
480 1404 562 1439 fidei
593 1414 780 1449 possessor
811 1404 880 1440 fuit
903 1405 976 1440 sive
1008 1415 1099 1447 11011,
1132 1404 1261 1440 (1011010

180 1449 366 1495 restituere
389 1449 517 1494 placet,
544 1453 578 1485 et
602 1449 741 1495 quidem
766 1450 795 1484 si
821 1450 1026 1492 restituerit,
1050 1453 1092 1485 ut
1115 1449 1260 1485 Cassius

178 1489 301 1569 {cebit
323 1495 360 1526 et
383 1494 542 1530 Iulianus
565 1495 655 1531 libro
679 1498 795 1537 sexto,
828 1495 970 1531 liberari
992 1495 1071 1540 ipso
1096 1495 1174 1530 iure
1198 1495 1258 1530 de-

202 1545 214 1568 1
231 1543 321 1569 ores.

223 1575 276 1615 32
301 1577 459 1613 PAULUS
480 1577 570 1613 libro
597 1579 786 1613 vicensimo
819 1578 869 1613 ad
891 1578 1046 1614 edictum
1091 1578 1160 1614 Per
1183 1589 1257 1615 ser-

176 1634 258 1658 vum
288 1622 486 1667 adquisitae
517 1633 573 1657 res
604 1622 726 1658 heredi
756 1623 998 1659 restituendae
1028 1627 1130 1659 sunt:
1163 1624 1259 1676 quod

175 1667 336 1712 procedit
366 1667 403 1702 in
433 1667 632 1703 hereditate
663 1668 782 1703 liberti
814 1671 850 1703 et
883 1679 964 1704 cum
989 1668 1033 1704 de
1056 1668 1258 1705 inofficioso

177 1712 304 1757 agitur,
330 1723 411 1748 cum
434 1711 636 1748 interimvin
659 1713 763 1749 bonis
788 1716 882 1748 esset
903 1714 1062 1749 heredis:

222 1754 274 1795 33
306 1757 501 1793 ULPJANUS
522 1757 613 1793 libro
638 1759 763 1803 quinto
788 1758 924 1794 decimo
941 1759 992 1794 ad
1005 1759 1159 1795 edictum
1190 1759 1259 1794 11101

179 1806 191 1838 1
243 1813 287 1838 ex
302 1812 342 1837 re
357 1802 496 1838 heredis
513 1803 637 1848 scripti
647 1803 838 1849 stipulatus
849 1803 905 1839 sit.
946 1804 1105 1840 Iulianus
1122 1804 1257 1848 scribit,

176 1848 206 1883 si
229 1847 406 1883 hominem
430 1858 616 1892 possessor
640 1848 856 1891 distraxerit,
881 1848 911 1884 si
936 1849 1077 1894 quidem
1100 1860 1172 1885 non
1196 1861 1257 1885 ne-

175 1893 368 1929 cessarium
406 1893 612 1936 hereditati,
654 1893 827 1938 petitione
861 1894 1069 1930 hereditatis
1104 1895 1257 1940 pretium

173 1942 453 1984 praestaturum:
478 1938 714 1984 imputaretur
725 1939 818 1974 enim
834 1939 877 1982 ei,
894 1939 1005 1975 sinon
1015 1939 1254 1976 distraxisset:

174 1983 269 2029 quod
293 1984 323 2019 si
338 1983 576 2019 necessarium
591 1984 792 2027 hereditati,
818 1984 848 2020 si
864 1984 1007 2036 quidem
1022 1985 1116 2028 vivit,
1140 1986 1257 2031 ipsum

174 2028 437 2075 praestandum,
462 2029 493 2064 si
508 2028 710 2072 decesserit,
735 2030 900 2066 fortassls
916 2040 983 2065 nec
998 2031 1169 2076 pretium:
1196 2031 1258 2067 sed

173 2084 246 2109 non
260 2084 449 2119 passurum
472 2074 624 2110 iudicem
641 2075 701 2120 qui
719 2075 902 2120 cognoscit
916 2086 1160 2120 possessorem
1175 2088 1256 2123 pre-

172 2119 261 2154 tium
284 2119 415 2154 lucrari
439 2119 573 2162 scribit,
599 2123 635 2155 et
657 2120 773 2156 verius
798 2123 862 2155 est.

219 2161 273 2201 34
297 2163 354 2199 PA
362 2173 456 2200 111σο
476 2164 566 2200 libro
592 2166 783 2201 vicensimo
807 2166 857 2201 ad
886 2165 1041 2202 edictum
1088 2166 1171 2201 Filii
1201 2165 1256 2202 fa·

173 2209 286 2245 milias
309 2209 428 2245 militis
452 2213 539 2254 puto
562 2210 639 2255 peti
670 2221 776 2256 posse
806 2210 1040 2246 hereditatem
1072 2221 1116 2246 ex
1146 2215 1256 2247 testa-

176 2258 190 2289 1
240 2259 358 2290 mento
390 2255 493 2290 nobis
525 2255 784 2291 obvenientem.
841 2255 879 2291 Si
914 2266 1036 2292 servus
1072 2256 1127 2292 vel
1161 2256 1255 2292 filius

172 2300 324 2335 familias
355 2310 412 2335 res
443 2300 678 2336 hereditarias
710 2305 849 2343 teneat,
882 2311 904 2336 a
936 2306 1039 2346 patre
1070 2301 1257 2338 dominove

172 2345 245 2390 peti
275 2344 454 2380 hereditas
478 2349 619 2390 potest,
656 2346 687 2382 si
718 2345 929 2382 facultatem
953 2346 1255 2383 restituendarum

172 2401 290 2426 rerum
313 2391 432 2426 habet.
467 2395 562 2426 certe
586 2391 616 2426 si
639 2391 795 2436 pretium
818 2402 936 2427 rerum
960 2391 1255 2428 hereditariarum

172 2436 394 2471 venditarum
416 2436 454 2471 in
470 2436 608 2481 peculio
628 2436 719 2472 servi
735 2436 878 2479 habeat,
905 2440 940 2472 et
957 2436 1116 2473 Iulianus
1134 2437 1254 2473 existi·

171 2485 244 2515 mat
259 2491 375 2533 posse·
389 2491 411 2516 a
434 2480 575 2517 domino
601 2481 704 2527 quasi
728 2493 751 2517 a
773 2482 860 2518 iuris
883 2492 1093 2527 possessore
1115 2482 1254 2518 heredi-

172 2530 209 2560 ta
247 2537 280 2560 m
350 2530 365 2560 t
381 2554 388 2561 .

211 2530 269 2622 {³5
298 2536 420 2607 831100
431 2571 522 2607 libro
537 2575 642 2607 sexto
658 2571 709 2606 ad
723 2571 875 2607 edictum
885 2572 1113 2618 provinciale
1158 2572 1255 2608 Idem

172 2615 331 2651 luhanus
355 2616 406 2651 ait
429 2616 566 2652 etiamsi
589 2616 746 2652 nondum
768 2617 883 2662 pretia
905 2628 1023 2652 rerum
1040 2622 1254 2654 consecutus

172 2661 218 2695 sit
243 2671 381 2703 servus,
414 2672 520 2706 posse
551 2673 574 2697 a
597 2662 738 2698 domino
763 2663 866 2707 quasi
889 2673 912 2697 a
934 2662 1021 2698 iuris
1045 2673 1254 2708 possessore

171 2705 401 2741 hereditatem
425 2707 508 2751 peti,
534 2707 618 2752 quia
640 2707 750 2743 habet
774 2708 961 2750 actionem,
995 2719 1066 2753 qua
1090 2710 1169 2743 eam
1191 2719 1253 2754 pe-

172 2750 313 2785 cuniam
338 2756 594 2796 consequatur,
620 2763 712 2798 quae
737 2752 879 2798 quidem
903 2753 998 2789 actio
1024 2753 1131 2789 etiam
1154 2754 1253 2799 igno·

171 2795 264 2831 10011
288 2795 544 2841 adquireretur.

218 2837 272 2878 36
297 2840 455 2876 ΡΛυιυε
483 2841 572 2877 libro
597 2843 785 2878 vicensimo
810 2842 860 2878 ad
881 2843 1036 2879 edictum
1084 2843 1122 2878 Si
1144 2854 1167 2879 a
1190 2843 1253 2880 do-

171 2885 266 2921 mino
292 2885 346 2920 vel
368 2896 391 2920 a
414 2890 535 2937 patre,
560 2887 619 2931 qui
642 2888 757 2932 pretia
779 2888 956 2933 possidet,
987 2888 1166 2924 hereditas
1191 2900 1252 2934 pe-

171 2935 279 2973 tatur,
305 2941 350 2965 00
374 2930 445 2966 fiho
470 2931 523 2966 vel
548 2942 647 2967 servo
672 2937 811 2969 mortuo
836 2934 890 2969 vel
914 2943 1015 2969 servo
1035 2934 1252 2970 manumisso

171 2975 226 3011 vel
250 2975 387 3011 emanci
415 2979 473 3010 ato
497 2975 570 3012 filio
594 2977 688 3012 intra
711 2990 843 3014 annum
867 2978 924 3023 agi
956 2978 1109 3014 debeat?
1141 2983 1176 3014 et
1207 2990 1254 3014 an

171 3020 331 3073 debitum
354 2986 424 3072 sigi
447 3020 608 3073 dominus
632 3023 685 3074 vel
708 3028 811 3068 pater
828 3023 1003 3059 deducere
1026 3024 1169 3070 potest?
1193 3025 1251 3059 Iu-

170 3066 427 3117 1101111011οηυο
452 3076 530 3101 esse
553 3071 621 3118 ait,
652 3068 690 3103 ld
714 3068 809 3113 quod
831 3069 1006 3105 Proculus
1030 3079 1173 3122 quoque
1195 3080 1252 3105 re-

170 3110 324 3156 spondit,
349 3120 393 3155 pe
438 3114 519 3146 etuo
544 3115 718 3148 actionem
742 3113 895 3149 dandam
919 3124 984 3150 nec
1001 3113 1129 3150 deduci
1144 3125 1251 3159 opor-

170 3160 245 3192 tere
268 3155 305 3191 id
321 3166 390 3201 quo
432 3155 500 3200 ipsi
515 3155 675 3199 debetur,
700 3159 784 3203 quia
810 3170 881 3194 non
897 3158 941 3194 de
956 3159 1096 3205 peculio
1113 3163 1252 3205 agatur,

170 3200 234 3237 sed
263 3199 445 3237 hereditas
469 3205 621 3245 petatur.
654 3203 742 3238 11000
774 3208 888 3246 10010,
921 3204 952 3239 si
975 3205 1091 3249 pretia
1120 3205 1252 3240 habeat

170 3256 292 3282 servus
310 3244 363 3281 vel
380 3244 473 3280 filius
489 3244 651 3290 familias.
687 3248 780 3292 quod
803 3249 834 3283 si
856 3252 1049 3294 propterea
1071 3249 1250 3285 hereditas

197 3294 315 3327 etatur
337 3300 361 3325 a
383 3290 542 3332 domino,
568 3291 661 3335 quod
685 3303 805 3328 servus
830 3293 969 3329 debitor
991 3293 1079 3337 fuit,
1103 3294 1251 3340 perinde

169 3302 295 3372 Baberi
325 3334 486 3377 debebit,
518 3338 627 3380 atque
658 3337 688 3371 si
718 3338 761 3373 de
786 3338 924 3383 peculio
948 3343 1123 3391 ageretur.
1156 3339 1250 3375 idem

170 3380 360 3416 dicendum
374 3379 619 3416 Mauricianus
639 3381 688 3415 ait
705 3382 842 3417 etiamsi
865 3393 1052 3427 pecuniam
1076 3395 1119 3420 ex
1134 3384 1248 3430 pretio

170 3429 375 3472 perceptam
398 3435 520 3461 servus
554 3425 608 3460 vel
631 3425 723 3461 filius
756 3429 1031 3472 consumpserit,
1064 3429 1127 3464 sed
1159 3429 1248 3465 alias

172 3473 187 3506 1
238 3481 284 3507 ex
306 3469 445 3516 peculio
470 3469 547 3506 eius
570 3470 661 3506 solvi
691 3474 818 3515 potest.
869 3472 939 3507 Sed
969 3477 1006 3508 et
1036 3484 1059 3509 a
1089 3473 1162 3511 filio
1193 3473 1248 3510 fa-

170 3516 285 3552 milias
308 3515 382 3561 peti
404 3514 637 3551 hereditatem
660 3526 766 3560 posse
789 3526 860 3551 non
885 3521 939 3552 est
970 3518 1132 3562 dubium,
1165 3519 1250 3565 quia

168 3559 379 3597 restituendi
407 3559 616 3596 facultatem
639 3560 765 3603 habet,
798 3560 892 3596 sicut
921 3562 967 3597 ad
999 3563 1246 3599 exhibendum.

173 3672 199 3711 (1
208 3676 218 3711 )
241 3674 289 3715 se]
298 3683 361 3706 ase
369 3673 522 3707 Bruan-
640 3674 686 3714 (2)
711 3672 754 3714 si]
763 3673 833 3705 sive
843 3674 916 3707 dett.

170 3717 324 3752 ciendum
333 3721 419 3752 esset
426 3717 601 3753 nomadum
613 3716 905 3763 Graecossonwe
914 3719 973 3752 im·
1035 3676 1081 3717 (3)
1107 3676 1189 3718 quid
1197 3675 1246 3709 fa-

1078 3721 1124 3761 (4)
1148 3721 1244 3763 sicS,

1267 97 1322 147 86

2022 118 2084 150 ΒΕ
2113 118 2412 151 ΗΕΒΕΒΠἏΤΙΕ

1331 227 1442 263 multo
1474 227 1585 273 magis
1616 227 1764 264 dicimus
1795 238 1902 274 posse
1931 228 2005 281 peti
2037 227 2270 264 hereditatem
2293 238 2316 264 a
2338 229 2411 265 filio

1331 273 1501 314 familias,
1526 273 1605 318 qui,
1630 283 1711 310 cum
1734 278 1837 319 pater
1859 272 2011 309 familias
2036 277 2131 309 esset
2154 278 2190 308 et
2212 273 2410 319 possideret

1332 320 1351 352 2
1398 317 1647 360 hereditatem,
1679 318 1923 364 adrogantium
1953 329 1993 354 se
2040 319 2219 354 raestavit.
2268 318 2306 354 Si
2328 330 2411 365 pos-

1331 373 1450 414 sessor
1473 362 1725 415 hereditarium
1748 374 1887 399 servum
1918 331 2105 405 occidlerin
2137 363 2175 399 id
2205 374 2346 409 quoque
2375 364 2411 400 in

1331 408 1537 443 hereditatis
1569 408 1738 452 petitione
1767 408 1901 444 veniet:
1934 408 1997 444 sed
2028 408 2246 454 Pomponius
2277 409 2329 444 ait
2351 419 2411 445 ac-

1332 457 1443 487 torem
1459 452 1587 488 debere
1603 453 1740 498 eligere,
1757 458 1877 489 utrum
1892 453 1977 489 velit
1992 454 2060 489 sibi
2076 464 2156 489 eum
2173 453 2412 497 condemnari,

1332 501 1372 532 ut
1396 502 1520 533 caveat
1543 508 1582 533 se
1605 508 1676 534 non
1699 502 1864 534 acturum
1886 499 1962 543 lege
1985 499 2139 544 Aquilia,
2164 509 2212 534 an
2234 499 2335 534 malit
2358 499 2412 534 in-

1331 546 1466 594 tegram
1490 542 1559 578 sibi
1581 553 1660 579 esse
1683 543 1860 579 actionem
1882 543 1968 589 legis
1991 544 2155 589 Aquiliae
2178 544 2312 580 omissa
2336 544 2412 580 eius

1331 597 1383 623 101
1407 588 1653 624 aestimatione
1676 598 1698 624 a
1721 588 1848 624 iudice.
1883 599 1976 634 quae
1999 589 2125 624 electio
2149 589 2268 625 locum
2291 589 2412 632 habet,

1330 633 1362 668 si
1385 636 1470 668 ante
1499 632 1636 668 aditam
1659 633 1893 669 hereditatem
1915 634 2055 669 occisus
2079 634 2126 670 sit
2156 645 2297 670 servus:
2331 645 2414 670 nam

1330 678 1361 714 si
1383 683 1521 723 postea,
1552 678 1665 730 ipsius
1689 679 1783 714 actio
1808 678 1955 724 propria
1978 678 2106 714 effecta
2129 683 2184 715 est
2206 690 2274 715 nec
2298 680 2414 715 veniet

1331 726 1350 759 3
1397 723 1436 759 in
1459 723 1666 760 hereditatis
1690 724 1906 769 petitionem.
1956 723 1995 759 Si
2016 723 2149 769 praedo
2165 724 2247 761 dolo
2266 724 2414 761 desisset

1329 768 1530 850 &si-³123?
1541 779 1631 850 0¹31
1650 773 1777 850 aas
1793 779 1924 850 0311Ἕὲ
1928 768 2188 859 (13οέἓὲἓέἒὲῗέ
2202 774 2411 851 „litigas

1330 862 1503 905 quantum
1527 858 1574 894 ad
1595 859 1704 895 verba
1727 863 1873 895 senatus
1898 859 2051 894 consulti
2074 859 2200 895 melior
2223 865 2278 896 est
2302 870 2414 896 causa

1329 904 1518 950 praedonis
1543 914 1650 956 quam
1672 905 1788 940 bonae
1811 904 1895 940 fidei
1911 904 2140 949 possessoris,
2167 905 2252 950 quia
2266 905 2413 951 praedo,

1330 950 1361 986 si
1385 949 1467 985 dolo
1493 949 1636 985 desierit
1658 949 1859 995 possidere,
1890 950 1942 984 ita
1974 949 2231 985 condemnatur
2253 954 2362 996 atque
2385 950 2415 986 si

1329 994 1538 1041 possideret,
1562 1005 1628 1030 nec
1653 994 1830 1031 adiectum
1854 995 1974 1037 esset³,
1999 995 2030 1030 si
2052 1005 2110 1030 res
2132 995 2318 1032 interierit.
2352 996 2414 1032 sed

1330 1051 1404 1076 non
1429 1043 1484 1075 est
1507 1039 1664 1083 dubium,
1689 1040 1772 1085 quin
1798 1050 1870 1075 non
1895 1039 2024 1076 debeat
2046 1039 2202 1076 melioris
2226 1050 2304 1076 esse
2329 1051 2408 1077 con-

1330 1085 1481 1121 dicionis
1512 1095 1618 1130 quam
1652 1085 1769 1121 bonae
1802 1085 1886 1120 fidei
1942 1095 2113 1121 ossessor.
2158 1085 2281 1131 itaque
2317 1090 2352 1122 et
2384 1085 2414 1122 si

1329 1131 1441 1176 pluris
1465 1130 1612 1166 venierit
1641 1141 1718 1173 res,
1750 1130 1876 1166 electio
1934 1130 2052 1166 ebebit
2084 1140 2162 1166 esse
2192 1131 2343 1174 actoris,
2375 1135 2415 1167 ut

1329 1176 1482 1221 pretium
1498 1179 1756 1220 consequatur:
1774 1175 1934 1227 alioquin
1947 1175 2109 1211 lucretur
2124 1175 2258 1221 aliquid
2266 1176 2411 1222 praedo.

1329 1224 1351 1256 4
1397 1221 1476 1266 Quo
1506 1225 1578 1256 tem
1605 1231 1667 1257 ore
1696 1221 1908 1266 locupletior
1932 1231 2009 1256 esse
2042 1221 2171 1256 debeat
2194 1221 2310 1257 bonae
2333 1221 2415 1258 fidei

1329 1276 1535 1312 possessor,
1596 1266 1771 1301 ubitatur:
1815 1266 1880 1302 sed
1917 1276 1974 1301 ma
1999 1266 2006 1272 '
2064 1269 2119 1301 est
2152 1266 2205 1302 rei
2237 1266 2415 1303 iudicatae

1330 1316 1348 1347 5
1397 1315 1537 1356 tempus
1568 1311 1804 1356 spectandum
1835 1321 1923 1347 esse.
2003 1315 2129 1347 ructus
2160 1311 2413 1357 intelleguntur

1330 1356 1491 1393 deductis
1515 1357 1703 1402 impensis,
1737 1367 1829 1402 quae
1860 1356 2145 1402 quaerendorum
2177 1357 2414 1402 cogendorum

1330 1402 1724 1447 conservandorumque
1758 1412 1881 1438 eorum
1911 1401 2027 1446 gratia
2057 1401 2159 1436 fiunt.
2205 1402 2302 1447 quod
2340 1414 2412 1439 non

1330 1448 1446 1484 solum
1468 1447 1506 1482 in
1528 1448 1646 1482 bonae
1668 1447 1750 1483 fidei
1773 1446 2040 1492 possessoribus
2056 1446 2228 1482 naturalis
2243 1448 2336 1483 ratio
2353 1458 2413 1483 ex-

1328 1492 1508 1538 postulat,
1539 1503 1661 1527 verum
1685 1492 1791 1528 etiam
1813 1492 1851 1527 in
1873 1491 2133 1537 praedonibus,
2165 1491 2258 1528 sicut
2281 1492 2413 1529 Sabino

1330 1548 1399 1583 quo
1427 1547 1472 1572 ue
1495 1537 1642 1582 placuit.

1375 1547 1427 1620 33
1459 1577 1754 1618 ULPlfflvslz'bro
1793 1578 1892 1629 ug'nto
1905 1577 2044 1629 decimo
2057 1578 2108 1614 ad
2117 1578 2274 1615 edictum
2310 1579 2414 1625 Quod

1328 1624 1358 1660 si
1382 1623 1563 1669 sumptus⁴
1594 1622 1736 1668 quidem
1777 1625 1856 1665 ecit,
1881 1623 1969 1657 1111111
1993 1626 2112 1659 autem
2134 1622 2316 1660 fructuum
2332 1636 2413 1670 per-

1328 1669 1472 1714 ceperit,
1497 1668 1748 1714 aequissimum
1773 1668 1839 1703 erit
1862 1667 2038 1703 rationem
2060 1669 2188 1704 horum
2212 1680 2354 1715 quoque
2376 1670 2413 1705 in

1327 1715 1444 1750 bonae
1467 1713 1550 1749 fidei
1573 1713 1838 1758 possessoribus
1861 1712 1998 1748 haberi.

1374 1756 1428 1797 38
1453 1758 1613 1794 Panos
1642 1758 1733 1794 libro
1763 1759 1928 1794 vicesimo
1961 1757 2013 1793 ad
2042 1758 2196 1795 edictum
2242 1758 2354 1795 Plane
2376 1759 2413 1794 10

1328 1805 1454 1840 0010110
1478 1803 1688 1839 necessariis
1713 1806 1748 1838 et
1763 1803 1908 1838 utilibus
1931 1802 2101 1848 impensis
2117 1814 2224 1848 posse
2239 1805 2412 1849 separari,

1328 1853 1369 1885 ut
1392 1850 1509 1885 bonae
1539 1848 1622 1884 fidei
1654 1848 1796 1894 quidem
1826 1858 2052 1893 possessores
2084 1849 2150 1884 has
2174 1859 2316 1901 quoque
2345 1850 2410 1885 im-

1327 1899 1464 1948 putent,
1489 1894 1622 1940 praedo
1648 1897 1769 1929 autem
1793 1893 1837 1929 de
1860 1903 1899 1930 se
1923 1893 2022 1938 queri
2042 1893 2180 1937 debeat,
2206 1905 2269 1940 qui
2293 1895 2412 1931 sciens

1326 1952 1363 1975 111
1387 1951 1463 1976 rem
1486 1939 1639 1974 alienam
1662 1938 1844 1984 impendit.
1871 1939 1934 1974 sed
1957 1939 2144 1985 benignius
2170 1943 2224 1975 est
2245 1940 2283 1975 in
2306 1940 2412 1976 huius

1327 1996 1470 2031 quoque
1500 1995 1655 2030 persona
1686 1984 1812 2020 haberi
1849 1984 2024 2020 rationem
2054 1985 2101 2020 im
2130 1994 2297 2021 ensarum
2329 1988 2412 2028 (uon

1327 2031 1420 2066 enim
1443 2030 1549 2066 debet
1579 2030 1712 2075 petitor
1744 2040 1788 2066 ex
1811 2029 1928 2065 aliena
1950 2030 2091 2065 iactura
2128 2041 2254 2066 ucrum
2277 2030 2410 2074 facere)

1327 2080 1363 2111 et
1384 2076 1422 2111 id
1444 2076 1561 2121 ipsum
1585 2074 1704 2111 officio
1728 2074 1856 2110 iudicis
1881 2075 2138 2111 continebitur:
2163 2086 2246 2111 nam
2266 2086 2334 2112 nec
2350 2087 2411 2112 ex-

1328 2132 1369 2157 ce
1395 2121 1445 2157 tio
1482 2120 1554 2157 doli
1584 2120 1669 2155 mali
1704 2119 1937 2156 desideratur.
1982 2120 2112 2166 plane⁵
2143 2124 2263 2166 potest
2297 2121 2334 2156 in
2370 2132 2411 2158 eo

1327 2132 1526 2202 differentia
1548 2175 1636 2208 esse,
1662 2168 1702 2201 ut
1724 2165 1840 2200 bonae
1863 2165 1946 2201 fidei
1965 2165 2107 2210 quidem
2126 2176 2313 2212 possessor
2336 2177 2410 2202 om-

1325 2211 1467 2247 nimodo
1491 2211 1670 2256 impensas
1695 2210 1852 2246 deducat
1861 2211 1886 2253 ⁶,
1919 2210 2004 2246 licet
2033 2221 2091 2247 res
2124 2222 2196 2247 non
2228 2215 2342 2247 exstet
2373 2213 2410 2247 in

1325 2267 1432 2303 quam
1462 2256 1567 2298 fecit,
1604 2256 1699 2291 sicut
1729 2259 1827 2291 tutor
1858 2255 1914 2291 vel
1949 2259 2095 2291 curator
2131 2261 2409 2302 consequuntur,

1323 2302 1458 2348 praedo
1483 2305 1604 2337 autem
1626 2311 1699 2336 non
1723 2300 1837 2342 aliter,
1862 2310 1969 2346 quam
1992 2301 2023 2336 si
2045 2311 2102 2336 res
2129 2301 2253 2337 melior
2276 2302 2332 2337 sit.

1370 2344 1424 2385 39
1452 2346 1575 2383 GAIUS
1584 2346 1675 2382 libro
1684 2349 1788 2381 sexto
1801 2345 1851 2380 ad
1861 2345 2015 2381 edictum
2021 2346 2260 2392 provinciale.
2296 2346 2409 2383 Utiles

1324 2395 1444 2428 autem
1467 2391 1761 2436 necessariaeque
1784 2393 1869 2426 sunt
1891 2390 2000 2426 veluti
2023 2401 2115 2436 quae
2133 2390 2226 2426 fiunt
2248 2391 2409 2428 reficien-

1325 2437 1450 2474 dorum
1469 2436 1711 2472 aedificiorum
1728 2435 1862 2481 gratia:
1887 2439 1951 2471 aut
1969 2436 2008 2471 in
2028 2436 2220 2472 novelleta:
2245 2441 2309 2472 aut
2329 2448 2410 2473 cum

1324 2493 1505 2518 servorum
1517 2481 1634 2527 gratia
1645 2481 1716 2516 litis
1736 2481 1934 2517 aestimatio
1947 2481 2105 2524 solvitur,
2131 2492 2212 2517 cum
2231 2482 2270 2518 id
2288 2483 2409 2518 utilius

1323 2529 1370 2563 sit
1387 2538 1493 2573 quam
1511 2527 1608 2573 ipsos
1630 2526 1727 2562 dedi:
1753 2526 1904 2572 denique
1923 2526 2011 2562 alias
2034 2527 2232 2572 complures
2254 2527 2409 2564 eiusdem

1326 2577 1341 2607 1
1390 2572 1528 2618 generis
1553 2582 1630 2607 esse
1652 2571 1832 2616 impensas
1852 2571 2079 2607 manifestum
2103 2575 2168 2607 est.
2216 2572 2408 2609 Videamus

1323 2622 1453 2661 tamen,
1478 2628 1523 2653 ne
1547 2621 1583 2652 et
1605 2616 1652 2653 ad
1674 2617 1895 2662 picturarum
1919 2627 2059 2662 quoque
2082 2621 2117 2652 et
2136 2627 2351 2654 marmorum
2372 2622 2408 2654 et

1324 2667 1522 2699 ceterarum
1544 2662 1825 2714 voluptariarum
1847 2672 1967 2697 rerum
1989 2662 2166 2708 impensas
2191 2673 2233 2698 ae
2258 2673 2305 2698 ue
2323 2674 2406 2709 pro-

1322 2709 1422 2744 ficiat
1445 2708 1548 2744 nobis
1574 2707 1646 2743 doh
1670 2707 1851 2753 exceptio,
1883 2707 1914 2743 si
1945 2706 2049 2742 modo
2074 2707 2191 2742 bonae
2214 2707 2239 2742 fi
2263 2708 2297 2743 ei
2321 2719 2405 2754 pos-

1323 2764 1480 2790 sessores
1505 2753 1632 2789 simus:
1658 2763 1741 2788 nam
1763 2751 1936 2798 praedoni
1957 2752 2070 2797 probe
2090 2751 2228 2788 dicetur
2248 2763 2321 2789 non
2346 2753 2406 2789 de·

1322 2799 1442 2835 buisse
1464 2799 1503 2834 111
1525 2798 1676 2834 alienam
1699 2808 1774 2834 rem
1796 2807 2035 2842 supervacuas
2066 2797 2244 2843 impensas
2267 2797 2405 2834 facere:

1323 2848 1364 2880 ut
1385 2848 1505 2880 tamen
1527 2847 1688 2888 potestas
1713 2843 1746 2878 ei
1767 2842 1871 2878 fieret
1893 2841 2131 2878 tollendorum
2157 2853 2289 2887 eorum,
2316 2854 2407 2889 quae

1322 2890 1399 2926 sine
1423 2889 1633 2925 detrimento
1657 2888 1771 2933 ipsius
1794 2887 1846 2922 rei
1868 2887 1946 2923 tolli
1995 2887 2119 2923 ossint.

1367 2933 1421 2972 40
1445 2933 1503 2970 ΡΑ
1511 2943 1605 2969 vsvs
1625 2933 1715 2969 libro
1739 2932 1903 2968 vicesimo
1999 2932 2152 2968 edictum
2206 2932 2298 2968 Illud
2317 2944 2405 2979 quo·

1322 2990 1390 3025 que
1415 2979 1511 3024 quod
1533 2978 1570 3013 in
1593 2978 1754 3014 oratione
1778 2976 1848 3012 divi
1870 2977 2044 3012 Hadriani
2068 2981 2142 3020 est,
2175 2981 2216 3013 ut
2237 2982 2320 3023 post
2343 2989 2403 3014 ac-

1322 3029 1465 3070 ceptum
1486 3022 1658 3058 iudicium
1675 3022 1712 3058 id
1732 3022 1846 3058 actori
1861 3026 2073 3067 praestetur,
2098 3021 2194 3068 quod
2216 3023 2404 3059 habiturus

1323 3073 1426 3112 esset,
1452 3068 1483 3104 si
1507 3078 1548 3103 eo
1573 3071 1733 3148 temdpore
1757 3077 1827 3112 quo
1851 3068 1941 3119 petit
1963 3068 2128 3103 restituta
2151 3071 2245 3104 esset
2267 3068 2402 3104 heredi-

1320 3118 1395 3156 tas,
1427 3112 1605 3149 interdum
1654 3123 1757 3148 urum
1782 3116 1845 3148 est.
1883 3112 1968 3158 qu1d
1991 3113 2101 3155 enim,
2135 3113 2166 3149 si
2195 3116 2279 3158 post
2300 3113 2399 3150 litem

1322 3162 1558 3195 contestatam
1580 3157 1698 3194 manci
1723 3157 1758 3192 ia
1781 3161 1845 3192 aut
1875 3157 2032 3194 iumenta
2055 3161 2119 3193 aut
2167 3168 2274 3194 ecora
2297 3158 2402 3204 depe-

1320 3204 1468 3240 rierint?
1500 3202 1663 3238 damnari
1719 3202 1837 3238 ebebit
1860 3202 2056 3238 secundum
2086 3213 2147 3238 ver
2173 3213 2196 3237 a
2219 3203 2402 3246 orationis,

1320 3250 1404 3295 quia
1426 3248 1543 3295 potuit
1565 3248 1695 3293 petitor
1713 3247 1881 3283 restituta
1901 3247 2097 3283 hereditate
2117 3247 2324 3284 distraxisse
2348 3258 2400 3284 00.

1320 3298 1356 3330 01
1378 3294 1448 3330 1100
1471 3294 1606 3329 1110111111
1623 3302 1700 3329 esse
1715 3292 1753 3329 in
1769 3292 1983 3338 specialibus
2000 3292 2231 3338 petitionibus
2247 3292 2401 3329 Proculo

1343 3340 1457 3375 lacet:
1491 3338 1636 3374 Cassius
1660 3340 1787 3374 contra
1817 3337 1938 3389 sensit.
1973 3337 2011 3372 in
2033 3337 2224 3416 praedonis
2248 3348 2402 3383 persona

1348 3383 1493 3420 roculus
1516 3386 1613 3419 recte
1634 3381 1821 3424 existimat,
1843 3392 1881 3416 10
1901 3381 2018 3417 bonae
2061 3382 2117 3418 dei
2135 3383 2401 3428 possessoribus

1319 3428 1477 3465 Cassius.
1513 3439 1579 3464 nec
1602 3427 1696 3464 enim
1719 3427 1825 3463 debet
1846 3436 2032 3472 possessor
2064 3431 2128 3463 aut
2150 3428 2400 3464 mortalitatem

1317 3477 1519 3519 praestare,
1551 3477 1615 3508 aut
1636 3476 1784 3525 propter
1806 3475 1938 3507 metum
1960 3471 2067 3508 huius
2124 3472 2247 3508 ericuli
2268 3476 2401 3509 temere

1322 3521 1336 3554 1
1384 3517 1607 3554 indefensum
1637 3527 1693 3553 1110
1717 3527 1821 3553 01111111
1842 3516 1931 3552 10110
1957 3527 2050 3552 11010.
2127 3517 2236 3554 100ᾱο
2259 3516 2400 3554 fructus

1316 3573 1401 3599 suos
1414 3574 1487 3599 non
1498 3562 1596 3605 facit,
1613 3561 1677 3598 sed
1693 3564 1823 3607 augent
1836 3561 1921 3597 here
1960 3565 2086 3597 tatem:
2110 3561 2261 3608 ideoque
2277 3573 2399 3599 eorum

1275 3677 1285 3765 ¹
1316 3676 1528 3719 sumptumF
1617 3677 1663 3718 (ὅ)
1688 3672 1844 3711 siim-P
1935 3676 1982 3717 (θ)
2008 3674 2193 3708 deducetF

2515 453 2528 607 *Ana-*12-

2519 958 2528 1016 -=1<.
2518 892 2528 947 hc*
2523 859 2528 872 ,Δ
2516 612 2528 849 Μ,,Αε-“-.>”..1ι
