2528 3918
163 80 285 124 XVII
317 83 335 122 1

164 201 283 248 candi)
316 203 381 238 aut
410 201 442 237 si
471 199 648 236 redundet
677 198 716 234 in
746 208 827 235 eum
859 198 978 245 captio
1011 199 1073 245 qui
1096 198 1256 243 suscepit

163 247 385 284 mandatum.
435 250 471 282 et
500 245 643 291 quidem
675 244 706 280 si
734 244 766 280 is
798 244 857 280 cui
887 244 1096 280 mandatum
1128 246 1183 278 est
1213 245 1255 277 ut

165 292 299 345 ahquid
322 294 543 327 mercaretur
565 293 746 326 mercatus
769 300 842 326 non
865 290 913 325 sit
934 299 1050 334 neque
1071 287 1253 324 renuntia-

164 342 255 374 verit
277 348 316 373 se
339 347 412 372 non
436 339 639 389 empturum
663 334 770 381 idque
788 345 866 378 sua,
891 345 964 370 non
982 333 1128 369 alterius
1148 332 1255 378 culpa

164 382 307 424 fecerit,
339 381 502 417 mandati
533 381 674 416 actione
703 380 817 416 teneri
851 390 931 415 eum
967 378 1148 415 convenit:
1184 378 1255 413 hoc

164 427 317 473 amplius
339 426 531 469 tenebitur,
555 425 664 462 sicuti
685 425 783 461 Mela
806 435 948 471 quoque
971 423 1132 469 scripsit,
1157 422 1187 458 si
1211 433 1254 458 eo

163 477 325 517 tempore
347 482 413 518 per
441 470 605 507 fraudem
636 470 909 513 renuntiaverit,
942 480 1023 505 cum
1053 468 1125 503 iam
1157 471 1255 503 recte

166 527 285 554 emere
307 527 380 552 non
403 520 528 562 posset
539 517 562 552 ¹.

210 559 262 599 23
288 561 635 597 HERMOGENIANUS
662 560 754 597 libro
785 560 941 596 secundo
967 559 1058 594 iuris
1081 558 1253 605 epitoma-

163 618 244 643 rum
290 606 386 642 Sane
420 606 451 643 si
483 606 696 643 valetudinis
730 605 923 641 adversae²
957 604 1013 639 vel
1047 603 1254 648 capitalium

163 652 432 688 inimicitiarum

211 694 265 734 24
289 696 450 733 PAULUS
478 696 571 733 libro
601 696 759 733 secundo
782 694 1066 731 sententiarum
1111 704 1176 730 seu
1208 694 1254 730 ob

164 743 290 778 inanes
314 742 366 778 rei
389 741 574 778 actiones⁴

210 785 264 825 25
288 787 634 823 Hammon-muros
660 786 751 822 libro
782 784 939 821 secundo
970 785 1063 820 iuris
1085 785 1256 831 epitoma-

164 843 246 869 rum
292 843 356 869 seu
379 833 426 869 ob
450 831 557 868 aliam
580 831 711 867 iustam
732 840 878 867 causam
899 830 1148 866 excusationes
1168 829 1255 864 alle-

164 882 234 924 get,
259 877 456 914 audiendus
480 880 545 913 est.

210 921 265 961 26
289 922 450 959 ΡΑυιιῙε
477 922 569 959 libro
601 921 809 968 triqensimo
840 919 998 956 secundo
1029 919 1080 955 ad
1102 918 1256 955 edictum

163 969 264 1005 Inter
294 978 423 1005 causas
454 966 641 1003 omittendi
672 966 833 1001 mandati
856 965 963 1001 etiam
987 975 1082 1000 mors
1107 964 1256 999 manda-

165 1014 254 1050 toris
286 1017 358 1050 est:
391 1023 474 1048 nam
506 1012 714 1047 mandatum
740 1011 888 1046 solvitur
911 1014 1035 1046 morte.
1072 1010 1103 1045 si
1134 1013 1257 1045 tamen

163 1070 230 1105 per
251 1058 488 1105 ignorantiam
521 1058 704 1103 impletum
737 1060 810 1099 est,
846 1059 1047 1101 competere
1078 1055 1256 1091 actionem

164 1105 328 1141 utilitatis
351 1114 462 1140 causa
474 1103 614 1138 dicitur.
650 1102 809 1137 Iulianus
830 1111 973 1147 quoque
991 1101 1135 1146 scripsit
1155 1110 1256 1135 man·

166 1149 301 1186 datoris
325 1153 440 1185 morte
464 1148 553 1184 solvi
576 1147 805 1189 mandatum,
830 1146 894 1182 sed
917 1146 1167 1191 obligationem
1192 1145 1256 1180 ali-

167 1198 182 1230 1
257 1194 376 1230 uando
402 1194 543 1229 durare.
592 1193 629 1228 Si
653 1193 731 1245 quis
756 1191 908 1227 debitori
932 1202 997 1227 suo
1023 1190 1256 1233 mandaverit,

164 1244 206 1275 ut
256 1240 320 1276 itio
344 1239 506 1281 solveret,
532 1241 568 1274 et
591 1238 731 1273 debitor
753 1240 894 1272 mortuo
920 1247 973 1279 eo,
999 1247 1079 1272 cum
1100 1236 1137 1271 id
1156 1235 1256 1281 igno-

166 1288 186 1320 2
233 1289 349 1327 raret,
374 1284 536 1324 solverit,
568 1283 712 1318 liberari
737 1293 817 1318 eum
842 1285 994 1327 oportet.
1042 1281 1180 1316 Abesse
1202 1280 1256 1315 in-

164 1330 342 1376 tellegitur
372 1329 526 1375 pecunia
557 1328 758 1363 fideiussori
790 1327 895 1363 etiam
921 1327 951 1362 si
977 1326 1117 1362 debitor
1141 1326 1186 1361 ab
1212 1336 1253 1361 eo

165 1375 347 1421 delegatus
371 1375 418 1410 sit
441 1374 625 1416 creditori,
658 1373 742 1408 licet
771 1372 802 1408 is
834 1372 1003 1408 solvendo
1035 1382 1108 1407 non
1137 1371 1257 1414 fuerit,

165 1421 250 1466 quia
272 1421 406 1456 bonum
430 1429 560 1455 nomen
582 1418 672 1454 facit
696 1417 868 1460 creditor,
918 1417 955 1452 ui
978 1417 1134 1452 admittit
1157 1416 1256 1452 debi-

166 1469 185 1501 3
233 1469 347 1502 torem
381 1464 592 1510 delegatum.
641 1463 679 1498 Si
709 1463 759 1506 is,
816 1463 854 1498 ui
915 1462 1089 1498 deiussori
1124 1462 1259 1498 donare

165 1511 252 1552 vult,
276 1510 486 1546 creditorem
512 1510 588 1544 eius
611 1509 745 1544 habeat
764 1508 808 1543 de
833 1508 960 1544 itorem
981 1518 1086 1543 suum
1107 1517 1259 1552 eumque

164 1556 385 1598 liberaverit,
410 1555 579 1591 continuo
605 1557 687 1599 aget
709 1553 898 1589 fideiussor
920 1553 1099 1595 mandati,
1156 1556 1256 1588 uate-

164 1612 232 1637 nus
256 1600 344 1636 nihil
367 1600 526 1642 intersit,
558 1603 677 1635 utrum
711 1609 875 1634 nummos
900 1598 1043 1634 solverit
1067 1609 1127 1633 cre
1155 1597 1258 1633 ‘tori⁵

166 1650 186 1681 4
234 1656 281 1681 an
314 1656 394 1681 eum
419 1645 632 1681 liberaverit.
680 1644 874 1680 Praeterea
897 1644 1082 1679 sciendum
1107 1647 1162 1679 est
1185 1653 1257 1678 non

164 1691 245 1736 plus
276 1690 522 1726 fideiussorem
557 1700 665 1725 conse
690 1689 726 1725 ui
759 1689 888 1724 debere
919 1689 1079 1724 mandati
1112 1688 1257 1731 iudicio,

166 1740 185 1771 5
233 1747 338 1782 quam
362 1735 459 1781 quod
478 1735 633 1771 solverit.
723 1735 857 1770 andatu
876 1738 938 1770 tuo
959 1734 1117 1769 fideiussi
1134 1733 1257 1769 decem

166 1785 201 1817 et
231 1781 457 1828 procuratori
489 1781 674 1816 creditoris
707 1780 814 1816 solvi:
849 1780 879 1815 si
909 1790 1012 1815 verus
1045 1782 1259 1824 procurator

164 1826 252 1870 fuit,
277 1827 397 1862 statim
423 1826 583 1861 mandati
606 1835 728 1871 agam:
762 1825 858 1871 quod
890 1825 920 1860 si
944 1829 1159 1870 procurator
1184 1835 1258 1859 non

165 1876 186 1908 6
235 1876 300 1914 est,
325 1876 482 1917 repetam
509 1871 554 1906 ab
580 1881 633 1906 eo.
670 1871 753 1906 Non
772 1870 902 1911 omnia,
928 1881 1021 1915 quae
1040 1870 1254 1915 inpensurus

165 1928 239 1953 non
261 1916 331 1952 fuit
354 1916 563 1958 mandator,
587 1916 795 1961 imputabit,
827 1915 936 1951 veluti
961 1914 1057 1960 quod
1081 1915 1254 1960 spoliatus

165 1963 213 1998 sit
245 1972 268 1997 a
299 1961 498 1997 latronibus
529 1965 593 1996 aut
623 1961 809 2006 naufragio
841 1971 898 1996 res
922 1961 1080 1995 amiserit
1102 1960 1156 1995 vel
1179 1960 1257 1994 lan-

164 2017 275 2053 guore
298 2018 363 2042 suo
388 2016 606 2051 suorumque
627 2006 872 2051 adprehensus
892 2006 1068 2051 quaedam
1091 2015 1257 2050 erogave-

166 2053 232 2088 rit:
265 2062 348 2087 nam
379 2051 470 2087 haec
503 2051 616 2096 magis
641 2051 785 2087 casibus
810 2061 917 2096 quam
941 2050 1112 2086 mandato
1137 2050 1256 2095 impu-

166 2100 185 2132 ’1
234 2097 304 2132 tari
337 2100 489 2142 oportet.
545 2096 616 2132 Sed
652 2107 732 2132 cum
769 2106 910 2138 servus,
947 2105 1050 2141 quem
1086 2095 1258 2130 mandatu

166 2153 247 2178 meo
272 2152 430 2184 emeras,
453 2141 588 2177 furtum
613 2141 679 2176 tibi
701 2140 865 2184 fecisset,
890 2141 1059 2176 Neratius
1083 2141 1134 2175 ait
1156 2150 1256 2174 man-

166 2187 242 2223 dati
265 2187 407 2223 actione
429 2191 466 2222 te
490 2190 785 2229 consecuturum,
816 2190 858 2221 ut
888 2196 1011 2221 servus
1043 2185 1110 2220 tibi
1141 2195 1258 2220 noxae

167 2231 339 2275 dedatur,
363 2232 394 2267 si
417 2235 538 2268 tamen
561 2231 638 2267 sine
661 2232 769 2277 culpa
791 2235 856 2266 tua
878 2231 915 2266 id
938 2231 1126 2266 acciderit:
1160 2230 1257 2275 quod

167 2278 198 2313 si
229 2288 293 2323 ego
324 2277 471 2313 scissem
503 2277 610 2312 talem
635 2286 714 2312 esse
737 2287 875 2312 servum
901 2287 966 2311 nec
988 2275 1256 2328 praedixissem,

167 2326 208 2358 ut
232 2322 350 2368 possis
373 2332 609 2367 praecavere,
640 2325 728 2357 tunc
752 2321 876 2366 quanti
899 2324 964 2356 tua
986 2321 1145 2364 mtersit,
1176 2324 1256 2355 tan-

167 2370 187 2404 8
234 2372 310 2403 tum
334 2367 401 2402 tibi
423 2367 599 2413 praestari
623 2370 777 2412 oportet.
813 2366 934 2402 Faber
957 2365 1130 2401 mandatu
1151 2365 1258 2400 amici

167 2412 223 2449 sui
246 2412 332 2448 emit
355 2423 494 2448 servum
531 2412 654 2447 decem
686 2415 722 2447 et
752 2411 926 2446 fabricam
958 2411 1100 2453 docuit,
1131 2409 1258 2446 deinde

166 2457 326 2493 vendidit
349 2468 429 2493 eum
460 2457 600 2502 viginti,
633 2467 722 2501 quos
754 2456 915 2491 mandati
943 2455 1075 2491 iudicio
1109 2459 1257 2491 coactus

167 2507 223 2538 est
245 2502 399 2538 solvere:
432 2512 517 2537 mox
540 2502 643 2547 quasi
665 2502 780 2537 homo
796 2511 869 2536 non
894 2504 971 2537 erat
993 2511 1124 2543 sanus,
1157 2510 1255 2545 emp-

165 2547 238 2583 tori
262 2547 452 2583 damnatus
484 2550 556 2583 est:
588 2546 686 2582 Mela
708 2546 760 2581 ait
782 2557 855 2581 non
877 2549 1142 2591 praestaturum
1165 2545 1202 2580 id
1226 2545 1259 2580 ei

167 2592 427 2635 mandatorem,
459 2592 529 2627 nisi
573 2596 781 2637 osteaquam
803 2591 946 2627 emisset
965 2591 1042 2627 sine
1061 2590 1142 2626 dolo
1163 2590 1256 2626 malo

169 2637 244 2673 eius
267 2637 337 2673 hoc
360 2637 482 2672 vitium
506 2637 555 2671 ha
581 2647 640 2672 ere
664 2636 821 2682 coeperit
843 2646 976 2672 servus.
1013 2636 1078 2672 sed
1101 2636 1132 2671 si
1154 2636 1256 2671 iussu

168 2681 390 2718 mandatoris
414 2692 495 2717 eum
519 2682 699 2724 docuerit,
725 2685 852 2717 contra
874 2681 970 2717 fore:
994 2685 1083 2717 tunc
1105 2681 1198 2716 enim
1223 2684 1259 2715 et

168 2726 367 2763 mercedem
393 2731 430 2762 et
453 2727 589 2762 cibaria
613 2730 907 2769 consecuturum,
938 2726 1008 2762 nisi
1030 2726 1062 2762 si
1085 2730 1126 2761 ut
1147 2726 1258 2771 gratis

170 2771 315 2808 doceret
337 2776 482 2816 rogatus
507 2772 563 2807 sit.

217 2814 269 2854 27
298 2816 421 2852 (ἔωσε
448 2816 539 2852 libro
563 2818 682 2852 nono*⁵
706 2817 757 2852 ad
777 2817 930 2853 edictum
947 2816 1176 2862 ‚provinciale
1221 2816 1259 2851 Si

171 2861 250 2907 quis
275 2861 382 2896 alicui
401 2861 593 2907 scripserit,
618 2866 660 2897 ut
679 2862 872 2898 debitorem
893 2871 998 2897 suum
1016 2861 1143 2897 liberet
1151 2862 1178 2904 ⁷,
1202 2871 1257 2896 se-

171 2916 241 2952 que
272 2916 349 2941 eam
382 2907 591 2958 pecuniam,
628 2917 734 2952 quam
766 2907 797 2942 is
829 2906 1010 2950 debuerit,
1045 2907 1256 2948 soluturum,

174 2955 189 2986 1
239 2950 399 2986 mandati
429 2951 570 2986 actione
599 2955 750 2987 tenetur.
798 2951 836 2987 Si
866 2962 1005 2987 servum
1030 2961 1073 2987 ea
1094 2951 1171 2997 lege
1193 2951 1259 2986 tibi

170 2996 363 3038 tradidero,
388 2999 429 3030 ut
452 3006 532 3030 eum
556 3000 640 3041 post
662 3000 813 3032 mortem
838 3006 954 3032 meam
977 2997 1257 3039 manumitteres‚

172 3041 333 3077 constitit
364 3040 554 3085 obligatio:
587 3045 707 3086 potest
737 3046 858 3077 autem
888 3046 925 3077 et
953 3042 991 3077 in
1014 3052 1096 3077 mea
1119 3051 1259 3087 quoque

170 3095 326 3132 persona
347 3085 474 3131 agendi
498 3096 608 3121 causa
631 3086 858 3130 intervenire,
890 3086 998 3122 veluti
1022 3087 1053 3122 si
1076 3087 1258 3132 paeniten-

171 3133 192 3167 2
238 3130 291 3167 tia
321 3131 428 3166 acta·
450 3140 589 3166 servum
619 3131 691 3166 reci
719 3142 819 3167 erare
847 3131 963 3167 velim.
1012 3131 1081 3176 Qui
1111 3131 1258 3167 manda-

170 3179 247 3211 tum
272 3174 450 3221 suscepit,
475 3175 506 3210 si
528 3179 647 3220 potest
668 3176 680 3210 i
730 3176 890 3221 explere,
922 3176 1086 3212 deserere
1108 3175 1258 3222 promis-

171 3231 251 3256 sum
275 3219 434 3256 officium
458 3230 531 3255 non
555 3220 679 3263 debet,
711 3221 868 3274 alioquin
892 3222 1017 3267 quanti
1039 3221 1259 3257 mandatoris

171 3265 311 3302 intersit
332 3265 578 3300 damnabitur:
611 3265 641 3300 si
672 3275 753 3301 vero
786 3266 957 3311 intellegit
988 3266 1130 3311 explere
1161 3276 1200 3302 se
1222 3265 1260 3301 id

171 3309 331 3346 officium
362 3320 436 3346 non
467 3320 592 3355 posse,
624 3309 662 3344 id
693 3310 809 3355 ipsum
844 3322 924 3346 cum
949 3311 1103 3356 primum
1127 3310 1260 3357 poterit

172 3355 279 3392 debet
301 3354 503 3391 mandatori
524 3355 700 3396 nuntiare,
724 3359 764 3389 ut
783 3356 814 3391 is
833 3356 864 3391 si
882 3356 965 3392 velit
983 3356 1129 3392 alterius
1150 3365 1260 3401 opera

174 3403 314 3436 utatur:
347 3399 444 3446 quod
475 3399 526 3443 si,
558 3399 665 3435 cum⁹
694 3400 808 3444 possit
839 3401 1023 3444 nuntiare,
1057 3400 1258 3443 cessaverit,

173 3514 216 3556 (1)
238 3523 354 3557 posses
364 3526 428 3548 scr.
521 3512 567 3555 (2)
591 3511 801 3545 adversariae
814 3513 858 3545 F¹
964 3515 1007 3555 (8)
1031 3530 1075 3543 ==
1087 3514 1215 3547 Paulae
1226 3514 1258 3554 2,

174 3566 221 3598 15,
233 3566 248 3593 1
331 3560 374 3601 (4)
398 3557 450 3592 ob
463 3557 611 3591 subitam
623 3557 860 3598 valetudinem,
874 3558 916 3591 ob
929 3558 1150 3591 necessariam
1162 3568 1258 3601 pere-

172 3603 411 3646 grinationem,
429 3602 472 3636 ob
484 3602 701 3636 inimicitiam
715 3605 749 3635 et
760 3602 873 3635 inanis
884 3604 934 3635 rei
946 3604 1113 3636 actionem
1125 3603 1258 3646 integra

174 3648 284 3680 adhuc
305 3659 405 3681 eausa
424 3648 575 3681 mandati
597 3648 772 3690 negotium
795 3648 984 3680 renuntiari
1005 3651 1116 3691 potest
1130 3648 1258 3682 Paulus
1324 3648 1505 3690 popositae
1516 3648 1586 3681 sint
1599 3650 1671 3691 (εἰσ)
1683 3649 1719 3681 F

174 3693 219 3735 (5)
243 3693 390 3726 creditor
402 3693 455 3726 Γ*
546 3694 591 3735 (⁶)
614 3692 743 3726 decimo
756 3693 908 3737 Krueyer

1242 71 1324 120 218

2207 86 2411 118 mimam

1323 197 1450 243 quanti
1481 196 1699 234 mandatoris
1730 196 1872 234 intersit
1901 197 2099 233 tenebitur:
2142 196 2174 233 si
2209 196 2330 243 aliqua
2366 208 2410 234 ex

1325 245 1345 278 3
1393 252 1504 278 causa
1526 253 1600 279 non
1622 243 1756 295 poterit
1777 243 1962 286 nuntiare,
1995 252 2144 278 securus
2168 241 2245 278 erit.
2291 242 2411 278 Morte

1324 297 1465 333 quoque
1488 288 1564 323 eius
1588 298 1647 323 cui
1669 288 1878 324 mandatum
1902 291 1957 324 est
1971 289 2009 331 ¹⁰,
2033 287 2065 323 si
2083 287 2114 323 is
2134 287 2188 323 int
2293 287 2412 323 adhuc

1325 332 1494 368 mandato
1517 332 1720 376 decesserit,
1741 333 1889 369 solvitur
1908 333 2118 368 mandatum
2139 337 2176 368 et
2194 343 2215 368 o
2261 332 2299 368 id
2309 332 2412 368 heres

1325 377 1419 420 eius,
1454 377 1538 414 licet
1569 382 1758 414 exsecutus
1792 378 1902 414 fuerit
1936 378 2164 421 mandatum,
2200 387 2274 413 non
2304 377 2414 413 habet

1324 426 1346 458 4
1393 422 1554 458 mandati
1575 423 1762 459 actionem.
1809 424 1861 458 Im
1891 423 1996 459 endia
2018 422 2178 458 mandati
2198 422 2413 468 exsequendi

1323 467 1439 512 gratia
1461 467 1561 503 facta
1584 468 1615 503 si
1637 468 1733 504 bona
1764 468 1835 504 fide
1881 472 1964 504 acta
1996 472 2098 511 sunt,
2129 467 2270 503 restitui
2299 468 2412 503 omni-

1325 512 1431 548 modo
1456 512 1597 556 debent,
1622 523 1688 549 nec
1712 513 1759 549 ad
1781 524 1857 549 rem
1874 514 2039 559 pertinet,
2063 512 2159 558 quod
2178 512 2209 548 is
2229 512 2291 564 qui
2313 523 2412 548 man-

1326 558 1446 594 dasset
1493 558 1654 601 otuisset,
1679 558 1710 594 si
1731 559 1808 604 ipse
1831 559 2009 604 negotium
2033 561 2183 603 gereret,
2207 568 2324 593 minus
2348 558 2413 592 im-

1325 606 1345 638 5
1392 613 1463 648 pen
1491 614 1560 639 ere.
1608 603 1646 638 Si
1666 603 1839 639 mandatu
1862 613 1941 639 meo
1961 603 2055 639 Titio
2075 602 2263 638 credideris
2285 606 2322 638 et
2341 613 2413 637 me·

1326 659 1407 683 cum
1431 648 1591 684 mandati
1615 648 1746 693 egeris,
1770 659 1843 684 non
1867 648 1970 683 aliter
1993 647 2223 684 condemnari
2247 647 2359 683 debeo
2374 649 2413 690 ¹¹,

1326 703 1432 738 quam
1457 694 1488 730 si
1512 694 1671 729 actiones
1702 697 1785 729 tuas
1799 694 1845 735 ¹2,
1878 703 1967 739 quas
1999 693 2169 729 adversus
2193 693 2324 728 Titium
2350 692 2414 727 ha-

1326 739 1409 791 bes,
1443 739 1529 774 mihi
1552 738 1783 784 praestiteris.
1820 738 1883 774 sed
1906 738 1936 774 si
1960 749 2040 774 cum
2065 738 2160 773 Titio
2185 738 2315 783 egeris,
2351 748 2414 817 egle

1326 783 1468 829 qmdem
1493 795 1565 819 non
1588 783 1787 826 liberabor,
1821 783 1884 819 sed
1906 783 1943 818 in
1966 783 2004 818 id
2027 783 2216 819 dumtaxat
2236 783 2303 818 tibi
2326 783 2371 818 ob
2388 783 2414 809 ‘-

1325 832 1430 873 gatus
1455 839 1528 872 ero,
1553 828 1649 874 quod
1671 839 1694 863 a
1718 828 1811 864 Titio
1837 838 1978 864 servare
2001 839 2074 865 non
2095 827 2265 874 potueris.

1372 871 1425 912 28
1457 873 1653 910 Uzmws
1668 873 1759 910 libro
1780 877 1912 920 quarto
1932 873 2068 909 decimo
2087 874 2138 909 ad
2157 873 2310 910 edictum
2345 872 2414 908 Pa-

1326 920 1492 964 pinianus
1529 919 1619 954 libro
1654 919 1760 954 tertio
1797 919 2044 971 quaestionum
2081 918 2133 954 ait
2168 918 2415 953 mandatorem

1327 964 1499 1000 debitoris
1513 964 1708 999 solventem
1720 964 1798 1010 ipso
1811 974 1889 999 lure
1897 974 1997 999 reum
2011 974 2083 1000 non
2093 963 2247 999 liberare
2258 966 2417 1015 (propter

1326 1009 1533 1045 mandatum
1559 1009 1652 1044 enim
1677 1019 1780 1045 suum
1804 1009 1909 1045 solvit
1931 1012 1967 1045 et
1990 1020 2055 1045 suo
2079 1009 2234 1049 nomine)
2265 1009 2417 1054 ideoque

1326 1055 1529 1090 mandatori
1549 1055 1708 1090 actiones
1727 1058 1832 1100 putat
1855 1054 2023 1090 adversus
2047 1064 2147 1089 reum
2173 1054 2251 1089 cedi
2275 1053 2414 1089 debere.

1373 1098 1426 1138 29
1451 1100 1559 1136 IDEM
1578 1100 1670 1136 libro
1694 1101 1846 1146 septimo
1871 1100 2154 1146 disputationum
2200 1098 2239 1135 Si
2269 1098 2413 1134 fideius-

1327 1156 1388 1181 sor
1412 1149 1619 1188 conventus,
1644 1156 1725 1180 cum
1748 1145 1930 1190 ignoraret
1952 1156 2025 1181 non
2047 1144 2159 1180 fuisse
2179 1144 2331 1180 debitori
2350 1155 2415 1179 nu-

1327 1195 1500 1226 meratam
1530 1191 1739 1236 pecuniam,
1773 1190 1918 1226 solverit
1949 1201 1993 1226 ex
2025 1200 2136 1226 causa
2167 1189 2415 1231 fideiussionis,

1328 1246 1375 1271 an
1406 1235 1568 1271 mandati
1596 1235 1728 1271 iudicio
1786 1235 1926 1280 ersequi
1949 1235 2063 1280 possit
2084 1235 2121 1271 id
2145 1234 2240 1280 quod
2263 1234 2417 1276 solverit,

1328 1281 1523 1326 quaeritur.
1569 1286 1604 1316 et
1627 1281 1658 1316 si
1705 1281 1742 1316 ui
1769 1291 1824 1316 em
1848 1281 1964 1316 sciens
1986 1280 2264 1326 praetermiserit
2288 1289 2415 1324 excep-

1327 1327 1459 1362 tionem
1484 1327 1539 1362 vel
1563 1326 1635 1362 doli
1658 1337 1699 1362 ve
1735 1336 1809 1362 non
1832 1330 2040 1361 numeratae
2063 1325 2256 1371 pecuniae,
2279 1324 2417 1360 videtur

1328 1372 1409 1408 dolo
1433 1372 1568 1407 versari
1593 1372 1779 1413 (dissoluta
1803 1371 1893 1407 enim
1918 1371 2138 1416 neglegentia
2186 1381 2274 1423 rope
2296 1369 2415 1405 dolum

1328 1422 1415 1461 est):
1441 1417 1503 1453 ubi
1525 1427 1609 1453 vero
1634 1416 1828 1462 ignoravit,
1859 1416 1947 1452 nihil
1971 1420 2026 1452 est
2038 1417 2066 1438 ¹³
2089 1381 2186 1462 quog
2209 1425 2242 1450 ei
2263 1415 2416 1460 impute-

1327 1467 1396 1498 tur.
1433 1463 1513 1508 pari
1535 1462 1675 1498 ratione
1699 1466 1735 1498 et
1759 1462 1790 1497 si
1813 1461 1932 1507 aliqua
1956 1461 2117 1507 exceptio
2143 1460 2296 1496 debitori
2319 1471 2415 1496 com-

1327 1508 1491 1553 petebat,
1523 1507 1622 1553 pacti
1651 1507 1746 1543 forte
1778 1507 1942 1543 conventi
1970 1507 2026 1542 vel
2059 1506 2159 1542 cuius
2184 1505 2330 1541 alterius
2353 1504 2416 1547 rei,

1329 1557 1364 1589 et
1397 1554 1541 1598 ignarus
1577 1553 1670 1588 hanc
1707 1552 1950 1598 exceptionem
1994 1563 2066 1588 non
2106 1551 2303 1594 exercebit,
2347 1550 2418 1585 dici

1327 1602 1471 1644 oportet
1484 1599 1511 1619 ¹⁴
1546 1597 1706 1633 mandati
1740 1598 1774 1633 ei
1817 1597 1993 1633 actionem
2037 1601 2257 1642 competere:
2301 1595 2418 1641 potuit

1329 1644 1421 1679 enim
1446 1647 1555 1689 atque
1578 1643 1701 1679 debuit
1731 1652 1814 1678 reus
1845 1642 2074 1688 promittendi
2106 1641 2298 1677 certiorare
2329 1640 2416 1675 fide-

1326 1689 1499 1724 iussorem
1534 1699 1657 1731 suum,
1692 1698 1738 1723 ne
1767 1687 1861 1723 forte
1890 1688 2034 1732 ignarus
2065 1687 2179 1723 solvat
2208 1686 2415 1721 indebitum.

1332 1738 1345 1769 1
1396 1734 1479 1769 Non
1502 1734 1595 1769 male
1614 1733 1839 1776 tractabitur,
1864 1733 1905 1775 si,
1932 1744 2012 1768 cum
2033 1732 2211 1778 ignoraret
2229 1731 2418 1766 fideiussor

1327 1779 1502 1814 inutiliter
1525 1789 1564 1814 se
1587 1779 1791 1823 obligatum,
1816 1778 1970 1820 solverit,
1995 1788 2041 1813 an
2062 1777 2220 1812 mandati
2240 1776 2416 1812 actionem

1327 1825 1469 1860 habeat.
1507 1828 1542 1860 ct
1565 1824 1595 1859 si
1619 1824 1760 1869 quidem
1783 1823 1919 1859 factum
1952 1823 2144 1868 ignoravit,
2177 1821 2287 1874 recipi
2318 1821 2416 1866 igno-

1327 1870 1446 1905 rantia
1482 1869 1558 1904 eius
1595 1873 1727 1914 potest,
1763 1869 1793 1904 si
1827 1879 1910 1904 vero
1946 1868 2020 1910 ius,
2063 1867 2160 1903 aliud
2196 1867 2264 1902 dici
2300 1866 2415 1901 debet.

1328 1919 1347 1950 2
1396 1915 1445 1957 Si,
1470 1926 1550 1949 cum
1577 1914 1718 1949 debitor
1752 1914 1935 1956 solvisset,
1968 1913 2111 1958 ignarus
2135 1912 2324 1947 fideiussor
2347 1911 2416 1947 sol-

1326 1960 1427 2002 verit,
1453 1964 1541 2005 puto
1567 1970 1647 1995 eum
1675 1959 1835 1994 mandati
1859 1959 1990 1994 habere
2010 1959 2205 1993 actionem:
2231 1958 2415 2002 ignoscen-

1328 2005 1412 2040 dum
1438 2009 1493 2040 est
1516 2005 1608 2040 enim
1634 2005 1677 2047 ei,
1703 2005 1732 2040 si
1756 2015 1828 2040 non
1848 2004 2015 2039 divinavit
2035 2004 2229 2038 debitorem
2250 2002 2415 2037 solvisse:

1329 2051 1469 2086 debitor
1500 2050 1595 2085 enim
1627 2049 1751 2085 debuit
1773 2053 1897 2085 notum
1920 2049 2040 2085 facere
2062 2047 2262 2083 fideiussori
2283 2047 2354 2082 iam
2378 2056 2418 2082 se

1328 2096 1493 2138 solvisse,
1529 2105 1574 2131 ne
1607 2095 1701 2130 forte
1736 2095 1892 2131 creditor
1924 2095 2075 2139 obrepat
2110 2097 2147 2128 et
2180 2091 2416 2138 ignorantiam

1327 2141 1403 2176 eius
1428 2141 1683 2176 circumveniat
1705 2143 1741 2176 et
1764 2139 1921 2175 excutiat
1952 2139 1984 2174 ei
2015 2149 2208 2180 summam,
2240 2137 2278 2173 in
2309 2147 2416 2182 quam

1327 2189 1346 2221 3
1393 2186 1579 2221 fideiussit.
1627 2185 1706 2221 Hoc
1729 2185 1822 2220 idem
1846 2184 1996 2220 tractari
2014 2188 2050 2219 et
2066 2185 2103 2219 in
2123 2183 2332 2218 fideiussore
2350 2193 2415 2228 po-

1325 2234 1416 2273 test,
1449 2231 1500 2274 si,
1537 2241 1618 2266 cum
1651 2230 1832 2272 solvisset,
1868 2240 1941 2265 non
1973 2229 2176 2265 certioravit
2208 2238 2327 2270 reum,
2364 2227 2416 2262 sic

1326 2276 1454 2311 deinde
1484 2286 1566 2311 reus
1599 2275 1703 2311 solvit
1737 2275 1831 2320 quod
1856 2275 1991 2310 solvere
2014 2285 2095 2310 eum
2119 2284 2191 2309 non
2214 2272 2413 2318 oportebat.

1326 2325 1362 2357 et
1385 2321 1511 2364 credo,
1537 2321 1586 2363 si,
1621 2331 1701 2356 cum
1725 2324 1848 2365 posset
1870 2331 1950 2355 eum
1976 2320 2185 2361 certiorare,
2217 2329 2289 2353 non
2318 2317 2415 2359 fecit,

1325 2369 1491 2411 oportere
1514 2365 1673 2401 mandati
1696 2369 1857 2410 agentem
1882 2365 2124 2400 fideiussorem
2156 2363 2297 2409 repelli:
2331 2362 2414 2398 dolo

1327 2411 1419 2446 enim
1442 2411 1644 2456 proximum
1676 2415 1751 2453 est,
1783 2410 1813 2445 si
1836 2413 1920 2455 post
1942 2410 2154 2446 solutionem
2178 2419 2251 2444 non
2273 2407 2415 2443 nuntia-

1326 2456 1416 2491 verit
1450 2456 1619 2491 debitori:
1663 2455 1790 2491 cedere
1824 2459 1943 2490 autem
1977 2465 2061 2490 reus
2093 2453 2241 2490 indebiti
2274 2452 2416 2488 actione

1325 2501 1528 2536 fideiussori
1559 2501 1682 2544 debet,
1714 2511 1760 2536 ne
1795 2500 1941 2546 duplum
1978 2500 2133 2535 creditor
2164 2501 2414 2550 consequatur.

1326 2549 1348 2581 4
1395 2545 1578 2590 Quaedam
1613 2550 1735 2581 tamen
1769 2546 1837 2582 etsi
1872 2545 1988 2581 sciens
2031 2545 2173 2581 omittat
2215 2543 2414 2585 fidelussor,

1328 2595 1426 2627 caret
1455 2591 1601 2634 fraude,
1634 2594 1677 2626 ut
1698 2594 1787 2636 puta
1810 2591 1841 2626 si
1865 2590 2107 2635 exceptionem
2130 2588 2413 2634 procuratoriam

1327 2636 1447 2672 omisit
1470 2637 1544 2672 sive
1566 2636 1683 2672 sciens
1714 2636 1786 2671 sive
1815 2636 1979 2681 ignarus:
2016 2635 2060 2671 de
2091 2635 2187 2670 bona
2216 2633 2288 2669 fide
2321 2632 2414 2669 enim

1328 2682 1466 2727 agitur,
1492 2681 1550 2717 cui
1572 2692 1646 2717 non
1669 2681 1833 2726 congruit
1856 2680 1900 2716 de
1923 2680 2086 2726 apicibus
2108 2679 2196 2715 iuris
2220 2678 2414 2724 disputare,

1327 2730 1347 2761 5
1395 2727 1459 2762 sed
1493 2726 1537 2762 de
1568 2726 1638 2763 hoc
1668 2730 1826 2769 tantum,
1862 2725 2002 2761 debitor
2030 2725 2139 2760 fuerit
2169 2734 2235 2759 nec
2269 2733 2325 2759 ne.
2372 2723 2414 2758 In

1327 2771 1492 2807 omnibus
1517 2775 1636 2807 autem
1660 2771 1873 2813 visionibus,
1905 2780 1998 2816 quae
2027 2769 2254 2815 praepositae
2277 2770 2361 2804 sunt
2374 2768 2413 2810 ¹⁵,

1327 2817 1390 2852 ubi
1414 2816 1568 2852 creditor
1590 2816 1645 2852 vel
1668 2827 1741 2852 non
1757 2820 1979 2851 numeratam
2000 2815 2189 2859 pecuniam
2210 2813 2341 2859 accipit
2358 2813 2413 2848 vel

1327 2866 1549 2897 numeratam
1567 2862 1695 2897 iterum
1714 2861 1863 2906 accepit,
1883 2870 1923 2895 re
1950 2859 2046 2895 etitio
2067 2863 2194 2895 contra
2217 2869 2296 2894 eum
2316 2868 2413 2893 com-

1328 2906 1431 2952 petit,
1456 2906 1524 2942 nisi
1548 2917 1593 2942 ex
1616 2905 1911 2942 condemnatione
1923 2871 2034 2940 fuerit
2051 2905 2082 2940 ei
2099 2904 2252 2957 pecunia
2271 2903 2408 2939 soluta:

1327 2956 1414 2987 tunc
1445 2951 1539 2987 enim
1570 2955 1718 2997 propter
1747 2950 1996 2986 auctoritatem
2027 2950 2079 2985 rei
2108 2949 2287 2984 iudicatae
2310 2957 2412 3000 repe-

1327 2996 1404 3032 titio
1429 2996 1571 3041 quidem
1596 2999 1731 3038 cessat,
1761 2995 1773 3030 i
1800 3005 1839 3031 se
1870 2999 1989 3031 autem
2020 2994 2243 3030 stellionatus
2267 2993 2413 3028 crimine

1329 3045 1349 3076 6
1395 3045 1544 3094 propter
1577 3050 1679 3077 suam
1715 3050 1759 3076 ca
1788 3040 1943 3076 'ditatem
1960 3041 1986 3062 ¹⁶
2017 3040 2203 3085 plectetur.
2250 3037 2411 3074 Fideius-

1327 3097 1405 3129 sor,
1439 3097 1470 3122 s1
1493 3086 1591 3122 solus
1613 3089 1773 3131 tempore
1795 3086 1964 3121 liberatus
1988 3089 2110 3120 tamen
2133 3083 2276 3119 solverit
2299 3082 2411 3118 credi-

1327 3132 1409 3174 tori,
1432 3134 1530 3167 recte
1551 3130 1712 3166 mandati
1735 3131 1882 3166 habebit
1905 3131 2079 3166 actionem
2100 3129 2270 3164 adversus
2289 3138 2410 3163 reum:

1328 3186 1543 3221 quamquam
1567 3176 1659 3212 enim
1694 3176 1765 3211 iam
1797 3175 1968 3212 liberatus
2000 3174 2122 3217 solvit,
2154 3178 2275 3209 tamen
2305 3172 2411 3208 fidem

1327 3221 1374 3256 im
1401 3220 1485 3257 levit
1507 3224 1545 3256 et
1568 3220 1763 3256 debitorem
1787 3221 1965 3256 liberavit:
1997 3221 2028 3256 si
2056 3220 2163 3265 igitur
2192 3221 2342 3264 paratus
2364 3217 2412 3253 sit

1329 3266 1351 3301 d
1389 3265 1518 3301 endere
1551 3276 1651 3301 reum
1685 3266 1854 3302 adversus
1889 3265 2099 3301 creditorem
2112 3290 2122 3306 ,
2157 3262 2409 3308 aequissimum

1327 3314 1383 3346 est
1403 3310 1565 3346 mandati
1586 3310 1718 3347 iudicio
1731 3312 1759 3333 ¹⁷
1783 3321 1863 3346 eum
1885 3310 1982 3356 quod
2005 3309 2109 3345 solvit
2131 3308 2341 3354 reciperare.
2375 3310 2411 3343 et

1327 3355 1379 3391 ita
1401 3355 1538 3391 Iuliano
1562 3355 1711 3394 videtur.

1373 3397 1427 3438 30
1458 3400 1650 3437 [vaurms
1677 3400 1769 3437 libro
1802 3400 1907 3436 tertio
1938 3399 2074 3436 decimo
2106 3398 2325 3445 diqestorum
2371 3395 2410 3432 Si

1327 3516 1404 3545 rent
1415 3513 1449 3546 F
1513 3515 1557 3555 (8)
1580 3515 1630 3548 sic
1642 3513 1680 3555 S,
1691 3513 1781 3546 aetio
1791 3513 1828 3547 F
1891 3514 1935 3555 (9)
1959 3514 2008 3546 eie
2019 3512 2057 3553 S,
2070 3512 2156 3545 ouiti
2168 3511 2203 3545 F
2277 3512 2338 3552 (10)
2360 3511 2410 3544 εἰσ

1327 3557 1365 3598 S,
1380 3558 1618 3591 cumandatum
1630 3562 1665 3591 et
1676 3559 1712 3592 F
1819 3558 1875 3599 (11)
1897 3558 1948 3591 εἰσ
1960 3557 1998 3597 S,
2012 3556 2074 3590 deo
2085 3557 2121 3590 F
2229 3557 2287 3597 (12)
2309 3556 2358 3589 sic
2369 3556 2408 3595 S,

1325 3612 1403 3635 suas
1415 3603 1451 3636 F
1536 3607 1595 3642 (13)
1620 3607 1672 3636 est
1682 3604 1722 3643 S,
1735 3615 1793 3637 om.
1805 3603 1842 3635 F
1916 3604 1975 3643 (14)
1999 3602 2031 3634 ei
2044 3603 2103 3636 ins.
2117 3602 2151 3635 F
2226 3602 2285 3643 (15)
2308 3602 2356 3634 sic
2369 3599 2406 3641 S,

1814 3648 1873 3690 (16)
1897 3647 2079 3680 eallitatem
2091 3646 2126 3679 F
2233 3647 2291 3688 (1¹1)
2315 3644 2405 3679 iudi·

994 3695 1037 3734 (7)
1061 3694 1110 3727 sic
1122 3693 1160 3736 S,
1172 3692 1256 3726 libe-
1324 3692 1412 3726 ciolo
1424 3693 1459 3726 F
