2528 3918
207 108 349 151 XX6

207 241 313 277 quem
336 234 470 266 emerat
492 229 722 272 redhibuerit,
747 239 794 265 an
817 229 957 266 desinat
980 230 1170 265 Servianae
1192 230 1293 266 locus

207 276 311 312 esse?
357 279 393 311 et
422 285 457 309 m
505 274 514 282 ⁰
564 278 637 318 est,
668 284 715 310 ne
746 274 904 311 desinat.
936 275 1004 310 nisi
1038 285 1081 310 ex
1111 275 1294 311 voluntate

211 324 225 356 1
276 320 460 356 creditoris
517 330 562 355 oc
591 318 728 355 factum
759 323 824 356 est.
873 315 919 356 Ss
933 320 970 355 in
993 320 1194 356 venditione
1217 319 1294 365 pig-

207 366 304 401 noris
336 364 555 401 consenserit
586 365 741 401 creditor
769 365 826 401 vel
854 369 896 401 ut
926 366 1065 400 debitor
1095 366 1188 400 hanc
1219 375 1295 400 rem

206 414 384 456 permutet
406 410 461 445 vel
485 409 594 445 donet
615 410 670 446 vel
692 410 730 445 in
754 410 873 446 dotem
897 411 974 453 det,
1007 410 1196 445 dicendum
1227 409 1295 445 erit

205 456 333 501 pignus
356 454 511 498 liberari,
535 454 605 491 nisi
627 455 727 491 salva
751 466 862 491 causa
883 456 1039 501 pignoris
1064 455 1119 490 sui
1143 465 1293 490 consen-

207 501 253 536 sit
275 500 330 536 vel
353 499 547 536 venditioni
569 500 626 536 vel
649 501 797 537 ceteris:
822 511 905 535 nam
929 501 1046 536 solent
1068 500 1172 535 multi
1196 500 1295 535 salva

206 556 317 581 causa
334 545 491 590 pignoris
510 545 567 581 sui
586 546 798 581 consentire.
835 546 919 581 sed¹
945 545 974 580 si
997 545 1075 590 ipse
1099 545 1296 580 vendiderit

207 590 370 633 creditor,
394 590 447 626 sic
469 593 589 626 tamen
610 590 847 626 venditionem
870 590 966 633 fecit,
991 600 1036 625 ne
1056 590 1253 626 discederet
1272 600 1295 625 a

204 635 371 682 pignore,
395 635 463 671 nisi
487 636 519 671 ei
541 635 713 678 satisfiat,
747 636 935 671 dicendum
960 636 1026 671 erit
1050 636 1294 680 exceptionem

206 681 238 716 ei
260 691 333 716 non
356 691 498 716 nocere.
535 681 598 717 sed
622 686 658 717 et
682 681 712 716 si
735 692 807 716 non
832 685 1059 716 concesserat
1081 681 1119 726 pi
1144 691 1210 716 nus
1234 691 1293 716 ve·

204 725 386 768 numdari,
419 725 482 761 sed
512 730 627 762 ratam
660 726 786 761 habuit
815 726 1069 769 venditionem,
1104 726 1116 760 i
1143 736 1197 761 em
1229 726 1295 761 erit

205 773 225 806 2
271 770 507 816 probandum.
554 771 654 807 Belle
677 772 869 817 quaeritur,
894 771 925 806 si
946 770 1041 806 forte
1063 771 1218 806 venditio
1242 771 1295 806 rei

204 816 407 862 specialiter
430 816 607 861 obligatae
630 827 703 852 non
726 817 859 859 valeat,
892 826 940 851 an
970 826 1100 851 nocere
1123 816 1213 851 haec
1236 826 1293 851 res

205 861 372 897 creditori
396 861 526 897 debeat
549 861 644 907 quod
669 862 860 904 consensit,
884 865 925 896 ut
973 865 1037 896 uta
1057 862 1088 897 si
1109 872 1180 906 qua
1200 862 1292 896 ratio

202 906 291 987 hafflig
325 906 563 942 venditionem
597 907 791 952 impediat?
838 906 941 942 dicen
967 917 1027 941 um
1070 910 1124 941 est
1165 907 1293 952 pignus

202 963 225 988 v
263 962 333 988 ere.

250 994 275 1034 5
299 996 538 1033 Mammam
566 997 658 1033 libro
681 998 738 1032 sin
765 996 865 1032 ulan·
885 996 935 1032 ad
955 996 1155 1043 formulam
1179 996 1292 1043 hypo-

204 1041 401 1078 thecariam
447 1041 603 1078 Solvitur
624 1042 736 1088 hypot
762 1052 826 1077 eea
850 1045 886 1077 et
909 1042 940 1077 si
958 1042 1003 1076 ab
1027 1052 1070 1076 ea
1089 1042 1293 1077 discedatur

202 1090 267 1123 aut
289 1087 496 1133 paciscatur
521 1087 692 1130 creditor,
723 1097 769 1122 ne
791 1087 980 1132 pecuniam
1003 1090 1121 1132 petat:
1146 1087 1214 1123 nisi
1238 1087 1293 1123 si²

202 1132 281 1178 quis
306 1132 404 1168 dicat
427 1136 574 1178 pactum
604 1132 852 1177 interpositum
885 1142 981 1175 esse,
1013 1136 1054 1167 ut
1085 1142 1107 1167 a
1137 1142 1292 1178 persona

201 1188 275 1213 non
298 1181 453 1223 petatur.
490 1182 526 1213 et
557 1177 642 1223 quid
674 1178 704 1213 si
735 1178 804 1212 hoc
835 1182 956 1212 actum
987 1177 1052 1220 sit,
1087 1188 1169 1212 cum
1198 1177 1292 1213 forte

201 1222 292 1258 alius
316 1223 555 1269 hypothecam
578 1222 801 1268 possidebit?
845 1222 908 1257 sed
933 1233 1014 1257 cum
1036 1227 1181 1267 pactum
1205 1233 1290 1259 con-

200 1271 345 1303 ventum
369 1268 613 1313 exceptionem
635 1272 846 1312 perpetuam
869 1267 1005 1312 pariat,
1039 1267 1163 1304 eadem
1195 1272 1230 1303 et
1253 1269 1290 1303 in

201 1313 270 1349 hoc
291 1323 378 1349 casu
396 1317 548 1358 possunt
568 1312 648 1355 dici,
673 1317 713 1348 ut
733 1317 768 1347 et
788 1313 834 1347 ab
852 1312 1054 1358 hypotheca
1074 1313 1289 1349 discedatur.

203 1360 219 1393 1
269 1357 307 1393 Si
329 1359 535 1403 paciscatur
559 1358 730 1400 creditor,
755 1368 800 1393 ne
829 1358 926 1392 intra
949 1367 1081 1393 annum
1104 1359 1291 1403 pecuniam

199 1405 320 1448 petat,
351 1403 566 1448 intellegitur
589 1403 634 1438 de
657 1403 860 1448 hypotheca
883 1412 1025 1448 quoque
1046 1403 1139 1439 idem
1161 1408 1291 1449 pactus

200 1450 221 1483 2
269 1458 358 1484 esse.
407 1448 445 1484 Si
469 1448 693 1491 convenerit,
726 1451 766 1484 ut
788 1459 853 1494 pro
876 1448 1080 1501 hypotheca
1103 1448 1291 1486 fideiussor

200 1493 356 1536 daretur,
381 1497 416 1529 et
440 1493 545 1529 datus
570 1493 626 1536 sit,
652 1493 876 1528 satisfactum
898 1493 1085 1536 videbitur,
1110 1498 1151 1529 ut
1174 1495 1287 1540 hypo-

199 1538 306 1574 theca
328 1539 509 1574 liberetur.
545 1538 643 1574 aliud
667 1542 740 1582 est,
771 1539 801 1574 si
831 1539 887 1574 ius
920 1539 1144 1584 obligationis
1169 1540 1288 1575 vendi-

200 1583 291 1619 derit
315 1584 470 1619 creditor
493 1587 529 1619 et
551 1584 740 1630 pecuniam
763 1584 963 1629 acceperit:
987 1588 1075 1619 tunc
1100 1584 1193 1619 enim
1212 1595 1287 1620 ma-

198 1634 286 1664 nent
309 1639 431 1665 omnes
455 1629 689 1674 obligationes
712 1630 889 1674 integrae,
913 1629 998 1675 quia
1020 1630 1126 1674 pretii
1148 1630 1228 1665 loco
1252 1630 1288 1665 id

198 1676 218 1709 3
266 1674 452 1726 accipitur,
473 1685 545 1710 non
557 1674 743 1710 solutionis
755 1674 910 1709 nomine.
957 1674 1190 1710 Satisfactum
1210 1685 1288 1711 esse

198 1718 365 1755 creditori
382 1719 599 1765 intellegitur
618 1723 653 1755 et
673 1720 703 1755 si
721 1719 968 1754 iusiurandum
989 1719 1145 1755 delatum
1165 1720 1288 1756 datum

198 1767 254 1800 est
275 1764 300 1799 h
351 1765 501 1800 ethecae
523 1775 597 1800 non
621 1775 699 1800 esse
722 1775 797 1800 rem
820 1764 1024 1809 obligatam.

244 1806 269 1847 6
328 1819 497 1846 LPIANUS
523 1810 615 1846 libro
645 1811 908 1856 septuaqesimo
934 1811 1038 1845 tertio
1062 1810 1113 1845 ad
1133 1810 1286 1847 edictum

197 1854 288 1890 Item
310 1855 486 1890 liberatur
508 1855 655 1900 pignus,
679 1855 752 1890 sive
776 1855 931 1890 solutum
955 1859 1009 1890 est
1032 1855 1191 1891 debitum
1214 1857 1287 1892 sive

197 1909 239 1935 eo
263 1900 405 1934 nomine
430 1900 655 1935 satisfactum
679 1904 743 1935 est.
779 1900 841 1935 sed
866 1903 902 1935 et
922 1900 952 1935 si
972 1903 1132 1945 tempore
1148 1901 1287 1937 finitum

196 1944 325 1990 pignus
349 1948 423 1987 est,
447 1945 541 1980 idem
566 1945 684 1981 dicere
708 1945 897 1987 debemus,
920 1945 977 1980 vel
1000 1946 1030 1981 si
1055 1956 1126 1991 qua
1147 1947 1288 1982 ratione

199 1992 216 2024 1
265 1989 433 2034 obligatio
459 1990 533 2025 eius
557 1990 659 2025 finita
683 1993 747 2026 est.
796 1990 864 2034 Qui
886 1994 1036 2035 paratus
1061 1994 1116 2027 est
1138 1992 1286 2035 solvere,

195 2034 322 2070 merito
353 2035 482 2080 pignus
512 2034 652 2070 videtur
681 2035 870 2071 liberasse:
904 2035 964 2080 qui
995 2046 1078 2072 vero
1110 2047 1184 2072 non
1216 2037 1286 2073 sol-

195 2089 297 2123 vere,
329 2080 392 2115 sed
422 2080 631 2116 satisfacere
660 2084 808 2126 paratus
833 2084 905 2123 est,
937 2080 974 2115 in
1006 2081 1145 2117 diversa
1177 2092 1288 2118 causa

196 2128 261 2160 est.
298 2135 380 2170 ergo
404 2125 621 2161 satisfecisse
643 2126 801 2171 prodest,
826 2126 910 2171 quia
933 2125 1001 2161 sibi
1024 2126 1201 2171 imputare
1225 2127 1286 2163 de-

195 2169 257 2204 bet
280 2170 452 2213 creditor,
484 2171 545 2215 qui
569 2171 851 2206 satisfactionem
875 2170 1018 2206 admisit
1040 2171 1116 2207 vice
1138 2173 1286 2208 solutio·

195 2214 269 2250 nis:
303 2219 342 2250 at
388 2215 425 2250 ui
448 2226 520 2251 non
544 2216 699 2251 admittit
722 2215 1022 2258 satisfactionem,
1053 2216 1116 2252 sed
1140 2218 1286 2254 solutio·

196 2261 216 2294 2
263 2270 344 2295 nem
390 2260 554 2303 esi-derat,
577 2261 775 2313 culpandus
794 2271 867 2296 non
880 2264 945 2296 est.
993 2262 1035 2296 In
1055 2262 1287 2299 satisdatione

195 2308 315 2341 autem
338 2315 411 2340 non
434 2306 568 2341 utimur
589 2306 749 2342 Atilicini
772 2306 958 2349 sententia,
984 2306 1045 2351 qui
1067 2308 1230 2352 putabat,
1255 2309 1287 2344 si

195 2350 388 2403 satisdetur
419 2350 526 2386 alicui
557 2352 699 2387 certae³
731 2352 923 2397 pecuniae,
955 2352 1123 2388 recedere
1152 2363 1232 2389 eum
1263 2363 1286 2389 a

194 2396 418 2493 Ρῖἦῃοὲξῗιξε
426 2395 736 2488 ᾱίῗένῗθὲῖηραίανί
757 2441 807 2477 ad
834 2420 1034 2488 formulam
1067 2441 1285 2489 hypotheca-

193 2496 287 2521 rzam
334 2485 372 2521 S1
385 2487 565 2522 consensit
583 2487 777 2522 venditioni
797 2487 962 2530 creditor,
982 2487 1154 2523 liberatur
1172 2488 1196 2523 h
1246 2499 1284 2524 o-

194 2531 318 2566 theca:
352 2531 415 2566 sed
445 2531 483 2566 in
507 2531 563 2567 his
587 2531 712 2577 pupilli
736 2542 932 2568 consensus
956 2543 1028 2568 non
1053 2533 1159 2568 debet
1181 2544 1202 2568 a
1218 2538 1285 2569 iter

194 2579 295 2611 ratus
317 2575 453 2619 haberi,
478 2587 585 2629 quam
603 2577 633 2612 si
653 2579 867 2622 praesente⁴
891 2581 1011 2613 tutore
1030 2582 1178 2614 auctore
1198 2589 1283 2614 con-

195 2620 347 2656 senserit
371 2625 434 2656 aut
458 2626 564 2657 et1am
587 2621 663 2667 ipse
687 2625 805 2666 tutor,
839 2623 976 2658 scilicet
1007 2623 1038 2659 si
1062 2623 1284 2659 commodum

195 2665 243 2700 ali
267 2665 329 2701 uid
359 2666 414 2701 vel
445 2667 532 2702 satis
565 2667 597 2702 ei
627 2667 704 2702 fieri
735 2677 780 2702 ex
814 2678 856 2704 eo
891 2667 998 2703 iudex
1033 2668 1281 2704 aestimaverit.

197 2712 213 2744 1
244 2677 489 2762 &Videbimuffi
519 2712 550 2747 si
580 2716 794 2757 procurator
817 2713 973 2748 omnium
995 2713 1172 2748 bonorum
1196 2724 1282 2749 con-

194 2758 306 2790 sensit
329 2756 383 2790 vel
408 2766 529 2791 servus
553 2761 674 2800 actor,
707 2758 765 2793 cui
798 2763 833 2793 et
864 2757 952 2793 solvi
982 2761 1102 2803 potest
1125 2762 1162 2794 et
1185 2758 1223 2793 in
1246 2758 1283 2794 id

194 2800 421 2879 praelpositus
453 2805 525 2844 est,
557 2812 603 2837 an
634 2806 755 2838 teneat
780 2813 974 2838 consensus
999 2813 1132 2839 eorum.
1169 2807 1206 2839 et
1229 2803 1280 2839 di-

196 2854 262 2879 cen
288 2856 346 2879 um
371 2849 425 2881 est
448 2856 520 2881 non
543 2858 667 2891 posse,
699 2847 768 2883 nisi
792 2858 808 2883 s
836 2848 993 2883 ecialiter
1015 2848 1085 2884 hoc
1108 2849 1158 2884 eis
1182 2859 1281 2884 man-

195 2891 215 2924 2
263 2889 385 2941 datum
409 2894 473 2925 est.
522 2890 591 2926 Sed
612 2892 642 2926 si
662 2903 742 2928 cum
761 2892 804 2928 de
830 2893 930 2928 itoris
950 2897 1183 2938 procuratore
1196 2904 1279 2929 con-

193 2938 306 2976 vemt‚
339 2945 383 2970 ne
408 2935 454 2970 sit
476 2946 532 2971 res
557 2937 733 2982 obligata,
766 2937 955 2973 dicendum
986 2941 1041 2974 est
1070 2939 1107 2974 id
1130 2938 1282 2974 debitori

193 2989 261 3031 per
279 2978 348 3014 doli
369 2980 610 3031 exceptionem
630 2982 815 3026 prodesse:
837 2993 918 3018 cum
937 2987 1057 3018 autem
1076 2994 1157 3019 cum
1178 2994 1280 3019 servo

194 3033 271 3059 eius
305 3029 526 3067 convenerit,
560 3037 623 3071 per
654 3027 770 3071 ipsam
799 3028 896 3072 pacti
927 3028 1172 3073 exceptionem
1195 3039 1280 3064 con-

195 3071 215 3105 3
261 3069 381 3104 venti⁵
412 3069 528 3105 debet.
577 3071 613 3106 Si
639 3072 804 3107 convenit
825 3072 870 3108 de
900 3077 1002 3118 parte
1032 3083 1098 3118 pro
1130 3073 1280 3109 indiviso

194 3113 395 3156 alienanda,
420 3114 450 3149 si
474 3118 572 3150 certa
595 3127 652 3151 res
678 3122 730 3152 est
755 3127 846 3170 quae
869 3118 976 3161 venit,
1000 3121 1120 3163 potest
1142 3118 1213 3154 dici
1237 3118 1281 3154 de

193 3158 331 3204 reliqua
360 3162 463 3204 parte
494 3159 539 3194 ab
571 3160 695 3196 initi0⁶
718 3172 774 3207 agi
798 3166 962 3207 oportere
986 3173 1052 3198 nec
1075 3163 1196 3199 obstat
1219 3173 1278 3198 ex-

193 3206 215 3239 4
262 3203 391 3249 ceptio.
438 3203 530 3238 Illud
553 3206 743 3241 tenendum
768 3211 831 3249 est,
856 3207 887 3242 si
911 3208 989 3252 quis
1014 3208 1209 3243 communis
1229 3208 1280 3242 rei

193 3252 332 3294 partem
344 3259 410 3294 pro
421 3248 571 3284 indiviso
585 3250 718 3285 dederit
738 3252 972 3297 hypothecae,
994 3252 1163 3288 divisione
1181 3252 1281 3287 facta

195 3304 277 3329 cum
299 3293 397 3329 socio
421 3303 494 3329 non
518 3294 639 3345 utique
672 3305 749 3330 eam
781 3301 916 3341 partem
948 3297 1115 3333 creditori
1146 3297 1278 3342 obliga-

192 3341 267 3373 tam
297 3348 394 3382 esse,
430 3348 522 3384 quae
554 3350 585 3373 el
620 3339 771 3384 obtingit
805 3342 865 3386 qui
895 3341 1034 3387 pignori
1066 3341 1181 3385 dedit,
1217 3341 1280 3377 sed

192 3383 315 3464 {tii-mg
332 3393 487 3464 ‚uegm
510 3394 574 3429 pro
599 3383 747 3420 indiviso
772 3397 837 3430 pro
861 3391 966 3431 parte
989 3386 1134 3422 dimidia
1156 3397 1278 3422 mane-

217 3438 230 3463 1
269 3438 290 3464 ο
365 3438 387 3466 a
427 3455 437 3464 .

239 3470 264 3510 8
287 3472 524 3509 MARCIANUS
551 3472 642 3509 libro
674 3474 855 3519 sinqulari
875 3475 925 3510 ad
945 3475 1143 3521 formulam
1166 3474 1279 3522 hypo-

195 3516 392 3555 thecariam
438 3517 540 3554 Sicut
569 3528 609 3554 re
639 3519 816 3563 corporali
847 3520 1023 3563 extincta,
1060 3520 1112 3555 ita
1144 3523 1180 3555 et
1209 3529 1278 3555 usu

196 3634 231 3674 (ι)
246 3635 280 3670 et
292 3633 352 3666 im.
365 3631 419 3666 F'
488 3634 531 3672 (2)
545 3632 594 3665 sic
606 3644 669 3666 scr.
736 3633 779 3672 (3)
792 3633 914 3672 certae]
929 3632 968 3664 de
982 3635 1077 3674 parte
1090 3645 1158 3666 cum
1168 3632 1275 3665 Beer.

193 3677 238 3717 (⁴5
250 3680 424 3720 praesente
438 3678 499 3711 del.
514 3677 596 3710 Hal.
668 3678 710 3718 (5)
724 3677 894 3717 conventi]
908 3677 1043 3709 defendi
1055 3690 1115 3711 εον.
1176 3678 1220 3718 (6)
1234 3675 1275 3709 ab

193 3721 312 3763 initio]
326 3722 517 3755 abalienata
527 3732 590 3755 scr.
695 3723 738 3762 (7)
763 3725 882 3764 pactus
895 3723 955 3755 ine.
971 3723 1043 3755 add.
1144 3723 1189 3762 (8)
1213 3731 1275 3763 pro

1286 103 1370 152 268

1928 122 2088 161 QUIBUS
2115 122 2257 154 MODIS
2285 0 2528 184 Planus,

2485 180 2521 205 ῃ.-

1366 234 1379 264 1
1428 229 1551 265 fructu
1581 231 1756 266 exstincto
1786 232 1822 276 pi
1871 241 1914 266 us
1944 231 2189 277 hypothecave
2210 233 2313 278 perit.
2362 233 2445 270 Cre-
2491 210 2518 275 ἵζ’

1362 274 1467 316 ditor,
1492 276 1696 327 nepignori
1713 276 1826 322 hypot
1851 286 1978 312 ecaeve
1998 277 2043 311 sit
2062 286 2131 320 res,
2154 278 2290 323 pacisci
2308 282 2444 324 potest:
2492 275 2505 321 ἑ,

1362 322 1398 355 et
1420 319 1500 355 ideo
1525 330 1555 355 si
1585 320 1706 356 heredi
1737 324 1866 366 pactus
1896 321 2022 364 fuerit,
2055 322 2087 356 ei
2118 332 2260 368 quoque
2290 323 2447 368 proderit
2498 327 2502 354 ἰ

1361 368 1519 410 pactum,
1545 365 1602 400 cui
1624 365 1780 401 restituit
1800 366 2033 402 hereditatem
2054 377 2098 402 ex
2117 371 2263 403 senatus
2284 369 2445 405 consulto
2492 386 2516 412 v,-

1362 413 1382 444 2
1431 409 1668 446 Trebelliano.
1716 410 1754 446 Si
1771 415 1984 456 procurator
2004 411 2308 448 debitorisinrem
2320 416 2446 450 suam⁷
2489 412 2510 458 .',³

1362 455 1426 497 sit,
1461 465 1533 490 non
1556 459 1644 500 puto
1668 454 1824 492 dubitari
1848 456 1994 499 debere,
2025 457 2111 501 quin
2141 461 2288 502 pactum
2319 464 2447 494 noceat

1363 499 1539 535 creditori.
1575 500 1729 553 itemque
1752 501 1782 536 si
1807 512 1828 536 a
1851 505 1953 546 parte
1975 501 2158 537 creditoris
2177 508 2391 548 procurator
2409 504 2446 539 in
2504 517 2506 519 ’

1361 554 1435 579 rem
1459 555 1560 580 suam
1585 546 1775 588 exstiterit,
1805 546 2020 591 paciscendo
2050 547 2210 583 inutilem
2241 548 2309 583 sibi
2338 548 2447 584 faciet
2498 551 2516 578 ἰ

1361 590 1655 642 hypothecariam
1679 591 1871 634 actionem,
1895 592 1933 626 in
1957 594 2117 634 tantum,
2142 595 2182 628 ut
2204 601 2326 638 putem
2350 598 2448 629 recte
2498 590 2503 621 ἒ

1362 635 1433 670 dici
1464 638 1501 670 et
1524 635 1675 671 dominis
1698 635 1769 671 litis
1792 636 1862 672 hoc
1886 647 1974 672 casu
1997 646 2127 672 nocere
2149 637 2243 673 hanc
2267 639 2446 691 exceptio-

1362 682 1395 732 3·
1429 690 1520 733 nem.
1551 680 1608 733 'Si
1631 681 1844 724 convenerit,
1869 692 1914 716 ne
1937 692 2021 726 pars
2047 681 2190 718 dimidia
2212 694 2276 728 pro
2296 683 2446 720 indlviso

1360 736 1500 771 pignori
1530 729 1595 768 sit,
1629 737 1873 779 quaecumque
1902 726 2005 779 fundi
2037 726 2112 762 eius
2135 738 2220 772 pars
2244 738 2266 763 a
2290 729 2448 774 quolibet

1360 771 1986 861 {1utzssssjissffltguffntsszdt
2000 776 2190 854 {mit
2208 777 2362 854 {3333
2381 774 2447 864 ρὲἷ

1363 861 1536 903 ciscatur‚
1574 871 1619 896 ne
1651 861 1874 908 hypothecae
1906 862 1971 904 sit,
2015 862 2142 898 deinde
2174 863 2221 898 ab
2257 873 2299 899 eo
2335 868 2447 909 petat,

1361 906 1499 941 etiamsi
1521 906 1580 942 hic
1604 917 1683 942 cum
1707 917 1777 952 quo
1796 911 1924 952 pactus
1945 910 2000 942 est
2020 907 2173 943 solidum
2192 907 2343 944 fundum
2361 919 2446 954 pos-

1360 951 1495 994 sideat,
1511 962 1585 1031 ffro
1609 951 1784 987 indiviso⁸
1807 953 1891 997 quia
1916 952 1958 987 de
1981 955 2084 997 parte
2107 953 2349 997 convenisset,
2373 965 2446 990 non

1360 999 1380 1032 5
1426 1007 1511 1041 repe
1537 997 1566 1031 it
1588 1007 1669 1032 eum
1692 1007 1715 1032 a
1737 1001 1825 1033 toto.
1872 998 1931 1032 An
1954 997 2090 1042 pacisci
2111 998 2251 1043 possint
2273 998 2367 1035 filius
2390 998 2445 1034 fa-

1358 1041 1473 1076 milias
1497 1046 1533 1076 et
1555 1052 1695 1085 servus,
1729 1052 1774 1077 ne
1797 1052 1854 1077 res
1877 1042 2017 1087 pignori
2039 1042 2103 1084 sit,
2136 1044 2267 1088 quam⁹
2288 1044 2445 1090 peculia-

1357 1087 1446 1122 riter
1467 1088 1705 1139 hypothecam
1728 1088 1931 1133 acceperint
1955 1091 1991 1123 et
2012 1087 2148 1123 habent
2166 1089 2315 1124 liberam
2334 1089 2445 1125 admi-

1358 1132 1622 1175 nistrat1onem,
1653 1132 1856 1175 videamus,
1893 1143 1940 1167 an
1976 1133 2273 1178 quemadmodum
2309 1134 2443 1172 donare

1359 1187 1431 1212 non
1489 1183 1631 1220 ossum,
1662 1178 1715 1213 ita
1746 1188 1812 1213 nec
1836 1178 1971 1223 pacisci
1995 1188 2040 1213 ne
2063 1179 2202 1224 pignori
2226 1179 2272 1215 sit
2320 1180 2443 1215 ossint.

1358 1222 1422 1258 sed
1484 1222 1634 1258 cendum
1659 1227 1731 1265 est,
1763 1227 1803 1257 ut
1835 1223 2031 1259 concedere
2060 1224 2218 1269 possint,
2250 1235 2289 1260 sc
2317 1225 2385 1260 ‘cet
2416 1224 2445 1260 si

1359 1271 1379 1303 6
1426 1267 1578 1313 pretium
1597 1278 1662 1313 pro
1682 1269 1849 1313 pactione
1869 1268 2060 1313 accipiant,
2085 1269 2187 1314 quasi
2206 1269 2373 1305 vendant.
2409 1269 2444 1306 Si

1357 1313 1542 1348 voluntate
1566 1313 1749 1349 creditoris
1767 1313 1902 1348 fundus
1922 1314 2098 1349 alienatus
2118 1318 2184 1357 est,
2208 1314 2446 1351 inverecunde

1358 1358 1530 1404 applicari
1553 1358 1621 1394 sibi
1644 1368 1726 1394 eum
1751 1358 1904 1393 creditor
1928 1359 2117 1403 desiderat,
2142 1359 2172 1395 si
2195 1363 2315 1395 tamen
2340 1360 2446 1396 effec-

1356 1406 1415 1439 tus
1440 1403 1487 1439 sit
1511 1406 1655 1439 secutus
1678 1403 1909 1439 venditionis:
1934 1414 2017 1439 nam
2041 1405 2071 1439 si
2094 1415 2166 1439 non
2189 1405 2348 1448 venierit,
2372 1416 2444 1442 non

1358 1451 1413 1484 est
1435 1448 1524 1484 satis
1548 1448 1594 1484 ad
1616 1448 1857 1494 repellendum
1880 1449 2110 1492 creditorem,
2134 1450 2230 1495 quod
2253 1451 2364 1486 voluit
2386 1461 2444 1486 ve-

1358 1497 1376 1528 7
1423 1494 1511 1529 nire.
1560 1493 1827 1538 Supervacuum
1859 1498 1913 1529 est
1945 1504 2115 1539 quaerere
2145 1505 2270 1540 agrum
2304 1495 2442 1541 specia-

1355 1538 1436 1574 liter
1466 1539 1689 1619 hygothecae
1721 1539 1843 1574 datum
1901 1540 2049 1575 ermissu
2080 1540 2264 1576 creditoris
2294 1541 2445 1584 venisse,

1357 1584 1388 1619 si
1410 1584 1423 1619 i
1449 1594 1488 1619 se
1536 1584 1650 1620 ebitor
1671 1594 1746 1619 rem
1769 1584 1867 1629 possi
1892 1588 1966 1620 eat:
1997 1585 2066 1620 nisi
2097 1585 2193 1630 quod
2241 1589 2334 1622 otest
2356 1585 2444 1629 fieri,

1356 1632 1397 1663 ut
1420 1595 1560 1664 debitor
1581 1630 1755 1674 permissu
1777 1629 1961 1664 creditoris
1978 1630 2186 1673 vendiderit,
2236 1631 2338 1667 einde
2357 1642 2441 1676 pos-

1354 1678 1414 1709 tea
1437 1674 1533 1710 bona
1555 1674 1627 1710 fide
1656 1674 1845 1710 redemerit
1876 1675 1921 1709 ab
1955 1675 2079 1711 eodem
2109 1676 2165 1711 vel
2198 1676 2243 1711 ab
2276 1676 2367 1719 alio,
2398 1676 2442 1712 ad

1356 1730 1462 1764 quem
1491 1730 1557 1765 per
1587 1720 1849 1755 successionem
1882 1729 1924 1754 ea
1954 1730 2012 1755 res
2043 1721 2220 1766 pertinere
2256 1721 2439 1767 coepisset,

1355 1768 1418 1799 aut
1441 1765 1472 1800 si
1493 1765 1571 1810 ipse
1594 1764 1734 1800 debitor
1757 1774 1812 1800 em
1838 1765 1908 1800 tori
1937 1766 2040 1801 heres
2073 1766 2266 1802 exstiterit:
2299 1777 2438 1802 verum-

1353 1813 1474 1844 tamen
1498 1821 1579 1845 cum
1602 1810 1756 1855 pecunia
1776 1820 1816 1845 so
1830 1813 1894 1845 uta
1913 1820 1986 1846 non
2005 1811 2062 1853 sit,
2087 1810 2158 1846 doli
2180 1811 2264 1846 mali
2287 1812 2443 1857 suspicio

1353 1855 1460 1890 inerit
1482 1855 1658 1890 translata
1683 1855 1729 1890 ad
1751 1865 1920 1900 praesens
1944 1859 2015 1891 tem
2042 1866 2104 1899 us,
2127 1860 2169 1891 ut
2217 1857 2305 1892 ossit
2328 1857 2441 1892 credi-

1356 1902 1375 1935 8
1422 1904 1481 1936 tor
1503 1900 1771 1944 replicationem
1795 1900 1867 1935 doli
1889 1901 1973 1935 mali
1997 1911 2017 1936 ο
2044 1901 2149 1936 icere.
2213 1901 2288 1937 llud
2319 1901 2440 1937 videa-

1355 1955 1452 1988 mus,
1477 1945 1508 1981 si
1532 1946 1647 1981 Titius
1673 1945 1810 1981 debitor
1831 1945 2014 1981 voluntate
2037 1946 2219 1981 creditoris
2243 1947 2299 1982 sui
2322 1947 2442 1982 vendi-

1355 1990 1447 2025 derit
1469 1990 1608 2026 Maevio
1632 1991 1687 2026 vel
1711 1991 1753 2033 ei,
1778 2001 1801 2026 a
1824 2001 1894 2036 quo
1914 1990 2076 2026 Maevius
2100 1992 2235 2034 emerit,
2259 1996 2296 2027 et
2316 1998 2444 2038 postea

1354 2036 1515 2071 Maevius
1539 2035 1633 2071 Titio
1665 2035 1768 2071 heres
1801 2035 1976 2071 exstiterit
2006 2040 2042 2072 et
2065 2036 2221 2072 creditor
2243 2037 2288 2072 ab
2314 2047 2355 2073 eo
2379 2048 2441 2082 pe·

1354 2084 1427 2123 tat,
1453 2080 1537 2126 quid
1559 2081 1647 2117 iuris
1671 2081 1727 2118 sit.
1763 2080 1827 2116 sed
1849 2081 2008 2126 iniquum
2033 2085 2087 2116 est
2111 2081 2245 2117 auferri
2268 2082 2300 2117 ei
2322 2093 2396 2117 rem
2420 2092 2443 2117 a

1355 2126 1548 2169 creditore,
1581 2126 1642 2172 qui
1669 2136 1742 2162 non
1773 2126 2008 2162 successionis
2039 2127 2117 2162 iure
2148 2126 2211 2162 sed
2241 2127 2311 2162 alio
2336 2127 2443 2163 modo

1354 2181 1429 2207 rem
1452 2175 1580 2207 nactus
1606 2175 1670 2207 est.
1706 2174 1825 2216 potest
1848 2175 1969 2206 tamen
2001 2172 2088 2214 dici,
2119 2182 2200 2207 cum
2223 2171 2308 2207 Titii
2339 2172 2443 2208 dolus

1354 2216 1391 2251 in
1414 2226 1453 2252 re
1477 2219 1698 2260 versaretur,
1731 2227 1777 2252 ne
1801 2216 1955 2252 creditor
1977 2226 2000 2252 a
2022 2227 2230 2262 possessore
2251 2217 2440 2262 pecuniam

1354 2264 1374 2296 9
1421 2262 1589 2307 recipiat,
1622 2261 1879 2306 iniquissimum
1903 2271 1980 2297 esse
2002 2261 2177 2297 ludificari
2200 2271 2290 2297 eum.
2338 2262 2440 2307 Quod

1354 2306 1385 2341 si
1408 2306 1438 2342 is
1461 2306 1595 2342 fundus
1619 2317 1642 2342 a
1664 2306 1804 2342 Maevio
1829 2306 1936 2341 alicui
1959 2306 2136 2351 obligatus
2159 2307 2385 2351 possideatur
2399 2308 2437 2348 ¹⁰,

1354 2351 1411 2386 eui
1441 2351 1600 2387 nondum
1630 2351 1854 2387 satisfactum
1890 2351 1974 2394 erit,
2006 2355 2093 2387 tunc
2126 2361 2250 2387 rursus
2286 2362 2440 2397 aequum

1354 2397 1419 2431 erit
1450 2397 1526 2432 exci
1552 2397 1564 2431 i
1589 2396 1630 2432 ‘si
1653 2407 1725 2432 non
1756 2396 1939 2431 voluntate
1970 2396 2155 2432 creditoris
2185 2396 2322 2432 veniit’:
2355 2397 2440 2432 licet

1353 2441 1445 2477 enim
1476 2441 1520 2477 do
1535 2452 1577 2477 us
1607 2442 1721 2477 malus
1751 2441 1917 2476 debitoris
1948 2441 2159 2477 interveniat
2189 2441 2250 2487 qui
2272 2453 2344 2477 non
2368 2443 2439 2477 sol-

1351 2487 1420 2530 vit,
1446 2490 1564 2522 tamen
1588 2486 1765 2522 secundus
1790 2486 1944 2522 creditor
1967 2487 2028 2531 qui
2050 2487 2189 2539 pignori
2212 2487 2351 2532 accepit
2372 2497 2438 2539 po-

1355 2535 1395 2567 10
1441 2531 1512 2567 tior
1535 2535 1600 2567 est.
1649 2532 1777 2567 Tutius
1800 2535 1920 2566 tamen
1944 2536 2016 2574 est,
2047 2542 2078 2567 sl
2108 2531 2247 2567 debitor
2277 2542 2300 2567 a
2324 2532 2437 2567 credl-
2486 2543 2488 2545 ’

1350 2581 1429 2612 tore
1478 2580 1562 2619 etat,
1585 2581 1627 2612 ut
1651 2577 1682 2612 ei
1705 2577 1888 2622 permittat
1906 2577 2030 2622 pignus
2049 2576 2211 2620 vendere,
2235 2587 2306 2622 quo
2326 2577 2438 2621 magis

1352 2622 1438 2657 satis
1456 2622 1569 2665 aciat,
1594 2630 1677 2657 ante
1701 2622 1902 2658 cautionem
1925 2621 2088 2666 accipere
2111 2622 2157 2657 ab
2182 2631 2243 2664 eo,
2277 2621 2339 2667 qui
2361 2632 2436 2657 rem

1352 2670 1533 2712 empturus
1555 2667 1633 2709 erit,
1658 2671 1699 2702 ut
1719 2667 1872 2712 pretium
1892 2667 1943 2702 rei
1959 2666 2122 2702 venditae
2141 2677 2255 2711 usque
2274 2666 2320 2702 ad
2341 2677 2436 2702 sum-

1356 2715 1391 2747 11
1441 2722 1535 2747 mam
1557 2712 1666 2747 debiti
1689 2711 1853 2747 creditori
1865 2711 2033 2747 solvatur.
2080 2711 2303 2747 Venditionis
2316 2716 2437 2747 autem

1351 2757 1624 2802 appellationem
1647 2757 1856 2802 generaliter
1879 2756 2042 2801 accipere
2065 2756 2251 2799 debemus,
2283 2760 2325 2792 ut
2348 2759 2383 2791 et
2405 2757 2436 2791 si

1349 2802 1382 2838 le
1407 2811 1468 2837 are
1490 2802 1668 2847 permisit,
1700 2802 1817 2836 valeat
1841 2801 1938 2846 quod
1962 2802 2157 2837 concessit:
2211 2801 2284 2837 uod
2306 2802 2358 2836 ita
2380 2801 2434 2836 in-

1349 2813 1574 2892 teffiegemus,
1599 2851 1657 2890 ut,
1687 2847 1753 2882 ¹¹si
1774 2847 1927 2926 legatum
1951 2846 2175 2891 repudiatum
2214 2846 2323 2889 uerit,
2349 2856 2433 2881 con-

1354 2895 1393 2927 12
1440 2892 1599 2927 valescat
1621 2892 1760 2937 pignus.
1834 2891 1844 2925 i
1877 2891 2015 2926 debitor
2045 2891 2241 2927 vendiderit
2268 2901 2343 2926 rem
2368 2900 2434 2926 nec

1349 2936 1555 2979 tradiderit,
1589 2947 1635 2972 an
1667 2946 1739 2971 non
1762 2935 1955 2980 repellatur
1979 2935 2151 2979 creditor,
2184 2936 2285 2981 quasi
2316 2935 2433 2971 adhuc

1349 2991 1406 3017 res
1429 2982 1467 3017 in
1490 2981 1593 3017 bonis
1618 2982 1665 3016 sit
1687 2981 1877 3022 debitoris,
1901 2990 1948 3015 an
1970 2991 2072 3023 vero,
2097 2991 2178 3016 cum
2201 2984 2366 3016 teneatur
2389 2990 2432 3015 ex

1349 3030 1478 3072 empto,
1501 3026 1629 3072 pignus
1653 3025 1768 3061 exstin
1817 3026 1923 3061 atur?
1957 3026 2052 3070 quod
2077 3030 2112 3061 et
2134 3026 2245 3071 magis
2269 3029 2334 3061 est.
2369 3025 2433 3060 sed

1349 3071 1433 3117 quid
1465 3071 1495 3107 si
1518 3071 1671 3117 pretium
1694 3080 1759 3106 ven
1787 3070 1855 3105 'tor
1879 3074 2091 3106 consecutus
2114 3081 2186 3106 non
2210 3070 2256 3106 sit
2278 3080 2344 3106 nec
2393 3080 2431 3105 a-

1350 3119 1391 3152 13
1438 3120 1538 3151 ratus
1550 3116 1597 3151 sit
1606 3119 1743 3160 emptor
1756 3115 1868 3150 dare?
1891 3115 2101 3150 tantundem
2113 3119 2231 3161 potest
2243 3115 2323 3150 dici.
2361 3081 2432 3150 §ed

1348 3162 1377 3197 si
1400 3160 1599 3207 permiserit
1623 3160 1777 3196 creditor
1798 3159 1967 3203 vendere,
2000 3159 2140 3195 debitor
2170 3169 2252 3195 vero
2277 3159 2429 3195 donave-

1347 3207 1411 3248 rit,
1448 3216 1493 3241 an
1525 3205 1735 3257 exceptione
1764 3205 1863 3240 illum
1894 3206 2136 3240 summoveat?
2183 3215 2229 3240 an
2263 3203 2350 3240 facti
2384 3205 2431 3239 sit

1347 3250 1456 3296 magis
1481 3254 1654 3296 quaestio,
1679 3250 1849 3295 numquid
1871 3249 1951 3285 ideo
1974 3250 2084 3284 veniri
2107 3250 2227 3292 voluit,
2252 3252 2294 3284 ut
2315 3249 2429 3294 pretio

1347 3299 1496 3375 accegto
1529 3294 1598 3340 ipsi
1633 3305 1773 3340 quoque
1806 3305 1863 3330 res
1899 3293 2086 3339 expediat?
2153 3305 2199 3329 uo
2233 3303 2323 3346 casu
2357 3303 2431 3346 non

1346 3350 1436 3376 noce
1461 3340 1490 3375 it
1512 3349 1719 3375 consensus.
1754 3339 1881 3384 quodsi
1903 3339 1940 3374 in
1972 3338 2091 3374 dotem
2147 3339 2276 3381 ederit,
2308 3338 2427 3374 vendi-

1347 3385 1442 3421 disse
1464 3385 1502 3420 in
1525 3384 1594 3420 hoc
1619 3395 1706 3420 casu
1729 3388 1826 3420 recte
1849 3383 1988 3419 videtur
2010 3388 2157 3429 propter
2180 3393 2290 3419 onera
2307 3383 2428 3418 matri-

1346 3429 1465 3465 monii.
1501 3429 1539 3464 in
1571 3429 1806 3471 contrarium,
1839 3429 1869 3464 si
1892 3429 2069 3464 concessit
2092 3428 2226 3463 donare
2250 3431 2286 3462 et
2307 3427 2425 3463 vendi-

1347 3474 1438 3509 derit
1461 3474 1618 3515 debit0r‚
1651 3473 1841 3518 repelletur
1864 3472 2037 3515 creditor,
2070 3473 2137 3508 nisi
2169 3473 2199 3508 si
2229 3472 2308 3517 quis
2333 3472 2428 3507 dicat

1347 3519 1427 3554 ideo
1452 3519 1671 3555 concessisse
1694 3518 1838 3560 donari,
1870 3517 1963 3562 quod
1995 3518 2130 3553 amicus
2162 3521 2239 3553 erat
2262 3516 2427 3552 creditori

1345 3631 1495 3663 indiviso
1511 3631 1573 3665 del.
1693 3632 1737 3670 (9)
1763 3631 1874 3672 quam]
1887 3641 1961 3662 cum
1975 3630 2056 3663 Hal.
2174 3630 2235 3670 (10)
2259 3628 2300 3662 ab
2314 3638 2353 3662 eo
2364 3630 2426 3663 ina.

1345 3679 1399 3717 (ιι)
1424 3678 1458 3709 ot
1470 3677 1529 3710 ins.
1542 3675 1595 3708 Γπ
