2528 3918
160 127 454 171 XXXXVIIII
485 131 523 170 5.
548 129 586 170 6.
613 130 651 170 7.
675 128 701 170 8

1232 121 1315 170 825

1479 77 1548 110 'ex‘

1798 137 1859 169 DE
1889 137 2091 170 LIBELLIS
2120 138 2388 171 Dmlssomls

161 253 182 286 2
229 248 425 286 adeundus.
473 248 544 285 Sed
575 251 613 285 et
642 248 674 284 si
705 248 790 293 quid
820 247 918 284 aliud
948 251 1031 295 post
1060 251 1242 301 receptam
1310 249 1330 282 5
1377 256 1422 283 ne
1454 246 1538 300 quid
1569 247 1745 292 pendente
1774 248 2014 294 appellatione
2042 251 2205 285 novetur.
2249 249 2290 287 Si
2312 249 2391 296 quis

161 295 435 341 appellationem
458 293 730 339 impedimento¹
754 293 889 329 sactum
908 292 1027 336 fuerit,
1052 303 1132 328 eum
1152 292 1243 328 adiri

162 344 181 374 3
229 350 251 376 o
278 344 387 382 ortet‚
427 350 531 385 quem
569 338 750 384 appellare
788 338 867 385 quis
898 338 1016 374 debet.
1070 337 1182 373 Plane
1212 336 1243 373 si

161 396 207 430 ap
234 351 400 420 allatione
429 395 500 420 non
531 388 678 429 recepta
708 393 779 419 non
809 383 926 429 ipsum
958 383 1103 425 adierit,
1138 392 1242 427 quem

161 396 295 472 deguit,
318 429 380 465 sed
404 429 518 474 princi
547 439 611 472 em,
667 439 707 464 ro
731 439 774 464 eo
798 429 1000 470 habebitur,
1029 431 1141 481 atque·
1159 428 1189 462 si
1212 427 1243 462 is

161 474 280 510 aditus
304 480 374 518 est,
405 474 466 519 qui
490 485 511 509 a
539 474 546 482 '
569 474 581 508 i
606 440 746 509 debuit:
778 473 885 519 idque
916 473 1101 518 rescriptis
1132 482 1242 524 impe-

161 523 181 554 4
228 519 358 555 tatoris
377 519 490 555 nostri
506 518 679 554 Antonini
698 518 914 555 declaratur.
951 518 1063 553 Plane
1084 517 1115 552 si
1135 518 1242 552 alium

160 564 322 645 ἓωαῖῗῗι
341 564 931 645 ⁸i{2.”33„9„ss5213‘31”’03.3¹3{¹..³3
954 564 1241 643 hifntifffol's‘tii

330 636 339 653 ‚
932 636 940 644 .

160 658 241 690 tuta
276 658 395 690 autem
432 654 670 700 appellatoris
710 658 780 690 tem
808 664 871 689 ora
907 653 1013 689 debet
1046 653 1097 696 is,
1141 652 1242 688 cuius

161 699 353 781 appellatio
376 710 448 735 non
457 703 535 780 nelei}
548 701 705 745 recepta,
732 709 774 735 ve
811 701 1068 744 competentem
1091 696 1242 733 iudicem

342 755 353 779 i
400 755 435 779 m
557 770 567 780 .

160 756 182 780 v
207 754 399 828 6Ρῆῗὲἕὲ
419 790 510 825 libro
529 754 686 826 s⁶ecund0
705 789 750 825 de
770 788 1075 842 appellationibus
1120 787 1243 822 Scien-

161 834 245 870 dum
265 838 330 877 est,
350 844 431 871 cuni
448 834 642 880 appellatio
661 845 734 870 non
751 833 933 878 recipitur,
952 832 1112 878 praecipi
1131 831 1243 868 sacris

162 879 476 916 constitutionibus
500 879 618 916 omnia
640 880 677 915 in
701 879 824 915 eodem
845 882 942 914 statu
963 887 1041 914 esse
1061 887 1127 913 nec
1145 877 1242 923 quic-

162 934 267 970 quam
290 925 432 968 novari,
468 925 607 961 etiamsi
639 928 766 960 contra
788 924 913 959 fiscum
937 923 1155 969 appellatum
1179 922 1242 957 sit:

162 980 323 1015 eumque,
348 970 408 1016 qui
432 970 706 1016 appellationem
729 979 801 1004 non
826 968 1011 1014 receperit,
1044 967 1244 1014 opinionem

161 1025 263 1051 suani
293 1015 479 1052 confestim
509 1025 574 1061 per
603 1014 811 1050 relationem
841 1013 1073 1049 manifestare
1100 1017 1135 1048 et
1158 1022 1243 1048 cau-

161 1070 256 1102 sam,
321 1071 361 1096 ro
393 1070 465 1106 qua
495 1071 569 1096 non
600 1059 735 1105 recepit
766 1059 1059 1104 appellationem,
1098 1058 1245 1102 eiusque

161 1115 262 1141 exem
288 1071 361 1141 llum
393 1106 443 1141 li·
469 1105 561 1141 atori
590 1105 696 1141 edere
726 1104 856 1140 debere
885 1103 1063 1140 mandatis
1088 1106 1245 1139 cavetur.

209 1148 232 1188 7
291 1110 533 1186 Avaostffibro
564 1150 747 1196 sinqulari
775 1150 820 1184 de
849 1149 1155 1202 appellationibus
1208 1147 1245 1182 Si

161 1206 219 1232 res
243 1196 448 1232 dilationem
477 1206 550 1231 non
573 1195 741 1240 recipiat,
774 1205 847 1230 non
876 1198 1093 1239 permittitur
1123 1204 1169 1239 ap
1198 1193 1245 1228 el-

161 1241 246 1285 lare,
270 1241 390 1277 velut²
419 1250 464 1276 ne
487 1244 739 1276 testamentum
762 1239 945 1284 aperiatur
967 1242 1022 1282 (ut
1045 1239 1147 1274 divus
1170 1204 1245 1273 fla—

161 1285 308 1323 drianus
332 1286 546 1328 constituit),
579 1296 625 1321 ne
654 1284 874 1320 frumentum
896 1284 934 1320 in
957 1295 1062 1320 usum
1085 1283 1245 1325 militum,

161 1331 199 1367 in
221 1341 385 1367 annonae
409 1331 569 1366 subsidia
589 1330 834 1373 contrahatur,
858 1339 946 1365 neve
967 1329 1123 1375 scriptus
1141 1329 1246 1364 heres

166 1380 181 1411 i
231 1377 270 1412 in
299 1376 560 1422 possessionem
590 1375 792 1411 inducatur.
840 1375 929 1410 Item
952 1375 983 1410 si
1006 1385 1052 1410 ex
1101 1377 1247 1419 erpetuo

163 1421 279 1457 edicto
311 1421 446 1474 aliquid
474 1421 704 1464 decernatur,
742 1420 780 1455 id
809 1430 880 1465 quo
911 1421 1027 1455 minus
1085 1424 1139 1464 at,
1175 1430 1248 1455 non

162 1470 182 1502 2
276 1466 446 1502 rmittitur
480 1466 672 1512 appellare.
727 1465 817 1501 Item
857 1476 926 1510 quo
965 1465 1082 1501 minus
1119 1465 1247 1510 pignus

162 1477 313 1549 venggre
336 1512 453 1554 liceat,
478 1511 653 1558 appellari
675 1521 748 1547 non
770 1514 900 1556 potest.

658 1672 713 1710 VI
720 1670 748 1711 ⁸.

209 1751 271 1784 DE
302 1748 516 1783 LIBELLIS
547 1747 840 1826 ΒΙῙξξΙὸΒέθΙἸΞὲΒΙβ,
875 1748 956 1786 QUI
985 1746 1204 1781 APOS'I'OLI

213 1872 232 1910 l
267 1871 504 1908 Msnoums
537 1871 628 1907 libro
666 1870 824 1907 secundo
862 1870 907 1906 de
944 1869 1251 1917 appellationibus

163 1918 252 1954 Post
273 1917 550 1963 appellationem
572 1915 820 1962 interpositam
843 1915 985 1951 litterae
1009 1914 1147 1950 dandae
1166 1917 1251 1950 sunt

163 1963 210 1998 ab
235 1972 295 2005 eo,
323 1972 346 1997 a
376 1973 447 2008 quo
478 1961 697 2007 appellatum
727 1964 798 2003 est,
831 1960 878 1996 ad
900 1971 1000 2003 euin,
1033 1960 1094 2005 qui
1118 1959 1162 1995 de
1185 1970 1249 2005 ap·

163 2007 356 2054 pellatione
386 2007 591 2060 cogniturus
622 2010 695 2050 est,
728 2006 800 2041 sive
829 2006 1025 2052 principem
1050 2005 1123 2040 sive
1146 2014 1250 2050 quem

164 2053 284 2095 alium,
309 2063 398 2098 quas
422 2053 560 2087 htteras
584 2051 802 2087 dimissorias
826 2052 900 2087 sive
922 2062 945 2086 a
971 2050 1106 2087 ostolos
1126 2050 1249 2095 appel·

167 2102 182 2134 1
231 2099 318 2134 lant.
368 2097 501 2133 Sensus
531 2100 652 2132 autem
682 2096 882 2132 litterarum
913 2063 995 2132 taIis
1020 2100 1092 2131 est:
1126 2095 1249 2141 appel-

163 2143 258 2179 lasse
286 2146 376 2189 puta
406 2142 559 2178 Lucium
586 2141 720 2177 Titium
749 2151 772 2176 a
801 2142 978 2177 sententia
1005 2141 1118 2183 illius,
1159 2150 1251 2185 quae

164 2191 185 2223 2
230 2188 324 2224 inter
345 2188 427 2223 illos
451 2187 549 2223 dicta
572 2190 638 2223 est.
687 2186 827 2222 Sufficit
857 2191 977 2222 autem
999 2186 1133 2232 petisse
1155 2186 1251 2221 intra

163 2236 304 2288 tempus
329 2232 548 2269 dimissorias
571 2232 747 2267 instanter
770 2235 806 2268 et
829 2232 984 2277 saepius,
1009 2235 1050 2266 ut
1073 2235 1110 2267 et
1128 2230 1159 2267 si
1178 2241 1250 2266 non

164 2279 336 2332 accipiat,
367 2278 405 2313 id
433 2277 550 2323 ipsum
580 2280 818 2313 contestetur:
851 2287 934 2312 nam
957 2276 1164 2312 instantiam
1187 2285 1250 2321 pe-

163 2325 297 2360 tentis⁴
317 2322 536 2359 dimissorias
557 2322 830 2358 constitutiones
851 2322 1066 2358 desiderant.
1099 2331 1251 2366 aequum

163 2371 221 2404 est
242 2369 364 2414 igitur,
394 2369 426 2404 si
449 2378 515 2413 per
537 2377 619 2403 eum
642 2367 798 2410 steterit,
822 2367 884 2413 qui
907 2367 1061 2403 debebat
1083 2366 1170 2402 dare
1193 2366 1249 2401 lit-

163 2418 272 2458 teras,
297 2424 367 2460 quo
391 2413 508 2449 minus
533 2413 604 2456 det,
629 2423 675 2448 ne
697 2412 767 2448 hoc
791 2413 980 2458 accipienti
1002 2416 1141 2448 noceat.

656 2573 733 2613 VII
741 2572 767 2613 ⁸.

210 2651 347 2685 NIHIL
379 2650 603 2684 INNOVARI
614 2650 1016 2729 ⁸P()ASI}'II³{LLATIONE
1048 2649 1205 2683 INTER—

217 2771 234 2809 i
270 2771 463 2808 ULPIANUS
491 2771 581 2808 libro
605 2776 736 2819 quarto
760 2772 805 2808 de
827 2772 1132 2819 appellationibus
1176 2773 1250 2818 Ap-

167 2817 359 2863 pellatione
382 2817 610 2863 interposita,
641 2818 715 2853 sive
744 2828 789 2854 ea
819 2822 966 2863 recepta
995 2817 1043 2854 sit
1072 2817 1146 2853 sive
1167 2828 1251 2861 non,

167 2862 284 2898 medio
306 2865 466 2908 tempore
490 2862 579 2897 nihil
602 2863 725 2898 novari
749 2866 907 2909 oportet:
932 2863 962 2898 si
983 2862 1125 2908 quidem
1143 2861 1254 2898 fuerit

167 2911 312 2954 recepta
335 2907 545 2952 appellatio,
596 2908 655 2942 uia
677 2918 758 2943 rece
784 2912 822 2943 ta
845 2911 917 2943 est:
942 2908 973 2944 si
995 2917 1078 2943 vero
1102 2918 1175 2943 non
1199 2912 1253 2943 est

167 2956 329 2998 recepta,
371 2963 416 2988 ne
448 2952 576 3006 praeiu
604 2953 709 2988 'cium
770 2957 823 2995 at,
867 2953 985 2997 quoad
1027 2952 1251 2995 deliberetur,

172 3002 183 3032 i
235 3001 354 3033 utrum
383 2997 589 3043 recipienda
621 2997 668 3033 sit
691 2998 884 3043 appellatio
909 3008 957 3033 an
980 3009 1052 3034 non
1078 2998 1135 3034 sit.
1180 2997 1251 3034 Re-

169 3047 273 3088 cepta
304 3046 422 3078 autem
454 3053 500 3088 ap
528 3043 694 3078 ellatione
717 3043 852 3078 tamdiu
876 3043 967 3079 nihil
991 3044 1059 3079 erit
1080 3043 1252 3079 innovan—

167 3087 271 3130 dum,
304 3087 472 3134 quamdiu
527 3097 548 3123 e
577 3088 817 3132 appellatione
838 3088 947 3124 fuerit
968 3088 1250 3135 pronuntiatum.

168 3136 188 3168 2
236 3133 275 3169 Si
303 3133 381 3178 quis
413 3143 497 3178 ergo
526 3132 621 3168 forte
652 3133 829 3178 relegatus
861 3133 930 3169 fuit
952 3138 988 3170 et
1012 3133 1252 3180 appellaverit,

167 3188 241 3214 non
270 3178 452 3214 arcebitur
480 3187 594 3223 neque
617 3178 676 3213 in⁷
701 3177 804 3213 Italia
827 3189 943 3224 neque
966 3179 1003 3215 in
1016 3181 1027 3202 ⁷
1058 3179 1251 3224 provincia,

169 3226 189 3258 3
235 3233 307 3269 qua
334 3223 512 3268 relegatus
540 3226 605 3259 est.
653 3222 806 3268 Propter
833 3224 982 3260 eandem
1012 3224 1187 3260 rationem
1218 3227 1254 3260 et

168 3267 545 3349 &212423233555222
557 3267 627 3348 {¹1²3}
643 3268 786 3348 ῗῑίσῗὶἰῐ,
800 3268 1252 3350 cugfflfflemgffi

168 3358 276 3394 aliam
306 3340 490 3400 iniuriam,
523 3324 628 3403 qssam
654 3324 836 3411 ‘patitur45J
862 3359 922 3403 qui
953 3325 1150 3395 senteffitiae
1180 3370 1253 3395 non

169 3402 416 3449 adquieverat:
447 3403 584 3448 integer
608 3413 699 3438 enun
722 3406 837 3439 status
862 3414 940 3439 esse
963 3404 1103 3440 videtur
1126 3415 1252 3450 provo-

170 3451 189 3482 ⁴
239 3449 380 3484 catione
403 3449 625 3494 interposita.
672 3448 770 3494 Ergo
800 3451 837 3483 et
865 3449 896 3484 si
927 3449 1106 3485 abstinere
1130 3449 1254 3485 ordine

166 3493 289 3529 iussus
313 3493 360 3529 sit
383 3498 420 3528 et
442 3494 699 3539 provocaverit,
722 3492 847 3529 eadem
869 3493 1007 3530 ratione
1029 3498 1149 3540 potest
1172 3505 1253 3530 coe·

170 3543 245 3574 tuin
269 3539 497 3584 participare,
523 3549 603 3574 cuin
627 3539 696 3574 hoc
720 3538 767 3574 sit
786 3539 1018 3574 constitutum
1036 3543 1073 3575 et
1091 3539 1138 3575 sit
1154 3539 1253 3584 iuris,

168 3653 209 3693 (i)
233 3651 505 3694 impedimentum
518 3653 597 3685 Hal.

215 3699 258 3736 (ti)
283 3697 362 3730 Sab.
377 3715 421 3721 —
436 3697 519 3730 Bas.
535 3699 566 3738 9,
580 3705 604 3738 i,
617 3705 652 3731 42

214 3744 259 3784 (Β)
285 3742 366 3775 Sab.
380 3760 424 3765 —
441 3742 523 3774 Bas.
539 3743 572 3783 9,
585 3749 609 3783 i,
622 3749 656 3776 ⁴³

691 3654 735 3693 (2)
758 3654 807 3686 sic
819 3654 847 3686 S
859 3664 927 3686 cnm
942 3652 989 3694 B,
1001 3650 1053 3685 vel
1066 3652 1100 3685 F

744 3701 786 3736 (t)
812 3697 991 3740 repetentis
1003 3697 1037 3730 F
1044 3697 1053 3717 ¹

749 3746 794 3784 (υ)
820 3743 935 3775 novari
949 3742 1015 3776 ind.
1030 3742 1065 3775 F
1148 3745 1191 3784 (7)
1216 3743 1250 3775 in

1310 291 1806 390 ῗωΡᾙὲῧὶνξῗάῖῗῗξΐὲ,
1826 293 2268 384 {mutim-¹³³3&
2281 305 2390 376 3332·

1616 363 1625 379 ν
2107 366 2115 374 ·
2375 360 2389 367 ·

1309 381 1422 417 reuda
1451 391 1567 427 poena
1596 382 1673 418 eius
1703 387 1750 418 sit
1772 393 1819 418 an
1842 394 1930 425 non,
1961 384 2153 429 quaeritur.
2202 388 2239 420 et
2261 385 2293 421 si
2315 385 2391 431 qui·

1310 426 1390 462 dem
1411 427 1576 472 graviora
1599 427 1670 462 sint
1693 428 1857 470 crimina,
1882 429 1928 464 ob
1953 438 2044 474 quae
2068 428 2259 474 appellatio
2282 430 2390 466 inter·

1310 472 1437 524 posita·
1451 476 1522 515 est,
1553 471 1663 524 levius
1693 476 1811 509 autem
1841 473 1893 527 id,
1925 477 2073 519 propter
2126 474 2198 510 uod
2228 485 2301 510 non
2328 484 2351 510 a

1310 517 1466 562 pellavit,
1491 516 1696 562 recipienda
1719 521 1775 553 est
1797 519 1998 555 cmmode
2021 528 2114 565 appe
2164 520 2214 555 tio
2238 523 2274 555 et
2292 485 2392 555 dmg]

1310 561 1422 597 renda
1451 572 1586 607 poena:
1623 562 1654 598 si
1684 573 1770 599 vero
1798 563 1995 608 graviorem
2026 564 2237 600 sententiam
2266 565 2395 601 meruit

1311 616 1355 642 ex
1379 617 1421 642 ea
1445 608 1575 652 specie,
1600 617 1645 643 ex
1669 617 1739 652 qua
1762 618 1834 644 non
1857 612 1911 644 est
1933 608 2163 655 appellatum,
2192 608 2391 646 omnimodo

1309 661 1426 697 poena
1448 652 1652 698 inponenda
1674 657 1740 689 est.

1787 814 1884 855 VIII
1892 813 1919 854 ⁹.

1313 889 1436 927 QUAE
1466 889 1758 923 SENTENTIAE
1788 891 1894 924 SINE
1923 890 2274 926 APPELLATIONE
2296 891 2395 925 RES-

1717 935 1992 970 CINDANTUR.

1363 1009 1379 1047 1
1409 1009 1551 1046 Maesa
1582 1011 1673 1047 libro
1701 1012 1858 1048 secundo
1890 1012 1935 1048 de
1958 1012 2263 1061 appellationibus
2306 1012 2396 1049 Illud

1313 1055 1593 1109 meminerimus:
1620 1056 1652 1092 si
1676 1061 1878 1110 quaeratur,
1902 1057 2098 1094 iudicatum
2120 1058 2167 1094 sit
2189 1068 2256 1094 nec
2279 1068 2336 1101 ne,
2361 1062 2398 1094 et

1312 1100 1419 1136 huius
1443 1101 1662 1146 quaestionis
1684 1101 1794 1137 iudex
1822 1113 1894 1138 non
1918 1112 1997 1139 esse
2019 1102 2216 1139 iudicatum
2265 1113 2396 1139 rouun-

1313 1145 1473 1181 tiaverit:
1498 1146 1583 1182 licet
1604 1146 1712 1182 fuerit
1733 1147 1940 1191 iudicatum,
1964 1148 2190 1192 rescinditur,
2268 1158 2397 1194 provo·

1318 1194 1330 1225 i
1384 1195 1501 1226 catum
1526 1202 1597 1226 non
1621 1192 1739 1227 fuerit.
1786 1193 1876 1228 Item
1907 1193 1939 1229 si
1969 1193 2100 1229 calculi
2129 1204 2231 1230 error
2255 1193 2294 1229 in
2317 1203 2398 1229 sen-

1315 1236 1427 1272 tentia
1449 1246 1528 1272 esse
1553 1236 1703 1279 dicatur,
1727 1238 1909 1291 appellare
1933 1248 2080 1274 necesse
2100 1249 2173 1275 non
2191 1242 2265 1275 est:
2289 1238 2398 1274 veluti

1314 1282 1345 1317 si
1383 1281 1492 1317 iudex
1528 1282 1581 1317 ita
1616 1283 1919 1327 pronuntiaverit:
1960 1283 2062 1319 ‘Cum
2095 1287 2236 1319 constet
2266 1283 2398 1319 Titium

1315 1326 1407 1379 ‘Seio
1433 1337 1478 1362 ex
1499 1326 1563 1362 illa
1586 1327 1704 1372 specie
1728 1327 1994 1380 quinquaginta,
2018 1329 2102 1364 item
2125 1339 2171 1365 ex
2192 1328 2257 1364 illa
2279 1329 2398 1374 specie

1315 1372 1449 1417 ‘viginti
1472 1372 1628 1418 quinque
1651 1372 1800 1417 debere,
1825 1373 1958 1409 idcirco
1982 1373 2135 1410 Lucium
2158 1373 2292 1409 Titium
2317 1373 2398 1409 Seio

1316 1421 1471 1453 ‘centum
1501 1418 1729 1454 condemno’:
1768 1428 1851 1453 nain
1886 1419 2053 1464 quoniam
2084 1429 2184 1455 error
2214 1422 2398 1464 computa·

1313 1463 1420 1498 tionis
1444 1465 1516 1506 est,
1548 1473 1616 1498 nec
1646 1463 1828 1508 appellare
1851 1474 1997 1500 necesse
2021 1468 2076 1500 est
2098 1468 2134 1500 et
2157 1464 2248 1500 citra
2270 1474 2398 1509 provo·

1316 1508 1492 1544 cationem
1510 1507 1711 1553 corrigitur.
1747 1509 1810 1544 sed
1829 1513 1865 1544 et
1882 1509 1913 1544 si
1930 1509 2039 1545 huius
2057 1509 2274 1555 quaestionis
2292 1508 2399 1544 iudex

1315 1553 1529 1589 sententiam
1546 1557 1687 1589 centum
1704 1554 1974 1598 confirmaverit,
1992 1554 2023 1590 si
2038 1554 2179 1600 quidem
2193 1554 2284 1597 ideo,
2304 1553 2398 1600 quod

1316 1598 1574 1679 aazia&
1589 1598 2195 1680 amisissemus?
2211 1599 2400 1690 {aaa

1317 1699 1465 1725 necesse
1488 1692 1561 1725 est:
1593 1689 1625 1724 si
1655 1699 1737 1724 vero
1768 1689 1781 1724 i
1805 1699 1866 1732 eo,
1896 1690 2064 1735 quoniam
2090 1693 2127 1725 et
2151 1689 2239 1726 alias
2263 1689 2400 1734 species

1316 1733 1439 1779 viginti
1461 1733 1618 1780 quinque
1640 1734 1752 1770 fuisse
1774 1734 1921 1778 dixerit,
1951 1734 2183 1780 appellationi
2208 1734 2309 1771 locus
2333 1737 2400 1771 est.

1319 1782 1338 1814 2
1384 1778 1474 1814 Item
1506 1790 1587 1814 cum
1619 1783 1746 1815 contra
1769 1789 1892 1816 sacras
1917 1779 2188 1816 constitutiones
2211 1779 2399 1823 iudicatur,

1318 1824 1569 1870 appellationis
1585 1825 1780 1860 necessitas
1795 1825 1998 1860 remittitur.
2032 1828 2160 1860 contra
2175 1824 2399 1861 constitutio-

1317 1880 1381 1905 nes
1405 1873 1525 1905 autem
1547 1869 1736 1912 iudicatur,
1761 1880 1842 1905 cum
1867 1870 1911 1905 de
1928 1870 2006 1905 iure
2027 1869 2303 1914 constitutionis,
2328 1879 2400 1905 non

1318 1915 1362 1950 de
1381 1915 1459 1950 iure
1477 1914 1666 1960 litigatoris
1684 1915 1947 1960 pronuntiatur.
1983 1925 2067 1950 nam
2087 1915 2118 1950 si
2140 1914 2247 1951 iudex
2269 1914 2402 1950 volenti

1318 1960 1754 2041 sele120tcuratinuneiiiis
1776 1960 1831 2012 χε]
1854 1960 1987 1996 tutelae
2011 1959 2185 2041 hginefictio
2208 1960 2400 2040 liberoflrliiim

1317 2015 1435 2096 {gqig
1453 2015 1610 2086 22¹5&
1628 2016 1704 2085 ἓξὲξ
1720 2015 2146 2095 fflmewssissizzussi'i
2169 2015 2324 2086 3323„
2346 2015 2402 2085 ,ἒῖ

1317 2096 1452 2131 tutelae
1482 2095 1750 2131 excusationem
1786 2107 1831 2141 pr
1879 2105 1973 2139 esse,
2012 2095 2058 2131 de
2092 2095 2170 2131 iure
2207 2095 2401 2132 constituto

1317 2141 1571 2221 pronuntiasse
1592 2140 1824 2186 intellegitur:
1857 2140 1954 2187 quod
1982 2140 2014 2177 si
2044 2140 2088 2177 de
2118 2141 2197 2176 iure
2228 2150 2294 2176 suo
2317 2150 2400 2187 pro-

1343 2190 1461 2221 antem
1484 2185 1678 2229 admiserit,
1702 2186 1767 2222 sed
1787 2185 1921 2222 idcirco
1942 2189 2069 2222 contra
2091 2195 2171 2222 eum
2191 2185 2402 2222 sententiam

1317 2231 1464 2274 dixerit,
1497 2231 1594 2284 quod
1622 2231 1801 2276 negaveiit
1832 2241 1912 2267 euin
1941 2230 1987 2267 de
2019 2234 2138 2267 aetate
2168 2241 2236 2267 sua
2264 2234 2328 2266 aut
2358 2229 2402 2266 de

1317 2286 1465 2312 numero
1488 2276 1681 2312 hberorum
1705 2277 1893 2322 probasse,
1926 2276 1972 2312 de
2001 2276 2080 2312 iure
2106 2275 2294 2322 litigatoris
2317 2286 2400 2321 pro-

1318 2322 1503 2357 nuntiasse
1525 2321 1759 2366 intellegitur:
1808 2332 1854 2357 uo
1880 2332 1967 2358 casu
1987 2321 2179 2367 appellatio
2199 2321 2403 2357 necessaria

1318 2370 1338 2401 3
1386 2370 1451 2402 est.
1487 2367 1576 2402 Item
1599 2377 1681 2401 cuin
1701 2377 1744 2402 ex
1764 2377 1784 2402 e
1811 2367 1879 2402 'cto
1900 2367 2151 2412 peremptorio,
2176 2366 2272 2420 quod
2287 2375 2402 2411 neque

1318 2422 1384 2457 pro
1411 2411 1542 2447 ositum
1570 2415 1625 2446 est
1648 2421 1762 2457 neque
1790 2411 1828 2446 in
1858 2411 2019 2447 notitiam
2047 2414 2208 2458 pervemt
2231 2411 2401 2454 absentis,

1320 2467 1389 2493 con
1413 2456 1568 2492 emnatio
1603 2456 1663 2499 fit,
1705 2457 1838 2492 nullius
1870 2456 2039 2492 momenti
2075 2466 2155 2492 esse
2190 2457 2402 2492 sententiam

1319 2505 1339 2537 4
1386 2501 1657 2538 constitutiones
1691 2501 1986 2538 demonstrantss.
2042 2500 2080 2537 Si
2119 2500 2216 2547 apud
2251 2500 2402 2537 eundem

1318 2546 1470 2583 iudicem
1500 2546 1649 2582 invicem
1679 2550 1859 2592 petamus,
1895 2546 1927 2582 si
1958 2550 1995 2582 et
2022 2556 2102 2582 mea
2132 2550 2169 2582 et
2191 2550 2255 2582 tua
2276 2545 2401 2591 petitio

1319 2592 1396 2628 sine
1426 2592 1545 2628 usuris
1576 2591 1646 2627 fuit
1672 2595 1711 2628 et
1739 2591 1848 2627 iudex
1878 2601 1935 2627 me
1963 2591 2119 2638 priorem
2146 2591 2214 2627 tibi
2235 2590 2400 2627 condem-

1320 2637 1435 2680 narit,
1460 2648 1531 2683 quo
1554 2637 1666 2682 magis
1690 2640 1731 2672 tu
1754 2637 1852 2683 prior
1874 2646 1930 2672 me
1954 2636 2228 2672 condemnatum
2249 2636 2400 2672 habeas:

1319 2692 1393 2718 non
1410 2686 1466 2718 est
1482 2682 1568 2717 mihi
1585 2691 1732 2718 necesse
1748 2692 1814 2728 pro
1831 2681 1901 2717 hac
1918 2691 2029 2718 causa
2046 2681 2238 2734 appellare,
2259 2680 2402 2727 quando

1320 2727 1516 2764 secundum
1545 2737 1668 2763 sacras
1699 2726 1971 2763 constitutiones
1999 2727 2194 2762 iudicatum
2215 2736 2238 2762 a
2260 2736 2317 2762 me
2339 2736 2402 2772 pe-

1320 2777 1396 2808 tere
1430 2783 1503 2808 non
1540 2772 1676 2818 possis,
1740 2772 1921 2818 riusquam
1951 2771 1996 2808 de
2025 2781 2106 2807 mea
2135 2781 2276 2818 quoque
2311 2771 2402 2818 peti-

1320 2819 1416 2854 tione
1444 2817 1634 2854 iudicetur.
1679 2828 1696 2854 s
1770 2817 1882 2863 magis
1912 2821 1983 2861 est,
2013 2821 2055 2852 ut
2077 2816 2269 2863 appellatio
2292 2815 2402 2852 inter-

1346 2867 1486 2898 onatur.

1320 2875 1344 2908 p
1366 2906 1391 2945 2
1416 2908 1472 2943 Pa
1480 2918 1523 2943 σι
1531 2917 1574 2943 os
1603 2908 1694 2943 libro
1725 2907 1828 2942 tertio
1857 2917 2113 2955 responsomm
2163 2906 2298 2943 Paulus
2326 2916 2402 2943 res-

1320 2953 1446 2999 pondit
1475 2963 1572 2996 eum,
1605 2953 1666 2998 qui
1691 2953 1729 2988 in
1751 2953 1859 2988 rebus
1882 2953 2047 2989 humanis
2070 2963 2144 2988 non
2166 2952 2236 2987 fuit
2259 2956 2400 2988 senten-

1319 2999 1391 3034 tiae
1409 2998 1526 3034 dictae
1541 3002 1712 3044 tempore,
1736 2997 1970 3034 inefficaciter
1988 2997 2261 3033 condemnatum
2277 2996 2400 3033 videri.

1325 3047 1338 3079 1
1387 3043 1485 3079 Idem
1513 3042 1698 3089 respondit
1725 3043 1895 3079 adversus
1925 3053 2024 3086 euni,
2055 3042 2115 3089 qui
2142 3043 2180 3078 in
2202 3042 2311 3078 rebus
2334 3042 2400 3077 hu-

1320 3088 1433 3124 manis
1456 3099 1529 3124 non
1552 3092 1655 3132 esset,
1680 3098 1761 3123 cum
1784 3088 1891 3124 iudex
1915 3087 2018 3124 datus
2041 3091 2107 3131 est,
2136 3097 2251 3133 neque
2273 3086 2402 3122 iudicis

1320 3134 1499 3170 dationem
1535 3133 1688 3168 valuisse
1724 3143 1839 3178 neque
1873 3133 2085 3169 sententiam
2118 3131 2286 3168 advemus
2322 3141 2402 3167 eum

1321 3179 1452 3215 dictam
1475 3179 1566 3214 vires
1589 3178 1733 3214 habere.

1367 3222 1391 3262 3
1417 3224 1521 3259 loru
1549 3223 1640 3259 libro
1670 3228 1776 3259 sexto
1799 3223 1936 3259 decimo
1959 3231 2214 3277 responsorum
2266 3221 2402 3258 Paulus

1321 3268 1505 3350 {espondit
1528 3267 1740 3348 tiinpofflibile
1763 3277 1872 3314 praec
1907 3266 2300 3349 'gumbneiicanxteumtilf
2323 3275 2402 3347 effi

1387 3323 1527 3350 momen
1559 3341 1567 3348 .
1664 3323 1718 3348 em
1748 3323 1805 3349 res
1832 3323 1878 3349 on
1962 3323 1984 3348 a
2214 3323 2239 3347 n
2297 3337 2308 3355 ‚

1320 3359 1445 3440 pali-leri·
1476 3368 1595 3395 rerum
1631 3363 1762 3395 natura
1790 3324 1863 3394 alim
1897 3357 2035 3404 potuit,
2074 3356 2151 3393 sine
2191 3367 2302 3393 causa
2337 3365 2401 3403 ap·

1321 3414 1367 3451 pe
1394 3413 1457 3440 ari.

1322 3652 1384 3687 del.
1398 3652 1471 3687 edd,
1565 3654 1610 3695 (8)
1634 3662 1732 3695 quain
1744 3651 1872 3696 patitur
1884 3650 1945 3684 del

1366 3699 1413 3740 (⁹)
1437 3698 1518 3731 Sub.
1540 3705 1571 3735 ις
1598 3699 1682 3741 Pap.
1704 3706 1729 3731 2.
1751 3705 1778 3731 s.
1798 3715 1840 3721 —
1864 3697 1946 3728 Bas.
1960 3697 1993 3738 9,
2012 3703 2037 3737 i,
2056 3702 2229 3729 u...io.-
2252 3694 2301 3737 cy.
2319 3693 2397 3726 Cod.

1322 3744 1407 3785 ’1,64
1497 3744 1560 3786 (io)
1583 3753 1676 3777 secr.
1769 3746 1824 3787 (ιι)
1848 3740 2118 3774 dmomtrsntF
