2528 3918
187 137 364 180 XXIII

188 256 220 293 si
248 259 285 291 et
315 255 408 290 filius
438 254 592 290 familias
623 258 661 290 et
681 258 785 300 pater
807 263 851 290 ex
874 263 1027 300 persona
1050 253 1126 289 eius
1149 256 1271 288 tenea-

187 305 249 336 tur
280 300 365 342 (sive
394 299 494 335 iussu
518 299 594 335 eius
619 303 843 335 contractum
866 303 920 334 est
942 299 1015 334 sive
1037 297 1074 333 in
1096 307 1172 333 rem
1194 307 1271 332 ver-

189 356 267 381 sum
291 348 345 379 est
366 345 479 389 patris
502 344 557 379 vel
580 344 617 379 in
641 344 850 390 peculium),
875 344 976 379 cuius
999 352 1154 388 persona
1177 342 1274 377 circa

189 399 324 425 moram
363 388 610 433 spectabitur?
654 393 691 424 et
720 389 750 424 si
782 388 922 434 quidem
951 392 1056 432 pater
1086 386 1274 438 dumtaxat

190 433 437 475 convenietur,
471 443 515 468 ex
546 443 647 469 mora
677 443 745 469 sua
774 444 845 469 non
876 433 1056 468 tenetur-¹:
1091 432 1130 466 in
1163 431 1274 466 filium

189 483 309 513 tamen
332 477 476 512 dabitur
499 478 593 513 actio
616 478 654 513 in
676 478 764 520 hoc,
799 481 839 513 ut
870 477 964 522 quod
987 476 1103 511 minus
1127 485 1150 511 a
1171 478 1275 521 patre

190 527 292 559 actor
322 527 536 558 consecutus
568 526 624 558 est
653 523 747 558 filius
778 526 953 568 praestet:
989 520 1085 566 quod
1119 521 1151 556 si
1180 519 1274 555 filius

190 577 326 603 moram
356 566 500 609 fecerit,
533 571 620 603 tunc
650 571 751 603 actor
781 567 835 601 vel
859 577 939 601 cum
962 565 1040 611 ipso
1061 565 1099 600 in
1123 564 1274 601 solidum

190 615 212 647 4
258 611 313 647 vel
337 621 419 646 cum
441 615 545 657 patre
568 611 755 647 dumtaxat
779 612 822 646 de
840 611 979 656 peculio
999 610 1156 646 habebit.
1205 608 1275 644 Sed

190 657 221 694 si
244 656 316 692 duo
340 656 392 691 rei
439 656 641 692 remittendi
665 657 753 699 sint,
786 656 930 690 alterius
953 665 1054 690 mora
1077 654 1180 690 alteri
1203 664 1274 689 non

191 704 210 736 5
258 704 374 736 nocet.
414 667 511 736 {tem
552 701 583 737 si
616 702 804 737 fideiussor
837 700 932 735 solus
969 709 1105 735 moram
1137 699 1274 741 fecerit,

191 756 264 782 non
294 748 453 789 tenetur,
486 746 592 781 sicuti
615 746 646 781 si
670 746 828 781 Stichum
851 744 1064 790 promissum
1087 743 1273 779 occiderit:

191 789 255 827 sed
278 790 375 826 utilis
399 790 492 827 actio
516 791 554 826 in
576 791 671 826 hunc
696 790 848 825 dabitur.

238 832 291 873 33
323 833 519 871 mmm
546 835 637 871 libro
667 836 722 870 sin
750 835 850 869 ulari
879 836 921 869 de
945 834 1071 879 officio
1095 833 1277 870 curatoris

191 881 248 916 ren·
261 879 434 926 publicae
480 879 517 915 Si
548 880 639 915 bene
671 880 726 915 col
741 883 867 914 ocatae
898 882 983 914 sunt
1012 877 1185 924 pecuniae
1208 888 1275 922 pu-

192 924 328 967 blicae,
359 924 397 959 in
421 929 553 960 sortem
577 924 764 969 inquietari
787 923 965 959 debitores
989 933 1062 958 non
1086 922 1218 958 debent
1240 925 1276 974 et

192 969 363 1012 maxime,
387 969 417 1004 si
467 969 582 1004 arient
604 979 750 1004 usuras:
783 969 814 1004 si
845 979 916 1004 non
946 968 1105 1013 parient,
1137 977 1275 1012 prospi-

192 1023 274 1050 cere
296 1014 348 1049 rei
370 1014 444 1059 pub
459 1014 536 1049 icae
558 1014 741 1049 securitati
765 1013 871 1048 debet
892 1022 1037 1058 praeses
1062 1012 1275 1057 provinciae,

192 1058 382 1094 dummodo
414 1069 485 1093 non
517 1059 684 1094 acerbum
716 1069 755 1094 se
778 1061 980 1093 exactorem
1003 1067 1069 1093 nec
1093 1061 1275 1092 contume-

191 1103 346 1139 liosum²
369 1103 557 1148 praebeat,
589 1103 653 1138 sed
685 1103 905 1138 moderatum
937 1106 973 1138 et
1003 1113 1084 1137 cum
1116 1101 1277 1137 efficacia

193 1148 383 1193 benignum
408 1152 444 1182 et
467 1158 548 1182 cum
571 1148 742 1183 instantia
764 1148 976 1182 humanum:
1001 1156 1083 1182 nam
1106 1147 1199 1182 inter
1221 1146 1275 1181 in·

192 1193 378 1228 solentiam
401 1192 640 1227 incuriosam³
664 1197 700 1227 et
723 1192 937 1237 diligentiam
961 1202 1033 1227 non
1054 1191 1276 1226 ambitiosam

195 1241 209 1272 1
260 1237 408 1272 multum
439 1236 597 1272 interest.
643 1237 833 1273 Praeterea
854 1236 1058 1289 prospicere
1088 1236 1204 1279 debet,
1232 1245 1277 1271 ne

192 1282 365 1362 Ρὲιοιίιιιίαε
382 1281 559 1360 hpublicae
591 1282 783 1317 credantur
814 1282 890 1317 sine
913 1281 1118 1327 pignoribus
1141 1280 1276 1316 idoneis

192 1338 214 1362 v
343 1330 381 1362 ot
407 1326 489 1361 ecis.

238 1368 292 1409 34
341 1380 423 1405 osu
442 1371 532 1406 libro
556 1371 682 1416 quinto
705 1369 842 1406 decimo
866 1370 917 1406 ad
937 1370 1090 1406 edictum
1137 1369 1277 1405 Usurae

192 1416 303 1451 vicem
321 1415 503 1450 fructuum
523 1415 687 1460 optinent
705 1418 742 1450 et
760 1416 884 1451 merito
904 1426 978 1450 non
998 1414 1128 1450 debent
1146 1425 1168 1449 a
1179 1413 1276 1449 fruc-

193 1461 290 1496 tibus
314 1460 489 1505 separari:
524 1464 560 1495 et
589 1460 640 1495 ita
672 1459 711 1494 in
732 1460 857 1505 legatis
881 1464 917 1496 et
938 1459 1218 1495 fideicommissis
1241 1462 1278 1494 et

191 1506 230 1540 in
261 1505 393 1541 tutelae
423 1504 565 1540 actione
595 1508 630 1540 et
659 1504 697 1539 in
729 1506 855 1541 ceteris
885 1505 1025 1540 iudiciis
1056 1504 1172 1540 bonae
1194 1503 1278 1539 fidei

193 1553 366 1629 ffirvatm’
410 1549 479 1585 hoc
509 1548 603 1585 idem
632 1549 740 1594 igitur
771 1550 809 1585 in
845 1550 972 1586 ceteris
1007 1549 1276 1585 obventionibus

232 1604 363 1629 cemus.

239 1636 292 1677 35
317 1638 373 1674 ΡΑ
382 1648 477 1674 vsvs
492 1638 583 1674 libro
602 1639 927 1685 quinquagensimo
946 1639 1096 1686 septimo
1116 1638 1166 1673 ad
1184 1637 1277 1674 edic-

194 1689 267 1719 tum
312 1683 393 1718 Lite
416 1686 617 1719 contestata
639 1693 771 1719 usurae
794 1687 951 1719 currunt.

240 1725 294 1766 36
325 1727 520 1764 ΠιΡιΔΝσε
546 1728 638 1764 libro
660 1729 887 1775 seoeaqesimo
903 1729 1028 1775 primo
1052 1727 1102 1762 acl
1123 1727 1275 1763 edictum

193 1773 424 1809 Praediorum
447 1772 664 1808 urbanorum
686 1773 876 1817 pensiones
898 1784 964 1819 pro
987 1772 1163 1808 fructibus
1181 1772 1276 1807 acci-

219 1818 353 1853 iuntur.

194 1829 219 1864 p
241 1860 294 1900 37
318 1861 426 1898 Imm
444 1861 535 1898 libro
559 1862 695 1898 decimo
718 1862 768 1898 ad
789 1861 941 1897 edictum
987 1861 1037 1896 Et
1047 1861 1085 1896 in
1097 1861 1277 1897 contraria

193 1907 418 1988 ῗξὲἵαῖοῗαῖ,
434 1911 628 1996 ἱῗέιῗὲῗέἓα
638 1908 937 1987 ἃῗιῗοᾶῐὲἔέἷὲἑ
954 1906 1275 1987 {ffiasffiffi

631 1979 640 1994 ἱ
1267 1977 1276 1993 9

194 1997 279 2043 quia
312 1999 376 2031 aut
409 1996 446 2031 in
477 1997 738 2041 possessionem
768 1996 961 2031 mittendus
993 1999 1071 2032 erat
1101 1996 1276 2031 bonorum

193 2046 336 2077 tuorum
360 2045 423 2076 aut
470 2041 593 2086 ignora
615 2042 832 2076 venditurus.
868 2040 953 2087 quid
976 2041 1007 2076 si
1027 2040 1122 2076 domi
1140 2041 1276 2075 habens

194 2090 342 2138 propter
365 2051 512 2121 eandem
537 2096 682 2121 causam
705 2086 818 2122 solvi?
877 2090 938 2121 uto
961 2095 1104 2127 verum,
1137 2085 1167 2120 si
1190 2085 1276 2120 libe²

194 2141 270 2167 ravi
292 2131 359 2166 ex⁴
383 2140 511 2175 magno
534 2130 776 2172 incommodo,
809 2130 852 2165 de
879 2141 936 2165 ere
967 2130 1037 2165 dici
1067 2140 1194 2165 usuras
1218 2139 1276 2165 ve-

194 2176 371 2255 &3032
386 2179 533 2255 fflffi’.
557 2185 634 2255 *¹332
645 2175 1279 2255 ³3033÷3511²ss35³q335¹⁶23¹‘ffi11t¹3255‡

196 2264 295 2307 dedi,
319 2264 388 2300 hae
410 2264 551 2299 venient
572 2275 704 2300 usurae
726 2275 816 2310 quas
838 2265 916 2310 ipse
938 2263 1075 2309 pendo,
1099 2264 1223 2309 utique
1246 2264 1276 2299 si

195 2310 275 2388 plilis
305 2308 372 2344 tibi
401 2308 635 2354 praestarim⁵
666 2309 857 2351 commodi,
889 2319 994 2354 quam
1025 2318 1157 2343 usurae
1186 2309 1278 2344 istae

197 2365 239 2390 co
268 2355 275 2361 '
325 2357 376 2389 nt.

241 2396 265 2437 3
325 2398 382 2434 ΡΑ
390 2407 484 2434 vsvs
511 2399 602 2435 libro
631 2404 735 2435 sexto
767 2398 817 2434 ad
845 2397 1029 2433 Plautium
1086 2397 1277 2432 Videamus

195 2442 390 2489 generali‘,
422 2443 563 2488 quando
593 2443 631 2478 in
661 2444 802 2480 actione
832 2452 924 2488 quae
954 2446 1009 2478 est
1029 2443 1068 2477 in
1089 2452 1278 2487 personam

199 2493 212 2523 1
264 2488 368 2524 etiam
392 2487 532 2524 fructus
555 2489 707 2523 veniant.
754 2488 805 2523 Et
835 2487 975 2533 quidem
1007 2487 1037 2523 si
1065 2486 1199 2522 fundus
1231 2487 1277 2522 ob

195 2543 268 2568 rem
293 2532 397 2568 datus
421 2533 485 2575 sit,
510 2533 616 2568 veluti
640 2533 734 2568 dotis
759 2542 887 2574 causa,
920 2536 957 2567 et
987 2532 1191 2567 renuntiata
1214 2531 1277 2566 ad-

196 2577 327 2620 finitas,
350 2576 488 2612 fructus
512 2588 652 2623 quoque
675 2577 883 2614 restituendi
904 2581 998 2620 sunt,
1021 2577 1144 2622 utique
1159 2576 1198 2611 hi
1218 2577 1277 2622 qui

196 2621 552 2711 ffiffifflss.
574 2626 740 2703 ‘Snffiee
762 2621 1277 2711 {iwiiiibssiuiffffiffitgii

556 2693 563 2708 2
1183 2692 1192 2709 ⁹

199 2710 345 2747 reddere
367 2711 512 2753 debeat,
545 2712 745 2747 omnimodo
769 2711 978 2747 restituendi
1001 2714 1085 2746 sunt
1094 2712 1119 2746 ⁷.
1156 2710 1219 2746 sed
1243 2715 1278 2746 et

198 2755 229 2791 si
252 2766 317 2800 per
346 2756 524 2790 mulierem
556 2757 672 2799 stetit,
732 2767 778 2792 uo
811 2756 927 2792 minus
957 2756 1103 2801 nuptiae
1134 2759 1275 2791 contra-

198 2800 330 2835 hantur
371 2801 481 2844 magis
505 2804 577 2843 est,
601 2806 642 2836 ut
664 2768 793 2837 degeat
814 2800 953 2837 fructus
976 2801 1151 2845 recipere:
1183 2800 1276 2835 ratio

198 2848 315 2880 autem
337 2826 427 2880 baec
451 2849 515 2887 est,
540 2846 653 2890 quod,
677 2846 708 2882 si
731 2856 882 2891 sponsus
906 2856 978 2881 non
1002 2845 1277 2881 conveniebatur

198 2891 219 2925 2
264 2888 451 2924 restituere
458 2889 607 2932 fructus,
618 2890 767 2926 licuerat
775 2891 806 2926 ei
814 2890 996 2936 neglegere
1004 2889 1163 2925 fundum.
1188 2890 1276 2924 Item

198 2933 229 2969 si
251 2933 445 2968 indebitum
468 2933 616 2970 fundum
640 2935 727 2971 solvi
751 2939 786 2971 et
808 2939 949 2981 repeto,
971 2934 1112 2970 fructus
1136 2944 1276 2979 quoque

200 2979 220 3011 3
265 2981 425 3030 repetere
437 2978 558 3013 debeo.
606 2979 701 3015 Idem
726 2990 772 3015 ue
789 2983 853 3022 est,
873 2980 904 3015 si
923 2980 1046 3015 mortis
1066 2989 1176 3014 causa
1193 2979 1275 3014 fun-

199 3021 265 3058 dus
295 3025 343 3058 sit
374 3021 526 3074 donatus
558 3028 592 3058 et
624 2991 812 3060 revaffuerit
842 3025 902 3077 qui
926 3024 1071 3060 donavit
1096 3027 1203 3068 atque
1225 3023 1277 3058 ita

198 3069 219 3103 4
267 3066 443 3103 condictio
474 3072 652 3103 nascatur.
699 3070 741 3104 In
772 3068 934 3104 Fabiana
987 3078 1104 3114 uoque
1136 3069 1276 3103 actione

199 3114 235 3147 et
256 3111 449 3153 Pauliana,
480 3122 544 3156 per
575 3123 680 3157 quam
704 3124 795 3159 quae
817 3114 854 3148 in
877 3080 1038 3149 fraudem
1063 3113 1275 3148 creditorum

199 3156 355 3192 alienata
377 3160 462 3191 sunt
484 3162 712 3199 revocantur,
744 3158 881 3194 fructus
912 3167 1053 3211 quoque
1082 3157 1275 3192 restituun-

199 3205 276 3236 tur:
300 3210 384 3236 nam
406 3205 550 3253 praetor
572 3201 607 3235 id
632 3203 713 3246 agit,
739 3207 778 3237 ut
800 3203 946 3248 perinde
968 3206 1039 3238 sint
1061 3202 1196 3244 omnia,
1221 3206 1275 3236 at-

200 3255 268 3291 que
291 3246 322 3281 si
345 3245 431 3281 nihil
456 3245 646 3280 alienatum
670 3251 780 3282 esset:
806 3247 925 3292 quod·
947 3257 1019 3283 non
1043 3250 1097 3282 est
1118 3246 1276 3291 iniquum

201 3294 296 3331 (nam
326 3293 363 3326 et
389 3290 536 3325 verbum
560 3290 759 3333 ‘restituas’,
791 3292 885 3343 quod
913 3292 950 3327 in
980 3292 1050 3327 hac
1072 3300 1111 3326 re
1133 3295 1277 3336 praetor

200 3334 305 3377 dixit,
328 3334 468 3380 plenam
491 3334 599 3370 habet
622 3335 941 3413 signficationem),
965 3340 1006 3371 ut
1027 3336 1164 3371 fructus
1187 3346 1274 3381 quo-

200 3382 219 3414 5
267 3389 335 3425 que
369 3379 611 3414 restituantur.
693 3383 709 3413 t
738 3380 816 3414 ideo
848 3391 927 3415 cum
959 3380 1098 3416 restitui
1132 3384 1276 3425 praetor

200 3423 288 3465 vult,
314 3423 419 3459 veluti
442 3424 478 3459 in
501 3423 687 3459 interdicto
710 3423 804 3458 unde
827 3425 877 3466 vi,
902 3426 1007 3460 etiam
1029 3425 1168 3460 fructus
1192 3427 1276 3460 sunt

200 3471 221 3503 ὃ
267 3467 484 3504 restituendi.
529 3467 617 3503 Item
646 3468 701 3502 si⁹
723 3469 755 3502 vi
780 3473 935 3504 metusve
958 3479 1068 3504 causa
1097 3479 1171 3504 rem
1200 3473 1274 3504 tra·

200 3512 302 3555 dam,
337 3523 409 3548 non
442 3512 546 3548 aliter
573 3512 660 3547 mihi
689 3512 885 3548 restituisse
916 3514 1071 3555 videtur,
1107 3524 1212 3558 quam
1244 3513 1275 3549 si

202 3626 242 3664 (1)
266 3625 332 3657 nisi
345 3625 428 3667 ipse,
441 3624 531 3657 filius
542 3634 609 3657 non
621 3626 755 3657 tenetur
766 3625 824 3657 ins.
925 3625 967 3665 (2)
996 3635 1056 3657 nec
1067 3635 1182 3658 rursus
1193 3635 1273 3658 con-

202 3668 421 3711 temptibilem
434 3681 494 3702 sec.
509 3669 546 3702 Β
558 3670 617 3702 ine.
688 3670 731 3709 (3)
755 3668 952 3700 iniuriosam
968 3669 1046 3702 Hal,
1108 3672 1150 3711 (4)
1175 3671 1227 3711 ex]
1241 3672 1274 3702 te

201 3723 292 3746 aner.
389 3718 418 3755 5)
443 3714 605 3756 praestari
619 3713 653 3746 F
721 3714 765 3753 (6)
789 3713 974 3755 generatim
987 3714 1067 3747 Hal.
1138 3716 1180 3755 (τ)
1205 3714 1275 3746 sint

1247 128 1341 201 gaz

1829 144 1885 175 DE
1915 144 2067 176 USURIS
2096 144 2153 175 m·
2181 144 2427 178 sumemus

1340 251 1482 288 fructus
1513 252 1599 288 mihi
1629 252 1813 288 restituat:
1847 263 1914 289 nec
1945 264 2045 290 mora
2074 265 2155 291 mea
2183 254 2270 290 mihi
2293 256 2339 291 ali
2365 256 2424 291 uid

1342 299 1360 331 7
1408 296 1536 332 aufert.
1584 297 1623 332 Si
1646 297 1821 333 actionem
1842 297 1994 333 habeam
2016 298 2063 334 ad
2081 299 2119 334 id
2138 309 2339 345 consequen
2366 312 2423 336 um

1341 341 1437 386 quod
1458 351 1575 377 meum
1598 352 1670 377 non
1692 341 1771 385 fuit,
1794 342 1902 378 veluti
1925 353 1970 379 ex
1990 344 2172 389 stipulatu,
2196 343 2333 380 fructus
2353 356 2423 381 non

1342 396 1429 421 cons
1475 396 1551 428 uar,
1576 386 1714 422 etiamsi
1736 397 1836 422 mora
1857 386 1955 423 facta
1978 388 2042 423 sit:
2067 389 2163 440 quod
2187 389 2217 424 si
2240 395 2422 434 acceptum

1343 434 1397 465 est
1418 396 1607 473 ig‘dicium,
1638 434 1726 466 tunc
1748 430 1902 467 Sabinus
1933 437 1969 468 et
1993 432 2138 468 Casslus
2170 443 2214 468 ex
2245 434 2425 479 aequitate

1341 474 1480 510 fructus
1511 485 1652 521 quoque
1683 479 1766 520 post
1797 480 1982 521 acceptum
2006 477 2175 523 iudicium
2189 479 2217 499 ¹⁰
2238 483 2423 523 praestan-

1342 519 1406 555 dos
1429 524 1579 571 putant,
1611 525 1652 555 ut
1684 530 1794 555 causa
1824 521 2050 564 restituatur,
2083 522 2178 567 quod
2209 526 2296 568 puto
2327 529 2424 559 recte

1343 566 1363 599 8
1410 564 1490 599 dici.
1537 564 1596 599 Ex
1616 574 1725 600 causa
1743 565 1848 600 etiam
1869 566 2055 611 emptionis
2066 566 2205 602 fructus
2217 568 2423 603 restituendi

1342 611 1363 644 9
1410 613 1502 644 sunt.
1550 609 1620 645 Sed
1650 609 1688 644 in
1719 609 1950 646 societatibus
1981 610 2120 647 fructus
2144 612 2424 648 communicandi

1345 656 1385 688 10
1432 656 1527 688 sunt.
1574 653 1613 688 Si
1634 654 1892 699 possessionem
1915 655 2114 691 naturalem
2137 666 2317 699 revocem,
2341 667 2424 703 pro·

1341 698 1475 777 grietas
1498 708 1579 734 mea
1609 702 1748 741 manet,
1779 698 1960 734 videamus
1991 699 2036 735 de
2065 700 2252 736 fructibus.
2289 706 2325 736 et
2348 702 2424 747 qui-

1368 753 1421 778 em
1444 743 1480 778 in
1505 742 1666 788 deposito
1691 746 1728 778 et
1750 743 1972 779 commodato
1995 744 2134 780 fructus
2157 756 2298 790 quoque
2320 756 2424 791 prae-

1346 791 1382 822 11
1433 787 1551 823 standi
1574 792 1668 830 sunt,
1693 788 1787 823 sicut
1810 788 1972 823 diximus.
2020 789 2061 823 In
2077 789 2266 825 interdicto
2285 801 2425 836 quoque

1343 832 1439 877 quod
1462 832 1495 867 vi
1518 836 1582 867 aut
1605 832 1696 868 clam
1719 833 1827 878 magis
1852 837 1916 875 est,
1942 838 1982 867 ut
2005 834 2119 869 omnis
2143 845 2254 870 causa
2273 840 2309 870 et
2327 835 2424 870 fruc-

1347 880 1385 912 12
1432 881 1491 912 tus
1501 877 1745 912 restituantur.
1792 879 1886 912 Ante
1899 878 2160 914 matrimonium
2173 889 2316 924 quoque
2327 879 2416 915 fruc·

1347 924 1386 956 13
1433 926 1491 957 tus
1504 922 1662 974 percepti
1674 921 1766 958 dotis
1778 922 1870 957 fiunt
1881 926 1917 957 et
1929 933 2009 957 cum
2021 933 2064 958 ea
2074 923 2319 959 restituuntur.
2351 925 2424 959 Ea-

1344 966 1423 1001 dem
1453 971 1544 1002 ratio
1579 970 1634 1002 est
1663 967 1700 1002 in
1730 966 1908 1002 fructibus
1941 967 2165 1012 praediorum
2195 969 2422 1004 urbanorum.

1346 1013 1387 1045 14
1432 1011 1521 1046 Item
1545 1011 1574 1046 si
1599 1011 1751 1047 dividere
1772 1011 1922 1046 fundum
1946 1016 2062 1047 tecum
2082 1013 2197 1055 velim,
2221 1017 2261 1048 tu
2280 1014 2371 1049 nolis
2391 1019 2426 1048 et

1345 1056 1478 1098 colam,
1509 1066 1555 1091 an
1587 1055 1725 1091 fructus
1759 1055 1865 1091 dividi
1897 1056 2050 1092 debeant
2072 1062 2156 1102 post
2178 1058 2424 1094 deductionem

1347 1103 1386 1135 15
1433 1100 1699 1146 impensarum?
1722 1104 1758 1136 et
1769 1104 1856 1145 puto
1870 1100 2087 1137 dividendos.
2135 1102 2176 1137 In
2190 1103 2314 1138 ceteris
2337 1114 2424 1148 quo·

1344 1155 1412 1190 que
1443 1145 1559 1181 bonae
1582 1145 1664 1180 fidei
1686 1145 1825 1180 iudiciis
1849 1145 1989 1181 fructus
2014 1146 2215 1182 omnimodo
2238 1153 2424 1193 praestan-

1347 1193 1388 1225 16
1433 1193 1503 1225 tur.
1552 1190 1589 1225 Si
1613 1189 1677 1226 dos
1700 1190 1905 1235 praelegata
1927 1190 2047 1233 fuerit,
2072 1195 2155 1227 ante
2178 1192 2320 1237 nuptias
2344 1203 2424 1238 per-

1345 1245 1364 1270 c
1409 1235 1437 1269 ti
1458 1234 1599 1270 fructus
1622 1235 1659 1270 in
1683 1245 1792 1270 causa
1814 1235 1921 1279 legati
1944 1235 2098 1270 veniunt.
2269 1264 2272 1269 ,

1418 1277 1443 1317 9
1474 1279 1728 1315 Moosssrmvs
1747 1279 1838 1315 libro
1861 1290 1956 1315 nono
1980 1280 2267 1326 differentiarum
2312 1281 2425 1326 Equis

1343 1334 1406 1369 per
1428 1324 1735 1360 fideicommissum
1759 1324 1883 1376 legatis
1907 1330 1990 1368 post
2013 1335 2147 1360 moram
2171 1326 2310 1361 heredis
2333 1325 2425 1361 fetus

1344 1380 1485 1414 quoque
1509 1369 1692 1404 debentur.
1729 1369 1858 1414 eqmtio
1883 1373 2002 1404 autem
2026 1370 2038 1404 l
2082 1373 2141 1405 ato
2165 1370 2304 1405 etiamsi
2326 1381 2426 1406 mora

1343 1424 1415 1449 non
1438 1413 1647 1456 intercedat,
1671 1414 1887 1449 incremento
1911 1414 2025 1459 gregis
2065 1418 2143 1450 etus
2167 1415 2354 1450 accedunt.

1388 1457 1442 1497 40
1466 1458 1575 1494 lusu
1600 1458 1691 1494 libro
1724 1463 1854 1504 quarto
1884 1459 2093 1511 reqularum
2138 1460 2181 1494 In
2211 1469 2292 1495 eum
2322 1460 2425 1502 diem,

1344 1514 1414 1549 quo
1438 1503 1592 1539 creditor
1613 1503 1763 1548 pignora
1785 1503 1969 1546 distraxit,
2001 1508 2099 1539 recte
2131 1514 2263 1540 usurae
2284 1504 2347 1540 fiet
2369 1515 2424 1540 re-

1368 1548 1492 1584 utatio.

1343 1560 1367 1594 p
1389 1592 1439 1630 41
1466 1591 1575 1629 IDEM
1593 1592 1683 1628 libro
1707 1593 1810 1627 tertio
1833 1602 2087 1638 responsorum
2134 1593 2249 1629 Tutor
2260 1593 2424 1629 condem-

1344 1642 1448 1674 natus
1467 1647 1533 1684 per
1551 1636 1825 1682 appellationem
1845 1639 2005 1671 traxerat
2022 1638 2284 1673 exsecutionem
2298 1640 2323 1660 ¹¹
2346 1649 2425 1674 sen-

1343 1683 1487 1719 tentiae.
1522 1682 1723 1717 Herennius
1746 1681 1968 1717 Modestinus
1991 1682 2174 1727 respondit
2197 1693 2277 1718 eum
2301 1683 2360 1728 qui
2382 1683 2426 1719 de

1344 1726 1579 1773 appellatione
1603 1726 1766 1771 cognovit
1788 1726 1966 1771 potuisse,
1999 1726 2029 1761 si
2058 1725 2319 1763 frustratoriam
2350 1739 2424 1764 mo-

1343 1772 1447 1808 randi
1477 1781 1588 1807 causa
1618 1771 1892 1816 appellationem
1922 1771 2167 1816 interpositam
2201 1772 2424 1808 animadver-

1343 1821 1452 1860 teret,
1485 1817 1590 1852 etiam
1622 1816 1665 1851 de
1695 1816 1813 1851 usuris
1836 1815 1941 1851 medii
1964 1816 2131 1861 temporis
2156 1827 2236 1852 eum
2260 1818 2425 1853 condem-

1347 1866 1361 1897 1
1411 1871 1508 1897 nare.
1555 1861 1688 1896 Lucius
1712 1861 1826 1896 Titius
1858 1871 1939 1895 cum
1970 1866 2111 1896 centum
2142 1865 2178 1897 et
2208 1872 2337 1898 usuras
2360 1863 2424 1897 ali-

1368 1906 1469 1942 uanti
1502 1906 1671 1958 temporis
1704 1905 1865 1947 deberet,
1902 1905 2071 1941 minorem
2101 1907 2288 1951 pecuniam
2319 1917 2425 1952 quam

1345 1918 1498 1987 debebat
1517 1950 1733 1995 obsxgnavit:
1759 1960 1903 1995 quaero,
1928 1960 1975 1985 an
1995 1950 2109 1986 Titius
2127 1952 2301 1996 pecuniae
2321 1962 2426 1997 quam

1345 1996 1542 2041 obsignavit
1564 2005 1691 2031 usuras
1714 1998 1900 2039 praestare
1921 2005 1994 2031 non
2017 1995 2155 2030 debeat.
2202 1996 2424 2032 Modestinus

1343 2041 1544 2086 respondit,
1577 2040 1607 2075 si
1640 2051 1711 2075 non
1742 2040 1810 2074 hac
1833 2039 1909 2084 lege
1931 2042 2055 2074 mutua
2075 2040 2230 2085 pecunia
2251 2040 2336 2076 data
2360 2045 2424 2084 est,

1343 2085 1396 2121 uti
1426 2085 1550 2121 liceret
1578 2088 1615 2120 et
1644 2085 1882 2130 particulatim
1905 2084 2000 2129 quod
2024 2089 2210 2130 acceptum
2233 2090 2287 2121 est
2310 2086 2424 2121 exsol-

1343 2140 1442 2173 vere,
1473 2141 1547 2166 non
1577 2129 1751 2165 retardari
1781 2129 1890 2164 totius
1922 2129 2030 2164 debiti
2052 2140 2240 2165 usurarum
2263 2134 2424 2175 praesta-

1343 2176 1494 2217 tionem,
1526 2175 1575 2217 si,
1608 2185 1688 2209 cum
1713 2174 1866 2209 creditor
1887 2178 2034 2218 paratus
2059 2179 2152 2210 esset
2174 2178 2288 2210 totum
2312 2175 2424 2211 susei-

1344 2228 1440 2265 pere,
1464 2219 1614 2261 debitor,
1639 2218 1699 2264 qui
1720 2219 1758 2254 in
1781 2219 2000 2254 exsolutione
2022 2219 2131 2254 totius
2156 2220 2340 2261 cessabat,
2366 2230 2423 2256 so-

1345 2268 1365 2299 2
1411 2265 1483 2299 lam
1505 2268 1642 2309 partem
1666 2264 1838 2308 deposuit.
1886 2263 1942 2298 Ab
1956 2263 2047 2299 Aulo
2059 2264 2187 2316 Agerio
2201 2264 2311 2300 Gaius
2323 2264 2424 2300 Seius

1345 2312 1504 2344 mutuam
1528 2309 1704 2354 quandam
1729 2308 1962 2353 quantitatem
1986 2312 2126 2352 accepit
2147 2308 2217 2343 hoc
2242 2310 2423 2354 chirogra-

1345 2353 1435 2398 pho:
1462 2354 1531 2388 ‘ille
1554 2353 1681 2398 scripsi
1704 2363 1760 2388 me
1783 2352 1966 2397 accepisse
1989 2356 2025 2387 et
2047 2362 2133 2388 acce
2159 2353 2171 2387 i
2195 2353 2240 2388 ab
2264 2354 2324 2388 illo
2348 2364 2423 2389 mu·

1345 2402 1437 2433 ‘tuos
1462 2402 1498 2433 et
1520 2401 1723 2432 numeratos
1747 2397 1886 2439 decem,
1918 2407 2007 2442 quos
2041 2397 2073 2432 ei
2095 2408 2134 2433 re
2160 2397 2240 2432 dam
2263 2398 2424 2434 kalendis

1345 2442 1423 2478 ‘illis
1458 2443 1626 2487 proximis
1662 2452 1743 2477 cum
1778 2442 1851 2477 suis
1885 2442 2002 2477 usuris
2032 2442 2173 2487 placitis
2203 2442 2296 2478 inter
2327 2443 2422 2479 nos’:

1345 2497 1496 2533 quaero,
1521 2497 1567 2522 an
1591 2497 1635 2523 ex
1658 2497 1698 2522 eo
1721 2487 1955 2522 instrumento
1979 2496 2109 2522 usurae
2131 2487 2205 2532 peti
2228 2488 2367 2532 possint
2390 2491 2424 2523 et

1344 2541 1446 2578 quae.
1482 2532 1705 2567 Modestinus
1728 2541 1786 2566 res
1811 2531 1921 2572 ondit,
1946 2531 1976 2566 si
2000 2541 2072 2566 non
2093 2535 2266 2576 appareat
2282 2532 2327 2567 de
2345 2533 2423 2578 qui-

1344 2578 1412 2612 bus
1435 2577 1551 2612 usuris
1576 2577 1760 2612 conventio
1801 2579 1883 2611 acta
1905 2575 1961 2618 sit,
1984 2576 2058 2621 peti
2081 2586 2140 2611 eas
2163 2587 2236 2612 non
2285 2586 2376 2613 osse.

1391 2619 1444 2659 42
1477 2621 1585 2656 loen
1602 2621 1693 2657 libro
1717 2621 1902 2656 undecimo
1927 2631 2180 2666 responsorum
2260 2622 2423 2657 erennius

1344 2666 1565 2702 Modestinus
1588 2665 1771 2710 respondit
1792 2665 1943 2708 fructus,
1968 2666 2027 2710 qui
2046 2668 2129 2710 post
2147 2665 2359 2711 adquisitum
2380 2677 2423 2702 ex

1345 2721 1455 2746 causa
1484 2710 1745 2746 fideicommissi
1769 2710 1960 2745 dominium
1983 2720 2027 2745 ex
2049 2714 2146 2745 terra
2164 2711 2423 2763 percipiuntur,

1345 2756 1390 2791 ad
1413 2755 1775 2792 fideicommissariam
1791 2755 1979 2799 pertinere,
2003 2754 2086 2790 licet
2104 2764 2217 2790 maior
2235 2765 2319 2800 pars
2339 2756 2423 2790 anni

1344 2804 1427 2836 ante
1449 2800 1540 2836 diem
1559 2799 1819 2835 fideicommissi
1839 2799 2021 2834 cedentem
2040 2799 2253 2844 praeterisse
2271 2799 2420 2836 dicatur.

1390 2843 1443 2883 43
1476 2844 1582 2881 loma
1609 2845 1699 2880 libro
1729 2848 1854 2880 octavo
1886 2843 2020 2879 decimo
2051 2853 2304 2890 responsorum
2349 2844 2421 2880 He-

1344 2890 1487 2926 rennius
1499 2889 1721 2925 Modestinus
1739 2888 1924 2934 respondit
1935 2889 2009 2924 eius
2021 2889 2189 2933 temporis
2199 2889 2294 2941 quod
2304 2889 2421 2933 cessit,

1344 2938 1533 2980 postquam
1551 2934 1660 2969 fiscus
1680 2933 1836 2968 debitum
1856 2933 2024 2978 percepit,
2048 2942 2139 2976 eum,
2163 2944 2223 2979 qm
2245 2933 2421 2969 mandatis

1345 2990 1367 3015 a
1389 2980 1478 3015 fisco
1502 2979 1702 3014 actionibus
1726 2978 1924 3023 experitur,
1948 2987 2076 3013 usuras
2099 2987 2191 3022 quae
2212 2979 2250 3013 in
2272 2978 2420 3023 stipula-

1344 3029 1420 3059 tum
1444 3023 1616 3059 deductae
1639 3033 1711 3058 non
1735 3026 1818 3058 sunt
1838 3027 1960 3067 petere
1983 3033 2054 3058 non
2068 3024 2094 3044 ¹²
2116 3032 2231 3067 posse.

1390 3067 1444 3106 44
1467 3067 1573 3104 IDEM
1593 3067 1683 3103 libro
1706 3067 1841 3102 decimo
1859 3067 2124 3113 pandectarum
2169 3067 2327 3103 Poenam
2355 3077 2420 3120 pro

1344 3113 1461 3149 usuris
1492 3111 1654 3158 stipulari
1684 3121 1787 3147 nemo
1818 3121 1928 3156 supra
1959 3111 2102 3147 modum
2131 3122 2320 3147 usurarum
2343 3112 2420 3148 hci-

1344 3163 1419 3193 tum
1468 3161 1570 3192 otest.

1390 3168 1695 3239 45pPoupomos
1715 3202 1805 3238 libro
1827 3201 1991 3237 vicesimo
2010 3200 2166 3237 secundo
2185 3200 2236 3236 ad
2254 3199 2419 3243 Quintum

1343 3246 1503 3283 Mucium
1548 3245 1704 3282 Fructus
1718 3247 1744 3268 ¹³
1791 3245 1992 3291 ercipiendo
2016 3255 2108 3280 uxor
2138 3245 2193 3280 vel
2222 3245 2275 3280 vir
2306 3255 2350 3281 ex
2381 3255 2421 3281 re

1343 3291 1477 3327 donata
1499 3300 1583 3327 suos
1606 3290 1712 3334 facit,
1743 3257 1823 3326 ilfos
1846 3294 1983 3331 tamen,
2008 3299 2097 3334 quos
2121 3290 2194 3325 suis
2218 3290 2333 3335 operis
2357 3289 2419 3325 ad·

1341 3335 1979 3416 iffissifissfiviffidiioefflfffltnffm
1987 3333 2421 3414 ⁸21¹23¹t¹1³¹¹1¹220⁶233512¹32

1341 3425 1458 3461 bonae
1487 3425 1568 3460 fidei
1592 3407 1832 3477 possessoris,
1863 3423 1947 3469 quia
1978 3405 2049 3459 non
2080 3433 2124 3459 ex
2153 3423 2250 3459 facto
2283 3423 2357 3459 eius
2387 3422 2419 3459 is

1341 3469 1479 3504 fructus
1503 3474 1672 3505 nascitur.

1387 3511 1441 3551 46
1472 3513 1666 3550 Umfflvs
1691 3513 1782 3549 libro
1811 3512 2037 3557 sexaqesimo
2067 3512 2224 3548 secundo
2254 3511 2304 3548 ad
2324 3511 2418 3548 edio-
2469 3518 2473 3521 ⁴

1342 3637 1404 3659 ser.
1498 3627 1542 3667 (s)
1567 3625 1669 3667 quod]
1682 3634 1783 3667 quare
1794 3636 1858 3658 ser.
1958 3626 2002 3667 (9)
2028 3626 2082 3657 cui
2096 3626 2155 3658 ins.
2255 3627 2279 3663 (1
2285 3626 2316 3665 ο)
2339 3633 2415 3667 pcr-

1342 3672 1457 3712 ceptos
1471 3671 1531 3703 ine.
1614 3671 1667 3709 (11)
1681 3669 1926 3701 excusationem
1939 3669 1974 3702 F
2055 3671 2113 3710 (12)
2126 3679 2193 3701 non
2210 3669 2278 3703 Cui.
2292 3679 2354 3701 see.
2368 3667 2415 3707 B.

1343 3726 1401 3747 om.
1414 3714 1450 3747 F
1535 3716 1593 3754 (13)
1618 3714 1747 3746 fructos
1758 3714 1794 3747 F
