2528 3918
974 690 1193 740 INDEX
1227 688 1581 740 LIBRORUM

825 791 891 825 Ex
916 791 1082 829 QUIBUS
1105 791 1303 824 DIGESTA
1327 790 1591 824 COMPILATA
1616 790 1742 824 SUNT.

272 889 314 923 In
337 891 401 925 hoe
423 892 535 926 indice
559 903 659 936 opera
689 893 774 926 iuris
797 892 1044 935 consultorum,
1077 903 1162 936 quae
1194 893 1237 926 ad
1260 892 1399 934 Digesta
1429 891 1640 935 compilando.
1669 892 1820 925 adhibita
1843 894 1932 935 sunt,
1956 893 2073 926 ordine
2097 892 2304 937 alphabetico
2326 903 2400 936 pro-

158 937 350 978 ponuntur,
381 937 511 971 adiecto
540 938 578 971 in
601 938 667 971 fine
691 949 831 971 numero
856 948 955 981 quem
985 938 1023 971 in
1054 937 1160 972 altero
1183 938 1295 971 indice
1318 937 1454 971 habent.
1502 947 1587 980 quae
1610 938 1648 970 in
1671 938 1783 971 indice
1807 938 1953 981 Digestis
1976 950 1996 971 a
2019 938 2287 982 compilatoribus
2309 949 2403 982 prae-

158 980 267 1022 posito
290 982 335 1023 (p.
361 981 481 1025 XXX)
504 983 641 1017 laudata
664 984 701 1016 in
728 984 874 1026 Digestis
898 994 966 1017 non
989 984 1223 1027 inveniuntur,
1247 983 1362 1017 addito
1386 982 1548 1016 vocabulo
1566 983 1655 1026 quod
1671 991 1720 1016 est
1736 985 1842 1018 Index
1858 984 1927 1016 suis
1949 983 2031 1017 locis
2050 984 2265 1017 inseruimus:
2290 986 2405 1016 contra

159 1035 243 1066 quae
268 1029 383 1060 extant
404 1028 441 1061 in
464 1028 611 1071 Digestis
634 1030 754 1062 omissa
777 1029 813 1062 in
837 1029 960 1073 indice,
986 1029 1245 1073 distinguuntur
1268 1029 1425 1062 asterisco
1449 1029 1481 1063 *.
1529 1029 1558 1062 si
1581 1040 1651 1062 non
1675 1040 1715 1062 ex
1738 1029 1894 1062 omnibus
1916 1029 2028 1072 libris,
2065 1029 2124 1072 qui
2146 1030 2183 1062 in
2213 1029 2404 1072 compilato-

158 1081 232 1104 rum
256 1071 367 1106 indice
389 1077 628 1117 memorantur,
651 1074 708 1108 sed
733 1085 772 1108 ex
795 1077 891 1118 parte
915 1077 1047 1108 tantum
1071 1086 1187 1109 eorum
1207 1077 1362 1118 excerpta
1387 1075 1504 1108 extant
1525 1074 1563 1107 in
1587 1075 1745 1118 Digestis,
1770 1086 1947 1108 numerum
1977 1075 2089 1108 indice
2119 1075 2280 1108 traditum
2309 1084 2404 1117 prae-

157 1116 348 1159 scripsimus
371 1118 509 1153 adiectis
531 1120 624 1154 intra
645 1121 859 1164 ραι-6111116566
882 1121 1032 1154 numeris
1054 1120 1220 1155 librorum
1244 1131 1370 1164 eorum,
1394 1120 1483 1154 unde
1507 1119 1675 1164 desumpti
1697 1120 1765 1154 loci
1787 1120 1950 1163 leguntur
1972 1121 2008 1153 in
2033 1121 2188 1163 Digestis.

183 1458 431 1496 ABURNIUS
455 1458 662 1495 VALENS.

272 1506 480 1541 *actionum
502 1505 526 1540 l.
550 1504 636 1540 VII:
661 1507 740 1541 272
763 1507 807 1547 (v.
832 1504 884 1541 ad
907 1508 961 1549 36,
974 1514 1002 1550 4,
1016 1508 1074 1550 15).

294 1550 647 1586 fideicommissorum
669 1551 695 1587 1·
722 1550 812 1587 VII:
843 1554 919 1587 194.
945 1554 1023 1587 201.

163 1595 366 1632 *AELIUS
392 1595 593 1632 GALLUS.

297 1641 543 1722 delvelrborum
558 1652 651 1688 quae
666 1642 714 1678 ad
725 1642 782 1679 ius
793 1642 977 1688 pertinent
989 1641 1252 1687 significatione

185 1732 419 1769 AEMILIUS
435 1734 446 1755 ¹
469 1733 653 1769 MACER.

298 1778 342 1814 de
366 1778 668 1824 appellationibus
692 1779 716 1814 1.
742 1779 796 1815 11:
822 1783 878 1815 65.

297 1824 343 1859 ad
375 1824 489 1869 legem
519 1824 722 1860 vicesimam
751 1824 821 1868 (vel
842 1824 1046 1860 vicesimam
1070 1822 1249 1859 heredita-

342 1869 452 1905 tium:
478 1869 654 1904 εἱκοστῶν
680 1869 815 1912 Index)
840 1870 865 1906 1.
890 1869 944 1906 II:
971 1873 1049 1907 167.

299 1914 343 1950 de
366 1915 487 1951 officio
511 1914 687 1961 praesidis
710 1916 734 1951 l.
759 1915 813 1951 II:
840 1919 894 1951 61.

296 1959 511 1996 iudiciorum
533 1961 761 2006 publicorum
785 1961 810 1996 1.
834 1961 888 1997 11:
914 1963 969 1999 52.

300 2005 344 2041 de
367 2016 407 2041 re
429 2006 574 2041 militari
597 2007 620 2041 l.
645 2006 700 2042 11:
726 2010 781 2042 86.

186 2049 474 2087 AFRICANUS.

301 2097 551 2140 quaestionum
574 2098 597 2132 1.
623 2097 747 2134 V1111:
774 2101 829 2134 20.

185 2141 409 2178 ALFENUS
433 2141 605 2179 VARUS.

298 2187 517 2232 digestorum
538 2188 562 2224 1.
588 2188 728 2223 XXXX
751 2190 806 2230 (2.
824 2190 857 2223 4.
883 2189 1004 2231 5—7):
1033 2190 1085 2223 15.

299 2244 330 2269 v.
355 2232 506 2276 Paulus,
531 2245 551 2269 e
577 2234 712 2270 itomae
735 2233 871 2280 Alfeni.

184 2277 465 2314 ANTHIANUS
489 2290 520 2315 v.
543 2245 690 2315 f'urius.

185 2323 367 2367 AQUILA
391 2335 421 2360 v.
445 2324 571 2360 Iulius.

184 2368 427 2405 ARCADIUS
452 2381 482 2405 v.
508 2370 687 2407 Aurelius.

185 2413 362 2450 ARRIUS
386 2414 678 2451 MENANDER.

298 2459 341 2495 de
364 2470 404 2496 re
427 2461 571 2496 militari
594 2461 615 2496 l.
641 2461 715 2496 1111
736 2461 871 2504 (1—3):
901 2462 975 2496 170.

185 2504 354 2541 AULUS.

297 2554 404 2586 notae
429 2563 459 2587 v.
488 2550 683 2586 Iavolenus
707 2562 756 2587 ex
773 2554 915 2604 poster.
941 2549 1133 2585 Labeonis.

185 2595 429 2631 AURELIUS
454 2596 699 2632 ARCADIUS
725 2607 786 2641 qul
811 2597 871 2631 et2
894 2594 1148 2631 CHARISIUS
1172 2604 1248 2629 ma·

230 2642 341 2685 gister
363 2641 575 2677 libellorum.

297 2686 341 2722 de
364 2687 573 2724 muneribus
598 2687 758 2723 civilibus
780 2687 805 2722 l.
832 2687 941 2732 sing.=
968 2689 1044 2722 260.

298 2732 342 2767 de
367 2732 486 2768 officio
511 2732 686 2778 praefecti
709 2732 891 2778 praetorio
915 2732 938 2767 l.
965 2732 1078 2777 sing:
1104 2734 1181 2768 261.

298 2778 341 2813 de
363 2778 517 2813 testibus
541 2779 565 2813 l.
591 2778 702 2823 sing.:
729 2781 782 2814 62.
1188 2790 1190 2793 ·

185 2822 562 2859 CALLISTRATUS.

297 2868 341 2903 de
366 2868 629 2913 cognitionibus
653 2869 675 2904 l.
702 2869 769 2904 VI:
802 2872 876 2905 159.

297 2913 406 2949 edicti
428 2914 609 2950 monitorii
632 2915 656 2950 1.
681 2914 734 2949 VI
758 2916 893 2959 (1-4)2
923 2916 996 2951 175.

296 2958 562 2994 institutionum
585 2959 609 2995 1.
634 2959 688 2995 III
711 2962 757 3002 (2.
784 2961 835 3002 3):
862 2963 917 2994 26.

299 3004 343 3039 (16
365 3004 444 3040 iure
466 3003 549 3040 fisci
571 3008 608 3040 et
630 3005 781 3050 populi³
802 3006 825 3040 1.
851 3004 924 3040 IIII
947 3006 1084 3049 (1—3):
1112 3008 1187 3041 157.

299 3050 546 3094 quaestionum
569 3050 592 3085 l.
617 3051 670 3086 II:
695 3053 775 3086 185.

186 3094 378 3130 CELSUS.

299 3139 514 3184 digestorum
537 3140 561 3175 1.
587 3140 799 3177 XXXVIIII
822 3143 961 3184 (1—30.
977 3143 1142 3186 32—39):
1172 3143 1246 3176 133.

185 3184 445 3221 CERVIDIUS
470 3185 736 3221 SCAEVOLA.

299 3230 515 3276 digestorum
538 3231 562 3266 l.
587 3230 728 3266 XXXX
751 3234 888 3272 (1-11.
917 3234 1083 3276 13—34):
1109 3234 1187 3267 267.

388 3279 496 3312 notae
520 3275 719 3312 CLAUDII
739 3276 1043 3314 TRYPHONINI
1059 3277 1144 3313 adl.
1163 3280 1195 3312 5.
1216 3279 1248 3312 7.

299 3369 407 3403 notae
430 3378 461 3403 υ.
488 3365 627 3402 Iuliani
651 3366 804 3414 diqesta.

164 3481 207 3523 (1)
230 3479 394 3513 Aemilius
417 3493 480 3515 non
506 3482 600 3514 adest
622 3482 689 3515 nisi
711 3482 745 3514 in
763 3481 856 3515 libris
873 3482 921 3515 ad
936 3482 1035 3526 leyem
1056 3482 1247 3515 vicesimam.

1926 1187 2087 1225 PAusz
2109 1188 2316 1225 Knunem.

1322 1458 1583 1496 GERVIDIUS
1609 1459 1876 1496 SCAEVOLA.

1458 1504 1503 1540 de
1527 1506 1736 1551 quaestione
1758 1505 1917 1541 familiae
1939 1506 1963 1541 l.
1988 1506 2078 1551 sing.
2104 1504 2265 1550 (Index).
2286 1535 2288 1539 ,

1458 1550 1707 1596 quaestionum
1731 1551 1851 1586 l.‘XX
1875 1553 1988 1594 (1—6.
2009 1554 2131 1588 8—16.
2161 1555 2302 1596 18.19):
2330 1554 2404 1587 184.

1548 1599 1656 1632 notae
1678 1596 1827 1633 PAULI
1850 1596 1896 1633 ad
1919 1596 1943 1632 1.
1970 1599 2001 1632 3.
2027 1600 2059 1632 4.

1457 1642 1707 1687 quaestionum
1756 1642 1875 1678 ublice
1894 1645 2131 1678 tractatarum
2149 1643 2172 1678 l.
2192 1642 2300 1687 sing.:
2326 1644 2404 1678 271.

1456 1687 1661 1732 regularum
1683 1687 1708 1723 1.
1771 1687 1825 1723 II:
1852 1690 1907 1724 38.

1455 1743 1513 1768 res
1541 1743 1712 1769 onsorum
1734 1733 1758 1768 l.
1784 1733 1853 1769 VI:
1881 1736 1956 1769 187.
1986 1736 2060 1770 189.
2089 1736 2164 1770 191.
2194 1735 2268 1769 193.

1321 1777 1515 1813 CHARISI
1551 1778 1575 1814 S
1600 1790 1630 1815 υ.
1656 1779 1837 1815 Aurelius.

1321 1823 1561 1860 CLAUDIUS
1587 1823 1894 1860 SATURNINUS
1903 1825 1928 1860 ⁴.

1456 1869 1501 1905 de
1550 1869 1650 1906 cenis
1702 1880 1900 1914 aganorum
1923 1870 1945 1905 l.
1973 1870 2082 1915 sing.:
2106 1872 2162 1906 92.

1343 1914 1526 1951 CLAUDI
1561 1915 1611 1950 S⁵
1635 1915 1664 1950 T
1701 1915 1992 1952 YPHONINUS.

1457 1961 1742 2006 disputationum
1765 1961 1789 1996 1.
1813 1961 1918 1997 XXI:
1945 1964 2022 1997 219.
2049 1963 2127 1997 221.

1455 2009 1565 2042 notae
1588 2017 1618 2043 v.
1645 2005 1845 2044 Scaevolae
1868 2007 2020 2054 diqesta.

1290 2082 1293 2083 γ
1320 2050 1550 2087 CLEMENS
1575 2063 1605 2087 v.
1631 2051 1833 2088 Terentius.

1318 2096 1677 2133 FLORENTINUS.

1455 2142 1723 2179 institutionum
1746 2143 1769 2178 1.
1795 2142 1866 2178 XII
1890 2145 1936 2186 (1.
1963 2146 1995 2178 3.
2021 2144 2164 2185 6--11);
2190 2144 2246 2176 21.

1319 2187 1495 2224 FURIUS
1530 2187 1813 2225 ANTHIANUS
1846 2188 1997 2231 (Ἄνθον
2037 2186 2118 2232 ἦτοι
2154 2189 2297 2235 Φωρίου
2328 2183 2403 2220 Ἀν-

1364 2234 1500 2269 &carofi
1525 2233 1671 2278 Indeoe).

1455 2279 1522 2360 ad2
1537 2278 1695 2316 edictum
1730 2281 1848 2327 (μέρος
1881 2279 2002 2315 edictu
2035 2277 2170 2323 Index)
2204 2278 2228 2314 1.
2259 2277 2302 2315 V.
2335 2279 2402 2321 (1):

1321 2370 1476 2407 GAIUS.

1455 2416 1499 2452 de
1525 2416 1667 2452 casibus
1691 2416 1713 2451 l.
1743 2416 1841 2460 sing:
1867 2418 1945 2451 215.

1455 2462 1651 2498 dotalicion
1674 2460 1820 2507 βιβλίον
1843 2463 1884 2496 ἕν
1907 2459 2067 2504 (Index).

1455 2508 1502 2542 ad
1526 2507 1683 2542 edictum
1706 2506 1874 2542 aedilium
1900 2506 2077 2542 curulium
2099 2505 2122 2541 l.
2147 2505 2174 2540 I.
2199 2504 2274 2539 11⁶:
2305 2506 2383 2555 ¹⁰92

1455 2553 1503 2588 ad
1535 2553 1691 2588 edictum
1715 2553 1893 2597 praetoris
1918 2551 2107 2597 (praetoris
2131 2549 2279 2591 urbani,
2305 2549 2402 2583 urb1-

1501 2599 1632 2634 cum'.

1544 2601 1637 2680 libr)o
1663 2643 1710 2679 ad
1734 2643 1891 2679 edictum
1915 2642 2091 2688 praetoris
2116 2640 2261 2676 urbani:
2287 2642 2343 2674 99.

1545 2689 1592 2724 ad
1609 2689 1764 2724 edictum
1781 2688 1959 2733 praetoris
1971 2686 2102 2723 urbani
2112 2686 2218 2722 titulo
2233 2685 2277 2720 de
2288 2694 2402 2729 aquae

1591 2735 1732 2780 pluviae
1755 2733 1951 2770 arcendae:
1980 2735 2056 2769 122.
2252 2775 2261 2783 ο
2314 2775 2321 2782 ·

1545 2780 1638 2815 libro
1669 2779 1715 2815 ad
1739 2779 1894 2815 edictum
1925 2778 2102 2824 praetoris
2135 2776 2263 2812 urbam
2296 2774 2400 2810 titulo

1592 2825 1636 2861 de
1660 2825 1789 2861 damno
1813 2824 1965 2860 infecto:
1994 2825 2070 2860 122.
2370 2865 2379 2873 ·

1545 2870 1570 2906 l.
1594 2870 1711 2952 I—bIII
1743 2870 1788 2906 de
1817 2870 1943 2915 legatis
1976 2869 2022 2905 ad
2046 2868 2201 2904 edictum
2225 2869 2399 2912 praetoris

1591 2926 1636 2951 ur
1662 2916 1740 2951 ani:
1766 2918 1799 2951 9.

1544 2961 1567 2996 l.
1594 2961 1628 2995 ΙΙ
1652 2961 1722 3001 (vel
1743 2961 1784 3004 l.)
1816 2960 1862 2996 ad
1885 2960 2039 2996 edictum
2071 2957 2248 3004 praetoris
2271 2954 2399 2992 urbani

1591 3006 1696 3041 titulo
1720 3006 1764 3042 (16
1788 3006 1926 3042 liberali
1951 3014 2078 3041 causa:
2110 3005 2184 3038 114.
2266 3046 2274 3054 ·
2389 3045 2399 3055 ο

1545 3051 1592 3086 ad
1615 3051 1770 3087 edictum
1794 3051 1955 3087 urbicum
1978 3049 2083 3085 titulo
2110 3048 2154 3083 de
2178 3056 2294 3092 opens
2318 3056 2400 3081 110111

1590 3097 1830 3133 nuntiatione:
1860 3099 1940 3133 122.—

1546 3141 1592 3176 ad
1617 3141 1774 3178 edictum
1798 3141 1973 3187 praetoris
1997 3138 2102 3175 titulo
2131 3137 2175 3173 de
2197 3136 2399 3182 praediato-

1591 3187 1710 3224 ribus:
1736 3189 1812 3224 104.

1545 3231 1592 3267 ad
1604 3232 1762 3269 edictum
1774 3230 1949 3276 praetoris
1962 3228 2091 3265 urbani
2102 3227 2205 3263 titulo
2223 3226 2267 3262 de
2283 3224 2398 3271 publi-

1591 3277 1708 3313 canis:
1738 3280 1814 3313 118.

1545 3322 1593 3358 ad
1628 3322 1785 3358 edictum
1820 3319 1996 3367 praetoris
2032 3317 2161 3354 urbani
2200 3316 2306 3352 titulo
2340 3314 2400 3360 qui

1591 3378 1707 3413 neque
1731 3368 1926 3412 sequantur
1948 3374 2061 3409 neque
2092 3362 2286 3399 ducantur:
2322 3362 2398 3395 105.

1322 3480 1504 3514 Scaevolae
1528 3482 1664 3525 diqesta.
1770 3478 1816 3521 (6)
1840 3478 1990 3511 videntur
2019 3477 2055 3509 1ιί
2077 3475 2155 3508 libri
2182 3475 2284 3508 inesse
2308 3473 2400 3507 libris

164 3527 210 3568 (2)
234 3526 294 3568 qui
316 3528 348 3558 et
373 3526 407 3558 F
425 3527 459 3560 in
484 3527 538 3568 22,
551 3534 578 3568 5,
592 3534 617 3560 1.
632 3533 675 3561 21.
689 3533 735 3568 25,
760 3525 811 3559 F²
833 3528 867 3560 in
890 3527 947 3569 48,
968 3534 1015 3568 18,
1034 3533 1081 3567 10,
1107 3527 1165 3569 qui
1188 3526 1253 3559 Ioci
1322 3525 1365 3558 X
1385 3527 1433 3559 ad
1462 3527 1598 3560 edictum
1628 3537 1709 3568 quos
1739 3524 1854 3557 laudat
1873 3522 1995 3563 Index,
2032 3520 2292 3563 quemadmodum
2324 3518 2402 3552 libri

166 3583 273 3624 osane:
294 3572 457 3615 pertinent
480 3573 526 3605 ad
550 3573 571 3605 l.
595 3573 680 3615 siny.
706 3573 746 3605 de
772 3573 919 3606 testibus:
945 3573 979 3606 in
999 3572 1135 3614 reliquis
1160 3572 1249 3604 omit-

167 3624 255 3651 illur-

166 3662 200 3694 in
223 3661 347 3696 Indice.

167 3708 306 3742 turnino.

450 3662 495 3705 (4)
519 3663 553 3696 in
577 3662 692 3696 Indice
726 3663 808 3696 liber
833 3663 985 3696 tribuitur
1006 3661 1160 3696 Venuleio
1185 3660 1251 3694 Sa·

366 3617 410 3659 (3)
434 3618 468 3649 et
489 3616 609 3660 populi
632 3618 688 3659 48,
702 3624 749 3658 20,
765 3624 790 3658 1,
815 3629 875 3651 om.
899 3618 934 3651 in
957 3617 1094 3660 reliquis
1119 3616 1198 3649 locis
1223 3622 1253 3648 et
1321 3622 1438 3649 rantur
1462 3617 1555 3650 libris
1579 3617 1625 3649 ad
1648 3616 1792 3649 edictum.

1322 3570 1427 3604 Pauli
1448 3578 1480 3605 et
1496 3571 1634 3614 Ulpiani
1654 3571 1699 3603 ad
1717 3570 1853 3603 edictum
1879 3567 2031 3600 aedilium
2055 3565 2209 3599 curulium
2233 3575 2399 3597 connume-

1878 3613 1920 3652 (7)
1946 3613 1988 3652 csl
2003 3611 2049 3644 ad
2060 3612 2114 3650 23,
2129 3616 2157 3649 8,
2170 3617 2215 3643 5⁴.
2241 3610 2274 3642 in
2285 3608 2400 3642 Indice

1323 3668 1390 3694 est:
1420 3661 1462 3694 ad
1494 3660 1638 3693 edictum
1670 3659 1822 3693 urbicum
1853 3655 1899 3691 τὰ
1926 3652 2022 3700 μόνα
2051 3650 2249 3701 εὑρεθέντα
2273 3651 2401 3697 βιβλία

417 3707 463 3750 (5)
496 3708 653 3741 Claudius
685 3720 749 3742 non
782 3708 900 3751 leqicur
931 3709 999 3742 nisi
1026 3709 1060 3741 in
1091 3707 1176 3740 notis
1208 3706 1255 3739 ad
1322 3701 1418 3739 δέκα.
