2528 3918
27 0 77 45 Ἣ*

33 22 50 35 §.q
70 22 73 26 ι

32 37 73 59 SM*

79 101 214 136 80010

79 212 175 250 coire
198 216 233 247 et
255 222 295 248 re
319 215 355 248 et
377 211 493 249 verbis
518 214 642 264 etper
671 211 835 248 nuntium
866 222 975 257 posse
1005 222 1072 248 nos
1103 211 1167 247 du-

1165 85 1250 134 223

2157 93 2283 138 XVII
2312 97 2339 139 2

1239 211 1315 248 cius
1348 212 1409 258 qui
1439 212 1647 248 alienaverit
1679 218 1805 250 contra
1828 216 2033 261 pactionem
2056 216 2214 270 accipit'
2240 228 2335 253 com·

82 261 97 294 1
146 257 244 293 bium
275 268 348 294 non
371 261 436 294 est.
483 256 730 293 Dissoclamur
758 257 1024 294 renuntiatione
1054 261 1170 294 morte
1239 258 1348 293 mittit
1378 261 1415 294 et
1443 261 1588 294 tenetur
1617 259 1800 296 societatis
1833 265 1897 296 aut
1929 261 2111 299 communi
2142 262 2337 298 dividundo

79 302 205 385 cagitis
227 302 425 339 minutione
448 305 485 338 et
503 305 670 348 egestate.

175 347 373 384 Hammo-s
388 347 480 384 libro
500 348 687 401 triqesimq
696 348 821 394 primo
842 347 893 384 ad
911 348 1066 385 edictum
1102 347 1168 385 So-

6 378 11 420 ³:
77 394 224 431 cietates
248 392 509 429 contrahuntur
530 403 604 429 sive
626 403 872 429 umversorum
895 394 1072 430 bonorum
1096 394 1169 430 sive

6 440 11 472 ’.
76 437 326 484 negotiationis
359 437 511 474 alicuius
546 438 632 474 sive-
654 438 837 484 vectigalis
869 439 942 475 sive
977 440 1085 475 etiam
1115 439 1169 475 rei

82 487 94 519 ι
144 482 260 519 unius.
308 482 470 519 Societas
494 487 615 520 autem
638 484 727 519 coiri
749 487 870 529 potest
894 488 930 520 et
947 485 1044 521 valet
1062 485 1169 520 etiam

76 529 169 564 inter
192 538 265 572 eos,
289 528 351 574 qui
373 539 446 564 non
470 533 555 565 sunt
575 529 698 575 aequis
718 528 965 573 facultatibus,
991 541 1073 566 cum
1092 530 1167 576 ple-

45 573 51 577 ’
75 584 224 620 rumque
245 574 440 619 pauperior
462 584 573 620 opera
587 576 597 596 ¹
621 575 808 620 suppleat,
840 579 1015 620 quantum
1047 576 1080 612 ei
1102 586 1168 622 per

6 642 9 648 ·
77 619 378 666 comparationem
389 620 595 665 patrimonii
607 620 717 656 deest.
751 620 955 657 donationis
976 632 1088 657 causa
1107 631 1166 657 so-

76 665 187 701 cietas
210 668 308 700 recte
330 675 403 701 non
428 665 664 701 contrahitur.

121 707 146 748 6
170 709 400 746 Poupomvs
419 710 512 747 libro
535 722 631 747 nono
655 710 706 746 ad
727 709 902 747 Sabinum
950 710 989 747 Si
1011 710 1165 747 societa-

1 770 6 786 ÷
74 758 146 791 tem
167 765 305 791 mecum
329 756 456 792 coieris
481 766 524 792 ea
548 756 778 799 condicione,
802 760 843 792 ut
866 761 989 802 partes
1013 756 1165 792 societa-

75 801 121 837 tis
152 801 407 844 constitueres,
440 801 486 837 ad
516 801 603 838 boni
624 802 691 837 viri
713 802 902 837 arbitrium
926 812 969 838 ea
991 812 1049 838 res
1072 801 1165 838 redi-

2 861 7 879 :
73 845 189 893 genda
213 849 284 882 est:
317 850 354 882 et
385 847 597 883 conveniens
629 848 708 883 est²
730 847 795 883 viri
818 848 904 883 boni
927 848 1095 890 arbitrio,
1126 850 1168 882 ut

1 919 7 926 .
74 902 146 928 non
169 891 293 937 utique
317 902 361 927 ex
385 893 509 938 aequis
531 893 696 938 partibus
721 893 810 928 socii
833 893 963 936 simus,
995 893 1105 928 veluti
1136 893 1167 928 si

2 951 6 960 ·
74 937 165 973 alter
194 937 275 982 plus
307 948 438 983 operae
467 938 667 975 industriae
697 938 872 984 pecuniae
895 939 933 974 in
957 939 1166 974 societatem

75 982 270 1019 collaturus
294 982 351 1019 sit.

119 1025 144 1065 7
175 1027 371 1065 Uzezmvs
386 1029 478 1066 libro
499 1030 550 1066 tri
573 1030 682 1066 esimo
701 1029 752 1065 ad
769 1028 944 1065 Sabinum
993 1029 1088 1065 Coiri
1107 1040 1164 1066 so-

0 1065 2 1074 ⁵
73 1073 237 1111 cietatem
261 1078 298 1110 et
320 1075 527 1128 simpliciter
565 1075 651 1111 'cet:
678 1079 713 1111 et
736 1075 767 1111 si
790 1086 863 1111 non
885 1075 994 1111 fuerit
1018 1075 1164 1111 distinc-

71 1123 158 1162 tum,
181 1119 322 1156 videtur
344 1124 440 1157 coita
464 1131 543 1157 esse
565 1121 811 1157 universorum
835 1130 928 1166 quae
949 1131 993 1156 ex
1013 1125 1166 1167 quaestu

2 1173 5 1199 a
72 1165 237 1208 veniunt,
261 1165 331 1202 hoc
356 1169 410 1202 est
434 1166 465 1202 si
489 1166 585 1212 quod
607 1167 746 1202 lucrum
771 1177 815 1202 ex
839 1166 1019 1212 emptione
1042 1167 1163 1202 vendi-

71 1211 178 1253 tione,
202 1210 383 1247 locatione
407 1211 646 1248 conductione
671 1211 866 1248 descendit.

117 1253 142 1294 8
166 1255 223 1291 ΡΑ
231 1266 327 1292 σιω]
341 1257 433 1294 libro
451 1261 559 1293 sexto
579 1258 630 1293 ad
647 1257 823 1294 Sabinum
871 1257 1050 1302 Quaestus
1071 1258 1164 1294 enim

69 1301 295 1346 intellegitur,
321 1302 383 1348 qui
406 1313 450 1338 ex
474 1313 585 1348 opera
609 1303 712 1339 cuius
736 1302 932 1339 descendit.

116 1344 141 1384 9
172 1346 369 1384 ULPIANUs
388 1348 480 1384 libro
504 1349 687 1395 triqesimo
711 1348 762 1384 ad
779 1347 955 1385 Sabinum
1002 1349 1080 1385 Nec
1100 1349 1162 1385 ad-

2 1385 4 1387 *
69 1391 152 1428 iecit
175 1392 330 1429 Sabinus
354 1393 590 1430 hereditatem
611 1394 666 1430 vel
689 1394 846 1440 legatum
868 1394 924 1430 vel
950 1394 1162 1431 donationes

1 1442 4 1479 j
69 1437 192 1474 mortis
216 1448 328 1474 causa
351 1439 426 1476 sive
449 1450 522 1476 non
555 1439 681 1475 mortis
713 1449 843 1483 causa,
876 1439 1041 1476 fortassis
1072 1441 1163 1476 haec

69 1482 167 1526 ideo,
201 1483 286 1536 quia
308 1495 381 1520 non
405 1485 483 1521 sine
507 1495 619 1521 causa
642 1485 857 1528 obveniunt,
889 1485 953 1521 sed
986 1486 1032 1522 ob
1057 1486 1162 1524 meri-

2 1524 3 1529 ’
69 1533 144 1564 tum
167 1528 312 1575 ahquod
335 1530 514 1566 accedunt

118 1572 168 1612 10
192 1574 353 1611 Panos
381 1576 473 1612 libro
496 1579 603 1612 sexto
627 1576 678 1612 ad
700 1575 874 1612 Sabinum
921 1579 957 1612 et
1003 1577 1064 1612 uia
1086 1577 1162 1622 ple-

68 1629 215 1665 rumque
245 1620 302 1656 vel
333 1631 355 1656 a
378 1625 528 1667 parente
550 1621 606 1658 vel
629 1632 652 1657 a
675 1621 828 1658 liberto³
852 1622 956 1667 quasi
1004 1622 1162 1658 ebitum⁴

68 1665 171 1701 nobis
194 1665 373 1702 hereditas
398 1667 560 1704 obvenit:
748 1666 756 1671 ’

122 1709 167 1748 11
203 1711 399 1748 ULPIANUS
425 1712 517 1749 libro
550 1713 735 1759 triqese'mo
756 1713 806 1749 ad
828 1712 1004 1749 Sabinum
1052 1716 1089 1748 et
1111 1713 1163 1748 ita

69 1755 112 1792 de
129 1756 329 1793 hereditate
349 1757 468 1803 legato
490 1758 683 1795 donatione
695 1758 848 1803 Quintus
859 1758 1004 1794 Mucius
1025 1759 1160 1794 scribit.

117 1799 168 1839 12
192 1801 352 1838 PAvros
372 1803 464 1839 libro
488 1807 594 1840 sexto
619 1805 669 1840 ad
691 1804 866 1841 Sabinum
914 1803 986 1839 Sed
1009 1814 1076 1840 nec
1100 1815 1161 1840 aes

67 1846 241 1890 alienum,
273 1848 342 1883 nisi
372 1848 470 1894 quod
500 1860 544 1885 ex
576 1853 728 1895 quaestu
751 1849 941 1895 pendebit,
974 1850 1093 1886 veniet
1123 1850 1161 1885 in

67 1892 240 1929 rationem
263 1894 447 1930 societatis
459 1896 483 1930 ⁶.

116 1935 164 1976 13
190 1938 299 1974 IDEM
318 1939 408 1976 libro
433 1940 617 1987 triqesimo
641 1940 799 1977 secundo
825 1940 875 1976 ad
896 1940 1051 1976 edictum
1092 1941 1162 1977 Sed

68 1987 104 2019 et
133 1983 164 2019 si
195 1983 389 2028 adiciatur,
427 1989 469 2020 ut
500 1990 535 2021 et
566 1990 736 2032 quaestus
769 1990 805 2021 et
836 1986 927 2021 lucri
957 1986 1047 2022 socii
1078 1986 1160 2030 sint,

66 2039 187 2064 verum
199 2034 253 2064 est
265 2041 337 2066 non
355 2030 401 2066 ad
414 2031 512 2067 aliud
530 2031 680 2075 lucrum,
701 2042 809 2077 quam
829 2031 926 2077 quod
944 2041 990 2067 ex
1009 2036 1161 2077 quaestu

66 2074 171 2117 venit,
196 2075 290 2111 hanc
315 2087 458 2122 quoque
482 2076 718 2113 adiectionem
741 2077 930 2123 pertinere.

115 2118 165 2157 14
197 2119 393 2157 Uzmws
409 2122 500 2158 libro
522 2123 705 2169 triqesimo
725 2122 776 2158 ad
793 2121 968 2158 Sabinum
1015 2121 1054 2158 Si
1074 2133 1160 2158 con-

65 2166 200 2201 venerit
222 2165 315 2201 inter
338 2167 466 2210 socios,
490 2178 536 2203 ne
558 2168 653 2203 intra
677 2172 815 2204 certum
837 2171 980 2213 tempus
1001 2178 1159 2204 commu-

65 2210 120 2246 nis
143 2222 201 2246 res
225 2210 424 2255 dividatur,
456 2223 529 2260 non
552 2213 692 2249 videtur
716 2213 944 2256 convenisse,
975 2223 1023 2249 ne
1044 2214 1159 2250 socie-

65 2259 139 2292 tate
163 2256 325 2293 abeatur.
361 2257 448 2303 quid
470 2261 591 2294 tamen
615 2259 645 2294 si
667 2259 738 2295 hoc
763 2259 948 2302 convenit,
981 2269 1027 2294 ne
1050 2259 1159 2295 abea-

65 2304 135 2345 tur,
159 2312 206 2337 an
229 2302 374 2339 valeat?
409 2304 590 2349 eleganter
611 2304 833 2350 Pomponius
858 2304 1001 2357 scripsit
1023 2303 1160 2340 frustra

64 2346 134 2382 hoc
158 2348 364 2384 convenire:
388 2359 472 2384 nam
495 2354 532 2385 et
554 2349 586 2386 si
609 2360 680 2385 non
706 2350 882 2393 convenit,
907 2360 939 2385 Sl
960 2353 1082 2385 tamen
1104 2350 1159 2386 in-

64 2393 271 2438 tempestive
293 2394 519 2430 renuntietur
542 2395 717 2438 societati,
744 2405 822 2431 esse
841 2406 907 2441 pro
928 2396 1027 2431 socio
1046 2395 1158 2431 actio-

65 2447 157 2473 nem.
201 2438 264 2474 sed
294 2442 332 2474 et
361 2439 393 2475 si
424 2440 607 2484 convenit,
643 2451 690 2476 ne
723 2440 820 2476 intra
850 2444 987 2476 certum
1017 2444 1159 2486 tempus

64 2483 236 2520 societate
258 2484 421 2529 abeatur,
446 2489 483 2521 et
506 2489 590 2522 ante
613 2490 755 2531 tempus
778 2485 1015 2529 renuntietur,
1039 2490 1161 2532 potest

64 2529 238 2564 rationem
261 2530 394 2566 habere
415 2531 644 2567 renuntiatio.
680 2542 747 2567 nec
770 2531 951 2567 tenebitur
972 2542 1038 2577 pro
1059 2532 1159 2568 socio

65 2573 125 2619 qui
147 2573 228 2611 ideo
251 2576 479 2620 renuntiavit,
504 2576 589 2622 quia
612 2577 775 2613 condicio
795 2576 982 2623 quaedam,
1031 2587 1080 2613 ua
1099 2588 1158 2614 so-

65 2618 176 2654 cietas
201 2623 279 2655 erat
303 2621 417 2664 coita,
450 2621 483 2657 ei
505 2632 579 2658 non
601 2626 824 2668 praestatur:
858 2625 923 2658 aut
946 2622 1005 2667 qui
1054 2622 1086 2658 si
1107 2622 1160 2658 ita

6 2701 9 2705 ,
63 2663 255 2701 iniuriosus
281 2669 316 2701 et
339 2666 533 2703 damnosus
565 2668 685 2704 socius
717 2668 783 2711 sit,
815 2671 858 2703 ut
887 2678 961 2703 non
993 2667 1160 2713 expediat

65 2719 145 2745 eum
168 2710 271 2755 pati?
1022 2742 1024 2745 f

113 2753 163 2792 15
196 2755 427 2793 POMPONIUS
457 2757 548 2794 libro
585 2758 690 2793 tertio
725 2758 862 2794 decimo
899 2758 950 2794 ad
982 2758 1158 2796 Sabinum

63 2800 119 2836 vel
143 2801 239 2846 quod
263 2811 306 2836 ea
328 2812 369 2837 re
390 2801 464 2838 frui
487 2813 560 2838 non
582 2803 708 2846 liceat,
734 2803 836 2839 cuius
859 2803 976 2849 gratia
998 2805 1156 2850 negotia-

64 2845 114 2881 tio
140 2850 309 2891 suscepta
332 2847 406 2883 sit?

113 2888 163 2928 16
195 2891 391 2928 Uzpmws
418 2892 509 2929 libro
541 2894 724 2940 triqesimo
748 2893 799 2930 ad
821 2893 995 2930 Sabinum
1040 2894 1156 2931 Idem-

65 2946 134 2980 que
157 2936 225 2972 erit
248 2936 456 2983 dicendum,
488 2938 520 2974 si
550 2939 670 2975 socius
700 2939 958 2975 renuntiaverit
980 2939 1156 2983 societati,

65 2981 125 3025 qui
155 2981 207 3016 rei
236 2982 404 3027 publicae
437 2993 547 3019 causa
577 2984 639 3019 diu
671 2987 706 3020 et
737 2984 869 3021 invitus
900 2985 948 3020 sit
970 2984 1155 3021 afuturus:

65 3027 222 3071 quamvis
246 3038 515 3074 nonnumquam
539 3029 572 3065 ei
596 3029 690 3065 obici
713 3030 848 3075 possit,
873 3030 957 3076 quia
979 3031 1098 3076 potuit
1122 3034 1158 3066 et

63 3081 128 3116 per
151 3072 260 3107 alium
284 3073 494 3109 societatem
518 3074 767 3111 administrare
788 3076 845 3111 vel
868 3076 967 3111 socio
994 3076 1154 3111 commit-

0 3146 1 3160 ,
64 3119 157 3152 tere:
182 3117 246 3152 sed
269 3118 339 3153 hoc
361 3129 435 3154 non
458 3119 558 3163 alias,
582 3119 652 3155 nisi
674 3119 778 3155 valde
800 3121 848 3156 sit
866 3120 1016 3156 idoneus
1036 3122 1155 3157 socius

0 3163 1 3208 J
64 3165 128 3197 aut
158 3161 273 3198 facilis
305 3162 450 3199 afuturo
484 3165 591 3200 etiam
614 3175 680 3210 per
703 3165 812 3201 alium
835 3166 1018 3202 societatis
1042 3167 1154 3202 admi-

67 3209 82 3240 1
131 3207 306 3244 nistratio.
354 3208 423 3253 Qui
456 3209 564 3254 igitur
597 3210 794 3255 paciscitur
824 3221 870 3246 ne
901 3211 1053 3254 dividat,
1087 3212 1156 3247 nisi

65 3251 184 3298 aliqua
206 3253 302 3288 iusta
323 3254 415 3289 ratio
440 3254 650 3297 intercedat,
676 3266 742 3291 nec
764 3256 919 3293 vendere
940 3257 1084 3302 poterit,
1110 3268 1155 3293 ne

65 3296 135 3349 alia
156 3298 296 3333 ratione
327 3298 507 3342 efficiat⁶‚
539 3304 581 3336 ut
612 3300 801 3337 dividatur.
839 3301 902 3338 sed
925 3312 1013 3337 sane
1035 3306 1156 3348 potest

65 3341 136 3377 dici
157 3342 395 3379 venditionem
419 3344 561 3390 quidem
584 3356 659 3381 non
680 3345 861 3391 impediri,
886 3347 950 3383 sed
972 3348 1153 3392 exceptio-

65 3396 145 3422 nem
169 3387 337 3424 adversus
361 3394 556 3435 emptorem
578 3391 697 3426 locum
719 3391 872 3435 habere,
905 3392 937 3428 si
960 3396 1044 3428 ante
1067 3393 1153 3428 divi-

65 3431 137 3475 dat,
162 3443 269 3477 quam
293 3433 462 3470 divideret
483 3435 514 3472 is
538 3435 599 3481 qui
621 3435 788 3472 vendidit.

113 3474 163 3514 17
188 3476 348 3514 Psaros
373 3479 465 3516 libro
495 3483 601 3517 sexto
632 3481 684 3517 ad
704 3479 879 3518 Sabinum
926 3482 997 3518 Sed
1028 3486 1064 3518 et
1095 3493 1152 3519 so-

1241 306 1256 338 1
1304 302 1450 339 iudicio.
1499 303 1537 339 Si
1560 303 1702 340 absenti
1725 306 1931 342 renuntiata
1954 307 2110 344 societas
2134 308 2192 351 sit,
2218 308 2337 354 quoad

1236 348 1267 384 is
1291 348 1430 391 scierit,
1463 348 1560 394 quod
1582 349 1613 384 is
1638 349 1830 395 adquisivit
1852 352 1914 397 qui
1936 353 2155 389 renuntiavit
2177 354 2215 389 in
2239 364 2335 390 com-

1237 403 1344 430 mune
1366 394 1490 439 redigi,
1515 394 1768 430 detrimentum
1792 400 1913 432 autem
1936 398 2046 434 solius
2071 399 2147 435 eius
2173 409 2253 435 esse
2276 399 2338 445 qui

1236 439 1510 475 renuntiaverit:
1548 439 1612 476 sed
1635 440 1733 486 quod
1764 441 1894 477 absens
1924 443 2111 488 adquisiit,
2144 444 2191 480 ad
2221 445 2337 481 solum

1238 495 1319 521 eum
1342 485 1542 530 pertinere,
1575 485 1827 521 detrimentum
1851 488 1896 522 ab
1922 498 1963 524 eo
1986 488 2125 525 factum
2149 501 2338 526 commune

1238 533 1257 565 2
1305 540 1395 566 esse.
1444 531 1487 566 In
1510 530 1684 567 societate
1707 535 1827 567 autem
1851 533 2014 569 coeunda
2034 535 2122 570 nihil
2143 536 2272 572 attinet
2293 536 2337 572 de

1236 576 1502 612 renuntiatione
1523 586 1648 612 cavere
1660 577 1684 620 ⁸,
1709 577 1795 623 quia
1806 577 1885 623 ipso
1906 578 1983 614 iure
2005 580 2187 617 societatis
2208 581 2335 617 intem-

1236 621 1376 667 pestiva
1399 622 1616 658 renuntiatio
1641 622 1679 657 in
1703 623 1987 659 aestimationem
2011 626 2117 661 venit.

1286 663 1337 704 18
1371 666 1604 703 POMPONIUS
1635 667 1727 704 libro
1763 669 1868 704 tertio
1903 669 2040 705 decimo
2077 671 2127 706 ad
2160 670 2335 708 Sabinum

1237 711 1276 747 Si
1295 722 1418 748 servus
1438 713 1646 749 societatem
1667 713 1802 757 coierit,
1827 724 1900 749 non
1924 714 2089 758 sufficiet,
2114 716 2145 751 si
2168 717 2336 753 iubeatur

1236 768 1259 793 a
1283 757 1426 794 domino
1451 768 1575 795 servus
1599 759 1700 795 abire
1723 769 1746 795 a
1769 759 1961 803 societate,
1993 760 2057 796 sed
2081 762 2178 798 socio
2203 773 2333 798 renun-

1236 803 1399 839 tiandum
1423 807 1489 839 est.

1285 846 1336 886 19
1375 848 1573 885 ULPIANUS
1603 849 1696 886 libro
1732 851 1916 897 triqesz'mo
1952 851 2003 887 ad
2037 850 2212 888 Sabinum
2267 853 2335 898 Qui

1236 894 1435 930 admittitur
1467 895 1609 938 socius,
1642 895 1675 931 ei
1706 899 1849 932 tantum
1872 896 1993 932 socius
2018 901 2074 932 est
2097 898 2158 942 qui
2182 898 2334 942 admisit,

1237 940 1299 975 et⁹
1329 944 1446 976 recte:
1481 951 1563 976 cum
1587 940 1681 976 enim
1705 942 1860 978 societas
1885 952 2063 978 consensu
2088 943 2333 987 contrahatur,

1235 985 1356 1022 socius
1386 986 1474 1021 mihi
1506 996 1585 1022 esse
1616 997 1690 1022 non
1720 990 1843 1032 potest
1874 998 1979 1033 quem
2004 998 2069 1034 ego
2094 988 2232 1024 socium
2258 1000 2335 1025 esse

1235 1031 1335 1067 nolui
1348 1032 1386 1067 ¹⁰.
1424 1031 1510 1077 quid
1535 1042 1618 1078 ergo
1643 1032 1675 1068 si
1698 1033 1817 1068 socius
1852 1043 1952 1069 meus
1986 1044 2068 1070 eum
2100 1033 2267 1070 admisit?
2302 1036 2332 1074 ei

1235 1077 1302 1113 soli
1326 1077 1446 1113 socius
1471 1081 1526 1113 est

1281 1120 1334 1161 20
1359 1122 1470 1158 Imm
1484 1123 1577 1159 libro
1599 1123 1784 1170 triqesimo
1796 1125 1923 1171 primo
1945 1124 1995 1161 ad
2006 1124 2161 1162 edictum
2176 1126 2201 1147 ¹¹
2239 1128 2333 1168 (nam

1234 1168 1323 1204 socii
1346 1168 1417 1205 mei
1439 1168 1560 1205 socius
1584 1179 1685 1204 meus
1710 1169 1830 1206 socius
1854 1181 1928 1206 non
1953 1173 2019 1214 est)

1281 1211 1331 1251 21
1359 1213 1470 1250 IDEM
1489 1214 1580 1250 libro
1605 1215 1790 1261 triqesimo
1814 1216 1865 1251 ad
1882 1214 2057 1252 Sabinum
2105 1219 2141 1252 et
2164 1216 2336 1262 quidquid

1234 1259 1342 1296 fuerit
1365 1259 1409 1295 de
1433 1260 1607 1296 societate
1638 1264 1764 1296 nostra
1797 1265 2033 1305 consecutus,
2068 1272 2149 1297 cum
2180 1261 2241 1297 illo
2274 1262 2335 1308 qui

1235 1316 1316 1341 eum
1351 1305 1553 1358 adsumpsit
1589 1306 1885 1350 communicabit,
1923 1318 1990 1343 nos
2005 1308 2033 1328 ¹²
2065 1318 2147 1343 cum
2183 1317 2224 1343 eo
2260 1318 2334 1343 non

1234 1351 1590 1387 communicabimus.
1627 1351 1691 1387 sed
1722 1352 1859 1387 factum
1892 1352 1967 1388 eius
1998 1352 2244 1399 praestabitur
2274 1364 2332 1388 so-

1234 1397 1367 1440 cietati,
1390 1397 1428 1432 id
1452 1402 1507 1432 est
1531 1400 1614 1442 aget
1636 1397 1756 1433 socius
1778 1401 1813 1433 et
1833 1398 1997 1434 societati
2016 1398 2217 1444 praestabit
2237 1398 2332 1444 quod

1232 1441 1342 1477 fuerit
1366 1446 1592 1478 consecutus.

1279 1485 1334 1525 22
1373 1488 1498 1525 GAJUS
1533 1488 1625 1524 libro
1661 1488 1799 1525 decimo
1835 1489 1885 1524 ad
1918 1489 2074 1525 edictum
2103 1490 2334 1536 provinciale

1231 1534 1291 1569 Ex
1315 1533 1496 1570 contrario
1521 1533 1658 1570 factum
1683 1545 1826 1586 quoque
1849 1535 2028 1570 sociorum
2048 1534 2153 1570 debet
2174 1534 2206 1570 ei
2227 1545 2331 1580 prae-

1232 1583 1330 1615 stare
1354 1579 1461 1615 sicuti
1485 1590 1609 1622 suum,
1644 1590 1728 1625 qma
1751 1580 1830 1626 ipse
1853 1580 2025 1616 adversus
2050 1591 2112 1616 eos
2136 1580 2248 1616 habet
2270 1591 2330 1616 ac-

1232 1625 1374 1661 tionem.
1420 1625 1505 1660 item
1537 1629 1674 1661 certum
1706 1628 1762 1660 est
1793 1625 1881 1661 nihil
1910 1629 2032 1661 vetare
2066 1626 2166 1671 prius
2181 1626 2209 1647 ¹³
2239 1626 2333 1661 inter

1232 1681 1313 1706 eum
1337 1670 1398 1716 qui
1422 1670 1606 1706 admiserit
1629 1674 1666 1706 et
1690 1681 1771 1706 eum
1794 1671 1856 1716 qui
1881 1671 2057 1707 admissus
2081 1670 2192 1707 fuerit
2215 1672 2329 1708 socie-

1230 1716 1316 1751 tatis
1339 1716 1471 1752 iudicio
1496 1716 1571 1762 agi,
1606 1727 1713 1762 quam
1744 1716 1801 1763 agi
1831 1716 1982 1764 incipiat
2013 1717 2108 1754 inter
2132 1721 2269 1756 ceteros
2295 1724 2330 1756 et

1231 1772 1312 1797 eum
1337 1762 1398 1807 qui
1422 1761 1614 1798 admiserit.

1278 1804 1330 1844 23
1364 1807 1561 1843 ULPIANUS
1581 1807 1672 1843 libro
1697 1809 1882 1856 triqesimo
1902 1809 1953 1845 ad
1970 1808 2145 1846 Sabinum
2192 1810 2248 1846 De
2269 1810 2329 1846 illo

1230 1852 1450 1898 Pomponius
1483 1853 1642 1895 dubitat,
1679 1858 1799 1890 utrum
1831 1855 2009 1891 actionem
2042 1866 2123 1891 eum
2158 1856 2331 1892 mandare

1231 1899 1337 1934 sociis
1363 1898 1507 1941 sufficit,
1533 1903 1584 1941 ut,
1610 1899 1640 1934 si
1663 1898 1784 1935 facere
1807 1900 1865 1935 ille
1886 1912 1958 1936 non
1977 1901 2103 1946 possit,
2127 1901 2215 1936 nihil
2236 1902 2331 1937 ultra

1231 1944 1337 1979 sociis
1362 1948 1540 1989 praestet,
1575 1955 1621 1979 an
1654 1955 1737 1980 vero
1762 1945 1947 1981 indemnes
1973 1956 2035 1982 eos
2059 1950 2245 1992 praestare
2269 1947 2329 1982 de-

1230 1989 1325 2025 beat.
1371 1993 1406 2025 et
1438 1993 1526 2034 puto
1559 1990 1763 2026 omnimodo
1797 2002 1878 2026 eum
1914 1991 2029 2026 teneri
2064 1992 2139 2028 eius
2175 1993 2328 2036 nomine,

1230 2045 1336 2080 quem
1370 2035 1449 2080 ipse
1481 2035 1579 2071 solus
1615 2035 1777 2079 admisit,
1815 2037 1901 2082 quia
1937 2036 2083 2073 difficile
2115 2041 2169 2074 est
2200 2048 2330 2083 negare

1233 2083 1247 2114 1
1300 2080 1406 2126 culpa
1429 2081 1542 2125 ipsius
1575 2080 1780 2117 admissum.
1828 2082 1928 2118 Idem
1959 2083 2118 2128 quaerit,
2151 2094 2200 2118 an
2233 2094 2328 2119 com-

1229 2125 1386 2168 modum,
1408 2126 1504 2171 quod
1549 2130 1672 2172 ropter
1689 2126 1884 2163 admissum
1896 2129 2034 2164 socium
2047 2129 2211 2172 accessit,
2232 2140 2327 2165 com-

1229 2171 1374 2216 pensari
1399 2182 1480 2207 cum
1530 2182 1648 2215 amno,
1673 2172 1770 2217 quod
1794 2173 1902 2219 culpa
1926 2174 2103 2218 praebuit,
2128 2174 2267 2217 debeat,
2294 2179 2329 2210 et

1230 2217 1281 2251 ait
1294 2216 1610 2269 compensandum.
1637 2217 1734 2262 quod
1752 2228 1825 2254 non
1847 2223 1902 2254 est
1922 2229 2056 2262 verum,
2077 2230 2161 2255 nam
2181 2224 2216 2256 et
2228 2220 2327 2255 Mar-

1230 2262 1342 2298 cellus
1366 2262 1456 2298 hbro
1482 2266 1583 2298 sexto
1608 2262 1827 2308 digestorum
1852 2264 1995 2307 scribit,
2020 2265 2051 2300 si
2074 2276 2197 2301 servus
2221 2266 2327 2301 unius

1232 2317 1276 2342 ex
1288 2307 1395 2343 sociis
1408 2308 1574 2344 societati
1586 2318 1609 2343 a
1621 2308 1763 2345 domino
1776 2309 2003 2362 praepositus
2016 2311 2240 2356 neglegenter
2248 2321 2326 2346 ver-

1229 2356 1331 2388 satus
1355 2353 1412 2396 sit,
1438 2353 1620 2389 dominum
1636 2353 1801 2390 societati
1817 2366 1879 2400 qui
1896 2356 2144 2400 praeposuerit
2164 2360 2326 2402 praesta-

1229 2401 1351 2434 turum
1373 2408 1439 2434 nec
1465 2399 1769 2444 compensandum
1789 2401 2027 2444 commodum,
2052 2401 2148 2446 quod
2167 2411 2231 2447 per
2252 2412 2325 2437 ser-

1228 2454 1313 2478 vum
1347 2443 1513 2479 societati
1544 2444 1716 2488 accessit,
1753 2455 1835 2480 cum
1867 2445 2017 2481 damnoz
2055 2450 2091 2482 et
2120 2446 2173 2482 ita
2208 2446 2327 2482 divum

1228 2488 1394 2525 Marcum
1417 2489 1684 2534 pronuntiasse,
1709 2499 1776 2526 nec
1799 2501 1908 2536 posse
1932 2491 2002 2526 dici
2027 2491 2148 2527 socio:
2174 2492 2327 2528 ‘abstine

1229 2534 1449 2575 ‘commodo‚
1482 2535 1578 2580 quod
1600 2545 1667 2580 per
1690 2545 1831 2572 servum
1855 2536 2027 2579 accessit,
2060 2537 2091 2572 si
2104 2538 2131 2558 ¹⁴
2156 2537 2325 2573 damnum

1229 2580 1359 2625 ‘petia’

1275 2622 1329 2662 24
1353 2624 1461 2660 Imm
1480 2625 1572 2661 libro
1597 2626 1780 2672 triqesimo
1798 2626 1923 2672 primo
1947 2627 1998 2662 ad
2019 2626 2175 2663 edictum
2210 2628 2325 2664 Plane

1228 2670 1259 2706 si
1283 2670 1390 2707 ambo
1415 2671 1505 2706 socii
1529 2681 1668 2706 servum
1692 2670 1840 2707 alterius
1864 2672 2149 2718 praeposuerint,
2174 2683 2247 2709 non
2271 2677 2323 2709 te-

1227 2715 1372 2751 nebitur
1395 2715 1560 2752 dominus
1585 2716 1662 2751 eius
1686 2716 1847 2760 nomine,
1879 2717 1948 2753 nisi
1981 2717 2168 2753 dumtaxat
2192 2718 2237 2755 de
2259 2730 2322 2764 pe-

1228 2761 1341 2797 culio:
1375 2771 1562 2797 commune
1593 2761 1686 2797 enim
1716 2761 1915 2806 periculum
1946 2773 2026 2799 esse
2048 2767 2209 2809 oportet,
2242 2775 2323 2800 cum

1228 2806 1333 2842 ambo
1359 2816 1440 2842 eum
1462 2816 1739 2852 praeponamus.

1273 2849 1326 2888 25
1351 2851 1513 2887 PAULUS
1533 2852 1624 2888 libro
1648 2854 1754 2887 sexto
1779 2852 1830 2888 ad
1851 2851 2026 2889 Sabinum
2072 2853 2155 2890 Non
2176 2855 2222 2890 ob
2244 2865 2322 2891 eam

1225 2907 1301 2932 rem
1331 2896 1449 2932 minus
1480 2897 1526 2932 ad
1558 2896 1758 2941 periculum
1790 2898 1880 2933 socii
1902 2898 2058 2943 pertinet
2080 2900 2177 2952 quod
2202 2901 2321 2946 negle-

1224 2941 1345 2987 gentia
1370 2941 1446 2977 eius
1469 2942 1633 2987 perisset,
1658 2941 1756 2987 quod
1778 2942 1816 2978 in
1839 2943 2020 2989 plerisque
2043 2945 2122 2980 aliis
2146 2945 2322 2981 industria

1227 2987 1303 3023 eius
1328 2986 1482 3022 societas
1507 2988 1654 3022 aucta¹⁵
1677 2986 1824 3023 fuisset:
1858 2992 1895 3024 et
1917 2989 1987 3025 hoc
2011 3000 2056 3025 ex
2080 2991 2322 3036 appeHatione

1224 3032 1273 3068 im
1300 3035 1419 3068 erator
1442 3032 1696 3077 pronuntiavit.
1746 3065 1748 3067 ,

1247 3096 1249 3098 -
1273 3043 1327 3115 26
1359 3077 1556 3113 ULPIANUS
1587 3077 1678 3113 libro
1715 3079 1898 3125 triqesimo
1925 3080 2048 3125 primo
2081 3080 2132 3116 ad
2165 3081 2320 3116 edictum

1224 3122 1275 3158 Et
1305 3122 1385 3158 ideo
1418 3122 1449 3158 si
1480 3122 1599 3158 socius
1632 3123 1808 3168 quaedam
1839 3125 2064 3170 neglegenter
2086 3125 2124 3161 in
2148 3126 2320 3161 societate

1225 3168 1374 3213 egisset,
1406 3168 1444 3203 in
1467 3167 1646 3213 plerisque
1669 3172 1789 3204 autem
1813 3170 2021 3206 societatem
2045 3171 2222 3213 auxisset,
2247 3181 2318 3206 non

1225 3215 1480 3258 compensatur
1503 3213 1753 3258 compendium
1777 3225 1858 3250 cum
1882 3215 2123 3261 neglegentia,
2156 3219 2197 3251 ut
2219 3215 2317 3250 Mar-

1224 3258 1335 3294 cellus
1360 3258 1451 3294 libro
1476 3261 1578 3293 sexto
1603 3258 1819 3303 digestorum
1842 3261 1998 3296 scribsit.

1270 3301 1322 3340 27
1356 3303 1413 3339 ΡΑ
1421 3312 1518 3339 vsvs
1548 3303 1640 3339 libro
1673 3308 1779 3341 sexto
1810 3305 1861 3341 ad
1890 3305 2065 3342 Sabinum
2113 3304 2225 3340 Omne
2256 3314 2315 3339 aes

1224 3348 1396 3391 alienum,
1421 3347 1518 3394 quod
1540 3352 1707 3384 manente
1730 3350 1903 3387 societate
1927 3354 2153 3386 contractum
2177 3352 2248 3400 est,
2274 3348 2317 3383 de

1224 3393 1403 3429 communi
1437 3393 1646 3429 solvendum
1677 3398 1750 3438 est,
1782 3395 1867 3431 licet
1897 3399 2131 3441 posteaquam
2162 3397 2315 3429 soc1etas

1223 3438 1398 3474 distracta
1413 3439 1440 3460 ¹⁶
1464 3441 1520 3474 est
1542 3438 1700 3475 solutum
1712 3441 1739 3462 ¹⁷
1763 3441 1820 3476 sit.
1855 3441 1963 3486 igitur
1986 3444 2022 3476 et
2044 3441 2075 3476 si
2099 3440 2166 3475 sub
2192 3438 2314 3474 condi-

1223 3483 1325 3519 cione
1354 3483 1568 3528 promiserat
1599 3487 1635 3520 et
1666 3484 1840 3522 distracta
1871 3486 2043 3522 societate
2067 3483 2227 3520 condicio
2253 3493 2313 3518 ex-

65 3591 105 3632 (1)
129 3596 246 3633 operas
258 3592 293 3625 F
402 3594 445 3636 (2)
471 3596 521 3627 est
532 3595 569 3634 S,
583 3598 618 3628 et
627 3596 663 3629 F
780 3598 823 3639 (3)
848 3597 899 3629 vel
914 3596 1104 3629 aliuliberto
1116 3598 1151 3629 F

66 3636 108 3677 (4)
133 3635 283 3669 debitum
296 3637 343 3670 ΙΝ
355 3650 424 3671 cum
437 3639 482 3681 B,
496 3638 610 3673 debita
621 3639 716 3675 Fv-’S
784 3642 828 3683 (5)
851 3642 900 3675 εἰσ
912 3641 949 3682 S,
965 3642 1108 3674 societas
1118 3643 1153 3674 F

66 3681 110 3721 (6)
136 3681 260 3714 efficiet
271 3682 306 3715 F
399 3684 442 3724 (7)
468 3684 595 3726 accipit
607 3697 665 3718 om.
680 3686 710 3718 S
809 3687 853 3728 (8)
879 3686 1019 3719 eundem
1033 3688 1093 3720 ins.
1106 3687 1144 3726 F,

67 3737 125 3760 om.
139 3726 168 3760 S
292 3730 335 3771 (9)
361 3729 395 3760 et
405 3727 435 3762 S
447 3741 515 3763 cum
527 3730 574 3771 B,
586 3733 626 3762 ut
636 3731 672 3764 F
799 3731 858 3773 (ιο)
882 3732 931 3765 sic
942 3731 980 3772 S,
993 3731 1106 3764 uoluit
1116 3732 1151 3764 F

1217 3599 1271 3638 (11)
1298 3614 1341 3625 =
1354 3597 1401 3630 D.
1414 3598 1525 3640 50,17,
1539 3606 1585 3639 47,
1598 3599 1637 3633 1?

1217 3643 1275 3674 ins.
1290 3642 1328 3681 F,
1340 3654 1400 3677 om.
1414 3642 1444 3676 S
1557 3644 1616 3686 (14)
1640 3644 1671 3677 si
1684 3644 1722 3686 S,
1737 3657 1796 3678 om.
1810 3644 1846 3677 F

1217 3687 1275 3728 (16)
1302 3685 1455 3720 distraF
1541 3693 1599 3732 (17)
1624 3688 1821 3722 solvendum
1833 3703 1895 3724 scr.

1707 3601 1767 3643 (12)
1793 3600 1826 3633 ei
1838 3601 1897 3634 ins.
1910 3600 1950 3641 F,
1965 3612 2023 3633 om.
2038 3598 2068 3631 S
2137 3598 2195 3639 (13)
2209 3606 2313 3638 quam

1955 3645 2014 3686 (15)
2040 3646 2139 3675 aucta
2152 3642 2191 3684 S,
2207 3653 2267 3674 om.
2282 3639 2318 3673 F
