2528 3918
177 119 296 162 1216

224 239 278 278 22
313 241 435 277 omos
469 239 560 276 libro
599 243 729 286 quarto
770 240 819 275 ad
854 240 1006 276 edictum
1035 240 1260 286 provinciale

178 287 263 322 Plus
295 289 350 321 est
377 286 414 320 in
446 284 686 327 restitutione,
717 295 822 330 quam
851 285 889 320 in
911 285 1146 322 exhibitione:
1178 295 1260 320 nam

178 331 368 367 ‘exhibere'
394 334 449 366 est
471 330 708 375 praesentiam
733 341 795 365 cor
822 330 894 366 oris
923 331 1112 375 praebere,
1145 330 1259 365 ‘resti-

179 376 301 411 ‘tuere'
327 379 383 411 est
405 375 513 411 etiam
537 385 778 420 possessorem
797 341 922 411 {acere
947 376 1157 420 fructusque
1180 374 1259 410 red-

179 421 280 456 dere:
321 420 490 465 pleraque
524 423 712 465 praeterea
741 420 977 456 restitutionis
1008 420 1116 456 verbo
1148 420 1261 455 conti-

180 470 319 501 nentur.

225 509 278 548 23
319 510 513 546 ULPJANUS
548 510 639 545 libro
679 515 809 556 quarto
847 510 983 545 decimo
1022 508 1071 543 ad
1108 509 1262 543 edictum

181 555 269 591 ‘Rei'
294 565 317 589 a
341 555 534 600 pellatione
557 558 595 590 et
618 564 749 590 causae
772 559 809 591 et
830 555 910 590 iura
934 554 1171 590 continentur.

226 598 280 637 24
344 609 438 635 AJUS
477 600 567 635 libro
608 604 714 635 sexto
756 600 806 635 ad
846 600 999 635 edictum
1035 598 1264 644 provinciale

180 645 277 680 Nihil
300 648 357 680 est
386 644 484 680 aliud
520 644 720 681 ‘hereditas'
761 655 867 690 quam
901 644 1081 680 successio
1114 644 1152 679 in
1182 642 1262 678 uni-

180 700 320 725 versum
343 690 400 725 ius
424 689 519 734 quod
542 689 731 725 defunctus
754 690 891 725 habuit.

226 733 278 772 25
312 733 367 769 ΡΑ
376 744 470 770 ULUS
509 735 600 770 libro
636 736 827 770 vicensimo
858 735 982 781 primo
1023 733 1073 768 ad
1110 732 1263 769 edictum

180 780 293 815 Recte
330 779 479 815 dicimus
518 789 599 815 eum
636 779 787 815 fundum
824 783 938 815 totum
975 782 1137 814 nostrum
1174 787 1262 821 esse,

180 825 287 860 etiam
311 827 412 860 cum¹
437 835 524 860 usus
548 824 687 860 fructus
709 826 845 860 alienus
866 828 931 868 est,
956 825 1041 869 quia
1060 834 1146 859 usus
1165 822 1262 858 fruc-

181 874 239 905 tus
262 881 334 906 non
358 869 503 905 dominii
553 880 628 912 ars,
661 870 723 905 sed
747 869 951 905 servitutis²
975 869 1039 912 sit,
1070 872 1112 904 ιιι
1141 867 1200 903 via
1228 871 1265 902 et

179 916 264 950 iter:
304 925 370 950 nec
402 914 494 950 falso
554 915 598 950 'ci
628 918 743 950 totum
774 925 891 949 meum
922 923 1018 957 esse,
1057 913 1159 949 cuius
1192 923 1264 948 non

180 963 299 1005 potest
321 960 395 995 ulla
418 970 502 1005 pars
527 959 597 995 dici
627 960 773 995 alterius
803 969 892 995 esse.
939 960 1009 995 hoc
1033 963 1069 994 et
1090 958 1263 999 Iulianus,

183 1010 197 1040 1
249 1009 285 1040 et
306 1008 362 1040 est
383 1005 512 1040 verius.
548 1004 700 1048 Quintus
724 1005 866 1039 Mucius
891 1003 943 1039 ait
964 1004 1079 1049 partis
1103 1014 1150 1049 ap
1178 1003 1263 1038 ella-

180 1050 277 1086 tione
307 1060 380 1086 rem
410 1060 478 1095 pro
507 1050 657 1085 indiviso
693 1049 906 1094 significari:
943 1060 1026 1084 nain
1066 1059 1135 1094 quo
1198 1058 1263 1093 pro

180 1095 318 1131 diviso³
340 1100 501 1131 nostrum
526 1094 582 1137 sit,
610 1095 647 1129 id
670 1105 742 1130 non
765 1098 915 1140 partem,
947 1094 1010 1130 sed
1033 1097 1148 1129 totum
1173 1103 1262 1129 esse.

180 1140 323 1193 Servius
351 1150 427 1193 non
452 1140 676 1193 ineleganter
709 1140 822 1185 partis
855 1139 1096 1185 appellatione
1127 1142 1263 1174 utrum-

180 1195 288 1268 ι111268
290 1185 537 1267 Ξέῃῦἶοιῗιῖινυε
576 1229 667 1266 libro
704 1234 810 1282 serto
846 1229 983 1282 decimo
1025 1229 1075 1265 ad
1111 1229 1264 1282 ediofum

180 1275 329 1328 Partum
359 1286 431 1311 non
462 1285 541 1327 esse
564 1278 703 1320 partem
725 1285 778 1328 rei
800 1274 954 1341 ²furtivae
978 1274 1149 1311 Scaevola
1171 1274 1264 1310 libro

180 1320 853 1411 υῃὲξωῗιιιέἓυέἒξὲωέῗέηῗέ1.(ιίἓὲτῶιο
878 1365 928 1400 ad
946 1365 1100 1401 edictum
1148 1364 1264 1409 ‘Ager'

183 1414 197 1446 1
249 1414 305 1446 est
327 1411 440 1452 locus,
465 1410 524 1455 qui
549 1410 624 1446 sine
643 1410 726 1445 villa
744 1413 810 1446 est.
860 1410 1104 1455 ‘Stipendium’
1129 1420 1151 1445 a
1175 1410 1267 1455 stipe

180 1456 397 1536 apfiellatum
422 1459 487 1497 est,
536 1455 607 1490 uod
631 1466 696 1500 per
719 1455 840 1500 stipes,
868 1454 905 1490 id
930 1459 984 1491 est
1007 1454 1147 1491 modica
1170 1465 1265 1497 aera,

180 1511 223 1537 co
251 1501 378 1546 igatur.
414 1500 507 1536 idem
553 1511 596 1536 oc
616 1500 722 1536 etiam
742 1500 939 1536 ‘tributum'
964 1511 1011 1546 ap
1038 1500 1139 1536 ellari
1159 1499 1265 1535 Pom-

178 1547 307 1627 gonius
338 1546 400 1581 ait.
448 1549 483 1580 et
515 1556 602 1582 sane
632 1545 836 1592 appellatur
865 1546 911 1582 ab
938 1545 1172 1582 intributione
1203 1545 1266 1580 tri-

204 1594 305 1626 utum
328 1591 383 1626 vel
405 1601 451 1626 ex
474 1600 516 1626 eo
542 1590 637 1635 quod
660 1590 830 1626 militibus
854 1591 1047 1626 tribuatur.

225 1633 279 1674 28
313 1635 371 1672 ΡΑ
379 1646 474 1672 Ubus
513 1636 604 1672 libro
638 1636 829 1672 vicensimo
862 1637 987 1683 primo
1027 1635 1078 1672 ad
1111 1635 1265 1671 edictum

180 1681 440 1717 ‘Alienationis’
475 1681 622 1717 verbum
655 1680 764 1717 etiam
798 1681 1055 1726 usucapionem
1089 1681 1264 1717 continet:

178 1727 237 1762 vix
259 1730 316 1762 est
340 1726 450 1770 enim,
482 1730 524 1762 ut
546 1736 618 1762 non
641 1726 803 1762 videatur
831 1726 1006 1769 alienare,
1038 1725 1100 1772 qui
1129 1726 1267 1772 patitui·

179 1771 342 1818 usucapi.
374 1781 455 1807 eum
473 1782 614 1817 quoque
630 1771 787 1807 alienare
804 1771 947 1816 dicitur,
968 1771 1029 1817 qui
1044 1782 1116 1807 non
1132 1770 1266 1807 utendo

179 1817 298 1853 amisit
319 1817 517 1852 servitutes.
566 1816 627 1862 qui
651 1816 840 1852 occasione
868 1816 1078 1862 adquirendi
1101 1827 1173 1852 non
1196 1815 1265 1851 uti-

178 1866 257 1904 tur,
282 1872 354 1898 non
377 1861 595 1907 intellegitur
618 1862 792 1898 alienare:
818 1862 926 1898 veluti
949 1861 1012 1907 qui
1033 1861 1266 1897 hereditatem

179 1907 311 1943 omittit
333 1911 396 1942 aut
419 1907 598 1952 optionem
622 1907 717 1942 intra
737 1910 874 1943 certum
893 1911 1036 1953 tempus
1054 1906 1175 1942 datam
1193 1917 1266 1942 non

182 1957 197 1988 1
247 1952 486 1998 amplectitur.
540 1951 682 1995 Oratio,
713 1962 804 1996 quae
833 1962 949 1997 neque
981 1952 1267 1988 coniunctionem

179 2008 294 2043 neque
323 1997 593 2034 disiunctionem
623 1997 750 2040 habet,
780 2007 826 2033 ex
853 2001 971 2033 mente
999 1997 1267 2044 pronuntiantis

179 2043 232 2079 vel
257 2043 437 2079 disiuncta
460 2042 516 2078 vel
539 2042 731 2078 coniuncta
753 2042 937 2088 accipitur.

226 2086 280 2126 29
311 2087 420 2124 loen
456 2087 548 2123 libro
585 2088 840 2134 sexagensimo
880 2091 986 2123 sexto
1025 2087 1076 2123 ad
1112 2087 1266 2123 edictum

181 2133 476 2169 coniunctionem
514 2132 607 2168 enim
635 2142 900 2178 nonnumquam
929 2143 997 2178 pro
1028 2132 1267 2168 disiunctione

179 2178 296 2224 accipi
318 2178 443 2214 Labeo
467 2177 535 2213 ait:
560 2181 601 2213 ιιι
619 2177 657 2213 in
674 2177 737 2213 illa
755 2178 985 2238 stipulatione
1010 2177 1108 2212 ‘mihi
1126 2177 1265 2213 heredi-

180 2226 261 2269 ‘que
283 2233 361 2259 meo
385 2227 421 2258 te
443 2222 679 2269 heredemque
701 2226 804 2258 tuum
818 2249 827 2258 .

226 2266 280 2306 30
315 2268 439 2305 GAJUS
473 2268 566 2304 libro
599 2269 751 2315 septimo
783 2268 833 2303 ad
860 2268 1014 2304 edictum
1037 2267 1267 2315 provinciale

181 2313 289 2350 ‘Silva
317 2313 465 2349 caedua'
495 2316 569 2356 est,
598 2317 640 2349 ut
667 2313 813 2359 quidam
843 2317 991 2359 putant,
1021 2323 1114 2359 quae
1135 2312 1174 2348 in
1196 2312 1266 2349 hoc

180 2359 344 2401 habetur,
369 2362 409 2394 ιιι
428 2358 649 2394 caederetur.
686 2358 828 2395 Servius
852 2369 931 2395 eam
954 2368 1043 2401 esse,
1069 2368 1161 2404 quae
1183 2368 1265 2394 suc-

181 2404 257 2440 cisa
292 2415 418 2439 rursus
454 2414 499 2439 ex
536 2403 709 2449 stirpibus
746 2407 810 2439 aut
840 2403 1022 2439 radicibus
1053 2403 1265 2439 renascitur.

184 2453 198 2484 1
249 2449 401 2495 ‘Stipula
419 2449 550 2484 illecta·
575 2453 631 2484 est
653 2449 775 2502 spicae
798 2448 837 2484 in
859 2459 976 2484 messe
999 2448 1160 2484 deiectae
1182 2459 1266 2484 nec-

180 2494 263 2530 dum
294 2494 426 2537 lectae,
465 2504 554 2539 quas
583 2494 711 2530 rustici
740 2504 821 2530 cum
849 2493 1055 2530 vacaverint
1084 2493 1264 2539 colligunt.

181 2543 202 2575 2
249 2539 422 2575 ‘Novalis’
446 2544 502 2574 est
524 2543 621 2575 terra
643 2539 809 2585 praecisa
818 2540 843 2583 ⁶,
891 2549 959 2574 uae
983 2549 1077 2574 anno
1102 2538 1267 2581 cessavit,

181 2589 200 2620 3
248 2594 355 2630 quam
372 2584 502 2620 Graeci
524 2586 669 2619 νέασινΊ
693 2587 834 2620 vocant.
873 2587 882 2603 ‘
903 2585 1037 2628 ntegra’
1061 2587 1182 2620 autem
1202 2587 1267 2627 est,

179 2630 216 2665 in
240 2639 345 2674 quam
369 2629 526 2665 nondum
551 2629 715 2665 dominus
737 2629 910 2675 pascendi
933 2628 1050 2674 gratia
1072 2639 1183 2674 pecus
1201 2629 1267 2664 im-

180 2679 200 2710 4
248 2675 353 2710 misit.
402 2675 525 2710 ‘Glans
550 2674 700 2710 caduca’
732 2678 805 2717 est,
837 2685 928 2719 quae
951 2684 996 2710 ex
1019 2674 1150 2710 arbore
1174 2674 1266 2710 ceci-

180 2724 200 2755 5
248 2719 310 2754 dit.
358 2719 512 2755 ‘Pascua
543 2720 645 2755 silva’
677 2721 749 2762 est,
787 2729 880 2765 quae
911 2719 1057 2765 pastui⁸
1089 2719 1267 2765 pecudum

180 2764 358 2800 destinata
381 2769 445 2800 est.

226 2807 277 2847 31
323 2809 519 2846 Uipsanas
556 2808 647 2845 libro
687 2812 813 2845 octavo
851 2809 988 2845 decimo
1027 2809 1078 2844 ad
1112 2809 1267 2845 edictum

181 2855 352 2890 ‘Pratum’
376 2858 447 2897 est,
478 2853 515 2889 in
539 2865 609 2900 quo
633 2853 679 2889 ad
702 2853 859 2890 fructum
883 2853 1151 2900 percipiendum
1175 2853 1267 2890 falce

180 2900 368 2935 dumtaxat
390 2909 482 2944 opus
506 2903 579 2934 est:
603 2909 648 2935 ex
671 2909 714 2935 eo
738 2899 884 2942 dictum,
912 2899 1008 2945 quod
1031 2904 1197 2945 paratum
1222 2899 1268 2935 sit

180 2945 225 2980 ad
248 2945 405 2980 fructum
431 2944 652 2989 capiendum.

228 2987 282 3028 32
312 2989 471 3025 Paulos
502 2989 593 3025 libro
629 2990 820 3025 vicensimo
858 2993 989 3036 quarto
1028 2989 1079 3026 ad
1112 2990 1266 3026 edictum

179 3035 313 3115 iMinus
342 3034 512 3071 solutum'
542 3034 758 3079 intellegitur
789 3034 895 3070 etiam
923 3034 953 3071 si
978 3034 1067 3070 nihil
1091 3038 1186 3071 esset
1208 3044 1266 3071 so-

194 3084 305 3115 utum.

226 3123 278 3162 33
312 3124 506 3160 Uhmaiws
533 3124 625 3160 libro
648 3124 839 3160 vicensimo
856 3125 1006 3172 primo‘
1037 3124 1088 3160 ad
1111 3124 1266 3161 edictum

180 3170 327 3205 ‘Palam’
351 3175 407 3206 est
430 3179 550 3205 coram
574 3168 746 3215 pluribus.

226 3212 280 3252 34
312 3214 472 3250 Panas
506 3214 598 3250 libro
634 3214 825 3250 vicensimo
863 3218 994 3261 quarto
1030 3215 1081 3251 ad
1111 3215 1265 3252 edictum

180 3260 365 3295 ‘Actionis’
390 3259 497 3294 verbo
522 3259 628 3294 etiam
651 3259 853 3304 persecutio
878 3260 1093 3295 continetur.

226 3303 279 3342 35
304 3303 412 3340 Imm
439 3304 530 3340 libro
558 3305 709 3350 septimo
739 3304 875 3340 decimo
906 3304 957 3339 ad
978 3305 1134 3341 edictum
1182 3306 1264 3341 ‘Re-

181 3349 349 3385 ·stituere’
380 3353 500 3384 autem
528 3349 559 3383 is
584 3349 682 3383 intell
727 3348 813 3390 'tur,
843 3349 904 3394 qui
928 3349 1033 3385 simul
1057 3355 1094 3386 et
1117 3360 1264 3386 causam

180 3394 294 3429 actori
324 3393 459 3434 reddit,
498 3404 604 3439 quam
640 3394 670 3429 is
732 3394 895 3429 abiturus
928 3399 1041 3438 esset,
1079 3396 1109 3431 si
1143 3396 1265 3430 statim

180 3439 300 3474 iudicii
324 3439 463 3484 accepti
487 3443 645 3484 tempore
669 3449 726 3474 res
751 3438 783 3474 ei
807 3438 946 3474 reddita
968 3439 1114 3483 fuisset,
1147 3440 1186 3475 id
1209 3444 1265 3476 est

180 3489 216 3519 et
240 3483 468 3530 usucapionis
493 3493 637 3519 causam
661 3487 697 3520 et
718 3483 912 3519 fructuum.

179 3598 220 3637 (ι)
243 3596 381 3630 miuus
470 3598 512 3636 (2)
537 3596 677 3630 sei-vitus
693 3596 770 3630 Hal.
863 3597 909 3638 (a)
934 3596 1124 3631 sicfflcum
1140 3598 1184 3637 Β,
1225 3608 1264 3630 ro

181 3643 323 3675 indiviso
346 3643 390 3675 F·
469 3644 514 3682 (4)
537 3658 581 3671 ==
597 3642 638 3674 D.
653 3643 708 3684 4¹,
726 3649 754 3682 ³,
772 3649 816 3680 ιο,
835 3649 853 3676 2
933 3643 976 3682 (5)
1002 3641 1159 3674 Scaevola
1174 3641 1201 3675 li
1226 3653 1264 3674 ro

183 3687 355 3719 undecimo
378 3687 607 3728 quaestionum
632 3685 747 3718 scribit
843 3696 903 3719 nec
928 3686 1015 3719 enim
1040 3696 1106 3719 ene
1128 3690 1262 3729 pai-tum

181 3741 225 3763 tul
251 3732 391 3763 furtivae
411 3734 536 3773 partem
559 3731 601 3764 D.
627 3732 646 3764 1.
662 3743 741 3776 yem.
852 3734 898 3772 (6)
923 3731 1080 3774 pronciat!
1102 3731 1262 3764 Budaeus

1250 113 1332 160 858

1456 14 1461 55 ί

1467 53 1527 130 Ὗ

2076 129 2138 159 DE
2170 128 2410 161 VERBORUM

1375 238 1448 277 36*
1466 239 1659 276 Uimnvs
1695 240 1785 277 libro
1816 241 2005 277 vicensimo
2039 242 2144 278 tertio
2177 245 2230 278 aa
2256 243 2409 279 edictum

1331 285 1444 338 ‘Litis’
1470 295 1599 320 nomen
1623 295 1761 321 omnem
1784 286 1960 322 actionem
1980 286 2168 331 significat,
2193 287 2318 323 sivein
2338 298 2409 322 rein

1331 340 1403 365 sive
1427 340 1464 364 in
1511 340 1676 366 ersonam
1699 331 1756 366 sit.

1377 372 1429 411 37
1495 385 1621 411 Avhvs
1657 376 1748 411 libro
1791 377 1980 412 vicensimo
2022 381 2126 412 sexto
2169 376 2219 412 ad
2258 377 2410 413 edictum

1331 420 1489 455 Verbum
1525 421 1712 465 ‘oportere’
1747 431 1820 456 non
1856 421 1902 456 ad
1933 422 2142 457 facultatem
2172 421 2300 457 iudicis
2331 432 2410 467 per·

1331 464 1435 508 tinet,
1468 465 1531 514 qui
1561 468 1681 509 potest
1703 466 1758 500 vel
1781 465 1894 511 plurIs
1917 467 1971 502 vel
1996 466 2141 502 minoris
2165 466 2411 508 condemnare,

1332 509 1395 545 sed
1419 510 1465 545 ad
1488 510 1672 545 veritatem
1696 509 1860 546 refertur.

1377 552 1430 592 38
1462 554 1656 590 ULPJANUS
1675 555 1775 594 ,libro
1804 556 1993 591 vicensimo
2024 557 2149 602 quinto
2182 556 2231 591 ad
2259 555 2411 591 edictum

1333 599 1542 635 ‘Ostentum'
1568 600 1690 636 Labeo
1724 599 1847 635 definit
1878 611 1981 636 omne
2013 605 2139 637 contra
2162 604 2326 636 naturam
2350 611 2412 635 cu-

1332 644 1460 690 iusque
1492 644 1543 680 rei
1572 644 1729 690 genitum
1760 644 1976 690 factumque.
2028 646 2097 682 duo
2131 655 2261 692 genera
2294 650 2412 680 autem

1332 694 1417 725 sunt
1440 693 1679 725 ostentorum:
1712 701 1840 732 unum,
1866 690 2027 743 quotiens
2051 691 2136 736 quid
2161 695 2286 726 contra
2309 695 2412 725 natu·

1332 745 1408 770 ram
1439 735 1615 787 nascitur,
1649 735 1764 770 tribus
1778 736 1952 788 ·mambus
1975 735 2068 771 forte
2092 741 2155 771 aut
2178 735 2328 789 pedib-us
2352 739 2414 769 aut

1332 781 1499 868 3323&
1514 784 2116 870 333252‘1133351213333123353
2136 783 2415 871 {afflasset

1333 883 1478 952 φαέξασ
1491 875 1737 951 Ῐῦἵυέοἳιῖῗὲ
1766 916 2090 967 ᾳᾳίηςιιαρεηείηιο
2123 915 2227 967 tertio
2251 914 2301 950 ad
2322 913 2415 950 edic-

1335 964 1408 995 tum
1461 959 1739 1005 ‘Subsignatum’
1777 960 1923 1003 dicitur,
1959 960 2055 1004 quod
2092 960 2137 995 ab
2173 960 2292 1005 aliquo
2330 959 2413 994 sub·

1333 1005 1505 1050 scriptum
1535 1009 1606 1040 est:
1640 1015 1722 1040 nam
1754 1009 1890 1041 veteres
1920 1005 2195 1050 subsignationis
2218 1004 2326 1040 verbo
2349 1014 2415 1049 pro

1339 1054 1351 1085 l
1402 1050 1643 1095 adscriptione
1659 1050 1712 1085 uti
1733 1050 1908 1086 solebant.
1940 1051 2064 1086 ‘Bona'
2083 1050 2338 1094 intelleguntur
2353 1059 2414 1084 cu-

1335 1098 1355 1130 2
1400 1096 1539 1141 iusque,
1564 1105 1656 1141 quae
1679 1095 1831 1131 deducto
1856 1105 1939 1131 aere
1958 1095 2073 1131 alieno
2092 1106 2135 1131 su
2161 1101 2295 1130 ersunt.
2333 1093 2416 1128 ‘De-

1335 1144 1354 1175 3
1402 1140 1546 1176 ‘testari'
1583 1144 1638 1176 est
1675 1140 1816 1176 absenti
1851 1140 2071 1176 denuntiare.
2127 1144 2136 1160 ‘
2182 1144 2300 1175 certus
2331 1149 2415 1184 pos-

1335 1187 1473 1221 ‘sessor'
1499 1189 1563 1230 est,
1588 1196 1691 1231 quem
1714 1185 1928 1231 ignoramus.

1380 1229 1433 1269 40
1465 1230 1660 1267 [amm
1678 1230 1770 1267 libro
1791 1231 2115 1277 quinquaqensimo
2131 1235 2237 1266 sexto
2257 1229 2307 1264 ad
2325 1227 2416 1263 edic·

1335 1278 1408 1311 tum
1421 1277 1448 1297 ¹¹
1496 1275 1720 1312 ‘Detestatio’
1750 1280 1806 1311 est
1834 1275 2054 1311 denuntiatio
2081 1275 2180 1311 facta
2203 1285 2284 1310 cum
2306 1276 2416 1308 testa-

1338 1324 1350 1356 1
1401 1320 1509 1357 ιίοιιε.
1536 1320 1657 1356 ‘Servi’
1674 1331 1720 1366 ap
1747 1320 1868 1357 ellatio
1886 1321 1991 1356 etiam
2007 1320 2053 1356 ad
2070 1320 2237 1356 ancillam
2252 1318 2416 1354 refertur.

1335 1368 1355 1401 2
1403 1365 1597 1402 ‘Familiae’
1628 1331 1867 1411 appellatione
1890 1366 1991 1401 liberi
2015 1375 2156 1411 quoque
2180 1364 2415 1415 continentur.

1335 1413 1354 1446 3
1401 1411 1537 1447 Unicus
1568 1421 1690 1447 servus
1721 1410 1877 1446 familiae
1901 1411 2139 1457 appellatione
2162 1421 2234 1446 non
2258 1413 2416 1445 contine·

1333 1459 1410 1492 tur:
1435 1467 1480 1492 ne
1503 1456 1573 1492 duo
1598 1455 1740 1501 quidem
1763 1455 1934 1491 familiam
1956 1456 2105 1491 faciunt.

1381 1500 1430 1538 41
1462 1501 1586 1537 GAws
1615 1501 1706 1537 libro
1729 1501 1921 1537 vicensimo
1939 1502 2064 1553 primo
2087 1500 2138 1536 ad
2158 1500 2310 1536 edictum
2327 1509 2401 1545 pro

1334 1546 1488 1583 vinciale
1534 1546 1746 1582 ‘Armorum’
1778 1546 1971 1599 appellatio
2001 1557 2073 1582 non
2102 1545 2224 1591 utique
2253 1548 2356 1581 scuta
2382 1547 2416 1578 et

1333 1591 1470 1636 gladios
1494 1594 1530 1627 et
1551 1591 1671 1636 galeas
1695 1591 1726 1627 si
1775 1591 1888 1633 neat,
1920 1591 1982 1627 sed
2012 1595 2050 1627 et
2071 1591 2186 1627 fustes
2210 1593 2246 1626 et
2267 1587 2415 1634 lapides.

1380 1634 1435 1674 42
1473 1635 1668 1672 Uimivvs
1702 1636 1731 1671 li
1752 1647 1794 1671 ro
1852 1637 1913 1672 uin
1941 1637 2150 1683 uaqensimo
2182 1635 2334 1682 septimo
2370 1631 2418 1668 ad

1335 1681 1490 1717 edictum
1537 1681 1735 1717 ‘Probrum'
1754 1684 1790 1716 et
1803 1691 1824 1717 o
1851 1647 2033 1726 progrium
2048 1681 2142 1716 idem
2153 1680 2182 1703 ¹²
2196 1683 2266 1732 est.
2284 1678 2419 1732 probra

1336 1726 1512 1772 quaedam
1540 1729 1672 1761 natura
1700 1726 1820 1771 turpia
1851 1730 1954 1766 sunt.
1992 1726 2166 1771 quaedam
2202 1724 2351 1761 civihter
2384 1726 2419 1758 et

1335 1772 1437 1817 quasi
1468 1781 1567 1807 more
1597 1771 1759 1807 civitatis.
1815 1774 1856 1807 ut
1891 1775 1980 1817 puta
2016 1771 2169 1814 furtum,
2206 1768 2416 1806 adulterium

1336 1821 1465 1852 natura
1488 1821 1593 1862 turpe
1616 1820 1687 1852 est:
1713 1816 1889 1852 enimvero
1913 1817 2047 1852 tutelae
2071 1815 2233 1852 damnari
2255 1814 2325 1850 hoc
2346 1823 2419 1849 non

1336 1866 1467 1898 natura
1495 1862 1666 1907 probrum
1698 1865 1768 1904 est,
1801 1861 1865 1897 sed
1893 1872 1991 1898 more
2021 1861 2193 1898 civitatis:
2228 1869 2295 1896 nec
2326 1857 2418 1895 enim

1335 1909 1466 1943 natura
1494 1907 1666 1952 probrum
1690 1908 1760 1950 est,
1793 1906 1889 1952 quod
1911 1910 2032 1953 potest
2055 1907 2160 1942 etiam
2182 1906 2221 1942 in
2242 1903 2418 1941 hominem

1334 1952 1502 1988 idoneum
1523 1952 1691 1988 incidere.

1381 1995 1434 2035 43
1460 1997 1566 2033 Imm
1586 1997 1677 2033 libro
1701 1997 2026 2044 quinquaqensimo
2045 1999 2170 2034 octavo
2194 1995 2244 2032 ad
2265 1994 2418 2031 edictum

1335 2042 1455 2079 Verbo
1481 2041 1617 2079 ‘victus'
1641 2042 1886 2084 continentur,
1919 2052 2013 2088 quac
2041 2042 2119 2078 esui
2148 2040 2319 2093 potuique
2343 2039 2417 2075 cul-

1335 2089 1460 2141 tuique
1490 2087 1650 2133 corporis
1675 2097 1836 2132 quaeque
1860 2087 1906 2122 ad
1929 2087 2117 2123 vivendum
2139 2085 2274 2122 homini
2295 2094 2417 2120 neces-

1336 2143 1431 2215 {aria
1453 2136 1547 2170 sunt.
1595 2136 1728 2169 vestem
1752 2142 1893 2178 quoque
1915 2132 2031 2169 victus
2057 2131 2190 2168 habere
2212 2130 2325 2167 vicem
2347 2129 2419 2165 La—

1362 2189 1404 2215 εο
1429 2178 1498 2215 ait:

1381 2222 1435 2260 44
1472 2223 1598 2260 Guvs-
1630 2223 1722 2260 libro
1761 2223 1952 2259 vicensimo
1990 2222 2148 2259 secundo
2182 2220 2234 2257 ad
2265 2220 2419 2256 edictum

1329 2267 1559 2315 provinciale
1604 2271 1640 2304 et
1664 2270 1800 2312 cetera,
1825 2267 1955 2313 quibus
1977 2267 2101 2303 tuendi
2124 2265 2317 2303 curandive
2339 2274 2419 2300 cor·

1334 2313 1432 2359 poris
1465 2312 1581 2349 nostri
1608 2313 1725 2358 gratia
1753 2313 1900 2357 utimur,
1941 2323 1984 2349 ea
2017 2311 2255 2359 appellatione
2287 2308 2418 2355 signifi-

1335 2362 1472 2394 cantur.

1380 2402 1434 2441 45
1474 2402 1669 2439 Uimnos
1709 2403 1799 2439 libro
1841 2403 2164 2449 quinquaqensimo
2205 2404 2342 2452 octavo·
2371 2398 2421 2434 ad

1335 2449 1489 2485 edictum
1547 2448 1590 2483 In
1632 2449 1771 2483 ‘stratu'
1815 2458 1918 2483 omne
1959 2447 2206 2484 vestimentum
2248 2449 2419 2481 contineri

1337 2493 1432 2539 quod
1461 2493 1629 2529 iniciatur
1659 2493 1781 2529 Labeo
1812 2493 1878 2528 ait:
1910 2502 2025 2537 neque
2055 2492 2149 2528 enim
2177 2490 2325 2526 dubium
2354 2494 2418 2531 est,

1336 2539 1421 2585 quin
1450 2538 1610 2584 stragula
1637 2538 1745 2574 vestis
1774 2538 1822 2574 sit
1851 2547 1954 2573 omne
1977 2537 2144 2583 pallium,
2174 2539 2417 2582 περίστρωμα.

1335 2584 1372 2620 in
1395 2583 1492 2619 victu
1505 2584 1532 2605 ¹³
1563 2593 1647 2629 ergo
1671 2586 1805 2619 vestem
1828 2583 2043 2629 accipiemus
2072 2593 2143 2618 non
2173 2579 2367 2626 stragulam
2380 2580 2419 2620 ¹⁴,

1335 2629 1372 2665 in
1397 2632 1513 2665 stratu
1536 2638 1675 2665 omnem
1698 2628 1895 2673 stragulam
1918 2631 2061 2664 vestem.

1382 2671 1436 2712 46
1460 2673 1568 2709 [neu
1595 2673 1685 2710 libro
1717 2674 2041 2737 quinquaqensimo
2070 2683 2166 2708 nono
2195 2671 2245 2707 ad
2266 2669 2418 2722 edictum

1337 2719 1637 2755 ‘Pronuntiatum'
1661 2722 1698 2754 et
1733 2719 1920 2754 statutum’
1943 2717 2037 2754 idem
2059 2719 2196 2764 potest:
2246 2723 2420 2751 romiscue

1336 2764 1430 2801 enim
1454 2767 1492 2800 et
1514 2763 1765 2809 pronuntiasse
1790 2766 1826 2799 et
1844 2763 2014 2799 statuisse
2034 2763 2189 2799 solemus
2246 2769 2419 2813 cere‘eos,

1342 2813 1354 2844 1
1405 2810 1465 2855 qui
1498 2809 1556 2845 ius
1590 2809 1727 2845 habent
1758 2807 2005 2853 cognoscendi.
2061 2807 2226 2843 ‘Matrem
2254 2804 2418 2841 familias'

1336 2855 1500 2900 accipere
1539 2853 1708 2890 debemus
1736 2863 1835 2897 eam,
1873 2863 1967 2899 quae
1995 2863 2068 2889 non
2098 2852 2286 2888 inhoneste
2312 2849 2418 2903 yixit:

1336 2904 1485 2935 matrem
1508 2899 1601 2935 enim
1623 2899 1778 2935 familias
1801 2908 1824 2934 a
1848 2898 1976 2935 ceteris
1994 2897 2132 2934 feminis
2150 2906 2267 2932 mores
2286 2894 2418 2931 discer-

1336 2948 1427 2980 nunt
1450 2948 1557 2990 atque
1581 2948 1760 2990 separant.
1807 2943 1957 2989 proinde
1985 2943 2072 2978 nihil
2099 2941 2277 2983 intererit,
2306 2943 2419 2984 nupta

1336 2991 1384 3026 sit
1412 2999 1460 3025 an
1489 2989 1613 3032 vidua,
1641 2990 1798 3034 ingenua
1828 2988 1876 3025 sit
1904 2999 1950 3024 an
1979 2987 2165 3024 libertina:
2195 2996 2278 3022 nam
2307 2994 2420 3028 neque

1335 3035 1482 3116 ibiuptiae
1505 3044 1620 3080 neque
1643 3034 1782 3070 natales
1806 3034 1945 3070 faciunt
1973 3037 2122 3069 matrem
2151 3031 2324 3071 familias,
2356 3028 2418 3064 sed

1361 3090 1421 3116 om
1443 3090 1572 3116 mores.

1380 3122 1433 3163 47
1459 3124 1516 3160 ΡΑ
1524 3133 1620 3160 laos
1645 3123 1737 3160 libro
1768 3124 2092 3171 quinquaqensimo
2118 3124 2224 3158 sea-to
2252 3119 2302 3155 ad
2323 3118 2419 3154 edic-

1335 3173 1409 3250 ταῖιι
1457 3168 1720 3205 ‘Liberationis’
1745 3169 1892 3205 verbum
1915 3168 2063 3205 eandem
2086 3167 2155 3204 vim
2177 3165 2287 3202 habet
2312 3173 2417 3209 quam

1334 3225 1375 3251 so
1390 3214 1533 3251 utionis.

1379 3257 1434 3298 48
1473 3259 1596 3296 Guvs
1635 3258 1727 3294 libro
1955 3258 2005 3294 ad
2046 3257 2197 3293 edictum
2234 3253 2420 3301 praetoris

1333 3304 2140 3394 fflssfifflssssnqffitssffssssufssfflwauiw
2166 3300 2420 3381 “getd‘ssfflffl

2006 3375 2016 3391 ι
2116 3373 2126 3390 5
2390 3387 2399 3395 ,

1333 3395 1470 3430 levatus
1493 3394 1550 3437 sit,
1573 3394 1741 3430 manibus
1765 3398 1885 3430 tamen
1908 3397 2069 3429 tenetur:
2102 3401 2145 3426 ac
2169 3401 2215 3426 ne
2238 3399 2319 3442 eum
2341 3398 2417 3439 qiu-

1333 3440 1414 3476 dem
1436 3438 1672 3483 intellegimus
1696 3439 1872 3484 solutum,
1904 3438 1966 3484 qui
1993 3438 2031 3472 in
2058 3435 2203 3482 publico
2235 3444 2312 3471 sine
2341 3442 2418 3468 vm-

1332 3484 1422 3521 culis
1445 3486 1618 3520 servatur.

1335 3599 1380 3640 (τ)
1403 3608 1527 3630 νεακιν
1543 3595 1594 3629 F²
1640 3598 1686 3638 (a)
1711 3595 1826 3640 pascui
1840 3595 1892 3628 Ρ*
1937 3596 1982 3637 (9)
2005 3605 2122 3637 promo
2137 3594 2171 3627 F
2208 3594 2269 3634 (ιο)
2293 3590 2421 3624 oreoiF

1336 3646 1390 3681 (ιι)
1415 3641 1457 3674 αἱ
1476 3641 1620 3674 edietum
1639 3654 1699 3675 om.
1722 3642 1755 3674 ιι*
1873 3642 1931 3682 (ιι)
1956 3639 1991 3672 id
2011 3640 2043 3673 F
2162 3639 2222 3679 (ιε)
2246 3638 2369 3669 vietum
2390 3634 2421 3667 F

1333 3689 1392 3728 (u)
1417 3685 1564 3728 stragula
1579 3686 1613 3719 F
