2528 3918
155 105 410 149 XXXXIIII
440 107 479 148 2.
504 107 528 148 3

151 229 315 275 proxima
331 227 493 264 actionis.
535 238 603 264 nec
621 227 693 263 iam
715 227 875 271 interest,
900 238 972 274 qua
994 227 1134 264 ratione
1158 227 1238 274 quis

152 285 230 310 eam
249 284 396 310 causam
413 273 566 310 actionis
584 277 787 319 competere
805 274 875 310 sibi
891 273 1139 316 existimasset,
1156 283 1238 318 per-

152 320 233 355 inde
263 329 308 355 ac
338 319 370 355 si
401 319 497 364 quis,
528 322 764 364 posteaquam
787 323 915 365 contra
937 329 1019 354 eum
1042 317 1239 354 iudicatum

151 367 258 406 esset,
281 374 374 400 nova
397 365 636 400 instrumenta
659 374 791 400 causae
813 374 900 400 suae
922 363 1152 416 repperisset.

111 411 113 417 ’
197 406 251 447 28
276 409 523 445 PAPJNIANUS
549 409 640 445 libro
664 409 854 446 vicensimo
876 412 1027 456 septimo
1059 409 1238 461 quaestio·

150 465 236 490 num
282 454 461 500 Exceptio
484 454 537 490 rei
559 453 740 490 iudicatae
763 454 908 490 nocebit
935 454 986 496 ei,
1016 464 1078 499 qm
1105 454 1143 489 in
1174 453 1237 489 do-

151 499 298 535 minium
322 499 497 535 successit
520 499 597 535 eius
619 500 681 545 qui
702 498 834 535 iudicio
858 502 1027 544 expertus
1050 502 1116 534 est.

198 543 252 584 29
276 544 386 581 loss(
411 545 502 580 libro
533 544 721 581 undecimo
752 555 793 580 re
839 554 1008 579 onsorum
1053 544 1238 580 Iudicatae

151 591 294 636 quidem
322 590 375 626 rei
405 590 641 635 praescriptio
673 589 802 626 cohere
827 590 859 630 i,
891 589 953 633 qui
981 599 1054 625 non
1076 589 1236 633 litigavit,

151 637 295 673 obstare
327 646 401 671 non
430 639 568 680 potest,
599 645 666 671 nec
696 635 733 670 in
765 634 972 670 servitutem
1000 634 1142 670 videtur
1163 635 1238 679 peti

175 686 234 718 ost
263 691 340 717 rem
368 691 435 726 pro
466 680 634 716 libertate
659 680 854 716 iudicatam
877 680 1035 715 nondum
1059 690 1104 715 ex
1128 690 1239 716 causa

149 693 414 763 fideicommissi
441 726 699 762 manumissus:
731 725 795 760 sed
822 725 1000 770 praetoris
1032 729 1174 777 oportet
1199 725 1239 760 in

150 782 194 808 ea
211 782 250 808 re
269 771 484 808 sententiam
500 771 645 814 servari,
670 771 798 815 quam¹
821 780 888 815 pro
909 774 1014 815 parte
1030 770 1115 806 victi
1159 780 1237 806 rae·

149 817 239 853 stari
268 827 342 853 non
397 819 508 852 otest:
539 826 622 851 nam
654 821 690 851 et
720 825 802 851 cum
832 815 985 851 alterum
1015 825 1060 851 ex
1093 826 1134 851 co
1161 826 1237 851 ere-

149 862 254 898 dibus
285 863 345 898 ino
388 862 477 897 ciosi
505 862 667 907 quaestio
699 860 818 896 tenuit
853 864 918 896 aut
953 860 1060 896 etiam
1097 860 1238 897 duobus

149 908 343 953 separatim
372 907 561 952 agentibus
593 907 684 941 alter
714 905 886 951 optinuit,
923 906 1108 942 libertates
1141 917 1237 942 com-

148 954 297 999 petere2
314 952 466 1006 placuit,
491 953 543 987 ita
565 955 703 994 tamen,
733 955 776 986 ut
804 950 924 986 officio
949 951 1079 987 iudicis
1102 951 1238 987 indem-

148 998 254 1034 nitati
289 998 435 1042 victoris
477 997 661 1042 futurique
703 997 973 1032 manumissoris
1016 997 1237 1032 consulatur.

152 1048 167 1079 1
217 1044 256 1079 Si
284 1043 426 1079 debitor
456 1042 500 1078 de
529 1042 685 1077 dominio
713 1041 786 1084 rei,
825 1052 931 1086 quam
960 1042 1101 1087 pignori
1130 1042 1237 1087 dedit,

148 1100 222 1126 uon
244 1088 426 1125 admonito
451 1087 629 1123 creditore
653 1097 799 1123 causam
823 1087 934 1131 egerit
959 1092 995 1122 et
1019 1088 1236 1123 contrariam

148 1134 361 1171 sententiam
384 1133 581 1179 acceperit,
606 1132 762 1168 creditor
783 1132 822 1167 in
844 1133 963 1168 locum
986 1132 1071 1168 victi
1094 1143 1239 1169 succes-

148 1179 239 1216 sisse
261 1190 334 1215 non
357 1179 552 1220 videbitur,
584 1188 666 1213 cum
695 1177 855 1223 pignoris
883 1178 1070 1214 conventio
1095 1182 1237 1214 senten-

147 1225 234 1261 tiam
256 1224 507 1271 praecesserit.

194 1268 248 1309 30
274 1270 434 1306 Psaros
453 1269 545 1305 libro
570 1270 701 1314 quarto
725 1267 863 1304 decimo
887 1269 1138 1314 quaestionum
1179 1269 1239 1304 Ex

148 1319 311 1352 sextante
333 1315 437 1350 heres
459 1313 662 1356 institutus,
695 1313 756 1359 qui
778 1313 950 1349 intestato
972 1313 1151 1358 legitimus
1174 1315 1237 1350 he-

147 1363 229 1398 res³
257 1370 334 1397 esse
366 1363 505 1405 potest,
545 1369 628 1394 cum
662 1358 708 1394 de
743 1359 823 1395 iure
859 1359 1064 1395 testamenti
1102 1359 1239 1395 faceret

147 1406 409 1453 quaestionem,
441 1405 487 1441 ab
518 1415 591 1440 uno
624 1414 669 1440 ex
697 1403 871 1440 institutis
896 1404 1076 1440 dimidiam
1099 1409 1239 1450 partem

147 1451 355 1488 hereditatis
385 1450 489 1496 petiit
517 1460 584 1486 nec
613 1449 780 1495 optinuit.
827 1449 969 1485 videtur
995 1450 1034 1485 in
1060 1450 1123 1485 illa
1146 1451 1239 1496 peti-

147 1498 245 1533 tione
275 1497 383 1533 etiam
413 1499 553 1542 partem
585 1495 759 1531 sextantis
788 1495 990 1531 vindicasse
1020 1499 1056 1531 et
1077 1495 1176 1539 ideo,
1207 1496 1238 1532 si

148 1542 306 1589 coeperit
335 1542 382 1577 ab
407 1541 533 1577 eodem
556 1551 601 1577 ex
624 1544 840 1577 testamento
864 1540 1013 1576 eandem
1035 1542 1238 1586 portionem

150 1592 164 1623 1
214 1591 355 1633 petere,
386 1586 548 1623 obstabit
576 1586 609 1622 ei
636 1586 800 1639 exceptio
824 1586 877 1622 rei
899 1586 1089 1622 iudicatae.
1138 1587 1237 1622 Lati-

146 1644 214 1670 nus
237 1633 397 1679 Largus:
430 1642 511 1667 cum
539 1631 583 1667 de
611 1631 810 1667 hereditate
842 1632 936 1667 inter
963 1631 1162 1675 Maevium,
1192 1633 1238 1668 ad

147 1689 252 1725 quem
274 1678 497 1724 pertinebat,
528 1680 564 1713 et
587 1677 738 1719 Titium,
768 1676 830 1722 qui
860 1678 1139 1713 controversiam
1161 1688 1237 1713 mo-

146 1727 247 1760 verat
295 1723 408 1760 trans'
433 1726 572 1766 eretur,
609 1722 756 1758 traditio
789 1733 910 1758 rerum
942 1722 1239 1759 hereditariamm

145 1751 287 1806 Maevio
318 1769 404 1804 here
431 1767 440 1776 ⁶
473 1778 497 1803 a
519 1767 614 1804 Titio
643 1767 744 1803 facta
774 1771 848 1811 est,
880 1768 919 1803 in
950 1778 1022 1813 qua
1047 1768 1239 1804 traditione

146 1815 255 1852 etiam
277 1814 430 1850 fundum
452 1814 485 1849 ei
508 1824 613 1850 suum
635 1813 839 1859 proprium,
872 1823 980 1859 quem
1001 1817 1084 1849 ante
1107 1815 1238 1850 multos

147 1871 262 1897 annos
285 1870 352 1896 avo
376 1858 534 1895 eiusdem
549 1858 685 1895 Maevii
708 1858 850 1894 heredis
873 1859 1096 1903 obligaverat
1115 1870 1238 1904 queni-

146 1916 216 1952 que
239 1905 301 1941 alii
349 1908 452 1941 ostea
473 1905 512 1940 in
536 1904 789 1948 obligationem
812 1903 1031 1947 deduxerat,
1057 1914 1103 1940 ex
1127 1915 1239 1941 causa

173 1951 247 1988 acti
269 1955 285 1986 t
353 1950 361 1958 ’

147 1963 253 2033 {uum
275 1998 486 2042 persecutus
511 1999 567 2031 est
590 1999 626 2030 et
649 1994 815 2040 optinuit.
862 1999 946 2040 post
971 1995 1041 2031 hoc
1064 1995 1237 2031 iudicium

145 2042 308 2078 Maevius
324 2041 430 2076 heres
447 2039 607 2086 repperit
623 2040 661 2075 in
679 2040 788 2075 rebus
799 2041 812 2061 ⁴
836 2040 941 2076 avitis
960 2041 1239 2086 chirographum

145 2086 307 2126 eiusdem
335 2086 422 2123 Titii
452 2090 536 2122 ante
566 2086 699 2121 multos
731 2095 845 2121 annos
878 2087 1137 2132 conscriptum,
1173 2097 1239 2132 per

147 2134 245 2180 quod
274 2133 444 2180 apparuit
473 2142 554 2167 eum
582 2131 750 2174 fundum,
782 2130 845 2176 qui
872 2131 911 2167 in
943 2142 1089 2167 causam
1118 2136 1237 2168 trans·

146 2179 300 2216 actionis
323 2181 480 2221 venerat,
504 2178 613 2213 etiam
631 2187 698 2212 avo
718 2186 783 2212 suo
806 2177 852 2212 ab
870 2176 995 2212 eodem
1011 2177 1106 2213 Titio
1127 2177 1238 2213 fuisse

147 2226 356 2271 obligatum.
405 2233 488 2259 cum
517 2233 602 2267 ergo
634 2225 775 2257 constet
804 2222 905 2267 prius
929 2232 996 2258 avo
1019 2222 1152 2258 Maevii
1174 2223 1237 2258 he-

146 2271 241 2307 redis
265 2270 303 2305 in
325 2268 578 2314 obligationem
598 2267 751 2303 eundem
770 2266 922 2302 fundum
941 2267 1075 2312 datum,
1101 2267 1145 2304 de
1167 2279 1238 2313 quo

146 2315 308 2353 Maevius
332 2325 377 2350 su
402 2317 524 2350 eratus
548 2316 613 2355 est,
662 2322 785 2355 uaero,
810 2322 858 2348 an
880 2312 937 2348 ius
961 2313 1018 2348 avi
1041 2314 1110 2355 sui,
1142 2313 1238 2359 quod

146 2367 245 2404 tunc,
270 2371 353 2396 cum
398 2370 417 2395 e
437 2358 562 2395 eodem
580 2358 647 2393 fun
672 2368 693 2393 o
714 2361 892 2402 ageretur,
914 2358 1114 2403 ignorabat,
1138 2359 1239 2394 nulla

147 2406 359 2452 exceptione
382 2415 403 2441 o
430 2405 549 2450 posita
572 2403 720 2448 exsequi
742 2403 868 2448 possit.
914 2403 1104 2449 respondi:
1137 2404 1168 2439 si
1194 2404 1238 2440 de

147 2451 368 2499 proprietate
447 2450 508 2485 ndi
545 2449 729 2494 litigatur-⁵
768 2453 805 2484 et
842 2449 1040 2485 secundum
1079 2452 1238 2485 actorem

148 2496 419 2544 pronuntiatum
440 2495 572 2531 fuisset
580 2496 605 2539 ⁶,
635 2494 834 2530 diceremus
863 2495 1000 2539 petenti
1030 2494 1080 2537 ei,
1111 2495 1173 2540 qui
1201 2496 1239 2530 in

146 2543 267 2589 priore
296 2541 431 2577 iudicio
461 2541 576 2576 victus
607 2543 681 2584 est,
721 2540 947 2576 obstaturam
975 2540 1028 2575 rei
1059 2540 1238 2576 iudicatae

147 2587 405 2633 exceptionem,
430 2585 599 2631 quoniam
618 2585 663 2621 de
683 2585 760 2621 eius
779 2595 921 2631 quoque
940 2585 1019 2621 iure
1038 2586 1239 2631 quaesitum

147 2633 298 2675 videtur,
317 2642 398 2668 cum
417 2635 520 2667 actor
536 2630 742 2676 petitionem
760 2630 894 2676 implet.
955 2630 1028 2667 uod
1045 2631 1077 2666 si
1094 2641 1237 2676 posses-

148 2689 210 2715 sor
233 2677 421 2714 absolutus
445 2676 578 2712 amissa
597 2675 828 2730 possessione
858 2641 1011 2712 eundem
1034 2677 1080 2711 ab
1103 2676 1236 2721 eodem,

364 1950 428 1986 dit.
474 1950 530 1985 his
552 1950 663 1995 gestis
687 1949 868 1995 posterior
892 1949 979 1985 Titii
1002 1949 1159 1986 creditor
1180 1951 1237 1986 ius

149 2724 211 2769 qui
242 2723 342 2768 prius
371 2733 445 2758 non
469 2722 639 2768 optinuit,
667 2724 824 2767 peteret,
856 2731 930 2757 non
953 2721 1096 2757 obesset
1119 2721 1152 2758 ei
1174 2731 1236 2757 ex-

149 2767 401 2850 ffigtiogdnihil
424 2767 518 2802 enim
541 2767 580 2802 in
602 2777 691 2848 sinze
692 2766 825 2820 iudicio
842 2766 997 2847 gil-{tium
1020 2767 1238 2848 eiutsugtatui

316 2823 446 2848 ereur.
495 2822 578 2848 cum
607 2822 655 2847 au
691 2822 728 2847 ιιι
780 2823 793 2846 ι
934 2822 990 2848 cia
1025 2822 1069 2848 ac
1183 2823 1221 2848 es

149 2824 322 2895 adverglus
339 2858 502 2911 priorem
526 2822 893 2903 creditorem,pp{noest
914 2856 1003 2900 fieri,
1027 2860 1070 2893 ut
1092 2857 1138 2893 de
1159 2858 1237 2894 iure

149 2914 367 2957 possessoris
391 2913 474 2956 non·
488 2903 535 2938 sit
559 2902 776 2949 quaesitum,
807 2901 892 2947 quia
914 2913 1009 2956 non,
1028 2906 1070 2938 ut
1091 2902 1130 2938 in
1151 2913 1236 2949 pro-

149 2947 1238 3038 fffiinibflssiiffiininfffi'edoffiissussitsssstifmit”3333

150 3040 212 3076 alii
242 3038 469 3092 obligatum&
494 3038 590 3083 quod
621 3038 680 3074 hic
708 3038 878 3083 probabit
908 3038 1000 3091 sibi-⁷
1029 3039 1154 3075 teneri.
1202 3043 1238 3075 et

149 3085 372 3132 probabilius
400 3083 532 3119 dicitur
562 3094 635 3119 non
666 3084 811 3119 obstare
843 3087 1107 3129 exceptionem,
1171 3094 1235 3120 uo-

150 3131 248 3167 niam
269 3129 314 3166 de
336 3129 415 3165 iure
439 3129 655 3175 possessoris
679 3129 877 3173 quaesitum
901 3139 974 3164 non
997 3132 1070 3171 est,
1103 3139 1141 3165 se
1192 3129 1237 3166 de

150 3176 230 3213 sola
252 3175 299 3211 ob
315 3175 324 3183 '
371 3173 481 3210 tione.
519 3174 557 3209 in
580 3174 765 3219 proposita
788 3177 908 3209 autem
931 3175 1139 3219 quaestione
1161 3184 1236 3210 ma-

149 3221 204 3266 gis
225 3230 283 3256 me
346 3219 395 3255 ud
417 3222 547 3261 movet,
570 3219 743 3264 numquid
765 3218 924 3264 pignoris
954 3219 1010 3255 ius
1040 3219 1236 3255 extinctum

151 3266 199 3303 sit
221 3265 376 3302 dominio
400 3264 596 3309 adquisito:
619 3274 735 3308 neque
759 3265 852 3299 enim
868 3268 987 3310 potest
1005 3264 1134 3310 pignus
1152 3275 1234 3311 per-

151 3321 324 3364 severare·
345 3310 513 3364 domino⁸
544 3309 738 3362 constituto
764 3309 950 3362 creditore.
999 3311 1093 3363 actio
1116 3313 1238 3363 tamen

151 3358 933 3444 ἓέἱῗῖἳῗῗέωὲἓὲἓὲἒᾬῗὲἲὲεῗὲἓὲἰῗ
950 3358 1150 3446 333⁸?ssss
1172 3355 1236 3436 33:

152 3451 249 3482 stare
271 3446 323 3481 rei
345 3444 525 3481 iudicatae
549 3444 805 3490 exceptionem.

153 3561 194 3601 (ι)
219 3559 332 3603 quam]
344 3568 545 3602 quamquam
557 3571 619 3593 scr.
678 3559 723 3600 (2)
748 3560 989 3602 competenter-e
1003 3558 1053 3592 Ρ*
1110 3561 1154 3601 (s)
1178 3559 1236 3592 he-

152 3615 205 3638 res
216 3606 278 3639 del.
291 3604 345 3638 F’
453 3606 496 3646 (4)
522 3603 631 3647 rebus]
644 3603 741 3637 bonis
753 3603 804 3637 Ρ*
910 3605 954 3645 (t)
978 3602 1147 3647 litigatum
1161 3605 1235 3638 dett.

154 3654 220 3728 {agn
221 3650 370 3728 31:⁸0?
423 3649 469 3691 (τ)
493 3648 560 3682 sibi
570 3650 633 3683 del.
648 3649 700 3683 F¹
763 3650 808 3690 (s)
833 3647 1043 3682 dominici*
1108 3651 1154 3690 (s)
1179 3648 1236 3682 da-

1227 102 1309 149 710
1544 103 1581 120 ²*

1471 0 1541 66 ΧἿ

1530 67 1534 89 ι

1694 119 1754 149 DE
1783 119 1987 152 DlVERsls
2015 119 2146 151 Tm.
2176 119 2388 152 PRAESCR-

1353 225 1403 265 31
1432 227 1536 264 loen
1558 229 1650 266 libro
1671 230 1775 266 tertio
1793 239 2048 276 responsorum
2088 228 2224 266 Paulus
2241 241 2389 277 respon-

1308 273 1361 308 dit
1383 273 1432 315 ei,
1457 274 1517 318 qui
1539 274 1577 310 in
1598 284 1674 310 rem
1696 274 1828 321 egisset
1850 284 1916 310 nec
1939 274 2132 317 tenuisset,
2154 278 2281 320 postea
2305 287 2389 312 con-

1308 318 1443 354 dicenti
1465 329 1537 355 non
1561 319 1705 356 obstare
1728 320 1973 366 exceptionem
1996 320 2048 356 rei
2069 319 2259 356 iudicatae.

1797 457 1908 497 111¹⁸.

1308 522 1369 555 DE
1392 521 1602 556 DIVERSIS
1623 522 1973 557 TEMPOBALIBUS
1996 523 2392 559 PRAESCRH’TIONI-

1353 567 1436 600 BUS
1459 567 1519 600 ET
1542 567 1605 600 DE
1626 567 1979 603 ACCESSIONIBUS
2001 569 2346 604 POSSESSIONUM.

1355 631 1374 670 1
1409 632 1605 669 Uimiws
1632 633 1724 670 libro
1746 636 2037 687 septuaqensimo
2060 638 2193 683 quarto
2222 636 2273 671 ad
2298 636 2392 672 edic-

1308 682 1382 714 tum
1429 678 1521 723 Quia
1543 682 1720 714 tractatus
1744 678 1789 715 de
1812 680 1958 716 utilibus
1982 680 2107 716 diebus
2134 681 2303 726 frequens
2327 686 2392 725 est,

1306 723 1500 766 videamus,
1525 724 1612 769 quid
1635 724 1683 760 sit
1705 724 1915 769 experiundi
1935 729 2152 771 potestatem
2174 726 2319 762 habere.
2357 731 2394 762 et

1307 768 1451 814 quidem
1486 769 1524 804 in
1561 769 1684 814 primis
1724 769 1934 815 exigendum
1969 774 2044 814 est,
2082 775 2124 806 ut
2157 771 2206 807 sit
2238 771 2393 808 facultas

1307 813 1446 859 agendi.
1494 824 1611 859 neque
1641 813 1776 850 sufficit
1804 826 1867 851 reo
1899 816 2108 860 experiundi
2129 827 2252 852 secum
2273 817 2394 853 facere

1307 863 1542 905 potestatem,
1575 859 1630 896 vel
1656 860 1789 896 habere
1812 870 1893 896 eum
1917 861 1980 906 qui
2003 870 2042 897 se
2064 861 2191 898 idonee
2213 861 2393 904 defendat,

1306 905 1376 940 nisi
1399 908 1501 941 actor
1525 915 1666 957 quoque
1688 905 1788 940 nulla
1810 905 1940 941 idonea
1964 916 2074 942 causa
2095 907 2312 952 impediatur
2331 918 2392 942 ex-

1307 950 1427 995 periri.
1491 950 1615 986 romde
1639 950 1712 1002 sive
1735 951 1834 1003 apud
1856 951 1979 987 hostes
2002 952 2050 987 sit
2067 951 2141 988 sive
2159 952 2394 998 reipublicae

1308 1006 1419 1031 causa
1450 1005 1472 1030 a
1499 996 1545 1031 sit
1575 996 1647 1031 sive
1675 1006 1714 1030 in
1740 996 1890 1031 vinculis
1914 997 1962 1032 sit
1984 1000 2047 1032 aut
2069 997 2101 1033 si
2123 1000 2336 1042 tempestate
2356 998 2394 1033 in

1306 1041 1386 1077 loco
1409 1040 1530 1086 aliquo
1553 1041 1608 1076 vel
1631 1041 1669 1076 in
1691 1041 1834 1086 regione
1865 1041 2082 1085 detineatur,
2113 1046 2154 1078 ut
2186 1052 2302 1088 neque
2332 1053 2393 1078 ex-

1306 1086 1415 1132 periri
1443 1096 1558 1130 neque
1580 1085 1751 1122 mandare
1773 1087 1908 1132 possit,
1942 1087 2153 1132 experiundi
2180 1091 2394 1133 potestatem

1306 1142 1380 1167 non
1411 1131 1531 1167 habet.
1578 1132 1685 1185 plane
1715 1130 1765 1175 is,
1799 1132 1859 1176 qui
1882 1132 2082 1169 valetudine
2112 1132 2322 1179 impeditur,
2354 1138 2395 1169 ιιι

1306 1176 1476 1212 mandare
1493 1180 1619 1222 possit,
1639 1177 1678 1212 in
1697 1187 1740 1212 ea
1757 1187 1869 1212 causa
1888 1181 1952 1219 est,
1974 1181 2014 1213 ut
2034 1188 2078 1214 ex
2104 1178 2243 1214 eriundi
2262 1179 2395 1214 habeat

1306 1226 1531 1268 potestatem.
1577 1222 1666 1257 illud
1700 1222 1823 1267 utique
1859 1223 2034 1258 neminem
2082 1223 2157 1268 ugit
2187 1223 2394 1270 experiundi

1306 1271 1522 1314 potestatem
1551 1278 1625 1303 non
1654 1267 1788 1303 habere
1819 1278 1919 1312 eum,
1955 1269 2016 1313 qui
2045 1268 2222 1315 praetoris
2254 1268 2395 1315 copiam

1307 1323 1380 1349 non
1402 1312 1548 1394 Ιιὲἓιιιίιι
1571 1313 1722 1359 proinde
1741 1313 1781 1348 hi
1800 1312 1875 1349 dies
1896 1313 2037 1357 cedunt,
2062 1314 2193 1360 quibus
2212 1314 2270 1350 ius
2289 1324 2394 1360 prae-

1307 1363 1365 1395 tor
1386 1368 1425 1394 re
1477 1358 1514 1394 ἰ.

1353 1401 1379 1442 2
1403 1403 1593 1440 ΜΔιεσΕιι
1600 1413 1644 1439 vs
1664 1403 1755 1440 libro
1774 1406 1880 1440 sexto
1903 1403 2125 1450 diqestorum
2170 1404 2215 1440 In
2235 1407 2394 1451 tempore

1307 1451 1502 1485 constituto
1536 1449 1702 1484 iudicatis
1738 1459 1786 1484 an
1817 1449 2042 1485 intercalaris
2073 1449 2148 1486 dies
2178 1449 2393 1496 proficere¹¹

1307 1495 1464 1531 iudicato
1496 1505 1564 1530 nec
1592 1504 1638 1530 ne
1669 1493 1813 1539 debeat,
1846 1494 2031 1540 quaeritur
2043 1495 2081 1530 ¹².
2127 1494 2214 1531 item
2237 1494 2282 1531 de
2304 1499 2394 1531 tem-

1307 1550 1407 1586 pore,
1432 1550 1502 1586 quo
1526 1540 1568 1576 lis
1593 1540 1696 1593 perit,
1723 1540 1775 1575 sic
1799 1539 1876 1576 sine
1899 1539 2008 1576 dubio
2032 1540 2305 1576 existimandum
2328 1544 2393 1584 est,

1307 1590 1349 1621 ut
1379 1589 1526 1621 auctum
1556 1585 1629 1620 litis
1664 1588 1806 1631 tempus
1837 1585 2043 1621 intercalari
2073 1585 2130 1621 die
2160 1585 2394 1629 existimetur,

1307 1631 1419 1667 veluti
1447 1631 1478 1666 si
1509 1630 1553 1667 de
1582 1630 1803 1675 usucapione
1832 1631 1879 1666 sit
1902 1630 2082 1675 quaestio,
2114 1641 2206 1677 quae
2233 1635 2394 1677 tempore

1309 1676 1505 1712 constituto
1526 1675 1663 1722 expleri
1682 1676 1784 1719 solet,
1810 1679 1874 1711 aut
1892 1675 1937 1711 de
1953 1676 2166 1720 actionibus,
2187 1686 2279 1722 quae
2296 1680 2395 1714 certo

1306 1719 1467 1775 tempore
1489 1721 1675 1764 finiuntur,
1700 1724 1742 1756 ιιι
1764 1721 1949 1757 aedilicias
1994 1721 2159 1767 leraeque
2172 1722 2200 1743 ¹³
2222 1721 2393 1758 actiones.

1307 1772 1344 1803 et
1368 1778 1399 1803 si
1422 1766 1502 1812 quis
1525 1766 1675 1802 fundum
1699 1776 1743 1802 ea
1765 1766 1842 1811 lege
1865 1766 1969 1802 vendi
1994 1766 2073 1810 erit,
2097 1771 2148 1810 ut,
2172 1766 2244 1803 nisi
2262 1767 2300 1803 in
2319 1767 2394 1804 die·

1307 1814 1376 1848 bus
1404 1812 1552 1858 triginta
1581 1812 1733 1858 pretium
1764 1815 1859 1848 esset
1887 1812 2060 1855 solutum,
2090 1812 2269 1858 inemptus
2299 1816 2395 1849 esset

1307 1858 1460 1902 fundus,
1501 1858 1575 1893 dies
1610 1857 1836 1893 intercalaris
1863 1857 2029 1904 proficiet
2059 1857 2221 1905 emptori.
2272 1858 2396 1894 “mihi

1308 1907 1436 1940 contra
1458 1903 1607 1940 videtur.

1353 1947 1377 1987 3
1403 1947 1659 1985 Monssrflws
1679 1948 1771 1984 libro
1790 1950 1896 1984 seoeto
1914 1947 2203 1994 differentiarum
2247 1947 2394 1994 Longae

1307 1994 1546 2048 possessionis
1599 1993 1893 2039 raescriptionem
1929 1996 2002 2028 tam
2033 1993 2071 2028 in
2100 1993 2256 2040 praediis
2288 2003 2395 2039 quam

1306 2051 1344 2075 in
1367 2039 1556 2086 mancipiis
1594 2049 1699 2075 ocum
1722 2039 1857 2075 habere
1879 2038 2108 2075 manifestum
2129 2042 2195 2075 est.

1353 2085 1380 2123 4
1404 2085 1451 2121 ΙΔ
1460 2094 1631 2120 vonimus
1650 2084 1740 2120 libro
1760 2085 1911 2131 septimo
1976 2084 2164 2120 istularum
2211 2083 2250 2120 Si
2267 2094 2395 2121 servus

1307 2130 1544 2167 hereditarius
1572 2134 1635 2166 aut
1662 2129 1738 2165 eius
1746 2156 1762 2182 ,ι
1788 2129 1850 2175 qui
1876 2129 1915 2164 in
1929 2095 2100 2165 effosum
2128 2133 2309 2182 potestate
2335 2130 2394 2173 sit,

1307 2177 1396 2212 satis
1433 2176 1631 2221 acceperit,
1667 2180 1836 2211 continuo
1875 2174 1951 2211 dies
1986 2174 2230 2212 satisdationis
2269 2174 2394 2211 cedere

1306 2221 1470 2267 incipiet:
1502 2220 1636 2257 intueri
1665 2220 1760 2257 enim
1791 2220 1979 2263 debemus,
2011 2229 2059 2255 an
2090 2220 2299 2266 experiundi
2327 2231 2393 2266 po-

1307 2271 1419 2308 testas
1451 2266 1562 2303 fuerit
1589 2265 1761 2302 adversus
1791 2276 1890 2310 eum,
1923 2266 1985 2311 qui
2013 2265 2190 2311 obligatus
2219 2269 2292 2310 est,
2320 2276 2395 2302 non

1307 2323 1354 2348 an
1375 2312 1408 2348 is
1432 2322 1537 2357 agere
1560 2311 1719 2357 potuerit
1732 2312 1771 2353 ¹³,
1805 2311 1867 2364 qui
1895 2321 1970 2346 rem
1997 2311 2036 2346 in
2059 2311 2310 2356 obligationem
2333 2311 2393 2348 de-

1307 2357 1467 2393 duxerit:
1511 2357 1669 2402 alioquin
1705 2356 1774 2392 erit
1809 2355 2067 2401 iniquissimum
2103 2366 2147 2392 ex
2184 2356 2393 2392 condicione

1307 2407 1476 2439 actorum*
1494 2402 1727 2448 obligationes
1750 2411 1894 2437 reorum
1916 2401 2076 2444 extendi,
2104 2411 2171 2446 per
2193 2412 2284 2448 quos
2305 2401 2394 2437 nihil

1306 2449 1444 2484 factum
1468 2448 1545 2492 erit,
1569 2458 1640 2493 quo
1665 2447 1782 2483 minus
1808 2457 1888 2482 cum
1910 2446 1967 2482 liis
1990 2446 2047 2491 agi
2069 2446 2194 2491 possit.

1352 2493 1377 2531 5
1410 2493 1604 2530 ULPJANUS
1625 2493 1716 2529 libro
1738 2493 1842 2528 tertio
1862 2492 2145 2538 deputationum
2191 2492 2250 2528 An
2268 2491 2393 2528 vitium

1307 2539 1466 2575 auctoris
1495 2538 1551 2574 vel
1582 2537 1765 2574 donatoris
1794 2537 1914 2573 eiusve
1944 2537 2007 2582 qui
2037 2536 2125 2572 mihi
2157 2547 2232 2573 rem
2261 2537 2394 2583 legavit

1307 2584 1393 2619 mihi
1424 2587 1573 2626 noceat,
1610 2584 1641 2619 si
1678 2583 1772 2619 forte
1808 2586 1937 2618 auctor
1965 2592 2066 2618 meus
2093 2582 2226 2618 iustum
2253 2582 2392 2618 initium

1306 2629 1513 2676 possidendi
1536 2639 1609 2664 non
1632 2629 1768 2671 habuit,
1792 2627 1982 2664 videndum
2005 2631 2069 2663 est.
2108 2631 2145 2664 et
2165 2631 2255 2675 puto
2278 2638 2393 2673 neque

1306 2686 1437 2711 nocere
1464 2684 1580 2721 neque
1607 2674 1798 2755 prodesse:
1834 2683 1916 2709 nam
1948 2672 2099 2718 denique
2126 2676 2164 2709 et
2193 2683 2393 2727 usucapere

1305 2731 1453 2767 possum
1466 2721 1505 2763 ¹⁶,
1535 2730 1605 2765 quo
1659 2723 1788 2755 auctor
1815 2728 1915 2754 meus
1944 2727 2142 2764 usucapere
2165 2729 2238 2754 non
2260 2723 2390 2765 potuit.

1310 2770 1325 2801 1
1373 2766 1433 2802 Ex
1455 2765 1553 2801 facto
1577 2765 1800 2811 propositum
1823 2767 1879 2800 est
1902 2763 2090 2810 quendam,
2113 2773 2196 2800 cum
2217 2774 2293 2800 rem
2313 2764 2391 2810 pig-

1306 2811 1386 2847 nori
1417 2811 1589 2853 dedisset,
1629 2810 1777 2846 eandem
1807 2809 2015 2845 distraxisse
2045 2808 2282 2855 heredemque
2312 2809 2390 2846 eius

1306 2856 1516 2893 redemisse:
1541 2855 1735 2901 quaeritur,
1759 2865 1806 2891 an
1822 2854 1927 2890 heres
1944 2853 2115 2891 adversus
2133 2853 2293 2908 pignoris
2308 2865 2389 2900 per-

1306 2902 1528 2939 secutionem
1550 2900 1760 2946 exceptione
1783 2900 1911 2953 longae
1933 2898 2169 2946 possessionis
2192 2899 2244 2935 uti
2261 2899 2388 2945 possit.

1306 2948 1469 2983 dicebam
1488 2947 1585 2982 hunc
1604 2945 1782 2988 heredem,
1807 2956 1868 2991 qui
1886 2945 2014 2991 pignus
2031 2944 2078 2980 ab
2097 2948 2268 2981 extraneo
2287 2945 2388 2980 rede-

1305 2993 1388 3036 mit,
1419 3002 1526 3038 posse
1555 2991 1766 3036 exceptione
1798 2990 1867 3033 uti,
1899 2990 1983 3036 quia
2012 2990 2050 3025 in
2080 2990 2240 3026 extranei
2270 2989 2389 3026 locum

1305 3038 1499 3080 successit,
1525 3047 1598 3073 non
1620 3037 1658 3071 in
1681 3036 1757 3072 eius
1781 3036 1843 3082 qui
1865 3035 2005 3080 pignori
2028 3035 2194 3078 dederat,
2219 3035 2389 3081 quemad-

1304 3083 1448 3119 modum
1478 3082 1512 3119 si
1542 3085 1625 3118 ante
1656 3081 1882 3123 redemisset,
1916 3080 1967 3116 sic
1998 3079 2126 3116 deinde
2153 3080 2255 3116 heres
2279 3080 2387 3116 exsti-

1304 3130 1418 3165 tisset.

1352 3171 1377 3212 6
1402 3173 1626 3209 Αηιιοᾼινινε
1654 3172 1746 3207 libro
1769 3182 1866 3207 nono
1890 3171 2139 3218 quaestionum
2186 3170 2226 3206 Si
2248 3170 2388 3207 duobus

1305 3218 1454 3255 eandem
1465 3227 1543 3254 rem
1557 3227 1597 3253 se
1623 3218 1751 3253 aratini
1766 3216 1994 3258 vendiderim,
2018 3225 2062 3252 ea
2079 3215 2273 3261 possessio,
2296 3226 2388 3262 quae

1305 3268 1493 3309 utramque
1516 3272 1582 3298 ven
1610 3262 1754 3298 ‘tionem
1776 3261 2031 3308 praecesserit,
2064 3260 2133 3297 soli
2153 3261 2266 3308 priori
2287 3271 2387 3307 emp-

1304 3309 1385 3352 tori,
1411 3308 1470 3344 cui
1492 3311 1529 3343 et
1550 3308 1685 3343 tradita
1708 3308 1765 3350 sit,
1790 3307 1943 3353 proficit.
1980 3305 2132 3351 denique
2155 3310 2192 3342 et
2215 3306 2257 3349 si,
2281 3316 2388 3352 quam

1304 3365 1380 3391 rem
1402 3353 1469 3389 tibi
1491 3353 1720 3395 vendiderim,
1744 3363 1869 3388 rursus
1892 3361 1915 3387 a
1936 3355 1974 3388 te
1996 3361 2111 3387 emam
2134 3356 2170 3387 et
2185 3351 2280 3388 Titio
2303 3361 2388 3388 ven-

1305 3400 1406 3443 dam,
1438 3402 1474 3434 et
1503 3408 1618 3433 meam
1649 3408 1788 3434 omnem
1817 3401 1854 3433 et
1885 3400 1983 3432 tuam
2006 3397 2268 3442 possessionem
2291 3396 2387 3432 Titio

1305 3453 1531 3481 accessuram
1544 3445 1582 3486 ¹⁷,
1620 3443 1783 3479 videlicet
1814 3442 1910 3488 quod
1941 3446 1977 3477 et
2004 3446 2045 3477 ιιι
2076 3442 2161 3477 mihi
2191 3446 2229 3476 et
2256 3451 2321 3487 ego
2354 3441 2388 3478 ei

1304 3558 1389 3593 Bas.
1403 3559 1499 3600 51‚3.
1513 3575 1558 3582 —
1574 3558 1624 3602 Of.
1642 3558 1720 3592 cod.
1734 3558 1767 3600 ’1,
1779 3564 1815 3592 ιο
1884 3556 1940 3598 (ιι)
1962 3554 2200 3600 proficeretF’
2270 3555 2327 3596 (ιι)
2352 3557 2386 3588 et

1304 3602 1441 3636 omnino
1451 3602 1584 3645 proficit
1594 3603 1753 3637 similiave
1764 3602 1951 3637 exciderunt
2034 3601 2092 3643 (18)
2114 3609 2279 3644 peraeque
2291 3600 2327 3633 B
2349 3613 2384 3633 n-

1305 3648 1461 3682 kmleoek
1552 3650 1611 3690 (u)
1635 3645 1838 3683 Salvom
1859 3649 1955 3680 notat
1972 3647 2031 3680 im.
2048 3646 2209 3686 (similiter
2218 3644 2310 3678 Meri
2335 3646 2383 3678 ius

1305 3694 1439 3736 aliique)
1525 3695 1584 3734 (ιι)
1607 3692 1778 3736 poteritF
1851 3695 1911 3735 (ιθ)
1935 3690 2113 3734 pas-mnf
2195 3691 2254 3732 (ιι)
2276 3699 2379 3723 acces-

200 3743 259 3781 (ιο)
285 3740 448 3780 Εᾱ.ι...4;
473 3739 554 3774 Sab.
570 3746 650 3772 s...s.
666 3746 717 3777 ie:
744 3738 827 3781 Pap.
842 3745 960 3775 10...¹³;
983 3738 1069 3781 App.
1085 3746 1125 3771 ιι.
1140 3746 1235 3772 15.—
1305 3747 1415 3770 surum
1435 3737 1468 3770 F
