<?xml version="1.0" encoding="UTF-8"?>
<!DOCTYPE html PUBLIC "-//W3C//DTD XHTML 1.0 Transitional//EN"
    "http://www.w3.org/TR/xhtml1/DTD/xhtml1-transitional.dtd">
<html xmlns="http://www.w3.org/1999/xhtml" xml:lang="en" lang="en">
 <head>
  <title>
</title>
<meta http-equiv="Content-Type" content="text/html;charset=utf-8" />
  <meta name='ocr-system' content='tesseract 3.04.00' />
  <meta name='ocr-capabilities' content='ocr_page ocr_carea ocr_par ocr_line ocrx_word'/>
</head>
<body>
  <div class='ocr_page' id='page_1' title='image "./corpusjuriscivil01krueuoft_0270.png"; bbox 0 0 2528 3918; ppageno 0'>
   <div class='ocr_carea' id='block_1_1' title="bbox 212 131 385 175">
    <p class='ocr_par' dir='ltr' id='par_1_1' title="bbox 212 131 385 175">
     <span class='ocr_line' id='line_1_1' title="bbox 212 131 385 175; baseline 0.006 -1"><span class='ocrx_word' id='word_1_1' title='bbox 212 131 385 175; x_wconf 63' lang='lat' dir='ltr'><strong>xlae</strong></span> 
     </span>
    </p>
   </div>
   <div class='ocr_carea' id='block_1_2' title="bbox 209 251 1299 740">
    <p class='ocr_par' dir='ltr' id='par_1_2' title="bbox 211 251 1298 335">
     <span class='ocr_line' id='line_1_2' title="bbox 211 251 1298 301; baseline -0.001 -11"><span class='ocrx_word' id='word_1_2' title='bbox 211 253 386 300; x_wconf 79' lang='lat' dir='ltr'><strong>praesidis</strong></span> <span class='ocrx_word' id='word_1_3' title='bbox 398 253 601 300; x_wconf 84' lang='lat' dir='ltr'><strong>prov-inciae</strong></span> <span class='ocrx_word' id='word_1_4' title='bbox 612 253 666 288; x_wconf 88' lang='lat' dir='ltr'><strong>vel</strong></span> <span class='ocrx_word' id='word_1_5' title='bbox 678 253 904 299; x_wconf 81' lang='lat' dir='ltr'><strong>proconsulis</strong></span> <span class='ocrx_word' id='word_1_6' title='bbox 925 254 1186 301; x_wconf 85' lang='lat' dir='ltr'><strong>conprehensos</strong></span> <span class='ocrx_word' id='word_1_7' title='bbox 1206 251 1298 299; x_wconf 81' lang='lat' dir='ltr'><strong>fugi-</strong></span> 
     </span>
     <span class='ocr_line' id='line_1_3' title="bbox 211 298 704 335; baseline -0.004 0"><span class='ocrx_word' id='word_1_8' title='bbox 211 300 303 335; x_wconf 87' lang='lat' dir='ltr'><strong>tivos</strong></span> <span class='ocrx_word' id='word_1_9' title='bbox 326 303 424 335; x_wconf 88' lang='lat' dir='ltr'><strong>recte</strong></span> <span class='ocrx_word' id='word_1_10' title='bbox 447 298 704 333; x_wconf 89' lang='lat' dir='ltr'><strong>transmittunt.</strong></span> 
     </span>
    </p>

    <p class='ocr_par' dir='ltr' id='par_1_3' title="bbox 209 342 1299 740">
     <span class='ocr_line' id='line_1_4' title="bbox 261 342 1298 391; baseline -0.003 -10"><span class='ocrx_word' id='word_1_11' title='bbox 261 343 286 382; x_wconf 85' lang='lat'>5</span> <span class='ocrx_word' id='word_1_12' title='bbox 313 344 590 380; x_wconf 69' lang='lat' dir='ltr'><strong>TRrPHomszs</strong></span> <span class='ocrx_word' id='word_1_13' title='bbox 617 343 709 379; x_wconf 82' lang='lat' dir='ltr'><strong>libro</strong></span> <span class='ocrx_word' id='word_1_14' title='bbox 726 343 850 391; x_wconf 58' lang='lat' dir='ltr'><strong>primo</strong></span> <span class='ocrx_word' id='word_1_15' title='bbox 874 343 1155 391; x_wconf 72' lang='lat' dir='ltr'><em>disputationum</em></span> <span class='ocrx_word' id='word_1_16' title='bbox 1201 342 1239 378; x_wconf 89' lang='lat' dir='ltr'><strong>Si</strong></span> <span class='ocrx_word' id='word_1_17' title='bbox 1261 342 1298 378; x_wconf 89' lang='lat' dir='ltr'><strong>in</strong></span> 
     </span>
     <span class='ocr_line' id='line_1_5' title="bbox 212 387 1298 441; baseline -0.003 -16"><span class='ocrx_word' id='word_1_18' title='bbox 212 389 384 425; x_wconf 84' lang='lat' dir='ltr'><strong>harenam</strong></span> <span class='ocrx_word' id='word_1_19' title='bbox 406 388 574 441; x_wconf 77' lang='lat' dir='ltr'><strong>fugitivus</strong></span> <span class='ocrx_word' id='word_1_20' title='bbox 598 398 719 424; x_wconf 88' lang='lat' dir='ltr'><strong>servus</strong></span> <span class='ocrx_word' id='word_1_21' title='bbox 743 398 782 424; x_wconf 90' lang='lat' dir='ltr'><strong>se</strong></span> <span class='ocrx_word' id='word_1_22' title='bbox 805 388 962 431; x_wconf 80' lang='lat' dir='ltr'>dederit,</span> <span class='ocrx_word' id='word_1_23' title='bbox 995 399 1041 424; x_wconf 90' lang='lat' dir='ltr'><strong>ne</strong></span> <span class='ocrx_word' id='word_1_24' title='bbox 1064 389 1133 424; x_wconf 88' lang='lat' dir='ltr'><strong>isto</strong></span> <span class='ocrx_word' id='word_1_25' title='bbox 1157 387 1298 434; x_wconf 89' lang='lat' dir='ltr'><strong>quidem</strong></span> 
     </span>
     <span class='ocr_line' id='line_1_6' title="bbox 210 433 1297 480; baseline -0.001 -10"><span class='ocrx_word' id='word_1_26' title='bbox 210 434 389 480; x_wconf 84' lang='lat' dir='ltr'><strong>periculo,</strong></span> <span class='ocrx_word' id='word_1_27' title='bbox 423 433 634 469; x_wconf 84' lang='lat' dir='ltr'><strong>discriminis</strong></span> <span class='ocrx_word' id='word_1_28' title='bbox 656 433 750 469; x_wconf 86' lang='lat' dir='ltr'><strong>vitae</strong></span> <span class='ocrx_word' id='word_1_29' title='bbox 772 437 931 477; x_wconf 82' lang='lat' dir='ltr'><strong>tantum,</strong></span> <span class='ocrx_word' id='word_1_30' title='bbox 965 434 1033 469; x_wconf 86' lang='lat' dir='ltr'>sibi</span> <span class='ocrx_word' id='word_1_31' title='bbox 1054 434 1126 469; x_wconf 92' lang='lat' dir='ltr'><strong>irro</strong></span> <span class='ocrx_word' id='word_1_32' title='bbox 1173 438 1209 469; x_wconf 89' lang='lat' dir='ltr'><strong>to</strong></span> <span class='ocrx_word' id='word_1_33' title='bbox 1233 443 1297 479; x_wconf 86' lang='lat' dir='ltr'><strong>po·</strong></span> 
     </span>
     <span class='ocr_line' id='line_1_7' title="bbox 210 443 1295 524; baseline -0.001 -9"><span class='ocrx_word' id='word_1_34' title='bbox 210 483 376 515; x_wconf 87' lang='lat' dir='ltr'><strong>testatem</strong></span> <span class='ocrx_word' id='word_1_35' title='bbox 399 478 530 514; x_wconf 89' lang='lat' dir='ltr'><strong>domini</strong></span> <span class='ocrx_word' id='word_1_36' title='bbox 555 478 686 514; x_wconf 87' lang='lat' dir='ltr'><strong>evitare</strong></span> <span class='ocrx_word' id='word_1_37' title='bbox 713 479 861 524; x_wconf 86' lang='lat' dir='ltr'><strong>poterit:</strong></span> <span class='ocrx_word' id='word_1_38' title='bbox 894 490 976 514; x_wconf 91' lang='lat' dir='ltr'><strong>nam</strong></span> <span class='ocrx_word' id='word_1_39' title='bbox 1009 478 1109 514; x_wconf 88' lang='lat' dir='ltr'><strong>divus</strong></span> <span class='ocrx_word' id='word_1_40' title='bbox 1127 443 1218 514; x_wconf 45' lang='lat' dir='ltr'><strong>gius</strong></span> <span class='ocrx_word' id='word_1_41' title='bbox 1240 488 1295 513; x_wconf 92' lang='lat' dir='ltr'><strong>re-</strong></span> 
     </span>
     <span class='ocr_line' id='line_1_8' title="bbox 210 523 1299 570; baseline -0.002 -10"><span class='ocrx_word' id='word_1_42' title='bbox 210 524 354 570; x_wconf 81' lang='lat' dir='ltr'><strong>scripsit</strong></span> <span class='ocrx_word' id='word_1_43' title='bbox 394 523 594 559; x_wconf 92' lang='lat' dir='ltr'><strong>omnimodo</strong></span> <span class='ocrx_word' id='word_1_44' title='bbox 630 533 691 559; x_wconf 88' lang='lat' dir='ltr'><strong>eos</strong></span> <span class='ocrx_word' id='word_1_45' title='bbox 727 523 877 559; x_wconf 90' lang='lat' dir='ltr'><strong>dominis</strong></span> <span class='ocrx_word' id='word_1_46' title='bbox 913 524 985 559; x_wconf 89' lang='lat' dir='ltr'><strong>suis</strong></span> <span class='ocrx_word' id='word_1_47' title='bbox 1020 523 1190 559; x_wconf 87' lang='lat' dir='ltr'><strong>reddere¹</strong></span> <span class='ocrx_word' id='word_1_48' title='bbox 1226 523 1299 558; x_wconf 87' lang='lat' dir='ltr'><strong>sive</strong></span> 
     </span>
     <span class='ocr_line' id='line_1_9' title="bbox 214 568 1296 614; baseline -0.001 -10"><span class='ocrx_word' id='word_1_49' title='bbox 214 574 297 605; x_wconf 87' lang='lat' dir='ltr'><strong>ante</strong></span> <span class='ocrx_word' id='word_1_50' title='bbox 346 579 475 614; x_wconf 82' lang='lat' dir='ltr'><strong>ugnam</strong></span> <span class='ocrx_word' id='word_1_51' title='bbox 498 568 545 604; x_wconf 83' lang='lat' dir='ltr'><strong>ad</strong></span> <span class='ocrx_word' id='word_1_52' title='bbox 567 568 701 604; x_wconf 87' lang='lat' dir='ltr'><strong>bestias</strong></span> <span class='ocrx_word' id='word_1_53' title='bbox 724 569 798 604; x_wconf 87' lang='lat' dir='ltr'><strong>sive</strong></span> <span class='ocrx_word' id='word_1_54' title='bbox 820 572 903 614; x_wconf 87' lang='lat' dir='ltr'><strong>post</strong></span> <span class='ocrx_word' id='word_1_55' title='bbox 925 579 1099 614; x_wconf 84' lang='lat' dir='ltr'><strong>pugnam,</strong></span> <span class='ocrx_word' id='word_1_56' title='bbox 1130 568 1296 614; x_wconf 89' lang='lat' dir='ltr'><strong>quoniam</strong></span> 
     </span>
     <span class='ocr_line' id='line_1_10' title="bbox 209 580 1296 667; baseline 0 -18"><span class='ocrx_word' id='word_1_57' title='bbox 209 580 389 650; x_wconf 72' lang='lat' dir='ltr'><strong>interdpum</strong></span> <span class='ocrx_word' id='word_1_58' title='bbox 412 618 475 650; x_wconf 90' lang='lat' dir='ltr'><strong>aut</strong></span> <span class='ocrx_word' id='word_1_59' title='bbox 497 613 651 667; x_wconf 85' lang='lat' dir='ltr'><strong>pecunia</strong></span> <span class='ocrx_word' id='word_1_60' title='bbox 672 614 868 649; x_wconf 87' lang='lat' dir='ltr'><strong>interversa</strong></span> <span class='ocrx_word' id='word_1_61' title='bbox 888 618 951 649; x_wconf 90' lang='lat' dir='ltr'><strong>aut</strong></span> <span class='ocrx_word' id='word_1_62' title='bbox 971 614 1157 649; x_wconf 89' lang='lat' dir='ltr'><strong>commisso</strong></span> <span class='ocrx_word' id='word_1_63' title='bbox 1178 614 1296 659; x_wconf 89' lang='lat' dir='ltr'><strong>aliquo</strong></span> 
     </span>
     <span class='ocr_line' id='line_1_11' title="bbox 210 658 1296 704; baseline 0 -10"><span class='ocrx_word' id='word_1_64' title='bbox 210 660 345 695; x_wconf 91' lang='lat' dir='ltr'><strong>maiore</strong></span> <span class='ocrx_word' id='word_1_65' title='bbox 363 659 536 695; x_wconf 85' lang='lat' dir='ltr'><strong>maleficio</strong></span> <span class='ocrx_word' id='word_1_66' title='bbox 557 658 604 694; x_wconf 89' lang='lat' dir='ltr'><strong>ad</strong></span> <span class='ocrx_word' id='word_1_67' title='bbox 623 658 827 704; x_wconf 82' lang='lat' dir='ltr'><strong>fugiendam</strong></span> <span class='ocrx_word' id='word_1_68' title='bbox 847 659 1108 704; x_wconf 80' lang='lat' dir='ltr'><strong>inquisitionem</strong></span> <span class='ocrx_word' id='word_1_69' title='bbox 1128 659 1183 694; x_wconf 92' lang='lat' dir='ltr'><strong>vel</strong></span> <span class='ocrx_word' id='word_1_70' title='bbox 1194 659 1296 694; x_wconf 88' lang='lat' dir='ltr'><strong>iusti-</strong></span> 
     </span>
     <span class='ocr_line' id='line_1_12' title="bbox 210 704 1294 740; baseline 0 -1"><span class='ocrx_word' id='word_1_71' title='bbox 210 705 297 739; x_wconf 91' lang='lat' dir='ltr'><strong>tiam</strong></span> <span class='ocrx_word' id='word_1_72' title='bbox 337 704 653 740; x_wconf 87' lang='lat' dir='ltr'><strong>animadversionis</strong></span> <span class='ocrx_word' id='word_1_73' title='bbox 684 704 721 739; x_wconf 89' lang='lat' dir='ltr'><strong>in</strong></span> <span class='ocrx_word' id='word_1_74' title='bbox 753 705 923 739; x_wconf 82' lang='lat' dir='ltr'><strong>harenam</strong></span> <span class='ocrx_word' id='word_1_75' title='bbox 954 713 992 739; x_wconf 91' lang='lat' dir='ltr'><strong>se</strong></span> <span class='ocrx_word' id='word_1_76' title='bbox 1024 704 1109 739; x_wconf 89' lang='lat' dir='ltr'><strong>dare</strong></span> <span class='ocrx_word' id='word_1_77' title='bbox 1139 704 1294 739; x_wconf 75' lang='lat' dir='ltr'><strong>mallent.</strong></span> 
     </span>
    </p>
   </div>
   <div class='ocr_carea' id='block_1_3' title="bbox 210 749 682 795">
    <p class='ocr_par' dir='ltr' id='par_1_4' title="bbox 210 749 682 795">
     <span class='ocr_line' id='line_1_13' title="bbox 210 749 682 795; baseline 0 -11"><span class='ocrx_word' id='word_1_78' title='bbox 210 749 314 785; x_wconf 88' lang='lat' dir='ltr'><strong>reddi</strong></span> <span class='ocrx_word' id='word_1_79' title='bbox 337 759 420 795; x_wconf 82' lang='lat' dir='ltr'><strong>ergo</strong></span> <span class='ocrx_word' id='word_1_80' title='bbox 445 759 507 785; x_wconf 85' lang='lat' dir='ltr'><strong>eos</strong></span> <span class='ocrx_word' id='word_1_81' title='bbox 530 753 682 795; x_wconf 80' lang='lat' dir='ltr'><strong>oportet.</strong></span> 
     </span>
    </p>
   </div>
   <div class='ocr_carea' id='block_1_4' title="bbox 544 841 953 941">
    <p class='ocr_par' dir='ltr' id='par_1_5' title="bbox 544 841 953 941">
     <span class='ocr_line' id='line_1_14' title="bbox 722 841 790 881; baseline 0.029 -2"><span class='ocrx_word' id='word_1_82' title='bbox 722 842 756 879; x_wconf 91' lang='lat' dir='ltr'>V</span> <span class='ocrx_word' id='word_1_83' title='bbox 765 841 790 881; x_wconf 79' lang='lat'><strong>².</strong></span> 
     </span>
     <span class='ocr_line' id='line_1_15' title="bbox 544 907 953 941; baseline -0.005 0"><span class='ocrx_word' id='word_1_84' title='bbox 544 909 605 941; x_wconf 82' lang='lat' dir='ltr'><strong>DE</strong></span> <span class='ocrx_word' id='word_1_85' title='bbox 630 907 953 940; x_wconf 74' lang='lat' dir='ltr'><strong>ALEATORIBUS.</strong></span> 
     </span>
    </p>
   </div>
   <div class='ocr_carea' id='block_1_5' title="bbox 204 973 1296 3089">
    <p class='ocr_par' dir='ltr' id='par_1_6' title="bbox 207 973 1296 1471">
     <span class='ocr_line' id='line_1_16' title="bbox 259 973 1294 1012; baseline -0.003 -1"><span class='ocrx_word' id='word_1_86' title='bbox 259 974 277 1012; x_wconf 90' lang='lat'>1</span> <span class='ocrx_word' id='word_1_87' title='bbox 313 973 507 1011; x_wconf 69' lang='lat' dir='ltr'><strong>Urmmzs</strong></span> <span class='ocrx_word' id='word_1_88' title='bbox 515 974 607 1010; x_wconf 85' lang='lat' dir='ltr'><strong>libro</strong></span> <span class='ocrx_word' id='word_1_89' title='bbox 620 975 808 1010; x_wconf 78' lang='lat' dir='ltr'><strong>vicensimo</strong></span> <span class='ocrx_word' id='word_1_90' title='bbox 822 974 926 1008; x_wconf 76' lang='lat' dir='ltr'><strong>tertio</strong></span> <span class='ocrx_word' id='word_1_91' title='bbox 939 973 990 1008; x_wconf 86' lang='lat' dir='ltr'><strong>ad</strong></span> <span class='ocrx_word' id='word_1_92' title='bbox 999 973 1151 1010; x_wconf 80' lang='lat' dir='ltr'><strong>edictum</strong></span> <span class='ocrx_word' id='word_1_93' title='bbox 1186 973 1294 1009; x_wconf 88' lang='lat' dir='ltr'><strong>Prae-</strong></span> 
     </span>
     <span class='ocr_line' id='line_1_17' title="bbox 209 1018 1295 1065; baseline -0.001 -10"><span class='ocrx_word' id='word_1_94' title='bbox 209 1023 267 1056; x_wconf 88' lang='lat' dir='ltr'><strong>tor</strong></span> <span class='ocrx_word' id='word_1_95' title='bbox 290 1019 359 1055; x_wconf 89' lang='lat' dir='ltr'><strong>ait:</strong></span> <span class='ocrx_word' id='word_1_96' title='bbox 397 1018 446 1055; x_wconf 90' lang='lat' dir='ltr'><strong>‘Si</strong></span> <span class='ocrx_word' id='word_1_97' title='bbox 477 1020 555 1065; x_wconf 89' lang='lat' dir='ltr'><strong>quis</strong></span> <span class='ocrx_word' id='word_1_98' title='bbox 587 1029 685 1061; x_wconf 92' lang='lat' dir='ltr'><strong>eum,</strong></span> <span class='ocrx_word' id='word_1_99' title='bbox 719 1018 816 1064; x_wconf 88' lang='lat' dir='ltr'><strong>apud</strong></span> <span class='ocrx_word' id='word_1_100' title='bbox 847 1029 951 1063; x_wconf 90' lang='lat' dir='ltr'><strong>quem</strong></span> <span class='ocrx_word' id='word_1_101' title='bbox 975 1018 1053 1054; x_wconf 87' lang='lat' dir='ltr'><strong>alea</strong></span> <span class='ocrx_word' id='word_1_102' title='bbox 1075 1018 1193 1054; x_wconf 91' lang='lat' dir='ltr'><strong>lusum</strong></span> <span class='ocrx_word' id='word_1_103' title='bbox 1218 1028 1295 1054; x_wconf 92' lang='lat' dir='ltr'><strong>esse</strong></span> 
     </span>
     <span class='ocr_line' id='line_1_18' title="bbox 210 1063 1296 1110; baseline -0.002 -9"><span class='ocrx_word' id='word_1_104' title='bbox 210 1065 371 1107; x_wconf 88' lang='lat' dir='ltr'><strong>‘dicetur,</strong></span> <span class='ocrx_word' id='word_1_105' title='bbox 396 1064 658 1100; x_wconf 82' lang='lat' dir='ltr'><strong>verberaverit³</strong></span> <span class='ocrx_word' id='word_1_106' title='bbox 684 1064 894 1099; x_wconf 83' lang='lat' dir='ltr'><strong>damnumve</strong></span> <span class='ocrx_word' id='word_1_107' title='bbox 913 1064 945 1098; x_wconf 91' lang='lat' dir='ltr'><strong>ei</strong></span> <span class='ocrx_word' id='word_1_108' title='bbox 965 1063 1101 1099; x_wconf 86' lang='lat' dir='ltr'><strong>dederit</strong></span> <span class='ocrx_word' id='word_1_109' title='bbox 1119 1064 1193 1099; x_wconf 92' lang='lat' dir='ltr'><strong>sive</strong></span> <span class='ocrx_word' id='word_1_110' title='bbox 1211 1063 1296 1110; x_wconf 85' lang='lat' dir='ltr'><strong>quid</strong></span> 
     </span>
     <span class='ocr_line' id='line_1_19' title="bbox 209 1109 1295 1163; baseline -0.003 -16"><span class='ocrx_word' id='word_1_111' title='bbox 209 1113 264 1147; x_wconf 89' lang='lat' dir='ltr'><strong>‘eo</strong></span> <span class='ocrx_word' id='word_1_112' title='bbox 286 1114 445 1163; x_wconf 85' lang='lat' dir='ltr'><strong>tempore</strong></span> <span class='ocrx_word' id='word_1_113' title='bbox 465 1110 572 1145; x_wconf 85' lang='lat' dir='ltr'><strong>dolo⁴</strong></span> <span class='ocrx_word' id='word_1_114' title='bbox 592 1110 666 1145; x_wconf 89' lang='lat' dir='ltr'><strong>eius</strong></span> <span class='ocrx_word' id='word_1_115' title='bbox 686 1110 908 1144; x_wconf 87' lang='lat' dir='ltr'><strong>subtractum</strong></span> <span class='ocrx_word' id='word_1_116' title='bbox 928 1112 983 1144; x_wconf 87' lang='lat' dir='ltr'><strong>est</strong></span> <span class='ocrx_word' id='word_1_117' title='bbox 993 1110 1017 1152; x_wconf 81' lang='lat'><strong>⁵,</strong></span> <span class='ocrx_word' id='word_1_118' title='bbox 1041 1109 1211 1144; x_wconf 88' lang='lat' dir='ltr'><strong>iudicium</strong></span> <span class='ocrx_word' id='word_1_119' title='bbox 1224 1120 1295 1144; x_wconf 92' lang='lat' dir='ltr'><strong>non</strong></span> 
     </span>
     <span class='ocr_line' id='line_1_20' title="bbox 209 1154 1293 1200; baseline -0.002 -9"><span class='ocrx_word' id='word_1_120' title='bbox 209 1155 326 1191; x_wconf 68' lang='lat' dir='ltr'><strong>‘dabo</strong></span> <span class='ocrx_word' id='word_1_121' title='bbox 362 1166 400 1190; x_wconf 89' lang='lat' dir='ltr'><strong>in</strong></span> <span class='ocrx_word' id='word_1_122' title='bbox 422 1166 513 1197; x_wconf 90' lang='lat' dir='ltr'><strong>eum,</strong></span> <span class='ocrx_word' id='word_1_123' title='bbox 535 1155 595 1200; x_wconf 91' lang='lat' dir='ltr'><strong>qui</strong></span> <span class='ocrx_word' id='word_1_124' title='bbox 615 1155 715 1190; x_wconf 90' lang='lat' dir='ltr'><strong>aleae</strong></span> <span class='ocrx_word' id='word_1_125' title='bbox 734 1154 910 1189; x_wconf 88' lang='lat' dir='ltr'><strong>ludendae</strong></span> <span class='ocrx_word' id='word_1_126' title='bbox 924 1164 1033 1189; x_wconf 86' lang='lat' dir='ltr'><strong>causa</strong></span> <span class='ocrx_word' id='word_1_127' title='bbox 1044 1154 1114 1190; x_wconf 88' lang='lat' dir='ltr'><strong>vim</strong></span> <span class='ocrx_word' id='word_1_128' title='bbox 1126 1154 1293 1197; x_wconf 87' lang='lat' dir='ltr'><strong>intulerit,</strong></span> 
     </span>
     <span class='ocr_line' id='line_1_21' title="bbox 211 1199 1295 1252; baseline -0.002 -16"><span class='ocrx_word' id='word_1_129' title='bbox 211 1204 225 1236; x_wconf 79' lang='lat'>1</span> <span class='ocrx_word' id='word_1_130' title='bbox 277 1200 342 1236; x_wconf 90' lang='lat' dir='ltr'><strong>‘uti</strong></span> <span class='ocrx_word' id='word_1_131' title='bbox 366 1210 527 1252; x_wconf 85' lang='lat' dir='ltr'><strong>quaeque</strong></span> <span class='ocrx_word' id='word_1_132' title='bbox 549 1210 607 1235; x_wconf 90' lang='lat' dir='ltr'><strong>res</strong></span> <span class='ocrx_word' id='word_1_133' title='bbox 631 1200 715 1242; x_wconf 89' lang='lat' dir='ltr'><strong>erit,</strong></span> <span class='ocrx_word' id='word_1_134' title='bbox 740 1199 1043 1234; x_wconf 85' lang='lat' dir='ltr'><strong>animadvertam.’</strong></span> <span class='ocrx_word' id='word_1_135' title='bbox 1090 1199 1127 1234; x_wconf 88' lang='lat' dir='ltr'><strong>Si</strong></span> <span class='ocrx_word' id='word_1_136' title='bbox 1150 1200 1295 1245; x_wconf 85' lang='lat' dir='ltr'><strong>rapinas</strong></span> 
     </span>
     <span class='ocr_line' id='line_1_22' title="bbox 207 1244 1296 1290; baseline -0.003 -8"><span class='ocrx_word' id='word_1_137' title='bbox 207 1245 360 1282; x_wconf 84' lang='lat' dir='ltr'><strong>fecerint</strong></span> <span class='ocrx_word' id='word_1_138' title='bbox 378 1250 470 1280; x_wconf 91' lang='lat' dir='ltr'><strong>inter</strong></span> <span class='ocrx_word' id='word_1_139' title='bbox 489 1256 527 1281; x_wconf 91' lang='lat' dir='ltr'><strong>se</strong></span> <span class='ocrx_word' id='word_1_140' title='bbox 547 1245 753 1287; x_wconf 86' lang='lat' dir='ltr'><strong>collusores,</strong></span> <span class='ocrx_word' id='word_1_141' title='bbox 772 1244 807 1280; x_wconf 91' lang='lat' dir='ltr'><strong>vi</strong></span> <span class='ocrx_word' id='word_1_142' title='bbox 825 1245 1000 1280; x_wconf 90' lang='lat' dir='ltr'><strong>bonorum</strong></span> <span class='ocrx_word' id='word_1_143' title='bbox 1019 1248 1204 1290; x_wconf 87' lang='lat' dir='ltr'><strong>raptorum</strong></span> <span class='ocrx_word' id='word_1_144' title='bbox 1223 1255 1296 1280; x_wconf 92' lang='lat' dir='ltr'><strong>non</strong></span> 
     </span>
     <span class='ocr_line' id='line_1_23' title="bbox 209 1289 1294 1343; baseline 0 -17"><span class='ocrx_word' id='word_1_145' title='bbox 209 1290 439 1335; x_wconf 80' lang='lat' dir='ltr'><strong>denegabitur</strong></span> <span class='ocrx_word' id='word_1_146' title='bbox 462 1290 575 1325; x_wconf 87' lang='lat' dir='ltr'><strong>actio:</strong></span> <span class='ocrx_word' id='word_1_147' title='bbox 601 1291 870 1335; x_wconf 78' lang='lat' dir='ltr'><strong>susceptorem⁰</strong></span> <span class='ocrx_word' id='word_1_148' title='bbox 894 1289 987 1325; x_wconf 89' lang='lat' dir='ltr'><strong>enim</strong></span> <span class='ocrx_word' id='word_1_149' title='bbox 1005 1289 1192 1325; x_wconf 79' lang='lat' dir='ltr'><strong>dumtaxat</strong></span> <span class='ocrx_word' id='word_1_150' title='bbox 1208 1300 1294 1343; x_wconf 82' lang='lat' dir='ltr'><strong>pro-</strong></span> 
     </span>
     <span class='ocr_line' id='line_1_24' title="bbox 208 1334 1294 1380; baseline -0.001 -9"><span class='ocrx_word' id='word_1_151' title='bbox 208 1336 325 1371; x_wconf 89' lang='lat' dir='ltr'><strong>hibuit</strong></span> <span class='ocrx_word' id='word_1_152' title='bbox 347 1335 529 1378; x_wconf 87' lang='lat' dir='ltr'><strong>vindicari,</strong></span> <span class='ocrx_word' id='word_1_153' title='bbox 553 1346 625 1371; x_wconf 93' lang='lat' dir='ltr'><strong>non</strong></span> <span class='ocrx_word' id='word_1_154' title='bbox 649 1339 684 1371; x_wconf 89' lang='lat' dir='ltr'><strong>et</strong></span> <span class='ocrx_word' id='word_1_155' title='bbox 708 1334 914 1377; x_wconf 80' lang='lat' dir='ltr'><strong>collusores,</strong></span> <span class='ocrx_word' id='word_1_156' title='bbox 939 1336 1098 1380; x_wconf 88' lang='lat' dir='ltr'><strong>quamvis</strong></span> <span class='ocrx_word' id='word_1_157' title='bbox 1123 1339 1159 1370; x_wconf 91' lang='lat' dir='ltr'><strong>et</strong></span> <span class='ocrx_word' id='word_1_158' title='bbox 1181 1335 1218 1370; x_wconf 89' lang='lat' dir='ltr'><strong>hi</strong></span> <span class='ocrx_word' id='word_1_159' title='bbox 1240 1335 1294 1370; x_wconf 89' lang='lat' dir='ltr'><strong>in-</strong></span> 
     </span>
     <span class='ocr_line' id='line_1_25' title="bbox 209 1380 1294 1426; baseline 0 -11"><span class='ocrx_word' id='word_1_160' title='bbox 209 1383 229 1416; x_wconf 89' lang='lat'>2</span> <span class='ocrx_word' id='word_1_161' title='bbox 276 1381 371 1426; x_wconf 85' lang='lat' dir='ltr'><strong>digni</strong></span> <span class='ocrx_word' id='word_1_162' title='bbox 394 1381 589 1416; x_wconf 88' lang='lat' dir='ltr'><strong>videantur.</strong></span> <span class='ocrx_word' id='word_1_163' title='bbox 638 1381 726 1415; x_wconf 91' lang='lat' dir='ltr'><strong>Item</strong></span> <span class='ocrx_word' id='word_1_164' title='bbox 750 1380 965 1423; x_wconf 88' lang='lat' dir='ltr'><strong>notandum,</strong></span> <span class='ocrx_word' id='word_1_165' title='bbox 990 1380 1086 1426; x_wconf 89' lang='lat' dir='ltr'><strong>quod</strong></span> <span class='ocrx_word' id='word_1_166' title='bbox 1109 1384 1294 1425; x_wconf 88' lang='lat' dir='ltr'><strong>suscepto-</strong></span> 
     </span>
     <span class='ocr_line' id='line_1_26' title="bbox 207 1425 1294 1471; baseline -0.001 -9"><span class='ocrx_word' id='word_1_167' title='bbox 207 1436 281 1462; x_wconf 85' lang='lat' dir='ltr'><strong>rem</strong></span> <span class='ocrx_word' id='word_1_168' title='bbox 304 1426 527 1462; x_wconf 86' lang='lat' dir='ltr'><strong>verberatum</strong></span> <span class='ocrx_word' id='word_1_169' title='bbox 550 1425 691 1471; x_wconf 88' lang='lat' dir='ltr'><strong>quidem</strong></span> <span class='ocrx_word' id='word_1_170' title='bbox 716 1428 752 1461; x_wconf 90' lang='lat' dir='ltr'><strong>et</strong></span> <span class='ocrx_word' id='word_1_171' title='bbox 774 1425 941 1460; x_wconf 91' lang='lat' dir='ltr'><strong>damnum</strong></span> <span class='ocrx_word' id='word_1_172' title='bbox 964 1436 1111 1471; x_wconf 88' lang='lat' dir='ltr'><strong>passum</strong></span> <span class='ocrx_word' id='word_1_173' title='bbox 1133 1426 1294 1461; x_wconf 86' lang='lat' dir='ltr'><strong>ubicum-</strong></span> 
     </span>
    </p>

    <p class='ocr_par' dir='ltr' id='par_1_7' title="bbox 205 1470 1296 2194">
     <span class='ocr_line' id='line_1_27' title="bbox 232 1470 1295 1516; baseline -0.001 -9"><span class='ocrx_word' id='word_1_174' title='bbox 232 1482 276 1507; x_wconf 93' lang='lat' dir='ltr'><strong>ue</strong></span> <span class='ocrx_word' id='word_1_175' title='bbox 300 1475 335 1506; x_wconf 90' lang='lat' dir='ltr'><strong>et</strong></span> <span class='ocrx_word' id='word_1_176' title='bbox 368 1471 663 1516; x_wconf 80' lang='lat' dir='ltr'><strong>quandocumque</strong></span> <span class='ocrx_word' id='word_1_177' title='bbox 695 1481 767 1506; x_wconf 90' lang='lat' dir='ltr'><strong>non</strong></span> <span class='ocrx_word' id='word_1_178' title='bbox 797 1470 972 1506; x_wconf 87' lang='lat' dir='ltr'><strong>vindicat:</strong></span> <span class='ocrx_word' id='word_1_179' title='bbox 1004 1481 1128 1506; x_wconf 89' lang='lat' dir='ltr'><strong>verum</strong></span> <span class='ocrx_word' id='word_1_180' title='bbox 1159 1470 1295 1506; x_wconf 88' lang='lat' dir='ltr'><strong>furtum</strong></span> 
     </span>
     <span class='ocr_line' id='line_1_28' title="bbox 223 1516 1296 1561; baseline -0.002 -9"><span class='ocrx_word' id='word_1_181' title='bbox 223 1517 365 1552; x_wconf 86' lang='lat' dir='ltr'><strong>actum⁷</strong></span> <span class='ocrx_word' id='word_1_182' title='bbox 391 1516 485 1552; x_wconf 93' lang='lat' dir='ltr'><strong>domi</strong></span> <span class='ocrx_word' id='word_1_183' title='bbox 505 1520 540 1552; x_wconf 89' lang='lat' dir='ltr'><strong>et</strong></span> <span class='ocrx_word' id='word_1_184' title='bbox 559 1526 600 1551; x_wconf 92' lang='lat' dir='ltr'><strong>eo</strong></span> <span class='ocrx_word' id='word_1_185' title='bbox 622 1520 782 1561; x_wconf 91' lang='lat' dir='ltr'><strong>tempore</strong></span> <span class='ocrx_word' id='word_1_186' title='bbox 802 1526 871 1561; x_wconf 94' lang='lat' dir='ltr'><strong>quo</strong></span> <span class='ocrx_word' id='word_1_187' title='bbox 891 1516 970 1551; x_wconf 86' lang='lat' dir='ltr'><strong>alea</strong></span> <span class='ocrx_word' id='word_1_188' title='bbox 988 1516 1188 1559; x_wconf 90' lang='lat' dir='ltr'><strong>ludebatur,</strong></span> <span class='ocrx_word' id='word_1_189' title='bbox 1211 1516 1296 1551; x_wconf 91' lang='lat' dir='ltr'><strong>licet</strong></span> 
     </span>
     <span class='ocr_line' id='line_1_29' title="bbox 207 1561 1293 1607; baseline -0.001 -10"><span class='ocrx_word' id='word_1_190' title='bbox 207 1562 305 1597; x_wconf 92' lang='lat' dir='ltr'><strong>lusor</strong></span> <span class='ocrx_word' id='word_1_191' title='bbox 327 1572 400 1597; x_wconf 91' lang='lat' dir='ltr'><strong>non</strong></span> <span class='ocrx_word' id='word_1_192' title='bbox 422 1561 530 1596; x_wconf 85' lang='lat' dir='ltr'><strong>fuerit</strong></span> <span class='ocrx_word' id='word_1_193' title='bbox 554 1561 614 1606; x_wconf 92' lang='lat' dir='ltr'><strong>qui</strong></span> <span class='ocrx_word' id='word_1_194' title='bbox 638 1561 723 1606; x_wconf 89' lang='lat' dir='ltr'><strong>quid</strong></span> <span class='ocrx_word' id='word_1_195' title='bbox 747 1571 869 1596; x_wconf 90' lang='lat' dir='ltr'><strong>eorum</strong></span> <span class='ocrx_word' id='word_1_196' title='bbox 891 1561 1034 1604; x_wconf 86' lang='lat' dir='ltr'><strong>fecerit,</strong></span> <span class='ocrx_word' id='word_1_197' title='bbox 1068 1562 1211 1607; x_wconf 91' lang='lat' dir='ltr'><strong>impune</strong></span> <span class='ocrx_word' id='word_1_198' title='bbox 1240 1561 1293 1596; x_wconf 91' lang='lat' dir='ltr'><strong>fit.</strong></span> 
     </span>
     <span class='ocr_line' id='line_1_30' title="bbox 208 1606 1293 1652; baseline 0 -10"><span class='ocrx_word' id='word_1_199' title='bbox 208 1607 349 1642; x_wconf 92' lang='lat' dir='ltr'><strong>domum</strong></span> <span class='ocrx_word' id='word_1_200' title='bbox 382 1611 500 1642; x_wconf 86' lang='lat' dir='ltr'><strong>autem</strong></span> <span class='ocrx_word' id='word_1_201' title='bbox 531 1617 596 1652; x_wconf 90' lang='lat' dir='ltr'><strong>pro</strong></span> <span class='ocrx_word' id='word_1_202' title='bbox 628 1606 850 1642; x_wconf 79' lang='lat' dir='ltr'><strong>habitatione</strong></span> <span class='ocrx_word' id='word_1_203' title='bbox 882 1611 918 1642; x_wconf 92' lang='lat' dir='ltr'><strong>et</strong></span> <span class='ocrx_word' id='word_1_204' title='bbox 941 1607 1118 1642; x_wconf 87' lang='lat' dir='ltr'><strong>domicilio</strong></span> <span class='ocrx_word' id='word_1_205' title='bbox 1142 1617 1208 1642; x_wconf 87' lang='lat' dir='ltr'><strong>nos</strong></span> <span class='ocrx_word' id='word_1_206' title='bbox 1234 1617 1293 1642; x_wconf 89' lang='lat' dir='ltr'><strong>ac-</strong></span> 
     </span>
     <span class='ocr_line' id='line_1_31' title="bbox 207 1651 1295 1697; baseline 0 -10"><span class='ocrx_word' id='word_1_207' title='bbox 207 1655 227 1688; x_wconf 86' lang='lat'>3</span> <span class='ocrx_word' id='word_1_208' title='bbox 275 1652 391 1697; x_wconf 88' lang='lat' dir='ltr'><strong>cipere</strong></span> <span class='ocrx_word' id='word_1_209' title='bbox 422 1651 551 1687; x_wconf 91' lang='lat' dir='ltr'><strong>debere</strong></span> <span class='ocrx_word' id='word_1_210' title='bbox 583 1655 717 1687; x_wconf 88' lang='lat' dir='ltr'><strong>certum</strong></span> <span class='ocrx_word' id='word_1_211' title='bbox 751 1655 816 1687; x_wconf 86' lang='lat' dir='ltr'><strong>est.</strong></span> <span class='ocrx_word' id='word_1_212' title='bbox 864 1651 966 1696; x_wconf 82' lang='lat' dir='ltr'><strong>Quod</strong></span> <span class='ocrx_word' id='word_1_213' title='bbox 999 1658 1119 1687; x_wconf 89' lang='lat' dir='ltr'><strong>autem</strong></span> <span class='ocrx_word' id='word_1_214' title='bbox 1150 1655 1295 1697; x_wconf 87' lang='lat' dir='ltr'><strong>praetor</strong></span> 
     </span>
     <span class='ocr_line' id='line_1_32' title="bbox 207 1696 1295 1742; baseline 0 -10"><span class='ocrx_word' id='word_1_215' title='bbox 207 1701 312 1742; x_wconf 89' lang='lat' dir='ltr'><strong>negat</strong></span> <span class='ocrx_word' id='word_1_216' title='bbox 335 1706 374 1732; x_wconf 91' lang='lat' dir='ltr'><strong>se</strong></span> <span class='ocrx_word' id='word_1_217' title='bbox 396 1696 484 1732; x_wconf 85' lang='lat' dir='ltr'><strong>furti</strong></span> <span class='ocrx_word' id='word_1_218' title='bbox 507 1697 684 1732; x_wconf 83' lang='lat' dir='ltr'><strong>actionem</strong></span> <span class='ocrx_word' id='word_1_219' title='bbox 704 1696 882 1740; x_wconf 86' lang='lat' dir='ltr'><strong>daturum,</strong></span> <span class='ocrx_word' id='word_1_220' title='bbox 907 1697 1088 1733; x_wconf 87' lang='lat' dir='ltr'><strong>videamus</strong></span> <span class='ocrx_word' id='word_1_221' title='bbox 1109 1701 1228 1732; x_wconf 92' lang='lat' dir='ltr'><strong>utrum</strong></span> <span class='ocrx_word' id='word_1_222' title='bbox 1248 1697 1295 1732; x_wconf 90' lang='lat' dir='ltr'><strong>ad</strong></span> 
     </span>
     <span class='ocr_line' id='line_1_33' title="bbox 232 1742 1292 1787; baseline -0.001 -9"><span class='ocrx_word' id='word_1_223' title='bbox 232 1742 393 1778; x_wconf 88' lang='lat' dir='ltr'><strong>oenalem</strong></span> <span class='ocrx_word' id='word_1_224' title='bbox 427 1742 604 1778; x_wconf 86' lang='lat' dir='ltr'><strong>actionem</strong></span> <span class='ocrx_word' id='word_1_225' title='bbox 636 1742 748 1778; x_wconf 89' lang='lat' dir='ltr'><strong>solam</strong></span> <span class='ocrx_word' id='word_1_226' title='bbox 778 1742 956 1787; x_wconf 85' lang='lat' dir='ltr'><strong>pertineat</strong></span> <span class='ocrx_word' id='word_1_227' title='bbox 979 1753 1026 1778; x_wconf 89' lang='lat' dir='ltr'><strong>an</strong></span> <span class='ocrx_word' id='word_1_228' title='bbox 1050 1746 1087 1778; x_wconf 89' lang='lat' dir='ltr'><strong>et</strong></span> <span class='ocrx_word' id='word_1_229' title='bbox 1109 1743 1139 1778; x_wconf 87' lang='lat' dir='ltr'><strong>si</strong></span> <span class='ocrx_word' id='word_1_230' title='bbox 1162 1742 1209 1778; x_wconf 88' lang='lat' dir='ltr'><strong>ad</strong></span> <span class='ocrx_word' id='word_1_231' title='bbox 1233 1753 1292 1778; x_wconf 86' lang='lat' dir='ltr'><strong>ex-</strong></span> 
     </span>
     <span class='ocr_line' id='line_1_34' title="bbox 206 1753 1295 1832; baseline 0 -9"><span class='ocrx_word' id='word_1_232' title='bbox 206 1753 398 1823; x_wconf 66' lang='lat' dir='ltr'><strong>Eibendum</strong></span> <span class='ocrx_word' id='word_1_233' title='bbox 429 1788 514 1822; x_wconf 90' lang='lat' dir='ltr'><strong>velit</strong></span> <span class='ocrx_word' id='word_1_234' title='bbox 537 1798 641 1832; x_wconf 90' lang='lat' dir='ltr'><strong>agere</strong></span> <span class='ocrx_word' id='word_1_235' title='bbox 663 1787 719 1823; x_wconf 92' lang='lat' dir='ltr'><strong>vel</strong></span> <span class='ocrx_word' id='word_1_236' title='bbox 741 1787 923 1823; x_wconf 89' lang='lat' dir='ltr'><strong>vindicare</strong></span> <span class='ocrx_word' id='word_1_237' title='bbox 945 1788 1000 1823; x_wconf 93' lang='lat' dir='ltr'><strong>vel</strong></span> <span class='ocrx_word' id='word_1_238' title='bbox 1025 1788 1222 1824; x_wconf 89' lang='lat' dir='ltr'><strong>condicere.</strong></span> <span class='ocrx_word' id='word_1_239' title='bbox 1260 1792 1295 1823; x_wconf 89' lang='lat' dir='ltr'><strong>et</strong></span> 
     </span>
     <span class='ocr_line' id='line_1_35' title="bbox 207 1833 1293 1878; baseline -0.001 -10"><span class='ocrx_word' id='word_1_240' title='bbox 207 1836 262 1868; x_wconf 88' lang='lat' dir='ltr'><strong>est</strong></span> <span class='ocrx_word' id='word_1_241' title='bbox 291 1833 442 1868; x_wconf 86' lang='lat' dir='ltr'><strong>relatum</strong></span> <span class='ocrx_word' id='word_1_242' title='bbox 473 1833 570 1878; x_wconf 87' lang='lat' dir='ltr'><strong>apud</strong></span> <span class='ocrx_word' id='word_1_243' title='bbox 591 1833 830 1877; x_wconf 87' lang='lat' dir='ltr'><strong>Pomponium</strong></span> <span class='ocrx_word' id='word_1_244' title='bbox 861 1833 1083 1868; x_wconf 86' lang='lat' dir='ltr'><strong>solummodo</strong></span> <span class='ocrx_word' id='word_1_245' title='bbox 1107 1834 1293 1878; x_wconf 88' lang='lat' dir='ltr'><strong>poenalem</strong></span> 
     </span>
     <span class='ocr_line' id='line_1_36' title="bbox 206 1877 1295 1924; baseline 0 -11"><span class='ocrx_word' id='word_1_246' title='bbox 206 1878 383 1914; x_wconf 86' lang='lat' dir='ltr'><strong>actionem</strong></span> <span class='ocrx_word' id='word_1_247' title='bbox 408 1878 634 1923; x_wconf 85' lang='lat' dir='ltr'><strong>denegatam,</strong></span> <span class='ocrx_word' id='word_1_248' title='bbox 658 1877 754 1923; x_wconf 92' lang='lat' dir='ltr'><strong>quod</strong></span> <span class='ocrx_word' id='word_1_249' title='bbox 777 1888 850 1913; x_wconf 92' lang='lat' dir='ltr'><strong>non</strong></span> <span class='ocrx_word' id='word_1_250' title='bbox 874 1882 960 1923; x_wconf 88' lang='lat' dir='ltr'><strong>puto</strong></span> <span class='ocrx_word' id='word_1_251' title='bbox 985 1889 1124 1914; x_wconf 89' lang='lat' dir='ltr'><strong>verum:</strong></span> <span class='ocrx_word' id='word_1_252' title='bbox 1149 1882 1295 1924; x_wconf 89' lang='lat' dir='ltr'><strong>praetor</strong></span> 
     </span>
     <span class='ocr_line' id='line_1_37' title="bbox 206 1923 1294 1968; baseline 0 -9"><span class='ocrx_word' id='word_1_253' title='bbox 206 1923 299 1959; x_wconf 90' lang='lat' dir='ltr'><strong>enim</strong></span> <span class='ocrx_word' id='word_1_254' title='bbox 317 1924 383 1958; x_wconf 89' lang='lat' dir='ltr'><strong>sim</strong></span> <span class='ocrx_word' id='word_1_255' title='bbox 409 1923 524 1959; x_wconf 89' lang='lat' dir='ltr'><strong>liciter</strong></span> <span class='ocrx_word' id='word_1_256' title='bbox 544 1924 596 1958; x_wconf 90' lang='lat' dir='ltr'><strong>ait</strong></span> <span class='ocrx_word' id='word_1_257' title='bbox 616 1923 658 1958; x_wconf 89' lang='lat' dir='ltr'><strong>‘si</strong></span> <span class='ocrx_word' id='word_1_258' title='bbox 677 1923 761 1968; x_wconf 90' lang='lat' dir='ltr'><strong>quid</strong></span> <span class='ocrx_word' id='word_1_259' title='bbox 781 1924 1005 1959; x_wconf 88' lang='lat' dir='ltr'><strong>subtractum</strong></span> <span class='ocrx_word' id='word_1_260' title='bbox 1024 1924 1101 1966; x_wconf 88' lang='lat' dir='ltr'><strong>erit,</strong></span> <span class='ocrx_word' id='word_1_261' title='bbox 1126 1923 1294 1959; x_wconf 89' lang='lat' dir='ltr'><strong>iudicium</strong></span> 
     </span>
     <span class='ocr_line' id='line_1_38' title="bbox 205 1968 1295 2014; baseline 0.001 -11"><span class='ocrx_word' id='word_1_262' title='bbox 205 1971 227 2003; x_wconf 81' lang='lat'>4</span> <span class='ocrx_word' id='word_1_263' title='bbox 273 1972 359 2004; x_wconf 81' lang='lat' dir='ltr'><strong>‘non</strong></span> <span class='ocrx_word' id='word_1_264' title='bbox 402 1969 495 2004; x_wconf 88' lang='lat' dir='ltr'><strong>abo&#39;.</strong></span> <span class='ocrx_word' id='word_1_265' title='bbox 545 1969 598 2003; x_wconf 90' lang='lat' dir='ltr'><strong>‘In</strong></span> <span class='ocrx_word' id='word_1_266' title='bbox 621 1969 724 2011; x_wconf 92' lang='lat' dir='ltr'><strong>eum&#39;,</strong></span> <span class='ocrx_word' id='word_1_267' title='bbox 749 1968 875 2013; x_wconf 87' lang='lat' dir='ltr'><strong>inquit,</strong></span> <span class='ocrx_word' id='word_1_268' title='bbox 901 1969 972 2014; x_wconf 89' lang='lat' dir='ltr'><strong>‘qui</strong></span> <span class='ocrx_word' id='word_1_269' title='bbox 997 1969 1096 2004; x_wconf 89' lang='lat' dir='ltr'><strong>aleae</strong></span> <span class='ocrx_word' id='word_1_270' title='bbox 1119 1969 1295 2004; x_wconf 91' lang='lat' dir='ltr'><strong>ludendae</strong></span> 
     </span>
     <span class='ocr_line' id='line_1_39' title="bbox 207 2013 1293 2059; baseline 0.001 -11"><span class='ocrx_word' id='word_1_271' title='bbox 207 2017 331 2049; x_wconf 86' lang='lat' dir='ltr'><strong>‘causa</strong></span> <span class='ocrx_word' id='word_1_272' title='bbox 354 2013 422 2048; x_wconf 88' lang='lat' dir='ltr'><strong>vim</strong></span> <span class='ocrx_word' id='word_1_273' title='bbox 445 2013 624 2056; x_wconf 90' lang='lat' dir='ltr'><strong>intulerit,</strong></span> <span class='ocrx_word' id='word_1_274' title='bbox 658 2014 711 2048; x_wconf 91' lang='lat' dir='ltr'><strong>uti</strong></span> <span class='ocrx_word' id='word_1_275' title='bbox 743 2023 904 2059; x_wconf 87' lang='lat' dir='ltr'><strong>quaeque</strong></span> <span class='ocrx_word' id='word_1_276' title='bbox 934 2024 991 2049; x_wconf 89' lang='lat' dir='ltr'><strong>res</strong></span> <span class='ocrx_word' id='word_1_277' title='bbox 1017 2015 1100 2057; x_wconf 90' lang='lat' dir='ltr'><strong>erit,</strong></span> <span class='ocrx_word' id='word_1_278' title='bbox 1134 2014 1293 2049; x_wconf 89' lang='lat' dir='ltr'><strong>animad-</strong></span> 
     </span>
     <span class='ocr_line' id='line_1_40' title="bbox 206 2059 1293 2104; baseline 0.001 -10"><span class='ocrx_word' id='word_1_279' title='bbox 206 2059 376 2094; x_wconf 79' lang='lat' dir='ltr'><strong>‘vertam.’</strong></span> <span class='ocrx_word' id='word_1_280' title='bbox 409 2059 499 2094; x_wconf 86' lang='lat' dir='ltr'><strong>haec</strong></span> <span class='ocrx_word' id='word_1_281' title='bbox 523 2059 684 2094; x_wconf 88' lang='lat' dir='ltr'><strong>clausula</strong></span> <span class='ocrx_word' id='word_1_282' title='bbox 706 2059 862 2104; x_wconf 87' lang='lat' dir='ltr'><strong>pertinet</strong></span> <span class='ocrx_word' id='word_1_283' title='bbox 885 2059 932 2094; x_wconf 89' lang='lat' dir='ltr'><strong>ad</strong></span> <span class='ocrx_word' id='word_1_284' title='bbox 955 2059 1293 2095; x_wconf 88' lang='lat' dir='ltr'><strong>animadversionem</strong></span> 
     </span>
     <span class='ocr_line' id='line_1_41' title="bbox 206 2103 1294 2150; baseline 0.001 -11"><span class='ocrx_word' id='word_1_285' title='bbox 206 2104 281 2140; x_wconf 88' lang='lat' dir='ltr'><strong>eius</strong></span> <span class='ocrx_word' id='word_1_286' title='bbox 305 2103 366 2149; x_wconf 90' lang='lat' dir='ltr'><strong>qui</strong></span> <span class='ocrx_word' id='word_1_287' title='bbox 391 2104 550 2150; x_wconf 90' lang='lat' dir='ltr'><strong>conpulit</strong></span> <span class='ocrx_word' id='word_1_288' title='bbox 572 2104 714 2146; x_wconf 89' lang='lat' dir='ltr'><strong>ludere,</strong></span> <span class='ocrx_word' id='word_1_289' title='bbox 746 2107 787 2139; x_wconf 92' lang='lat' dir='ltr'><strong>ut</strong></span> <span class='ocrx_word' id='word_1_290' title='bbox 820 2108 882 2139; x_wconf 89' lang='lat' dir='ltr'><strong>aut</strong></span> <span class='ocrx_word' id='word_1_291' title='bbox 905 2104 1017 2140; x_wconf 91' lang='lat' dir='ltr'><strong>multa</strong></span> <span class='ocrx_word' id='word_1_292' title='bbox 1040 2105 1209 2140; x_wconf 91' lang='lat' dir='ltr'><strong>multetur</strong></span> <span class='ocrx_word' id='word_1_293' title='bbox 1232 2109 1294 2140; x_wconf 89' lang='lat' dir='ltr'><strong>aut</strong></span> 
     </span>
     <span class='ocr_line' id='line_1_42' title="bbox 205 2149 1122 2194; baseline 0.001 -10"><span class='ocrx_word' id='word_1_294' title='bbox 205 2149 242 2184; x_wconf 92' lang='lat' dir='ltr'><strong>in</strong></span> <span class='ocrx_word' id='word_1_295' title='bbox 265 2149 455 2185; x_wconf 86' lang='lat' dir='ltr'><strong>lautumias</strong></span> <span class='ocrx_word' id='word_1_296' title='bbox 478 2149 534 2184; x_wconf 91' lang='lat' dir='ltr'><strong>vel</strong></span> <span class='ocrx_word' id='word_1_297' title='bbox 556 2149 594 2184; x_wconf 92' lang='lat' dir='ltr'><strong>in</strong></span> <span class='ocrx_word' id='word_1_298' title='bbox 616 2149 758 2184; x_wconf 86' lang='lat' dir='ltr'><strong>vincula</strong></span> <span class='ocrx_word' id='word_1_299' title='bbox 780 2149 926 2194; x_wconf 89' lang='lat' dir='ltr'><strong>publica</strong></span> <span class='ocrx_word' id='word_1_300' title='bbox 950 2149 1122 2186; x_wconf 89' lang='lat' dir='ltr'><strong>ducatur:</strong></span> 
     </span>
    </p>

    <p class='ocr_par' dir='ltr' id='par_1_8' title="bbox 204 2191 1295 2466">
     <span class='ocr_line' id='line_1_43' title="bbox 252 2191 1295 2232; baseline -0.002 0"><span class='ocrx_word' id='word_1_301' title='bbox 252 2191 277 2232; x_wconf 87' lang='lat'><strong>2</strong></span> <span class='ocrx_word' id='word_1_302' title='bbox 300 2193 460 2230; x_wconf 57' lang='lat' dir='ltr'><strong>Panas</strong></span> <span class='ocrx_word' id='word_1_303' title='bbox 486 2194 577 2230; x_wconf 83' lang='lat' dir='ltr'><strong>libro</strong></span> <span class='ocrx_word' id='word_1_304' title='bbox 608 2205 704 2229; x_wconf 82' lang='lat' dir='ltr'><strong>nono</strong></span> <span class='ocrx_word' id='word_1_305' title='bbox 737 2194 873 2230; x_wconf 74' lang='lat' dir='ltr'><strong>decimo</strong></span> <span class='ocrx_word' id='word_1_306' title='bbox 906 2194 957 2230; x_wconf 87' lang='lat' dir='ltr'><strong>ad</strong></span> <span class='ocrx_word' id='word_1_307' title='bbox 978 2195 1132 2231; x_wconf 80' lang='lat' dir='ltr'><strong>edictum</strong></span> <span class='ocrx_word' id='word_1_308' title='bbox 1178 2195 1295 2230; x_wconf 87' lang='lat' dir='ltr'><strong>solent</strong></span> 
     </span>
     <span class='ocr_line' id='line_1_44' title="bbox 206 2239 1293 2292; baseline -0.001 -16"><span class='ocrx_word' id='word_1_309' title='bbox 206 2239 299 2276; x_wconf 89' lang='lat' dir='ltr'><strong>enim</strong></span> <span class='ocrx_word' id='word_1_310' title='bbox 330 2239 473 2292; x_wconf 82' lang='lat' dir='ltr'><strong>quidam</strong></span> <span class='ocrx_word' id='word_1_311' title='bbox 505 2243 542 2275; x_wconf 91' lang='lat' dir='ltr'><strong>et</strong></span> <span class='ocrx_word' id='word_1_312' title='bbox 572 2249 699 2285; x_wconf 88' lang='lat' dir='ltr'><strong>cogere</strong></span> <span class='ocrx_word' id='word_1_313' title='bbox 730 2239 778 2274; x_wconf 89' lang='lat' dir='ltr'><strong>ad</strong></span> <span class='ocrx_word' id='word_1_314' title='bbox 807 2239 925 2275; x_wconf 90' lang='lat' dir='ltr'><strong>lusum</strong></span> <span class='ocrx_word' id='word_1_315' title='bbox 956 2240 1012 2276; x_wconf 90' lang='lat' dir='ltr'><strong>vel</strong></span> <span class='ocrx_word' id='word_1_316' title='bbox 1044 2240 1090 2275; x_wconf 87' lang='lat' dir='ltr'><strong>ab</strong></span> <span class='ocrx_word' id='word_1_317' title='bbox 1114 2240 1214 2276; x_wconf 90' lang='lat' dir='ltr'><strong>initio</strong></span> <span class='ocrx_word' id='word_1_318' title='bbox 1238 2241 1293 2275; x_wconf 93' lang='lat' dir='ltr'><strong>vel</strong></span> 
     </span>
     <span class='ocr_line' id='line_1_45' title="bbox 207 2283 1293 2321; baseline 0 -1"><span class='ocrx_word' id='word_1_319' title='bbox 207 2288 222 2320; x_wconf 89' lang='lat'>1</span> <span class='ocrx_word' id='word_1_320' title='bbox 272 2284 356 2320; x_wconf 89' lang='lat' dir='ltr'><strong>victi</strong></span> <span class='ocrx_word' id='word_1_321' title='bbox 387 2284 471 2320; x_wconf 90' lang='lat' dir='ltr'><strong>dum</strong></span> <span class='ocrx_word' id='word_1_322' title='bbox 501 2285 664 2320; x_wconf 88' lang='lat' dir='ltr'><strong>retinent.</strong></span> <span class='ocrx_word' id='word_1_323' title='bbox 713 2283 865 2320; x_wconf 88' lang='lat' dir='ltr'><strong>Senatus</strong></span> <span class='ocrx_word' id='word_1_324' title='bbox 898 2285 1099 2320; x_wconf 91' lang='lat' dir='ltr'><strong>consultum</strong></span> <span class='ocrx_word' id='word_1_325' title='bbox 1122 2285 1234 2321; x_wconf 88' lang='lat' dir='ltr'><strong>vetuit</strong></span> <span class='ocrx_word' id='word_1_326' title='bbox 1255 2285 1293 2320; x_wconf 91' lang='lat' dir='ltr'><strong>in</strong></span> 
     </span>
     <span class='ocr_line' id='line_1_46' title="bbox 204 2329 1293 2376; baseline 0 -11"><span class='ocrx_word' id='word_1_327' title='bbox 204 2330 393 2376; x_wconf 90' lang='lat' dir='ltr'><strong>pecuniam</strong></span> <span class='ocrx_word' id='word_1_328' title='bbox 412 2329 546 2373; x_wconf 88' lang='lat' dir='ltr'><strong>ludere,</strong></span> <span class='ocrx_word' id='word_1_329' title='bbox 566 2333 817 2375; x_wconf 87' lang='lat' dir='ltr'><strong>praeterquam</strong></span> <span class='ocrx_word' id='word_1_330' title='bbox 836 2329 866 2365; x_wconf 91' lang='lat' dir='ltr'><strong>si</strong></span> <span class='ocrx_word' id='word_1_331' title='bbox 885 2330 964 2375; x_wconf 91' lang='lat' dir='ltr'><strong>quis</strong></span> <span class='ocrx_word' id='word_1_332' title='bbox 985 2334 1097 2366; x_wconf 89' lang='lat' dir='ltr'><strong>certet</strong></span> <span class='ocrx_word' id='word_1_333' title='bbox 1114 2331 1220 2366; x_wconf 87' lang='lat' dir='ltr'><strong>hasta</strong></span> <span class='ocrx_word' id='word_1_334' title='bbox 1239 2331 1293 2366; x_wconf 91' lang='lat' dir='ltr'><strong>vel</strong></span> 
     </span>
     <span class='ocr_line' id='line_1_47' title="bbox 204 2374 1292 2421; baseline 0.001 -11"><span class='ocrx_word' id='word_1_335' title='bbox 204 2375 275 2421; x_wconf 93' lang='lat' dir='ltr'><strong>pilo</strong></span> <span class='ocrx_word' id='word_1_336' title='bbox 287 2375 449 2411; x_wconf 87' lang='lat' dir='ltr'><strong>iaciendo</strong></span> <span class='ocrx_word' id='word_1_337' title='bbox 462 2375 517 2410; x_wconf 91' lang='lat' dir='ltr'><strong>vel</strong></span> <span class='ocrx_word' id='word_1_338' title='bbox 537 2374 713 2411; x_wconf 88' lang='lat' dir='ltr'><strong>currendo</strong></span> <span class='ocrx_word' id='word_1_339' title='bbox 732 2374 891 2410; x_wconf 87' lang='lat' dir='ltr'><strong>saliendo</strong></span> <span class='ocrx_word' id='word_1_340' title='bbox 910 2375 1080 2411; x_wconf 89' lang='lat' dir='ltr'><strong>luctando</strong></span> <span class='ocrx_word' id='word_1_341' title='bbox 1102 2375 1292 2421; x_wconf 85' lang='lat' dir='ltr'><strong>pugnando</strong></span> 
     </span>
     <span class='ocr_line' id='line_1_48' title="bbox 206 2420 703 2466; baseline 0 -11"><span class='ocrx_word' id='word_1_342' title='bbox 206 2420 301 2466; x_wconf 88' lang='lat' dir='ltr'><strong>quod</strong></span> <span class='ocrx_word' id='word_1_343' title='bbox 324 2420 462 2455; x_wconf 91' lang='lat' dir='ltr'><strong>virtutis</strong></span> <span class='ocrx_word' id='word_1_344' title='bbox 488 2430 598 2456; x_wconf 89' lang='lat' dir='ltr'><strong>causa</strong></span> <span class='ocrx_word' id='word_1_345' title='bbox 620 2420 703 2455; x_wconf 89' lang='lat' dir='ltr'><strong>fiat:</strong></span> 
     </span>
    </p>

    <p class='ocr_par' dir='ltr' id='par_1_9' title="bbox 205 2463 1294 2644">
     <span class='ocr_line' id='line_1_49' title="bbox 251 2463 1292 2512; baseline 0 -11"><span class='ocrx_word' id='word_1_346' title='bbox 251 2463 275 2503; x_wconf 88' lang='lat'><strong>3</strong></span> <span class='ocrx_word' id='word_1_347' title='bbox 301 2465 538 2501; x_wconf 55' lang='lat' dir='ltr'><strong>Marcum-s</strong></span> <span class='ocrx_word' id='word_1_348' title='bbox 564 2465 657 2501; x_wconf 82' lang='lat' dir='ltr'><strong>libro</strong></span> <span class='ocrx_word' id='word_1_349' title='bbox 689 2466 815 2511; x_wconf 82' lang='lat' dir='ltr'><strong>quinto</strong></span> <span class='ocrx_word' id='word_1_350' title='bbox 838 2465 1049 2512; x_wconf 74' lang='lat' dir='ltr'><strong>reqularum</strong></span> <span class='ocrx_word' id='word_1_351' title='bbox 1094 2466 1132 2500; x_wconf 93' lang='lat' dir='ltr'><strong>in</strong></span> <span class='ocrx_word' id='word_1_352' title='bbox 1164 2466 1292 2511; x_wconf 90' lang='lat' dir='ltr'><strong>quibus</strong></span> 
     </span>
     <span class='ocr_line' id='line_1_50' title="bbox 205 2510 1293 2546; baseline 0.001 -1"><span class='ocrx_word' id='word_1_353' title='bbox 205 2511 310 2546; x_wconf 91' lang='lat' dir='ltr'><strong>rebus</strong></span> <span class='ocrx_word' id='word_1_354' title='bbox 347 2521 391 2546; x_wconf 85' lang='lat' dir='ltr'><strong>ex</strong></span> <span class='ocrx_word' id='word_1_355' title='bbox 425 2510 458 2545; x_wconf 92' lang='lat' dir='ltr'><strong>le</strong></span> <span class='ocrx_word' id='word_1_356' title='bbox 483 2520 502 2545; x_wconf 93' lang='lat' dir='ltr'><strong>e</strong></span> <span class='ocrx_word' id='word_1_357' title='bbox 533 2510 629 2546; x_wconf 91' lang='lat' dir='ltr'><strong>Titia</strong></span> <span class='ocrx_word' id='word_1_358' title='bbox 661 2514 696 2545; x_wconf 93' lang='lat' dir='ltr'><strong>et</strong></span> <span class='ocrx_word' id='word_1_359' title='bbox 725 2510 889 2546; x_wconf 86' lang='lat' dir='ltr'><strong>Publicia</strong></span> <span class='ocrx_word' id='word_1_360' title='bbox 923 2515 958 2546; x_wconf 91' lang='lat' dir='ltr'><strong>et</strong></span> <span class='ocrx_word' id='word_1_361' title='bbox 990 2511 1153 2546; x_wconf 87' lang='lat' dir='ltr'><strong>Cornelia</strong></span> <span class='ocrx_word' id='word_1_362' title='bbox 1187 2511 1293 2546; x_wconf 86' lang='lat' dir='ltr'><strong>etiam</strong></span> 
     </span>
     <span class='ocr_line' id='line_1_51' title="bbox 206 2555 1294 2602; baseline 0.001 -11"><span class='ocrx_word' id='word_1_363' title='bbox 206 2556 431 2601; x_wconf 88' lang='lat' dir='ltr'><strong>sponsionem</strong></span> <span class='ocrx_word' id='word_1_364' title='bbox 469 2566 571 2591; x_wconf 86' lang='lat' dir='ltr'><strong>acere</strong></span> <span class='ocrx_word' id='word_1_365' title='bbox 593 2556 695 2591; x_wconf 87' lang='lat' dir='ltr'><strong>licet:</strong></span> <span class='ocrx_word' id='word_1_366' title='bbox 721 2555 784 2591; x_wconf 87' lang='lat' dir='ltr'><strong>sed</strong></span> <span class='ocrx_word' id='word_1_367' title='bbox 809 2566 853 2591; x_wconf 85' lang='lat' dir='ltr'><strong>ex</strong></span> <span class='ocrx_word' id='word_1_368' title='bbox 877 2556 966 2599; x_wconf 83' lang='lat' dir='ltr'><strong>aliis,</strong></span> <span class='ocrx_word' id='word_1_369' title='bbox 991 2556 1054 2592; x_wconf 93' lang='lat' dir='ltr'><strong>ubi</strong></span> <span class='ocrx_word' id='word_1_370' title='bbox 1076 2567 1142 2602; x_wconf 91' lang='lat' dir='ltr'><strong>pro</strong></span> <span class='ocrx_word' id='word_1_371' title='bbox 1164 2556 1294 2592; x_wconf 88' lang='lat' dir='ltr'><strong>virtute</strong></span> 
     </span>
     <span class='ocr_line' id='line_1_52' title="bbox 207 2600 770 2644; baseline 0 -8"><span class='ocrx_word' id='word_1_372' title='bbox 207 2605 386 2636; x_wconf 88' lang='lat' dir='ltr'><strong>certamen</strong></span> <span class='ocrx_word' id='word_1_373' title='bbox 409 2611 482 2636; x_wconf 93' lang='lat' dir='ltr'><strong>non</strong></span> <span class='ocrx_word' id='word_1_374' title='bbox 505 2600 557 2644; x_wconf 87' lang='lat' dir='ltr'><strong>fit,</strong></span> <span class='ocrx_word' id='word_1_375' title='bbox 581 2611 655 2637; x_wconf 91' lang='lat' dir='ltr'><strong>non</strong></span> <span class='ocrx_word' id='word_1_376' title='bbox 676 2601 770 2636; x_wconf 89' lang='lat' dir='ltr'><strong>licet.</strong></span> 
     </span>
    </p>

    <p class='ocr_par' dir='ltr' id='par_1_10' title="bbox 204 2645 1293 3089">
     <span class='ocr_line' id='line_1_53' title="bbox 251 2645 1292 2691; baseline -0.001 -8"><span class='ocrx_word' id='word_1_377' title='bbox 251 2645 277 2683; x_wconf 85' lang='lat'>4</span> <span class='ocrx_word' id='word_1_378' title='bbox 301 2645 356 2681; x_wconf 73' lang='grc' dir='ltr'><strong>ΡΑ</strong></span> <span class='ocrx_word' id='word_1_379' title='bbox 365 2655 459 2681; x_wconf 69' lang='grc' dir='ltr'><strong>υισε</strong></span> <span class='ocrx_word' id='word_1_380' title='bbox 480 2645 571 2681; x_wconf 83' lang='lat' dir='ltr'><strong>libro</strong></span> <span class='ocrx_word' id='word_1_381' title='bbox 594 2657 690 2682; x_wconf 83' lang='lat' dir='ltr'><strong>nono</strong></span> <span class='ocrx_word' id='word_1_382' title='bbox 711 2645 847 2682; x_wconf 77' lang='lat' dir='ltr'><strong>decimo</strong></span> <span class='ocrx_word' id='word_1_383' title='bbox 867 2646 917 2682; x_wconf 86' lang='lat' dir='ltr'><strong>ad</strong></span> <span class='ocrx_word' id='word_1_384' title='bbox 935 2646 1089 2683; x_wconf 76' lang='lat' dir='ltr'><strong>edictum</strong></span> <span class='ocrx_word' id='word_1_385' title='bbox 1135 2645 1236 2691; x_wconf 82' lang='lat' dir='ltr'><strong>Quod</strong></span> <span class='ocrx_word' id='word_1_386' title='bbox 1255 2647 1292 2682; x_wconf 93' lang='lat' dir='ltr'><strong>in</strong></span> 
     </span>
     <span class='ocr_line' id='line_1_54' title="bbox 207 2690 1293 2734; baseline 0.001 -8"><span class='ocrx_word' id='word_1_387' title='bbox 207 2690 366 2726; x_wconf 88' lang='lat' dir='ltr'><strong>convivio</strong></span> <span class='ocrx_word' id='word_1_388' title='bbox 388 2691 554 2726; x_wconf 82' lang='lat' dir='ltr'><strong>vescendi</strong></span> <span class='ocrx_word' id='word_1_389' title='bbox 574 2701 684 2727; x_wconf 87' lang='lat' dir='ltr'><strong>causa</strong></span> <span class='ocrx_word' id='word_1_390' title='bbox 729 2691 859 2734; x_wconf 91' lang='lat' dir='ltr'><strong>onitur,</strong></span> <span class='ocrx_word' id='word_1_391' title='bbox 882 2692 920 2726; x_wconf 94' lang='lat' dir='ltr'><strong>in</strong></span> <span class='ocrx_word' id='word_1_392' title='bbox 942 2701 1020 2727; x_wconf 85' lang='lat' dir='ltr'><strong>eam</strong></span> <span class='ocrx_word' id='word_1_393' title='bbox 1039 2702 1113 2727; x_wconf 90' lang='lat' dir='ltr'><strong>rem</strong></span> <span class='ocrx_word' id='word_1_394' title='bbox 1133 2691 1293 2727; x_wconf 83' lang='lat' dir='ltr'><strong>familia⁸</strong></span> 
     </span>
     <span class='ocr_line' id='line_1_55' title="bbox 210 2735 1292 2788; baseline 0.002 -18"><span class='ocrx_word' id='word_1_395' title='bbox 210 2739 226 2770; x_wconf 88' lang='lat'>1</span> <span class='ocrx_word' id='word_1_396' title='bbox 274 2735 396 2771; x_wconf 90' lang='lat' dir='ltr'><strong>ludere</strong></span> <span class='ocrx_word' id='word_1_397' title='bbox 428 2736 654 2788; x_wconf 87' lang='lat' dir='ltr'><strong>permittitur.</strong></span> <span class='ocrx_word' id='word_1_398' title='bbox 727 2736 739 2771; x_wconf 93' lang='lat' dir='ltr'><strong>i</strong></span> <span class='ocrx_word' id='word_1_399' title='bbox 769 2747 891 2772; x_wconf 89' lang='lat' dir='ltr'><strong>servus</strong></span> <span class='ocrx_word' id='word_1_400' title='bbox 921 2737 976 2772; x_wconf 93' lang='lat' dir='ltr'><strong>vel</strong></span> <span class='ocrx_word' id='word_1_401' title='bbox 1010 2736 1105 2773; x_wconf 90' lang='lat' dir='ltr'><strong>filius</strong></span> <span class='ocrx_word' id='word_1_402' title='bbox 1139 2737 1292 2773; x_wconf 85' lang='lat' dir='ltr'><strong>familias</strong></span> 
     </span>
     <span class='ocr_line' id='line_1_56' title="bbox 205 2780 1290 2827; baseline 0.002 -12"><span class='ocrx_word' id='word_1_403' title='bbox 205 2780 319 2816; x_wconf 90' lang='lat' dir='ltr'><strong>victus</strong></span> <span class='ocrx_word' id='word_1_404' title='bbox 353 2780 480 2824; x_wconf 87' lang='lat' dir='ltr'><strong>fuerit,</strong></span> <span class='ocrx_word' id='word_1_405' title='bbox 516 2781 610 2826; x_wconf 86' lang='lat' dir='ltr'><strong>patri</strong></span> <span class='ocrx_word' id='word_1_406' title='bbox 644 2782 700 2817; x_wconf 89' lang='lat' dir='ltr'><strong>vel</strong></span> <span class='ocrx_word' id='word_1_407' title='bbox 735 2781 878 2818; x_wconf 90' lang='lat' dir='ltr'><strong>domino</strong></span> <span class='ocrx_word' id='word_1_408' title='bbox 914 2792 993 2817; x_wconf 90' lang='lat' dir='ltr'><strong>com</strong></span> <span class='ocrx_word' id='word_1_409' title='bbox 1020 2782 1084 2817; x_wconf 91' lang='lat' dir='ltr'><strong>etit</strong></span> <span class='ocrx_word' id='word_1_410' title='bbox 1117 2782 1290 2827; x_wconf 89' lang='lat' dir='ltr'><strong>repetitio.</strong></span> 
     </span>
     <span class='ocr_line' id='line_1_57' title="bbox 205 2793 1292 2878; baseline 0.002 -18"><span class='ocrx_word' id='word_1_411' title='bbox 205 2825 289 2861; x_wconf 89' lang='lat' dir='ltr'><strong>item</strong></span> <span class='ocrx_word' id='word_1_412' title='bbox 313 2825 343 2860; x_wconf 89' lang='lat' dir='ltr'><strong>si</strong></span> <span class='ocrx_word' id='word_1_413' title='bbox 366 2836 487 2861; x_wconf 90' lang='lat' dir='ltr'><strong>servus</strong></span> <span class='ocrx_word' id='word_1_414' title='bbox 512 2827 690 2878; x_wconf 85' lang='lat' dir='ltr'><strong>acceperit</strong></span> <span class='ocrx_word' id='word_1_415' title='bbox 712 2827 920 2872; x_wconf 87' lang='lat' dir='ltr'><strong>pecuniam,</strong></span> <span class='ocrx_word' id='word_1_416' title='bbox 953 2793 1098 2862; x_wconf 49' lang='lat' dir='ltr'><strong>dazitur</strong></span> <span class='ocrx_word' id='word_1_417' title='bbox 1120 2827 1157 2862; x_wconf 94' lang='lat' dir='ltr'><strong>in</strong></span> <span class='ocrx_word' id='word_1_418' title='bbox 1181 2827 1292 2863; x_wconf 92' lang='lat' dir='ltr'><strong>domi-</strong></span> 
     </span>
     <span class='ocr_line' id='line_1_58' title="bbox 206 2870 1291 2918; baseline 0.003 -13"><span class='ocrx_word' id='word_1_419' title='bbox 206 2881 291 2906; x_wconf 91' lang='lat' dir='ltr'><strong>num</strong></span> <span class='ocrx_word' id='word_1_420' title='bbox 314 2870 359 2906; x_wconf 90' lang='lat' dir='ltr'><strong>de</strong></span> <span class='ocrx_word' id='word_1_421' title='bbox 381 2871 519 2916; x_wconf 89' lang='lat' dir='ltr'><strong>peculio</strong></span> <span class='ocrx_word' id='word_1_422' title='bbox 544 2875 658 2914; x_wconf 88' lang='lat' dir='ltr'><strong>actio,</strong></span> <span class='ocrx_word' id='word_1_423' title='bbox 691 2883 764 2907; x_wconf 91' lang='lat' dir='ltr'><strong>non</strong></span> <span class='ocrx_word' id='word_1_424' title='bbox 786 2872 943 2915; x_wconf 85' lang='lat' dir='ltr'><strong>noxalis,</strong></span> <span class='ocrx_word' id='word_1_425' title='bbox 975 2872 1060 2918; x_wconf 87' lang='lat' dir='ltr'><strong>quia</strong></span> <span class='ocrx_word' id='word_1_426' title='bbox 1082 2883 1128 2908; x_wconf 89' lang='lat' dir='ltr'><strong>ex</strong></span> <span class='ocrx_word' id='word_1_427' title='bbox 1150 2873 1291 2917; x_wconf 84' lang='lat' dir='ltr'><strong>negotio</strong></span> 
     </span>
     <span class='ocr_line' id='line_1_59' title="bbox 204 2916 1291 2963; baseline 0.003 -13"><span class='ocrx_word' id='word_1_428' title='bbox 204 2919 304 2962; x_wconf 86' lang='lat' dir='ltr'><strong>gesto</strong></span> <span class='ocrx_word' id='word_1_429' title='bbox 325 2916 459 2960; x_wconf 85' lang='lat' dir='ltr'><strong>agitur:</strong></span> <span class='ocrx_word' id='word_1_430' title='bbox 485 2916 547 2951; x_wconf 87' lang='lat' dir='ltr'><strong>sed</strong></span> <span class='ocrx_word' id='word_1_431' title='bbox 567 2927 638 2951; x_wconf 89' lang='lat' dir='ltr'><strong>non</strong></span> <span class='ocrx_word' id='word_1_432' title='bbox 659 2918 810 2962; x_wconf 90' lang='lat' dir='ltr'><strong>amplius</strong></span> <span class='ocrx_word' id='word_1_433' title='bbox 832 2917 1009 2962; x_wconf 89' lang='lat' dir='ltr'><strong>cogendus</strong></span> <span class='ocrx_word' id='word_1_434' title='bbox 1032 2921 1086 2953; x_wconf 87' lang='lat' dir='ltr'><strong>est</strong></span> <span class='ocrx_word' id='word_1_435' title='bbox 1097 2922 1291 2963; x_wconf 85' lang='lat' dir='ltr'><strong>praestare,</strong></span> 
     </span>
     <span class='ocr_line' id='line_1_60' title="bbox 205 2960 1292 3015; baseline 0.003 -20"><span class='ocrx_word' id='word_1_436' title='bbox 205 2963 227 2996; x_wconf 88' lang='grc'><strong>2</strong></span> <span class='ocrx_word' id='word_1_437' title='bbox 273 2971 380 3006; x_wconf 88' lang='lat' dir='ltr'><strong>quam</strong></span> <span class='ocrx_word' id='word_1_438' title='bbox 410 2960 446 2996; x_wconf 86' lang='lat' dir='ltr'><strong>id</strong></span> <span class='ocrx_word' id='word_1_439' title='bbox 470 2961 566 3006; x_wconf 89' lang='lat' dir='ltr'><strong>quod</strong></span> <span class='ocrx_word' id='word_1_440' title='bbox 590 2972 633 2997; x_wconf 83' lang='lat' dir='ltr'><strong>ex</strong></span> <span class='ocrx_word' id='word_1_441' title='bbox 657 2972 699 2997; x_wconf 88' lang='lat' dir='ltr'><strong>ea</strong></span> <span class='ocrx_word' id='word_1_442' title='bbox 722 2972 761 2997; x_wconf 92' lang='lat' dir='ltr'><strong>re</strong></span> <span class='ocrx_word' id='word_1_443' title='bbox 784 2963 820 2997; x_wconf 92' lang='lat' dir='ltr'><strong>in</strong></span> <span class='ocrx_word' id='word_1_444' title='bbox 844 2963 982 3015; x_wconf 85' lang='lat' dir='ltr'><strong>peculio</strong></span> <span class='ocrx_word' id='word_1_445' title='bbox 1007 2962 1062 2998; x_wconf 90' lang='lat' dir='ltr'><strong>sit.</strong></span> <span class='ocrx_word' id='word_1_446' title='bbox 1110 2962 1292 2999; x_wconf 85' lang='lat' dir='ltr'><strong>Adversus</strong></span> 
     </span>
     <span class='ocr_line' id='line_1_61' title="bbox 204 3007 1292 3058; baseline 0.003 -17"><span class='ocrx_word' id='word_1_447' title='bbox 204 3009 372 3058; x_wconf 72' lang='lat' dir='ltr'><strong>parentes</strong></span> <span class='ocrx_word' id='word_1_448' title='bbox 393 3009 429 3041; x_wconf 90' lang='lat' dir='ltr'><strong>et</strong></span> <span class='ocrx_word' id='word_1_449' title='bbox 447 3010 619 3050; x_wconf 88' lang='lat' dir='ltr'><strong>patronos</strong></span> <span class='ocrx_word' id='word_1_450' title='bbox 639 3007 802 3053; x_wconf 88' lang='lat' dir='ltr'><strong>repetitio</strong></span> <span class='ocrx_word' id='word_1_451' title='bbox 824 3017 899 3043; x_wconf 87' lang='lat' dir='ltr'><strong>eius</strong></span> <span class='ocrx_word' id='word_1_452' title='bbox 921 3007 1017 3053; x_wconf 90' lang='lat' dir='ltr'><strong>quod</strong></span> <span class='ocrx_word' id='word_1_453' title='bbox 1035 3008 1164 3044; x_wconf 87' lang='lat' dir='ltr'><strong>inalea</strong></span> <span class='ocrx_word' id='word_1_454' title='bbox 1174 3008 1292 3044; x_wconf 84' lang='lat' dir='ltr'><strong>lusum</strong></span> 
     </span>
     <span class='ocr_line' id='line_1_62' title="bbox 206 3050 910 3089; baseline 0.001 -3"><span class='ocrx_word' id='word_1_455' title='bbox 206 3053 262 3086; x_wconf 83' lang='lat' dir='ltr'><strong>est</strong></span> <span class='ocrx_word' id='word_1_456' title='bbox 283 3050 380 3087; x_wconf 82' lang='lat' dir='ltr'><strong>utilis</strong></span> <span class='ocrx_word' id='word_1_457' title='bbox 405 3061 449 3086; x_wconf 87' lang='lat' dir='ltr'><strong>ex</strong></span> <span class='ocrx_word' id='word_1_458' title='bbox 471 3051 541 3086; x_wconf 86' lang='lat' dir='ltr'><strong>hoc</strong></span> <span class='ocrx_word' id='word_1_459' title='bbox 564 3051 679 3087; x_wconf 91' lang='lat' dir='ltr'><strong>edicto</strong></span> <span class='ocrx_word' id='word_1_460' title='bbox 704 3052 822 3088; x_wconf 89' lang='lat' dir='ltr'><strong>danda</strong></span> <span class='ocrx_word' id='word_1_461' title='bbox 846 3056 910 3089; x_wconf 91' lang='lat' dir='ltr'><strong>est.</strong></span> 
     </span>
    </p>
   </div>
   <div class='ocr_carea' id='block_1_6' title="bbox 307 3144 1181 3244">
    <p class='ocr_par' dir='ltr' id='par_1_11' title="bbox 307 3144 1181 3244">
     <span class='ocr_line' id='line_1_63' title="bbox 704 3144 795 3184; baseline 0 0"><span class='ocrx_word' id='word_1_462' title='bbox 704 3144 795 3184; x_wconf 76' lang='lat' dir='ltr'><strong>VI&#39;.</strong></span> 
     </span>
     <span class='ocr_line' id='line_1_64' title="bbox 307 3208 1181 3244; baseline 0.001 -3"><span class='ocrx_word' id='word_1_463' title='bbox 307 3209 349 3241; x_wconf 78' lang='lat'><strong>81</strong></span> <span class='ocrx_word' id='word_1_464' title='bbox 373 3208 559 3242; x_wconf 78' lang='lat' dir='ltr'>MENSOR</span> <span class='ocrx_word' id='word_1_465' title='bbox 583 3210 764 3243; x_wconf 83' lang='lat' dir='ltr'><strong>FALSUM</strong></span> <span class='ocrx_word' id='word_1_466' title='bbox 790 3211 954 3243; x_wconf 87' lang='lat' dir='ltr'><strong>MODUM</strong></span> <span class='ocrx_word' id='word_1_467' title='bbox 979 3211 1181 3244; x_wconf 82' lang='lat' dir='ltr'><strong>DIXERIT.</strong></span> 
     </span>
    </p>
   </div>
   <div class='ocr_carea' id='block_1_7' title="bbox 205 3273 1292 3503">
    <p class='ocr_par' dir='ltr' id='par_1_12' title="bbox 205 3273 1292 3503">
     <span class='ocr_line' id='line_1_65' title="bbox 256 3273 1291 3324; baseline -0.001 -11"><span class='ocrx_word' id='word_1_468' title='bbox 256 3273 276 3313; x_wconf 91' lang='lat'>1</span> <span class='ocrx_word' id='word_1_469' title='bbox 310 3273 505 3311; x_wconf 60' lang='lat' dir='ltr'><strong>Ulmanus</strong></span> <span class='ocrx_word' id='word_1_470' title='bbox 536 3274 626 3310; x_wconf 81' lang='lat' dir='ltr'><strong>libro</strong></span> <span class='ocrx_word' id='word_1_471' title='bbox 661 3276 851 3313; x_wconf 80' lang='lat' dir='ltr'><strong>vicensimo</strong></span> <span class='ocrx_word' id='word_1_472' title='bbox 887 3282 1019 3324; x_wconf 79' lang='lat' dir='ltr'><strong>quarto</strong></span> <span class='ocrx_word' id='word_1_473' title='bbox 1055 3277 1106 3313; x_wconf 86' lang='lat' dir='ltr'><strong>ad</strong></span> <span class='ocrx_word' id='word_1_474' title='bbox 1138 3276 1291 3313; x_wconf 75' lang='lat' dir='ltr'><strong>edictum</strong></span> 
     </span>
     <span class='ocr_line' id='line_1_66' title="bbox 207 3319 1291 3372; baseline 0.002 -17"><span class='ocrx_word' id='word_1_475' title='bbox 207 3319 388 3356; x_wconf 84' lang='lat' dir='ltr'><strong>Adversus</strong></span> <span class='ocrx_word' id='word_1_476' title='bbox 420 3329 616 3372; x_wconf 78' lang='lat' dir='ltr'><strong>mensorem</strong></span> <span class='ocrx_word' id='word_1_477' title='bbox 649 3330 812 3365; x_wconf 84' lang='lat' dir='ltr'><strong>agrorum</strong></span> <span class='ocrx_word' id='word_1_478' title='bbox 844 3326 987 3367; x_wconf 88' lang='lat' dir='ltr'><strong>praetor</strong></span> <span class='ocrx_word' id='word_1_479' title='bbox 1010 3322 1047 3358; x_wconf 91' lang='lat' dir='ltr'><strong>in</strong></span> <span class='ocrx_word' id='word_1_480' title='bbox 1070 3321 1206 3357; x_wconf 81' lang='lat' dir='ltr'><strong>factum</strong></span> <span class='ocrx_word' id='word_1_481' title='bbox 1230 3332 1291 3357; x_wconf 87' lang='lat' dir='ltr'><strong>ac-</strong></span> 
     </span>
     <span class='ocr_line' id='line_1_67' title="bbox 205 3365 1291 3413; baseline 0.002 -13"><span class='ocrx_word' id='word_1_482' title='bbox 205 3365 337 3401; x_wconf 84' lang='lat' dir='ltr'><strong>tionem</strong></span> <span class='ocrx_word' id='word_1_483' title='bbox 360 3368 557 3411; x_wconf 86' lang='lat' dir='ltr'><strong>proposmt.</strong></span> <span class='ocrx_word' id='word_1_484' title='bbox 593 3374 616 3400; x_wconf 87' lang='lat' dir='ltr'><strong>a</strong></span> <span class='ocrx_word' id='word_1_485' title='bbox 663 3376 708 3400; x_wconf 93' lang='lat' dir='ltr'><strong>uo</strong></span> <span class='ocrx_word' id='word_1_486' title='bbox 733 3366 808 3401; x_wconf 82' lang='lat' dir='ltr'><strong>falli</strong></span> <span class='ocrx_word' id='word_1_487' title='bbox 831 3378 895 3402; x_wconf 89' lang='lat' dir='ltr'><strong>nos</strong></span> <span class='ocrx_word' id='word_1_488' title='bbox 920 3378 991 3403; x_wconf 93' lang='lat' dir='ltr'><strong>non</strong></span> <span class='ocrx_word' id='word_1_489' title='bbox 1015 3371 1175 3413; x_wconf 86' lang='lat' dir='ltr'><strong>oportet:</strong></span> <span class='ocrx_word' id='word_1_490' title='bbox 1209 3377 1291 3402; x_wconf 90' lang='lat' dir='ltr'><strong>nam</strong></span> 
     </span>
     <span class='ocr_line' id='line_1_68' title="bbox 205 3409 1292 3455; baseline 0.003 -10"><span class='ocrx_word' id='word_1_491' title='bbox 205 3410 355 3446; x_wconf 86' lang='lat' dir='ltr'><strong>interest</strong></span> <span class='ocrx_word' id='word_1_492' title='bbox 377 3414 502 3446; x_wconf 87' lang='lat' dir='ltr'><strong>nostra</strong></span> <span class='ocrx_word' id='word_1_493' title='bbox 537 3420 581 3445; x_wconf 91' lang='lat' dir='ltr'><strong>ne</strong></span> <span class='ocrx_word' id='word_1_494' title='bbox 604 3409 642 3445; x_wconf 79' lang='lat' dir='ltr'><strong>fa</strong></span> <span class='ocrx_word' id='word_1_495' title='bbox 669 3420 770 3445; x_wconf 91' lang='lat' dir='ltr'><strong>amur</strong></span> <span class='ocrx_word' id='word_1_496' title='bbox 793 3412 829 3446; x_wconf 91' lang='lat' dir='ltr'><strong>in</strong></span> <span class='ocrx_word' id='word_1_497' title='bbox 849 3412 944 3447; x_wconf 91' lang='lat' dir='ltr'><strong>modi</strong></span> <span class='ocrx_word' id='word_1_498' title='bbox 964 3412 1237 3455; x_wconf 83' lang='lat' dir='ltr'><strong>renuntiatione,</strong></span> <span class='ocrx_word' id='word_1_499' title='bbox 1261 3412 1292 3447; x_wconf 88' lang='lat' dir='ltr'><strong>si</strong></span> 
     </span>
     <span class='ocr_line' id='line_1_69' title="bbox 205 3436 1292 3503; baseline 0.003 -12"><span class='ocrx_word' id='word_1_500' title='bbox 205 3454 300 3491; x_wconf 76' lang='lat' dir='ltr'><strong>forte</strong></span> <span class='ocrx_word' id='word_1_501' title='bbox 331 3455 386 3491; x_wconf 87' lang='lat' dir='ltr'><strong>vel</strong></span> <span class='ocrx_word' id='word_1_502' title='bbox 416 3454 462 3491; x_wconf 87' lang='lat' dir='ltr'><strong>de</strong></span> <span class='ocrx_word' id='word_1_503' title='bbox 494 3436 625 3491; x_wconf 60' lang='lat' dir='ltr'><strong>finibus</strong></span> <span class='ocrx_word' id='word_1_504' title='bbox 659 3457 839 3492; x_wconf 86' lang='lat' dir='ltr'><strong>contentio</strong></span> <span class='ocrx_word' id='word_1_505' title='bbox 870 3458 916 3492; x_wconf 84' lang='lat' dir='ltr'><strong>sit</strong></span> <span class='ocrx_word' id='word_1_506' title='bbox 947 3457 1000 3493; x_wconf 85' lang='lat' dir='ltr'><strong>vel</strong></span> <span class='ocrx_word' id='word_1_507' title='bbox 1030 3461 1170 3503; x_wconf 87' lang='lat' dir='ltr'><strong>emptor</strong></span> <span class='ocrx_word' id='word_1_508' title='bbox 1201 3457 1292 3493; x_wconf 88' lang='lat' dir='ltr'><strong>scire</strong></span> 
     </span>
    </p>
   </div>
   <div class='ocr_carea' id='block_1_8' title="bbox 204 3555 310 3562">
    <p class='ocr_par' dir='ltr' id='par_1_13' title="bbox 204 3555 310 3562">
     <span class='ocr_line' id='line_1_70' title="bbox 204 3555 310 3562; baseline 0.009 -1"><span class='ocrx_word' id='word_1_509' title='bbox 204 3555 310 3562; x_wconf 46' lang='grc' dir='ltr'><strong>ψ»-..-</strong></span> 
     </span>
    </p>
   </div>
   <div class='ocr_carea' id='block_1_9' title="bbox 205 3614 1289 3790">
    <p class='ocr_par' dir='ltr' id='par_1_14' title="bbox 206 3614 719 3657">
     <span class='ocr_line' id='line_1_71' title="bbox 206 3614 719 3657; baseline -0.004 -7"><span class='ocrx_word' id='word_1_510' title='bbox 206 3617 245 3657; x_wconf 82' lang='lat'><strong>(1)</strong></span> <span class='ocrx_word' id='word_1_511' title='bbox 270 3614 365 3648; x_wconf 81' lang='lat' dir='ltr'><strong>reddi</strong></span> <span class='ocrx_word' id='word_1_512' title='bbox 377 3614 496 3648; x_wconf 74' lang='lat' dir='ltr'><strong>dobere</strong></span> <span class='ocrx_word' id='word_1_513' title='bbox 508 3615 719 3649; x_wconf 70' lang='lat' dir='ltr'><strong>Brenomann</strong></span> 
     </span>
    </p>

    <p class='ocr_par' dir='ltr' id='par_1_15' title="bbox 205 3659 1289 3790">
     <span class='ocr_line' id='line_1_72' title="bbox 250 3659 1288 3705; baseline 0.002 -11"><span class='ocrx_word' id='word_1_514' title='bbox 250 3664 294 3702; x_wconf 81' lang='lat'><strong>(2)</strong></span> <span class='ocrx_word' id='word_1_515' title='bbox 318 3660 382 3694; x_wconf 61' lang='lat' dir='ltr'><strong>Ed</strong></span> <span class='ocrx_word' id='word_1_516' title='bbox 395 3668 420 3695; x_wconf 80' lang='grc' dir='ltr'><strong>ι.</strong></span> <span class='ocrx_word' id='word_1_517' title='bbox 439 3667 468 3694; x_wconf 86' lang='lat'><strong>2.</strong></span> <span class='ocrx_word' id='word_1_518' title='bbox 485 3668 522 3700; x_wconf 66' lang='grc' dir='ltr'><strong>ις</strong></span> <span class='ocrx_word' id='word_1_519' title='bbox 543 3660 661 3694; x_wconf 51' lang='lat' dir='ltr'><strong>Salas.</strong></span> <span class='ocrx_word' id='word_1_520' title='bbox 686 3678 731 3684; x_wconf 93' lang='lat'>—</span> <span class='ocrx_word' id='word_1_521' title='bbox 756 3659 839 3693; x_wconf 77' lang='lat' dir='ltr'><strong>Bae.</strong></span> <span class='ocrx_word' id='word_1_522' title='bbox 854 3661 908 3700; x_wconf 84' lang='grc'><strong>60,</strong></span> <span class='ocrx_word' id='word_1_523' title='bbox 924 3668 951 3695; x_wconf 86' lang='lat' dir='ltr'><strong>s.</strong></span> <span class='ocrx_word' id='word_1_524' title='bbox 976 3678 1020 3685; x_wconf 89' lang='lat'><em>—</em></span> <span class='ocrx_word' id='word_1_525' title='bbox 1048 3662 1098 3705; x_wconf 80' lang='lat' dir='ltr'><strong>Cf.</strong></span> <span class='ocrx_word' id='word_1_526' title='bbox 1117 3662 1195 3696; x_wconf 84' lang='lat' dir='ltr'><strong>Cod.</strong></span> <span class='ocrx_word' id='word_1_527' title='bbox 1208 3662 1240 3702; x_wconf 87' lang='grc'><strong>3,</strong></span> <span class='ocrx_word' id='word_1_528' title='bbox 1253 3668 1288 3696; x_wconf 76' lang='lat'><strong>⁴8</strong></span> 
     </span>
     <span class='ocr_line' id='line_1_73' title="bbox 205 3703 1289 3749; baseline -0.001 -10"><span class='ocrx_word' id='word_1_529' title='bbox 205 3707 249 3746; x_wconf 77' lang='lat'><strong>(³)</strong></span> <span class='ocrx_word' id='word_1_530' title='bbox 274 3705 324 3737; x_wconf 86' lang='lat' dir='ltr'><strong>vel</strong></span> <span class='ocrx_word' id='word_1_531' title='bbox 339 3704 526 3738; x_wconf 76' lang='lat' dir='ltr'><strong>verbavorit</strong></span> <span class='ocrx_word' id='word_1_532' title='bbox 537 3704 599 3746; x_wconf 65' lang='lat'><strong>17²,</strong></span> <span class='ocrx_word' id='word_1_533' title='bbox 612 3704 664 3738; x_wconf 86' lang='lat' dir='ltr'><strong>vel</strong></span> <span class='ocrx_word' id='word_1_534' title='bbox 675 3703 869 3737; x_wconf 76' lang='lat' dir='ltr'><strong>liberaverit</strong></span> <span class='ocrx_word' id='word_1_535' title='bbox 880 3704 924 3738; x_wconf 79' lang='lat' dir='ltr'><strong>F¹</strong></span> <span class='ocrx_word' id='word_1_536' title='bbox 1042 3708 1086 3748; x_wconf 80' lang='grc'><strong>(4)</strong></span> <span class='ocrx_word' id='word_1_537' title='bbox 1110 3710 1259 3749; x_wconf 83' lang='lat' dir='ltr'><strong>tempore</strong></span> <span class='ocrx_word' id='word_1_538' title='bbox 1271 3717 1289 3738; x_wconf 89' lang='lat' dir='ltr'><strong>e</strong></span> 
     </span>
     <span class='ocr_line' id='line_1_74' title="bbox 207 3749 853 3790; baseline 0.005 -9"><span class='ocrx_word' id='word_1_539' title='bbox 207 3749 303 3782; x_wconf 83' lang='lat' dir='ltr'><strong>domu</strong></span> <span class='ocrx_word' id='word_1_540' title='bbox 317 3751 390 3784; x_wconf 79' lang='lat' dir='ltr'><strong>dete.</strong></span> <span class='ocrx_word' id='word_1_541' title='bbox 508 3751 551 3790; x_wconf 69' lang='lat' dir='ltr'><strong>(b)</strong></span> <span class='ocrx_word' id='word_1_542' title='bbox 577 3750 642 3783; x_wconf 78' lang='lat' dir='ltr'><strong>erit</strong></span> <span class='ocrx_word' id='word_1_543' title='bbox 655 3750 736 3784; x_wconf 77' lang='lat' dir='ltr'><strong>Hal.</strong></span> <span class='ocrx_word' id='word_1_544' title='bbox 752 3762 791 3783; x_wconf 73' lang='grc' dir='ltr'><strong>α·</strong></span> <span class='ocrx_word' id='word_1_545' title='bbox 805 3754 820 3790; x_wconf 67' lang='lat'>5</span> <span class='ocrx_word' id='word_1_546' title='bbox 835 3756 853 3784; x_wconf 71' lang='lat'><strong>³</strong></span> 
     </span>
    </p>
   </div>
   <div class='ocr_carea' id='block_1_10' title="bbox 1286 126 1366 175">
    <p class='ocr_par' dir='ltr' id='par_1_16' title="bbox 1286 126 1366 175">
     <span class='ocr_line' id='line_1_75' title="bbox 1286 126 1366 175; baseline 0 0"><span class='ocrx_word' id='word_1_547' title='bbox 1286 126 1366 175; x_wconf 77' lang='lat'><strong>154</strong></span> 
     </span>
    </p>
   </div>
   <div class='ocr_carea' id='block_1_11' title="bbox 1322 3615 1787 3658">
    <p class='ocr_par' dir='ltr' id='par_1_17' title="bbox 1322 3615 1787 3658">
     <span class='ocr_line' id='line_1_76' title="bbox 1322 3615 1787 3658; baseline 0.002 -8"><span class='ocrx_word' id='word_1_548' title='bbox 1322 3617 1326 3622; x_wconf 87' lang='lat'>&#39;</span> <span class='ocrx_word' id='word_1_549' title='bbox 1358 3619 1401 3658; x_wconf 85' lang='lat'><strong>(¹1)</strong></span> <span class='ocrx_word' id='word_1_550' title='bbox 1427 3615 1566 3658; x_wconf 79' lang='lat' dir='ltr'><strong>factum]</strong></span> <span class='ocrx_word' id='word_1_551' title='bbox 1580 3618 1712 3650; x_wconf 81' lang='lat' dir='ltr'><strong>tantum</strong></span> <span class='ocrx_word' id='word_1_552' title='bbox 1725 3629 1787 3652; x_wconf 72' lang='lat' dir='ltr'><strong>scr.</strong></span> 
     </span>
    </p>
   </div>
   <div class='ocr_carea' id='block_1_12' title="bbox 957 3751 1295 3794">
    <p class='ocr_par' dir='ltr' id='par_1_18' title="bbox 957 3751 1295 3794">
     <span class='ocr_line' id='line_1_77' title="bbox 957 3751 1295 3794; baseline 0.003 -11"><span class='ocrx_word' id='word_1_553' title='bbox 957 3751 1000 3790; x_wconf 78' lang='grc'><strong>(6)</strong></span> <span class='ocrx_word' id='word_1_554' title='bbox 1026 3755 1248 3794; x_wconf 76' lang='lat' dir='ltr'><strong>susceptorem</strong></span> <span class='ocrx_word' id='word_1_555' title='bbox 1260 3752 1295 3784; x_wconf 81' lang='lat' dir='ltr'><em>F</em></span> 
     </span>
    </p>
   </div>
   <div class='ocr_carea' id='block_1_13' title="bbox 2390 0 2528 93">
    <p class='ocr_par' dir='ltr' id='par_1_19' title="bbox 2390 0 2528 93">
     <span class='ocr_line' id='line_1_78' title="bbox 2390 0 2528 93; baseline 0 3825"><span class='ocrx_word' id='word_1_556' title='bbox 2390 0 2528 93; x_wconf 95' lang='lat' dir='ltr'><strong> </strong></span> 
     </span>
    </p>
   </div>
   <div class='ocr_carea' id='block_1_14' title="bbox 1605 143 2444 180">
    <p class='ocr_par' dir='ltr' id='par_1_20' title="bbox 1605 143 2444 180">
     <span class='ocr_line' id='line_1_79' title="bbox 1605 143 2444 180; baseline 0.007 -6"><span class='ocrx_word' id='word_1_557' title='bbox 1605 143 1667 174; x_wconf 71' lang='lat' dir='ltr'><strong>Dis</strong></span> <span class='ocrx_word' id='word_1_558' title='bbox 1695 143 2016 177; x_wconf 75' lang='lat' dir='ltr'><strong>ALEATORIBUS.</strong></span> <span class='ocrx_word' id='word_1_559' title='bbox 2074 144 2114 176; x_wconf 74' lang='lat'><strong>81</strong></span> <span class='ocrx_word' id='word_1_560' title='bbox 2141 144 2322 178; x_wconf 69' lang='lat' dir='ltr'><strong>lmuson</strong></span> <span class='ocrx_word' id='word_1_561' title='bbox 2348 145 2444 180; x_wconf 63' lang='lat' dir='ltr'><strong>cm.</strong></span> 
     </span>
    </p>
   </div>
   <div class='ocr_carea' id='block_1_15' title="bbox 1359 251 2453 3503">
    <p class='ocr_par' dir='ltr' id='par_1_21' title="bbox 1364 251 2452 1109">
     <span class='ocr_line' id='line_1_80' title="bbox 1365 251 2446 301; baseline 0.004 -13"><span class='ocrx_word' id='word_1_562' title='bbox 1365 251 1451 289; x_wconf 87' lang='lat' dir='ltr'><strong>velit</strong></span> <span class='ocrx_word' id='word_1_563' title='bbox 1471 252 1528 289; x_wconf 86' lang='lat' dir='ltr'><strong>vel</strong></span> <span class='ocrx_word' id='word_1_564' title='bbox 1548 253 1728 298; x_wconf 82' lang='lat' dir='ltr'><strong>venditor,</strong></span> <span class='ocrx_word' id='word_1_565' title='bbox 1760 254 1862 291; x_wconf 90' lang='lat' dir='ltr'><strong>cuius</strong></span> <span class='ocrx_word' id='word_1_566' title='bbox 1884 255 1980 291; x_wconf 91' lang='lat' dir='ltr'><strong>modi</strong></span> <span class='ocrx_word' id='word_1_567' title='bbox 2003 265 2087 301; x_wconf 85' lang='lat' dir='ltr'><strong>ager</strong></span> <span class='ocrx_word' id='word_1_568' title='bbox 2108 258 2245 292; x_wconf 83' lang='lat' dir='ltr'><strong>veneat.</strong></span> <span class='ocrx_word' id='word_1_569' title='bbox 2280 255 2361 292; x_wconf 88' lang='lat' dir='ltr'><strong>ideo</strong></span> <span class='ocrx_word' id='word_1_570' title='bbox 2384 267 2446 293; x_wconf 76' lang='lat' dir='ltr'><strong>au-</strong></span> 
     </span>
     <span class='ocr_line' id='line_1_81' title="bbox 1366 298 2450 351; baseline 0.005 -18"><span class='ocrx_word' id='word_1_571' title='bbox 1366 301 1438 333; x_wconf 87' lang='lat' dir='ltr'><strong>tem</strong></span> <span class='ocrx_word' id='word_1_572' title='bbox 1460 298 1556 351; x_wconf 73' lang='lat' dir='ltr'><strong>hanc</strong></span> <span class='ocrx_word' id='word_1_573' title='bbox 1578 299 1754 335; x_wconf 85' lang='lat' dir='ltr'><strong>actionem</strong></span> <span class='ocrx_word' id='word_1_574' title='bbox 1775 301 1980 346; x_wconf 89' lang='lat' dir='ltr'><strong>proposuit,</strong></span> <span class='ocrx_word' id='word_1_575' title='bbox 2012 300 2096 346; x_wconf 85' lang='lat' dir='ltr'><strong>quia</strong></span> <span class='ocrx_word' id='word_1_576' title='bbox 2128 311 2201 336; x_wconf 89' lang='lat' dir='ltr'><strong>non</strong></span> <span class='ocrx_word' id='word_1_577' title='bbox 2225 301 2450 338; x_wconf 87' lang='lat' dir='ltr'><strong>crediderunt</strong></span> 
     </span>
     <span class='ocr_line' id='line_1_82' title="bbox 1366 344 2447 391; baseline 0.004 -13"><span class='ocrx_word' id='word_1_578' title='bbox 1366 346 1503 379; x_wconf 89' lang='lat' dir='ltr'><strong>veteres</strong></span> <span class='ocrx_word' id='word_1_579' title='bbox 1533 347 1626 379; x_wconf 88' lang='lat' dir='ltr'><strong>inter</strong></span> <span class='ocrx_word' id='word_1_580' title='bbox 1656 344 1764 380; x_wconf 90' lang='lat' dir='ltr'><strong>talem</strong></span> <span class='ocrx_word' id='word_1_581' title='bbox 1786 356 1975 391; x_wconf 86' lang='lat' dir='ltr'><strong>personam</strong></span> <span class='ocrx_word' id='word_1_582' title='bbox 1998 345 2210 382; x_wconf 87' lang='lat' dir='ltr'><strong>locationem</strong></span> <span class='ocrx_word' id='word_1_583' title='bbox 2235 349 2270 381; x_wconf 91' lang='lat' dir='ltr'><strong>et</strong></span> <span class='ocrx_word' id='word_1_584' title='bbox 2293 346 2447 383; x_wconf 85' lang='lat' dir='ltr'><strong>conduc-</strong></span> 
     </span>
     <span class='ocr_line' id='line_1_83' title="bbox 1366 387 2448 437; baseline 0.006 -15"><span class='ocrx_word' id='word_1_585' title='bbox 1366 387 1499 424; x_wconf 90' lang='lat' dir='ltr'><strong>tionem</strong></span> <span class='ocrx_word' id='word_1_586' title='bbox 1530 398 1623 432; x_wconf 88' lang='lat' dir='ltr'><strong>esse,</strong></span> <span class='ocrx_word' id='word_1_587' title='bbox 1656 389 1718 425; x_wconf 85' lang='lat' dir='ltr'><strong>sed</strong></span> <span class='ocrx_word' id='word_1_588' title='bbox 1748 391 1859 436; x_wconf 80' lang='lat' dir='ltr'><strong>magis</strong></span> <span class='ocrx_word' id='word_1_589' title='bbox 1890 400 2034 436; x_wconf 88' lang='lat' dir='ltr'><strong>operam</strong></span> <span class='ocrx_word' id='word_1_590' title='bbox 2059 389 2220 426; x_wconf 85' lang='lat' dir='ltr'><strong>beneficii</strong></span> <span class='ocrx_word' id='word_1_591' title='bbox 2242 391 2322 427; x_wconf 87' lang='lat' dir='ltr'><strong>loco</strong></span> <span class='ocrx_word' id='word_1_592' title='bbox 2345 402 2448 437; x_wconf 87' lang='lat' dir='ltr'><strong>prae·</strong></span> 
     </span>
     <span class='ocr_line' id='line_1_84' title="bbox 1366 432 2450 485; baseline 0.004 -17"><span class='ocrx_word' id='word_1_593' title='bbox 1366 432 1443 485; x_wconf 75' lang='lat' dir='ltr'><strong>beri</strong></span> <span class='ocrx_word' id='word_1_594' title='bbox 1467 437 1503 468; x_wconf 91' lang='lat' dir='ltr'><strong>et</strong></span> <span class='ocrx_word' id='word_1_595' title='bbox 1524 433 1561 469; x_wconf 90' lang='lat' dir='ltr'><strong>id</strong></span> <span class='ocrx_word' id='word_1_596' title='bbox 1585 434 1679 479; x_wconf 90' lang='lat' dir='ltr'><strong>quod</strong></span> <span class='ocrx_word' id='word_1_597' title='bbox 1701 433 1809 470; x_wconf 87' lang='lat' dir='ltr'><strong>datur</strong></span> <span class='ocrx_word' id='word_1_598' title='bbox 1832 436 1881 478; x_wconf 90' lang='lat' dir='ltr'><strong>ei,</strong></span> <span class='ocrx_word' id='word_1_599' title='bbox 1915 435 1961 471; x_wconf 88' lang='lat' dir='ltr'><strong>ad</strong></span> <span class='ocrx_word' id='word_1_600' title='bbox 1993 435 2291 471; x_wconf 88' lang='lat' dir='ltr'><strong>remunerandum</strong></span> <span class='ocrx_word' id='word_1_601' title='bbox 2314 436 2392 473; x_wconf 76' lang='lat' dir='ltr'><strong>dari</strong></span> <span class='ocrx_word' id='word_1_602' title='bbox 2414 440 2450 472; x_wconf 86' lang='lat' dir='ltr'><strong>et</strong></span> 
     </span>
     <span class='ocr_line' id='line_1_85' title="bbox 1366 478 2448 526; baseline 0.004 -13"><span class='ocrx_word' id='word_1_603' title='bbox 1366 478 1448 513; x_wconf 91' lang='lat' dir='ltr'><strong>inde</strong></span> <span class='ocrx_word' id='word_1_604' title='bbox 1470 478 1701 515; x_wconf 88' lang='lat' dir='ltr'><strong>honorarium</strong></span> <span class='ocrx_word' id='word_1_605' title='bbox 1723 481 1914 526; x_wconf 86' lang='lat' dir='ltr'><strong>appellari:</strong></span> <span class='ocrx_word' id='word_1_606' title='bbox 1950 481 1980 516; x_wconf 87' lang='lat' dir='ltr'><strong>si</strong></span> <span class='ocrx_word' id='word_1_607' title='bbox 2010 485 2129 516; x_wconf 89' lang='lat' dir='ltr'><strong>autem</strong></span> <span class='ocrx_word' id='word_1_608' title='bbox 2155 490 2198 517; x_wconf 78' lang='lat' dir='ltr'><strong>ex</strong></span> <span class='ocrx_word' id='word_1_609' title='bbox 2221 481 2339 517; x_wconf 86' lang='lat' dir='ltr'><strong>locato</strong></span> <span class='ocrx_word' id='word_1_610' title='bbox 2364 492 2448 517; x_wconf 92' lang='lat' dir='ltr'><strong>con·</strong></span> 
     </span>
     <span class='ocr_line' id='line_1_86' title="bbox 1367 522 2448 576; baseline 0.005 -19"><span class='ocrx_word' id='word_1_611' title='bbox 1367 522 1475 576; x_wconf 63' lang='lat' dir='ltr'><strong>ducto</strong></span> <span class='ocrx_word' id='word_1_612' title='bbox 1498 523 1608 559; x_wconf 85' lang='lat' dir='ltr'><strong>fuerit</strong></span> <span class='ocrx_word' id='word_1_613' title='bbox 1630 528 1770 568; x_wconf 88' lang='lat' dir='ltr'><strong>actum,</strong></span> <span class='ocrx_word' id='word_1_614' title='bbox 1803 525 1991 561; x_wconf 90' lang='lat' dir='ltr'><strong>dicendum</strong></span> <span class='ocrx_word' id='word_1_615' title='bbox 2014 527 2081 562; x_wconf 90' lang='lat' dir='ltr'><strong>erit</strong></span> <span class='ocrx_word' id='word_1_616' title='bbox 2103 536 2169 561; x_wconf 91' lang='lat' dir='ltr'><strong>nec</strong></span> <span class='ocrx_word' id='word_1_617' title='bbox 2191 529 2312 562; x_wconf 82' lang='lat' dir='ltr'><strong>tenere</strong></span> <span class='ocrx_word' id='word_1_618' title='bbox 2333 526 2448 562; x_wconf 85' lang='lat' dir='ltr'><strong>inten-</strong></span> 
     </span>
     <span class='ocr_line' id='line_1_87' title="bbox 1370 569 2447 620; baseline 0.004 -18"><span class='ocrx_word' id='word_1_619' title='bbox 1370 570 1397 620; x_wconf 43' lang='lat'><strong>1·</strong></span> <span class='ocrx_word' id='word_1_620' title='bbox 1434 571 1577 604; x_wconf 91' lang='lat' dir='ltr'><strong>tionem.</strong></span> <span class='ocrx_word' id='word_1_621' title='bbox 1625 569 1724 606; x_wconf 83' lang='lat' dir='ltr'><strong>Haec</strong></span> <span class='ocrx_word' id='word_1_622' title='bbox 1744 570 1838 606; x_wconf 89' lang='lat' dir='ltr'><strong>actio</strong></span> <span class='ocrx_word' id='word_1_623' title='bbox 1851 571 1970 606; x_wconf 91' lang='lat' dir='ltr'><strong>dolum</strong></span> <span class='ocrx_word' id='word_1_624' title='bbox 1981 571 2112 606; x_wconf 89' lang='lat' dir='ltr'><strong>malum</strong></span> <span class='ocrx_word' id='word_1_625' title='bbox 2124 571 2311 606; x_wconf 88' lang='lat' dir='ltr'><strong>dumtaxat</strong></span> <span class='ocrx_word' id='word_1_626' title='bbox 2323 572 2447 616; x_wconf 79' lang='lat' dir='ltr'><strong>exigit:</strong></span> 
     </span>
     <span class='ocr_line' id='line_1_88' title="bbox 1366 614 2449 661; baseline 0.004 -13"><span class='ocrx_word' id='word_1_627' title='bbox 1366 623 1479 648; x_wconf 88' lang='lat' dir='ltr'><strong>visum</strong></span> <span class='ocrx_word' id='word_1_628' title='bbox 1512 617 1567 649; x_wconf 90' lang='lat' dir='ltr'><strong>est</strong></span> <span class='ocrx_word' id='word_1_629' title='bbox 1598 614 1691 650; x_wconf 89' lang='lat' dir='ltr'><strong>enim</strong></span> <span class='ocrx_word' id='word_1_630' title='bbox 1715 615 1802 651; x_wconf 89' lang='lat' dir='ltr'><strong>satis</strong></span> <span class='ocrx_word' id='word_1_631' title='bbox 1826 615 2038 661; x_wconf 90' lang='lat' dir='ltr'><strong>abundeque</strong></span> <span class='ocrx_word' id='word_1_632' title='bbox 2062 617 2218 652; x_wconf 88' lang='lat' dir='ltr'><strong>coerceri</strong></span> <span class='ocrx_word' id='word_1_633' title='bbox 2241 626 2449 658; x_wconf 88' lang='lat' dir='ltr'><strong>mensorem,</strong></span> 
     </span>
     <span class='ocr_line' id='line_1_89' title="bbox 1366 658 2451 707; baseline 0.003 -14"><span class='ocrx_word' id='word_1_634' title='bbox 1366 658 1397 693; x_wconf 91' lang='lat' dir='ltr'><strong>si</strong></span> <span class='ocrx_word' id='word_1_635' title='bbox 1421 658 1523 694; x_wconf 87' lang='lat' dir='ltr'><strong>dolus</strong></span> <span class='ocrx_word' id='word_1_636' title='bbox 1547 659 1662 695; x_wconf 87' lang='lat' dir='ltr'><strong>malus</strong></span> <span class='ocrx_word' id='word_1_637' title='bbox 1685 660 1782 696; x_wconf 90' lang='lat' dir='ltr'><strong>solus</strong></span> <span class='ocrx_word' id='word_1_638' title='bbox 1815 662 2048 696; x_wconf 87' lang='lat' dir='ltr'><strong>conveniatur</strong></span> <span class='ocrx_word' id='word_1_639' title='bbox 2079 661 2154 696; x_wconf 89' lang='lat' dir='ltr'><strong>eius</strong></span> <span class='ocrx_word' id='word_1_640' title='bbox 2185 661 2356 704; x_wconf 88' lang='lat' dir='ltr'><strong>bominis,</strong></span> <span class='ocrx_word' id='word_1_641' title='bbox 2391 662 2451 707; x_wconf 89' lang='lat' dir='ltr'><strong>qui</strong></span> 
     </span>
     <span class='ocr_line' id='line_1_90' title="bbox 1367 703 2449 751; baseline 0.003 -13"><span class='ocrx_word' id='word_1_642' title='bbox 1367 703 1516 739; x_wconf 90' lang='lat' dir='ltr'><strong>civiliter</strong></span> <span class='ocrx_word' id='word_1_643' title='bbox 1547 704 1723 750; x_wconf 86' lang='lat' dir='ltr'><strong>obligatus</strong></span> <span class='ocrx_word' id='word_1_644' title='bbox 1755 716 1828 741; x_wconf 91' lang='lat' dir='ltr'><strong>non</strong></span> <span class='ocrx_word' id='word_1_645' title='bbox 1860 710 1923 741; x_wconf 90' lang='lat' dir='ltr'><strong>est.</strong></span> <span class='ocrx_word' id='word_1_646' title='bbox 1960 705 2109 751; x_wconf 90' lang='lat' dir='ltr'><strong>proinde</strong></span> <span class='ocrx_word' id='word_1_647' title='bbox 2138 706 2168 741; x_wconf 91' lang='lat' dir='ltr'><strong>si</strong></span> <span class='ocrx_word' id='word_1_648' title='bbox 2191 706 2352 751; x_wconf 83' lang='lat' dir='ltr'><strong>imperite</strong></span> <span class='ocrx_word' id='word_1_649' title='bbox 2374 717 2449 742; x_wconf 89' lang='lat' dir='ltr'><strong>ver·</strong></span> 
     </span>
     <span class='ocr_line' id='line_1_91' title="bbox 1366 749 2451 796; baseline 0.003 -13"><span class='ocrx_word' id='word_1_650' title='bbox 1366 752 1466 784; x_wconf 87' lang='lat' dir='ltr'><strong>satus</strong></span> <span class='ocrx_word' id='word_1_651' title='bbox 1489 752 1554 792; x_wconf 89' lang='lat' dir='ltr'><strong>est,</strong></span> <span class='ocrx_word' id='word_1_652' title='bbox 1579 749 1647 785; x_wconf 90' lang='lat' dir='ltr'><strong>sibi</strong></span> <span class='ocrx_word' id='word_1_653' title='bbox 1669 750 1846 796; x_wconf 87' lang='lat' dir='ltr'><strong>imputare</strong></span> <span class='ocrx_word' id='word_1_654' title='bbox 1869 750 1976 786; x_wconf 86' lang='lat' dir='ltr'><strong>debet</strong></span> <span class='ocrx_word' id='word_1_655' title='bbox 1998 751 2059 796; x_wconf 91' lang='lat' dir='ltr'><strong>qui</strong></span> <span class='ocrx_word' id='word_1_656' title='bbox 2083 760 2161 786; x_wconf 90' lang='lat' dir='ltr'><strong>eum</strong></span> <span class='ocrx_word' id='word_1_657' title='bbox 2183 751 2363 786; x_wconf 86' lang='lat' dir='ltr'><strong>adhibuit:</strong></span> <span class='ocrx_word' id='word_1_658' title='bbox 2389 751 2451 787; x_wconf 92' lang='lat' dir='ltr'><strong>sed</strong></span> 
     </span>
     <span class='ocr_line' id='line_1_92' title="bbox 1366 793 2452 841; baseline 0.003 -13"><span class='ocrx_word' id='word_1_659' title='bbox 1366 796 1402 827; x_wconf 90' lang='lat' dir='ltr'><strong>et</strong></span> <span class='ocrx_word' id='word_1_660' title='bbox 1425 793 1456 828; x_wconf 91' lang='lat' dir='ltr'><strong>si</strong></span> <span class='ocrx_word' id='word_1_661' title='bbox 1486 794 1728 840; x_wconf 81' lang='lat' dir='ltr'><strong>neglegenter,</strong></span> <span class='ocrx_word' id='word_1_662' title='bbox 1761 806 1874 841; x_wconf 88' lang='lat' dir='ltr'><strong>aeque</strong></span> <span class='ocrx_word' id='word_1_663' title='bbox 1906 806 2049 831; x_wconf 92' lang='lat' dir='ltr'><strong>mensor</strong></span> <span class='ocrx_word' id='word_1_664' title='bbox 2080 806 2227 831; x_wconf 87' lang='lat' dir='ltr'><strong>securus</strong></span> <span class='ocrx_word' id='word_1_665' title='bbox 2261 797 2345 831; x_wconf 90' lang='lat' dir='ltr'><strong>erit:</strong></span> <span class='ocrx_word' id='word_1_666' title='bbox 2377 796 2452 832; x_wconf 91' lang='lat' dir='ltr'><strong>lata</strong></span> 
     </span>
     <span class='ocr_line' id='line_1_93' title="bbox 1366 838 2451 886; baseline 0.003 -13"><span class='ocrx_word' id='word_1_667' title='bbox 1366 838 1472 883; x_wconf 87' lang='lat' dir='ltr'><strong>culpa</strong></span> <span class='ocrx_word' id='word_1_668' title='bbox 1501 839 1608 884; x_wconf 88' lang='lat' dir='ltr'><strong>plane</strong></span> <span class='ocrx_word' id='word_1_669' title='bbox 1639 839 1720 875; x_wconf 91' lang='lat' dir='ltr'><strong>dolo</strong></span> <span class='ocrx_word' id='word_1_670' title='bbox 1746 841 2020 886; x_wconf 87' lang='lat' dir='ltr'><strong>comparabitur.</strong></span> <span class='ocrx_word' id='word_1_671' title='bbox 2057 841 2120 876; x_wconf 88' lang='lat' dir='ltr'><strong>sed</strong></span> <span class='ocrx_word' id='word_1_672' title='bbox 2143 844 2180 876; x_wconf 92' lang='lat' dir='ltr'><strong>et</strong></span> <span class='ocrx_word' id='word_1_673' title='bbox 2201 841 2232 876; x_wconf 91' lang='lat' dir='ltr'><strong>si</strong></span> <span class='ocrx_word' id='word_1_674' title='bbox 2255 841 2451 877; x_wconf 88' lang='lat' dir='ltr'><strong>mercedem</strong></span> 
     </span>
     <span class='ocr_line' id='line_1_94' title="bbox 1365 883 2452 931; baseline 0.003 -13"><span class='ocrx_word' id='word_1_675' title='bbox 1365 883 1523 929; x_wconf 89' lang='lat' dir='ltr'><strong>accepit,</strong></span> <span class='ocrx_word' id='word_1_676' title='bbox 1555 895 1627 920; x_wconf 91' lang='lat' dir='ltr'><strong>non</strong></span> <span class='ocrx_word' id='word_1_677' title='bbox 1658 895 1796 920; x_wconf 90' lang='lat' dir='ltr'><strong>omnem</strong></span> <span class='ocrx_word' id='word_1_678' title='bbox 1830 886 1971 930; x_wconf 89' lang='lat' dir='ltr'><strong>culpam</strong></span> <span class='ocrx_word' id='word_1_679' title='bbox 1996 896 2076 921; x_wconf 91' lang='lat' dir='ltr'><strong>eum</strong></span> <span class='ocrx_word' id='word_1_680' title='bbox 2099 890 2283 930; x_wconf 86' lang='lat' dir='ltr'><strong>praestare</strong></span> <span class='ocrx_word' id='word_1_681' title='bbox 2306 890 2452 931; x_wconf 89' lang='lat' dir='ltr'><strong>propter</strong></span> 
     </span>
     <span class='ocr_line' id='line_1_95' title="bbox 1364 928 2451 975; baseline 0.004 -12"><span class='ocrx_word' id='word_1_682' title='bbox 1364 928 1473 963; x_wconf 89' lang='lat' dir='ltr'><strong>verba</strong></span> <span class='ocrx_word' id='word_1_683' title='bbox 1496 929 1619 965; x_wconf 84' lang='lat' dir='ltr'><strong>edicti:</strong></span> <span class='ocrx_word' id='word_1_684' title='bbox 1644 930 1697 965; x_wconf 91' lang='lat' dir='ltr'><strong>uti</strong></span> <span class='ocrx_word' id='word_1_685' title='bbox 1722 941 1767 966; x_wconf 92' lang='lat' dir='ltr'><strong>ue</strong></span> <span class='ocrx_word' id='word_1_686' title='bbox 1787 931 1880 966; x_wconf 82' lang='lat' dir='ltr'><strong>enim</strong></span> <span class='ocrx_word' id='word_1_687' title='bbox 1902 931 1969 966; x_wconf 91' lang='lat' dir='ltr'><strong>scit</strong></span> <span class='ocrx_word' id='word_1_688' title='bbox 1987 934 2132 975; x_wconf 90' lang='lat' dir='ltr'><strong>praetor</strong></span> <span class='ocrx_word' id='word_1_689' title='bbox 2151 935 2188 966; x_wconf 92' lang='lat' dir='ltr'><strong>et</strong></span> <span class='ocrx_word' id='word_1_690' title='bbox 2207 931 2369 967; x_wconf 90' lang='lat' dir='ltr'><strong>mercede</strong></span> <span class='ocrx_word' id='word_1_691' title='bbox 2390 942 2451 967; x_wconf 89' lang='lat' dir='ltr'><strong>eos</strong></span> 
     </span>
     <span class='ocr_line' id='line_1_96' title="bbox 1365 974 2449 1011; baseline 0.004 -4"><span class='ocrx_word' id='word_1_692' title='bbox 1365 975 1385 1007; x_wconf 86' lang='lat'>2</span> <span class='ocrx_word' id='word_1_693' title='bbox 1432 974 1653 1010; x_wconf 89' lang='lat' dir='ltr'><strong>intervenire.</strong></span> <span class='ocrx_word' id='word_1_694' title='bbox 1719 986 1736 1011; x_wconf 88' lang='lat' dir='ltr'><strong>s</strong></span> <span class='ocrx_word' id='word_1_695' title='bbox 1761 981 1881 1010; x_wconf 89' lang='lat' dir='ltr'><strong>autem</strong></span> <span class='ocrx_word' id='word_1_696' title='bbox 1905 980 2047 1011; x_wconf 91' lang='lat' dir='ltr'><strong>tenetur</strong></span> <span class='ocrx_word' id='word_1_697' title='bbox 2063 976 2133 1010; x_wconf 91' lang='lat' dir='ltr'><strong>hac</strong></span> <span class='ocrx_word' id='word_1_698' title='bbox 2153 976 2294 1011; x_wconf 87' lang='lat' dir='ltr'><strong>actione</strong></span> <span class='ocrx_word' id='word_1_699' title='bbox 2338 977 2374 1011; x_wconf 90' lang='lat' dir='ltr'><strong>ui</strong></span> <span class='ocrx_word' id='word_1_700' title='bbox 2395 986 2449 1011; x_wconf 83' lang='lat' dir='ltr'><strong>re-</strong></span> 
     </span>
     <span class='ocr_line' id='line_1_97' title="bbox 1364 1019 2450 1070; baseline 0.003 -17"><span class='ocrx_word' id='word_1_701' title='bbox 1364 1019 1558 1070; x_wconf 78' lang='lat' dir='ltr'><strong>nuntiavit:</strong></span> <span class='ocrx_word' id='word_1_702' title='bbox 1591 1020 1654 1055; x_wconf 88' lang='lat' dir='ltr'><strong>sed</strong></span> <span class='ocrx_word' id='word_1_703' title='bbox 1677 1021 1900 1056; x_wconf 89' lang='lat' dir='ltr'><strong>renuntiasse</strong></span> <span class='ocrx_word' id='word_1_704' title='bbox 1924 1025 1960 1056; x_wconf 88' lang='lat' dir='ltr'><strong>et</strong></span> <span class='ocrx_word' id='word_1_705' title='bbox 1983 1032 2062 1056; x_wconf 89' lang='lat' dir='ltr'><strong>eum</strong></span> <span class='ocrx_word' id='word_1_706' title='bbox 2087 1021 2249 1066; x_wconf 87' lang='lat' dir='ltr'><strong>accipere</strong></span> <span class='ocrx_word' id='word_1_707' title='bbox 2273 1021 2316 1056; x_wconf 88' lang='lat' dir='ltr'><strong>de</strong></span> <span class='ocrx_word' id='word_1_708' title='bbox 2342 1032 2450 1064; x_wconf 91' lang='lat' dir='ltr'><strong>emus,</strong></span> 
     </span>
     <span class='ocr_line' id='line_1_98' title="bbox 1365 1065 1882 1109; baseline 0.006 -12"><span class='ocrx_word' id='word_1_709' title='bbox 1365 1074 1425 1109; x_wconf 89' lang='lat' dir='ltr'><strong>qui</strong></span> <span class='ocrx_word' id='word_1_710' title='bbox 1448 1074 1513 1109; x_wconf 89' lang='lat' dir='ltr'><strong>per</strong></span> <span class='ocrx_word' id='word_1_711' title='bbox 1536 1065 1643 1100; x_wconf 92' lang='lat' dir='ltr'><strong>alium</strong></span> <span class='ocrx_word' id='word_1_712' title='bbox 1666 1066 1882 1100; x_wconf 83' lang='lat' dir='ltr'><strong>renuntiavit</strong></span> 
     </span>
    </p>

    <p class='ocr_par' dir='ltr' id='par_1_22' title="bbox 1363 1106 2452 1370">
     <span class='ocr_line' id='line_1_99' title="bbox 1412 1106 2451 1147; baseline 0.001 -2"><span class='ocrx_word' id='word_1_713' title='bbox 1412 1106 1436 1145; x_wconf 89' lang='lat'><strong>2</strong></span> <span class='ocrx_word' id='word_1_714' title='bbox 1461 1108 1621 1145; x_wconf 74' lang='lat' dir='ltr'><strong>PAULUS</strong></span> <span class='ocrx_word' id='word_1_715' title='bbox 1648 1110 1738 1146; x_wconf 84' lang='lat' dir='ltr'><strong>libro</strong></span> <span class='ocrx_word' id='word_1_716' title='bbox 1763 1111 1953 1146; x_wconf 80' lang='lat' dir='ltr'><strong>vicensimo</strong></span> <span class='ocrx_word' id='word_1_717' title='bbox 2003 1111 2102 1146; x_wconf 58' lang='lat' dir='ltr'><strong>uinta</strong></span> <span class='ocrx_word' id='word_1_718' title='bbox 2127 1111 2177 1146; x_wconf 85' lang='lat' dir='ltr'><strong>ad</strong></span> <span class='ocrx_word' id='word_1_719' title='bbox 2198 1110 2351 1146; x_wconf 79' lang='lat' dir='ltr'><strong>edictum</strong></span> <span class='ocrx_word' id='word_1_720' title='bbox 2397 1112 2451 1147; x_wconf 93' lang='lat' dir='ltr'><strong>vel</strong></span> 
     </span>
     <span class='ocr_line' id='line_1_100' title="bbox 1369 1155 2452 1201; baseline 0.003 -13"><span class='ocrx_word' id='word_1_721' title='bbox 1369 1156 1382 1188; x_wconf 93' lang='lat'><strong>1</strong></span> <span class='ocrx_word' id='word_1_722' title='bbox 1433 1164 1496 1199; x_wconf 89' lang='lat' dir='ltr'><strong>per</strong></span> <span class='ocrx_word' id='word_1_723' title='bbox 1517 1155 1667 1191; x_wconf 87' lang='lat' dir='ltr'><strong>litteras.</strong></span> <span class='ocrx_word' id='word_1_724' title='bbox 1716 1155 1787 1191; x_wconf 91' lang='lat' dir='ltr'><strong>Sed</strong></span> <span class='ocrx_word' id='word_1_725' title='bbox 1811 1156 1840 1191; x_wconf 90' lang='lat' dir='ltr'><strong>si</strong></span> <span class='ocrx_word' id='word_1_726' title='bbox 1866 1166 1928 1201; x_wconf 84' lang='lat' dir='ltr'><strong>ego</strong></span> <span class='ocrx_word' id='word_1_727' title='bbox 1954 1156 1981 1190; x_wconf 93' lang='lat' dir='ltr'><strong>ti</strong></span> <span class='ocrx_word' id='word_1_728' title='bbox 2008 1156 2040 1198; x_wconf 92' lang='lat' dir='ltr'><strong>i,</strong></span> <span class='ocrx_word' id='word_1_729' title='bbox 2074 1166 2156 1191; x_wconf 88' lang='lat' dir='ltr'><strong>cum</strong></span> <span class='ocrx_word' id='word_1_730' title='bbox 2180 1166 2276 1191; x_wconf 89' lang='lat' dir='ltr'><strong>esses</strong></span> <span class='ocrx_word' id='word_1_731' title='bbox 2299 1166 2452 1199; x_wconf 89' lang='lat' dir='ltr'><strong>mensor,</strong></span> 
     </span>
     <span class='ocr_line' id='line_1_101' title="bbox 1364 1199 2450 1246; baseline 0.003 -13"><span class='ocrx_word' id='word_1_732' title='bbox 1364 1199 1615 1243; x_wconf 87' lang='lat' dir='ltr'><strong>mandaverim,</strong></span> <span class='ocrx_word' id='word_1_733' title='bbox 1640 1204 1682 1236; x_wconf 92' lang='lat' dir='ltr'><strong>ut</strong></span> <span class='ocrx_word' id='word_1_734' title='bbox 1704 1211 1906 1236; x_wconf 89' lang='lat' dir='ltr'><strong>mensuram</strong></span> <span class='ocrx_word' id='word_1_735' title='bbox 1930 1201 2004 1246; x_wconf 86' lang='lat' dir='ltr'><strong>agri</strong></span> <span class='ocrx_word' id='word_1_736' title='bbox 2029 1211 2151 1245; x_wconf 84' lang='lat' dir='ltr'><strong>ageres</strong></span> <span class='ocrx_word' id='word_1_737' title='bbox 2175 1205 2211 1236; x_wconf 92' lang='lat' dir='ltr'><strong>et</strong></span> <span class='ocrx_word' id='word_1_738' title='bbox 2232 1205 2273 1236; x_wconf 94' lang='lat' dir='ltr'><strong>tu</strong></span> <span class='ocrx_word' id='word_1_739' title='bbox 2295 1201 2332 1236; x_wconf 92' lang='lat' dir='ltr'><strong>id</strong></span> <span class='ocrx_word' id='word_1_740' title='bbox 2356 1201 2450 1237; x_wconf 86' lang='lat' dir='ltr'><strong>Titio</strong></span> 
     </span>
     <span class='ocr_line' id='line_1_102' title="bbox 1365 1244 2452 1291; baseline 0.002 -12"><span class='ocrx_word' id='word_1_741' title='bbox 1365 1244 1422 1279; x_wconf 90' lang='lat' dir='ltr'><strong>del</strong></span> <span class='ocrx_word' id='word_1_742' title='bbox 1466 1245 1579 1280; x_wconf 89' lang='lat' dir='ltr'><strong>averis</strong></span> <span class='ocrx_word' id='word_1_743' title='bbox 1604 1249 1640 1280; x_wconf 88' lang='lat' dir='ltr'><strong>et</strong></span> <span class='ocrx_word' id='word_1_744' title='bbox 1661 1246 1720 1281; x_wconf 90' lang='lat' dir='ltr'><strong>ille</strong></span> <span class='ocrx_word' id='word_1_745' title='bbox 1743 1246 1825 1281; x_wconf 94' lang='lat' dir='ltr'><strong>dolo</strong></span> <span class='ocrx_word' id='word_1_746' title='bbox 1850 1246 1943 1281; x_wconf 92' lang='lat' dir='ltr'><strong>malo</strong></span> <span class='ocrx_word' id='word_1_747' title='bbox 1969 1245 2053 1291; x_wconf 91' lang='lat' dir='ltr'><strong>quid</strong></span> <span class='ocrx_word' id='word_1_748' title='bbox 2074 1246 2113 1280; x_wconf 91' lang='lat' dir='ltr'><strong>in</strong></span> <span class='ocrx_word' id='word_1_749' title='bbox 2133 1256 2176 1281; x_wconf 87' lang='lat' dir='ltr'><strong>ea</strong></span> <span class='ocrx_word' id='word_1_750' title='bbox 2195 1256 2234 1281; x_wconf 91' lang='lat' dir='ltr'><strong>re</strong></span> <span class='ocrx_word' id='word_1_751' title='bbox 2251 1246 2387 1289; x_wconf 78' lang='lat' dir='ltr'><strong>fecerit,</strong></span> <span class='ocrx_word' id='word_1_752' title='bbox 2411 1250 2452 1281; x_wconf 91' lang='lat' dir='ltr'><strong>tu</strong></span> 
     </span>
     <span class='ocr_line' id='line_1_103' title="bbox 1363 1290 2451 1369; baseline 0.001 -44"><span class='ocrx_word' id='word_1_753' title='bbox 1363 1292 1450 1369; x_wconf 60' lang='lat' dir='ltr'><strong>teng</strong></span> <span class='ocrx_word' id='word_1_754' title='bbox 1465 1290 1553 1369; x_wconf 57' lang='lat' dir='ltr'><strong>t‹lei-is,</strong></span> <span class='ocrx_word' id='word_1_755' title='bbox 1578 1291 1662 1336; x_wconf 90' lang='lat' dir='ltr'><strong>quia</strong></span> <span class='ocrx_word' id='word_1_756' title='bbox 1686 1291 1766 1326; x_wconf 92' lang='lat' dir='ltr'><strong>dolo</strong></span> <span class='ocrx_word' id='word_1_757' title='bbox 1785 1291 1878 1326; x_wconf 86' lang='lat' dir='ltr'><strong>malo</strong></span> <span class='ocrx_word' id='word_1_758' title='bbox 1899 1294 2062 1326; x_wconf 83' lang='lat' dir='ltr'><strong>versatus</strong></span> <span class='ocrx_word' id='word_1_759' title='bbox 2082 1301 2131 1334; x_wconf 91' lang='lat' dir='ltr'><strong>es,</strong></span> <span class='ocrx_word' id='word_1_760' title='bbox 2155 1291 2216 1336; x_wconf 90' lang='lat' dir='ltr'><strong>qui</strong></span> <span class='ocrx_word' id='word_1_761' title='bbox 2237 1291 2301 1326; x_wconf 89' lang='lat' dir='ltr'><strong>tali</strong></span> <span class='ocrx_word' id='word_1_762' title='bbox 2319 1291 2451 1327; x_wconf 91' lang='lat' dir='ltr'><strong>homini</strong></span> 
     </span>
     <span class='ocr_line' id='line_1_104' title="bbox 1366 1335 1557 1370; baseline 0.005 -1"><span class='ocrx_word' id='word_1_763' title='bbox 1366 1345 1425 1370; x_wconf 91' lang='lat' dir='ltr'><strong>cre</strong></span> <span class='ocrx_word' id='word_1_764' title='bbox 1452 1335 1462 1369; x_wconf 91' lang='lat' dir='ltr'><strong>i</strong></span> <span class='ocrx_word' id='word_1_765' title='bbox 1488 1335 1557 1370; x_wconf 90' lang='lat' dir='ltr'><strong>isti.</strong></span> 
     </span>
    </p>

    <p class='ocr_par' dir='ltr' id='par_1_23' title="bbox 1362 1377 2453 2556">
     <span class='ocr_line' id='line_1_105' title="bbox 1410 1377 2451 1427; baseline 0 -10"><span class='ocrx_word' id='word_1_766' title='bbox 1410 1377 1434 1417; x_wconf 92' lang='lat'><strong>3</strong></span> <span class='ocrx_word' id='word_1_767' title='bbox 1467 1379 1662 1416; x_wconf 68' lang='lat' dir='ltr'><strong>Uzeumfs</strong></span> <span class='ocrx_word' id='word_1_768' title='bbox 1682 1381 1772 1417; x_wconf 84' lang='lat' dir='ltr'><strong>libro</strong></span> <span class='ocrx_word' id='word_1_769' title='bbox 1793 1382 1983 1416; x_wconf 76' lang='lat' dir='ltr'><strong>vicensimo</strong></span> <span class='ocrx_word' id='word_1_770' title='bbox 2004 1385 2134 1427; x_wconf 83' lang='lat' dir='ltr'><strong>quarto</strong></span> <span class='ocrx_word' id='word_1_771' title='bbox 2155 1381 2205 1417; x_wconf 86' lang='lat' dir='ltr'><strong>ad</strong></span> <span class='ocrx_word' id='word_1_772' title='bbox 2224 1381 2377 1417; x_wconf 78' lang='lat' dir='ltr'><strong>edictum</strong></span> <span class='ocrx_word' id='word_1_773' title='bbox 2413 1382 2451 1417; x_wconf 91' lang='lat' dir='ltr'><strong>Si</strong></span> 
     </span>
     <span class='ocr_line' id='line_1_106' title="bbox 1365 1424 2451 1469; baseline 0.002 -9"><span class='ocrx_word' id='word_1_774' title='bbox 1365 1424 1504 1461; x_wconf 90' lang='lat' dir='ltr'><strong>duobus</strong></span> <span class='ocrx_word' id='word_1_775' title='bbox 1528 1426 1742 1462; x_wconf 86' lang='lat' dir='ltr'><strong>mandavero</strong></span> <span class='ocrx_word' id='word_1_776' title='bbox 1768 1430 1804 1461; x_wconf 88' lang='lat' dir='ltr'><strong>et</strong></span> <span class='ocrx_word' id='word_1_777' title='bbox 1826 1426 1930 1461; x_wconf 89' lang='lat' dir='ltr'><strong>ambo</strong></span> <span class='ocrx_word' id='word_1_778' title='bbox 1956 1426 2079 1462; x_wconf 91' lang='lat' dir='ltr'><strong>dolose</strong></span> <span class='ocrx_word' id='word_1_779' title='bbox 2097 1425 2257 1469; x_wconf 86' lang='lat' dir='ltr'><strong>fecerint,</strong></span> <span class='ocrx_word' id='word_1_780' title='bbox 2282 1426 2451 1462; x_wconf 88' lang='lat' dir='ltr'><strong>adversus</strong></span> 
     </span>
     <span class='ocr_line' id='line_1_107' title="bbox 1364 1470 2450 1517; baseline 0.001 -11"><span class='ocrx_word' id='word_1_781' title='bbox 1364 1470 1520 1516; x_wconf 86' lang='lat' dir='ltr'><strong>singulos</strong></span> <span class='ocrx_word' id='word_1_782' title='bbox 1543 1471 1581 1506; x_wconf 90' lang='lat' dir='ltr'><strong>in</strong></span> <span class='ocrx_word' id='word_1_783' title='bbox 1605 1471 1756 1506; x_wconf 90' lang='lat' dir='ltr'><strong>solidum</strong></span> <span class='ocrx_word' id='word_1_784' title='bbox 1780 1472 1837 1516; x_wconf 87' lang='lat' dir='ltr'><strong>agi</strong></span> <span class='ocrx_word' id='word_1_785' title='bbox 1859 1472 2009 1517; x_wconf 90' lang='lat' dir='ltr'><strong>poterit,</strong></span> <span class='ocrx_word' id='word_1_786' title='bbox 2042 1471 2103 1506; x_wconf 87' lang='lat' dir='ltr'><strong>sed</strong></span> <span class='ocrx_word' id='word_1_787' title='bbox 2128 1471 2239 1507; x_wconf 90' lang='lat' dir='ltr'><strong>altero</strong></span> <span class='ocrx_word' id='word_1_788' title='bbox 2265 1477 2450 1514; x_wconf 86' lang='lat' dir='ltr'><strong>convento,</strong></span> 
     </span>
     <span class='ocr_line' id='line_1_108' title="bbox 1365 1515 2450 1562; baseline 0.002 -12"><span class='ocrx_word' id='word_1_789' title='bbox 1365 1516 1395 1551; x_wconf 93' lang='lat' dir='ltr'><strong>si</strong></span> <span class='ocrx_word' id='word_1_790' title='bbox 1419 1515 1652 1559; x_wconf 82' lang='lat' dir='ltr'><strong>satisfecerit,</strong></span> <span class='ocrx_word' id='word_1_791' title='bbox 1684 1517 1721 1551; x_wconf 91' lang='lat' dir='ltr'><strong>in</strong></span> <span class='ocrx_word' id='word_1_792' title='bbox 1745 1517 1895 1552; x_wconf 90' lang='lat' dir='ltr'><strong>alterum</strong></span> <span class='ocrx_word' id='word_1_793' title='bbox 1919 1517 2096 1553; x_wconf 90' lang='lat' dir='ltr'><strong>actionem</strong></span> <span class='ocrx_word' id='word_1_794' title='bbox 2121 1516 2285 1562; x_wconf 87' lang='lat' dir='ltr'><strong>denegari</strong></span> <span class='ocrx_word' id='word_1_795' title='bbox 2309 1521 2450 1562; x_wconf 90' lang='lat' dir='ltr'><strong>oporte-</strong></span> 
     </span>
     <span class='ocr_line' id='line_1_109' title="bbox 1369 1561 2450 1607; baseline 0.001 -11"><span class='ocrx_word' id='word_1_796' title='bbox 1369 1563 1382 1596; x_wconf 84' lang='lat'>1</span> <span class='ocrx_word' id='word_1_797' title='bbox 1432 1561 1496 1596; x_wconf 91' lang='lat' dir='ltr'><strong>bit.</strong></span> <span class='ocrx_word' id='word_1_798' title='bbox 1544 1561 1721 1607; x_wconf 69' lang='lat' dir='ltr'><strong>Competit</strong></span> <span class='ocrx_word' id='word_1_799' title='bbox 1744 1565 1862 1598; x_wconf 91' lang='lat' dir='ltr'><strong>autem</strong></span> <span class='ocrx_word' id='word_1_800' title='bbox 1885 1562 1976 1598; x_wconf 87' lang='lat' dir='ltr'><strong>haec</strong></span> <span class='ocrx_word' id='word_1_801' title='bbox 2000 1562 2093 1598; x_wconf 91' lang='lat' dir='ltr'><strong>actio</strong></span> <span class='ocrx_word' id='word_1_802' title='bbox 2126 1562 2178 1604; x_wconf 90' lang='lat' dir='ltr'><strong>ei,</strong></span> <span class='ocrx_word' id='word_1_803' title='bbox 2210 1562 2311 1597; x_wconf 91' lang='lat' dir='ltr'><strong>cuius</strong></span> <span class='ocrx_word' id='word_1_804' title='bbox 2341 1563 2450 1597; x_wconf 89' lang='lat' dir='ltr'><strong>inter·</strong></span> 
     </span>
     <span class='ocr_line' id='line_1_110' title="bbox 1363 1605 2453 1649; baseline 0.002 -8"><span class='ocrx_word' id='word_1_805' title='bbox 1363 1605 1433 1641; x_wconf 81' lang='lat' dir='ltr'><strong>fuit</strong></span> <span class='ocrx_word' id='word_1_806' title='bbox 1455 1605 1585 1642; x_wconf 82' lang='lat' dir='ltr'><strong>falsum</strong></span> <span class='ocrx_word' id='word_1_807' title='bbox 1617 1607 1761 1643; x_wconf 89' lang='lat' dir='ltr'><strong>modum</strong></span> <span class='ocrx_word' id='word_1_808' title='bbox 1791 1607 2032 1642; x_wconf 85' lang='lat' dir='ltr'><strong>renuntiatum</strong></span> <span class='ocrx_word' id='word_1_809' title='bbox 2063 1617 2136 1642; x_wconf 92' lang='lat' dir='ltr'><strong>non</strong></span> <span class='ocrx_word' id='word_1_810' title='bbox 2169 1617 2267 1649; x_wconf 88' lang='lat' dir='ltr'><strong>esse,</strong></span> <span class='ocrx_word' id='word_1_811' title='bbox 2299 1608 2367 1643; x_wconf 89' lang='lat' dir='ltr'><strong>hoc</strong></span> <span class='ocrx_word' id='word_1_812' title='bbox 2399 1611 2453 1643; x_wconf 87' lang='lat' dir='ltr'><strong>est</strong></span> 
     </span>
     <span class='ocr_line' id='line_1_111' title="bbox 1364 1651 2450 1697; baseline 0.001 -11"><span class='ocrx_word' id='word_1_813' title='bbox 1364 1654 1385 1686; x_wconf 87' lang='lat'>2</span> <span class='ocrx_word' id='word_1_814' title='bbox 1432 1652 1487 1687; x_wconf 92' lang='lat' dir='ltr'><strong>vel</strong></span> <span class='ocrx_word' id='word_1_815' title='bbox 1496 1652 1646 1697; x_wconf 92' lang='lat' dir='ltr'><strong>emptori</strong></span> <span class='ocrx_word' id='word_1_816' title='bbox 1654 1653 1707 1688; x_wconf 90' lang='lat' dir='ltr'><strong>vel</strong></span> <span class='ocrx_word' id='word_1_817' title='bbox 1717 1652 1900 1695; x_wconf 89' lang='lat' dir='ltr'><strong>venditori,</strong></span> <span class='ocrx_word' id='word_1_818' title='bbox 1914 1653 1973 1688; x_wconf 91' lang='lat' dir='ltr'><strong>cui</strong></span> <span class='ocrx_word' id='word_1_819' title='bbox 1984 1652 2197 1688; x_wconf 88' lang='lat' dir='ltr'><strong>renuntiatio</strong></span> <span class='ocrx_word' id='word_1_820' title='bbox 2208 1651 2320 1687; x_wconf 88' lang='lat' dir='ltr'><strong>offuit.</strong></span> <span class='ocrx_word' id='word_1_821' title='bbox 2345 1652 2450 1688; x_wconf 93' lang='lat' dir='ltr'><strong>Pom-</strong></span> 
     </span>
     <span class='ocr_line' id='line_1_112' title="bbox 1364 1697 2450 1743; baseline 0 -11"><span class='ocrx_word' id='word_1_822' title='bbox 1364 1697 1493 1742; x_wconf 91' lang='lat' dir='ltr'><strong>ponius</strong></span> <span class='ocrx_word' id='word_1_823' title='bbox 1526 1701 1646 1732; x_wconf 90' lang='lat' dir='ltr'><strong>tamen</strong></span> <span class='ocrx_word' id='word_1_824' title='bbox 1678 1698 1820 1740; x_wconf 89' lang='lat' dir='ltr'><strong>scribit,</strong></span> <span class='ocrx_word' id='word_1_825' title='bbox 1854 1698 1885 1732; x_wconf 93' lang='lat' dir='ltr'><strong>si</strong></span> <span class='ocrx_word' id='word_1_826' title='bbox 1908 1701 2047 1743; x_wconf 91' lang='lat' dir='ltr'><strong>emptor</strong></span> <span class='ocrx_word' id='word_1_827' title='bbox 2069 1697 2149 1742; x_wconf 88' lang='lat' dir='ltr'><strong>plus</strong></span> <span class='ocrx_word' id='word_1_828' title='bbox 2173 1697 2309 1732; x_wconf 87' lang='lat' dir='ltr'><strong>dederit</strong></span> <span class='ocrx_word' id='word_1_829' title='bbox 2330 1697 2450 1733; x_wconf 88' lang='lat' dir='ltr'><strong>vendi-</strong></span> 
     </span>
     <span class='ocr_line' id='line_1_113' title="bbox 1364 1742 2452 1788; baseline 0.001 -11"><span class='ocrx_word' id='word_1_830' title='bbox 1364 1742 1434 1778; x_wconf 90' lang='lat' dir='ltr'><strong>tori</strong></span> <span class='ocrx_word' id='word_1_831' title='bbox 1464 1746 1611 1787; x_wconf 89' lang='lat' dir='ltr'><strong>propter</strong></span> <span class='ocrx_word' id='word_1_832' title='bbox 1640 1743 1960 1786; x_wconf 84' lang='lat' dir='ltr'><strong>renuntiationem,</strong></span> <span class='ocrx_word' id='word_1_833' title='bbox 2001 1743 2084 1788; x_wconf 87' lang='lat' dir='ltr'><strong>quia</strong></span> <span class='ocrx_word' id='word_1_834' title='bbox 2116 1742 2303 1778; x_wconf 87' lang='lat' dir='ltr'><strong>condicere</strong></span> <span class='ocrx_word' id='word_1_835' title='bbox 2334 1747 2452 1788; x_wconf 91' lang='lat' dir='ltr'><strong>potest</strong></span> 
     </span>
     <span class='ocr_line' id='line_1_114' title="bbox 1365 1787 2451 1833; baseline 0.001 -11"><span class='ocrx_word' id='word_1_836' title='bbox 1365 1787 1460 1833; x_wconf 89' lang='lat' dir='ltr'><strong>quod</strong></span> <span class='ocrx_word' id='word_1_837' title='bbox 1483 1788 1564 1832; x_wconf 90' lang='lat' dir='ltr'><strong>plus</strong></span> <span class='ocrx_word' id='word_1_838' title='bbox 1597 1787 1711 1830; x_wconf 90' lang='lat' dir='ltr'><strong>dedit,</strong></span> <span class='ocrx_word' id='word_1_839' title='bbox 1745 1788 1802 1833; x_wconf 83' lang='lat' dir='ltr'><strong>agi</strong></span> <span class='ocrx_word' id='word_1_840' title='bbox 1825 1798 1906 1823; x_wconf 91' lang='lat' dir='ltr'><strong>cum</strong></span> <span class='ocrx_word' id='word_1_841' title='bbox 1929 1797 2091 1823; x_wconf 89' lang='lat' dir='ltr'><strong>mensore</strong></span> <span class='ocrx_word' id='word_1_842' title='bbox 2114 1798 2186 1823; x_wconf 92' lang='lat' dir='ltr'><strong>non</strong></span> <span class='ocrx_word' id='word_1_843' title='bbox 2209 1798 2332 1833; x_wconf 87' lang='lat' dir='ltr'><strong>posse:</strong></span> <span class='ocrx_word' id='word_1_844' title='bbox 2364 1788 2451 1823; x_wconf 81' lang='lat' dir='ltr'><strong>nihil</strong></span> 
     </span>
     <span class='ocr_line' id='line_1_115' title="bbox 1365 1832 2451 1878; baseline 0.001 -11"><span class='ocrx_word' id='word_1_845' title='bbox 1365 1832 1457 1868; x_wconf 91' lang='lat' dir='ltr'><strong>enim</strong></span> <span class='ocrx_word' id='word_1_846' title='bbox 1482 1833 1649 1878; x_wconf 90' lang='lat' dir='ltr'><strong>emptoris</strong></span> <span class='ocrx_word' id='word_1_847' title='bbox 1672 1833 1862 1876; x_wconf 88' lang='lat' dir='ltr'><strong>interesse,</strong></span> <span class='ocrx_word' id='word_1_848' title='bbox 1896 1844 1977 1868; x_wconf 89' lang='lat' dir='ltr'><strong>cum</strong></span> <span class='ocrx_word' id='word_1_849' title='bbox 2009 1833 2124 1878; x_wconf 90' lang='lat' dir='ltr'><strong>possit</strong></span> <span class='ocrx_word' id='word_1_850' title='bbox 2147 1833 2351 1868; x_wconf 70' lang='lat' dir='ltr'><strong>condiceret</strong></span> <span class='ocrx_word' id='word_1_851' title='bbox 2383 1833 2451 1868; x_wconf 88' lang='lat' dir='ltr'><strong>nisi</strong></span> 
     </span>
     <span class='ocr_line' id='line_1_116' title="bbox 1364 1877 2450 1914; baseline 0.001 -1"><span class='ocrx_word' id='word_1_852' title='bbox 1364 1877 1531 1914; x_wconf 90' lang='lat' dir='ltr'><strong>solvendo</strong></span> <span class='ocrx_word' id='word_1_853' title='bbox 1555 1878 1718 1913; x_wconf 87' lang='lat' dir='ltr'><strong>venditor</strong></span> <span class='ocrx_word' id='word_1_854' title='bbox 1740 1889 1813 1914; x_wconf 92' lang='lat' dir='ltr'><strong>non</strong></span> <span class='ocrx_word' id='word_1_855' title='bbox 1835 1878 1922 1914; x_wconf 89' lang='lat' dir='ltr'><strong>fuit:</strong></span> <span class='ocrx_word' id='word_1_856' title='bbox 1954 1882 2041 1914; x_wconf 92' lang='lat' dir='ltr'><strong>tunc</strong></span> <span class='ocrx_word' id='word_1_857' title='bbox 2074 1878 2166 1913; x_wconf 87' lang='lat' dir='ltr'><strong>enim</strong></span> <span class='ocrx_word' id='word_1_858' title='bbox 2188 1889 2331 1914; x_wconf 91' lang='lat' dir='ltr'><strong>mensor</strong></span> <span class='ocrx_word' id='word_1_859' title='bbox 2353 1881 2450 1913; x_wconf 85' lang='lat' dir='ltr'><strong>tene-</strong></span> 
     </span>
     <span class='ocr_line' id='line_1_117' title="bbox 1365 1923 2451 1959; baseline 0 -1"><span class='ocrx_word' id='word_1_860' title='bbox 1365 1927 1384 1958; x_wconf 87' lang='lat'><strong>3</strong></span> <span class='ocrx_word' id='word_1_861' title='bbox 1432 1923 1539 1958; x_wconf 91' lang='lat' dir='ltr'><strong>bitur.</strong></span> <span class='ocrx_word' id='word_1_862' title='bbox 1587 1923 1658 1959; x_wconf 89' lang='lat' dir='ltr'><strong>Sed</strong></span> <span class='ocrx_word' id='word_1_863' title='bbox 1678 1924 1708 1959; x_wconf 88' lang='lat' dir='ltr'><strong>si</strong></span> <span class='ocrx_word' id='word_1_864' title='bbox 1727 1923 1888 1959; x_wconf 81' lang='lat' dir='ltr'><strong>venditor</strong></span> <span class='ocrx_word' id='word_1_865' title='bbox 1907 1924 2076 1959; x_wconf 90' lang='lat' dir='ltr'><strong>maiorem</strong></span> <span class='ocrx_word' id='word_1_866' title='bbox 2099 1923 2242 1958; x_wconf 93' lang='lat' dir='ltr'><strong>modum</strong></span> <span class='ocrx_word' id='word_1_867' title='bbox 2266 1923 2451 1958; x_wconf 79' lang='lat' dir='ltr'><strong>tradiderit</strong></span> 
     </span>
     <span class='ocr_line' id='line_1_118' title="bbox 1363 1968 2451 2014; baseline 0 -11"><span class='ocrx_word' id='word_1_868' title='bbox 1363 1968 1552 2004; x_wconf 84' lang='lat' dir='ltr'><strong>fraudatus</strong></span> <span class='ocrx_word' id='word_1_869' title='bbox 1576 1979 1598 2003; x_wconf 90' lang='lat' dir='ltr'><strong>a</strong></span> <span class='ocrx_word' id='word_1_870' title='bbox 1620 1979 1802 2012; x_wconf 85' lang='lat' dir='ltr'><strong>mensore,</strong></span> <span class='ocrx_word' id='word_1_871' title='bbox 1837 1973 2094 2014; x_wconf 89' lang='lat' dir='ltr'><strong>consequenter</strong></span> <span class='ocrx_word' id='word_1_872' title='bbox 2125 1968 2211 2004; x_wconf 91' lang='lat' dir='ltr'><strong>dicit</strong></span> <span class='ocrx_word' id='word_1_873' title='bbox 2233 1969 2451 2014; x_wconf 88' lang='lat' dir='ltr'><strong>Pomponius</strong></span> 
     </span>
     <span class='ocr_line' id='line_1_119' title="bbox 1364 2014 2449 2059; baseline 0.001 -10"><span class='ocrx_word' id='word_1_874' title='bbox 1364 2024 1437 2049; x_wconf 93' lang='lat' dir='ltr'><strong>non</strong></span> <span class='ocrx_word' id='word_1_875' title='bbox 1461 2024 1539 2049; x_wconf 88' lang='lat' dir='ltr'><strong>esse</strong></span> <span class='ocrx_word' id='word_1_876' title='bbox 1562 2014 1739 2050; x_wconf 86' lang='lat' dir='ltr'><strong>actionem</strong></span> <span class='ocrx_word' id='word_1_877' title='bbox 1762 2014 1932 2050; x_wconf 88' lang='lat' dir='ltr'><strong>adversus</strong></span> <span class='ocrx_word' id='word_1_878' title='bbox 1963 2024 2180 2057; x_wconf 91' lang='lat' dir='ltr'><strong>mensorem,</strong></span> <span class='ocrx_word' id='word_1_879' title='bbox 2210 2015 2294 2059; x_wconf 88' lang='lat' dir='ltr'><strong>quia</strong></span> <span class='ocrx_word' id='word_1_880' title='bbox 2325 2017 2380 2049; x_wconf 90' lang='lat' dir='ltr'><strong>est</strong></span> <span class='ocrx_word' id='word_1_881' title='bbox 2408 2024 2449 2050; x_wconf 83' lang='lat' dir='ltr'><strong>ex</strong></span> 
     </span>
     <span class='ocr_line' id='line_1_120' title="bbox 1363 2058 2452 2105; baseline 0 -12"><span class='ocrx_word' id='word_1_882' title='bbox 1363 2058 1504 2094; x_wconf 91' lang='lat' dir='ltr'><strong>vendito</strong></span> <span class='ocrx_word' id='word_1_883' title='bbox 1530 2059 1624 2095; x_wconf 86' lang='lat' dir='ltr'><strong>actio</strong></span> <span class='ocrx_word' id='word_1_884' title='bbox 1648 2059 1817 2094; x_wconf 89' lang='lat' dir='ltr'><strong>adversus</strong></span> <span class='ocrx_word' id='word_1_885' title='bbox 1842 2063 2056 2105; x_wconf 90' lang='lat' dir='ltr'><strong>emptorem,</strong></span> <span class='ocrx_word' id='word_1_886' title='bbox 2081 2058 2150 2094; x_wconf 88' lang='lat' dir='ltr'><strong>nisi</strong></span> <span class='ocrx_word' id='word_1_887' title='bbox 2174 2062 2210 2095; x_wconf 91' lang='lat' dir='ltr'><strong>et</strong></span> <span class='ocrx_word' id='word_1_888' title='bbox 2232 2060 2290 2094; x_wconf 89' lang='lat' dir='ltr'><strong>hic</strong></span> <span class='ocrx_word' id='word_1_889' title='bbox 2313 2063 2452 2104; x_wconf 90' lang='lat' dir='ltr'><strong>emptor</strong></span> 
     </span>
     <span class='ocr_line' id='line_1_121' title="bbox 1364 2103 2451 2150; baseline 0 -12"><span class='ocrx_word' id='word_1_890' title='bbox 1364 2107 1384 2138; x_wconf 88' lang='grc'>4</span> <span class='ocrx_word' id='word_1_891' title='bbox 1432 2103 1599 2140; x_wconf 90' lang='lat' dir='ltr'><strong>solvendo</strong></span> <span class='ocrx_word' id='word_1_892' title='bbox 1636 2115 1708 2140; x_wconf 89' lang='lat' dir='ltr'><strong>non</strong></span> <span class='ocrx_word' id='word_1_893' title='bbox 1743 2105 1799 2140; x_wconf 89' lang='lat' dir='ltr'><strong>sit.</strong></span> <span class='ocrx_word' id='word_1_894' title='bbox 1847 2104 1946 2140; x_wconf 92' lang='lat' dir='ltr'><strong>Idem</strong></span> <span class='ocrx_word' id='word_1_895' title='bbox 1980 2104 2200 2150; x_wconf 85' lang='lat' dir='ltr'><strong>Pomponius</strong></span> <span class='ocrx_word' id='word_1_896' title='bbox 2235 2104 2377 2147; x_wconf 91' lang='lat' dir='ltr'><strong>scribit,</strong></span> <span class='ocrx_word' id='word_1_897' title='bbox 2420 2103 2451 2139; x_wconf 92' lang='lat' dir='ltr'><strong>si</strong></span> 
     </span>
     <span class='ocr_line' id='line_1_122' title="bbox 1363 2148 2450 2194; baseline 0.001 -11"><span class='ocrx_word' id='word_1_898' title='bbox 1363 2153 1512 2194; x_wconf 89' lang='lat' dir='ltr'><strong>propter</strong></span> <span class='ocrx_word' id='word_1_899' title='bbox 1532 2149 1701 2185; x_wconf 89' lang='lat' dir='ltr'><strong>iudicium</strong></span> <span class='ocrx_word' id='word_1_900' title='bbox 1727 2149 1907 2186; x_wconf 89' lang='lat' dir='ltr'><strong>adhibitus</strong></span> <span class='ocrx_word' id='word_1_901' title='bbox 1931 2160 2073 2185; x_wconf 93' lang='lat' dir='ltr'><strong>mensor</strong></span> <span class='ocrx_word' id='word_1_902' title='bbox 2094 2149 2314 2184; x_wconf 85' lang='lat' dir='ltr'><strong>fraudaverit</strong></span> <span class='ocrx_word' id='word_1_903' title='bbox 2335 2159 2391 2184; x_wconf 90' lang='lat' dir='ltr'><strong>me</strong></span> <span class='ocrx_word' id='word_1_904' title='bbox 2413 2148 2450 2184; x_wconf 92' lang='lat' dir='ltr'><strong>in</strong></span> 
     </span>
     <span class='ocr_line' id='line_1_123' title="bbox 1363 2194 2450 2237; baseline 0 -8"><span class='ocrx_word' id='word_1_905' title='bbox 1363 2194 1635 2237; x_wconf 86' lang='lat' dir='ltr'><strong>renuntiatione,</strong></span> <span class='ocrx_word' id='word_1_906' title='bbox 1659 2195 1773 2230; x_wconf 90' lang='lat' dir='ltr'><strong>teneri</strong></span> <span class='ocrx_word' id='word_1_907' title='bbox 1796 2205 1887 2236; x_wconf 91' lang='lat' dir='ltr'><strong>eum,</strong></span> <span class='ocrx_word' id='word_1_908' title='bbox 1911 2195 1942 2230; x_wconf 88' lang='lat' dir='ltr'><strong>si</strong></span> <span class='ocrx_word' id='word_1_909' title='bbox 1965 2195 2012 2231; x_wconf 94' lang='lat' dir='ltr'><strong>ob</strong></span> <span class='ocrx_word' id='word_1_910' title='bbox 2032 2195 2101 2230; x_wconf 87' lang='lat' dir='ltr'><strong>hoc</strong></span> <span class='ocrx_word' id='word_1_911' title='bbox 2121 2194 2165 2230; x_wconf 91' lang='lat' dir='ltr'><strong>de</strong></span> <span class='ocrx_word' id='word_1_912' title='bbox 2183 2194 2313 2230; x_wconf 85' lang='lat' dir='ltr'><strong>iudicio</strong></span> <span class='ocrx_word' id='word_1_913' title='bbox 2334 2194 2450 2229; x_wconf 87' lang='lat' dir='ltr'><strong>minus</strong></span> 
     </span>
     <span class='ocr_line' id='line_1_124' title="bbox 1363 2239 2449 2275; baseline 0.001 -1"><span class='ocrx_word' id='word_1_914' title='bbox 1363 2239 1445 2274; x_wconf 91' lang='lat' dir='ltr'><strong>tuli:</strong></span> <span class='ocrx_word' id='word_1_915' title='bbox 1495 2239 1575 2275; x_wconf 87' lang='lat' dir='ltr'><strong>lane</strong></span> <span class='ocrx_word' id='word_1_916' title='bbox 1599 2240 1628 2275; x_wconf 90' lang='lat' dir='ltr'><strong>si</strong></span> <span class='ocrx_word' id='word_1_917' title='bbox 1652 2250 1675 2274; x_wconf 88' lang='lat' dir='ltr'><strong>a</strong></span> <span class='ocrx_word' id='word_1_918' title='bbox 1697 2240 1814 2275; x_wconf 87' lang='lat' dir='ltr'><strong>iudice</strong></span> <span class='ocrx_word' id='word_1_919' title='bbox 1837 2240 2017 2275; x_wconf 89' lang='lat' dir='ltr'><strong>adhibitus</strong></span> <span class='ocrx_word' id='word_1_920' title='bbox 2042 2244 2167 2275; x_wconf 87' lang='lat' dir='ltr'><strong>contra</strong></span> <span class='ocrx_word' id='word_1_921' title='bbox 2190 2250 2247 2275; x_wconf 93' lang='lat' dir='ltr'><strong>me</strong></span> <span class='ocrx_word' id='word_1_922' title='bbox 2268 2239 2449 2275; x_wconf 86' lang='lat' dir='ltr'><strong>renuntia-</strong></span> 
     </span>
     <span class='ocr_line' id='line_1_125' title="bbox 1362 2284 2448 2328; baseline 0 -8"><span class='ocrx_word' id='word_1_923' title='bbox 1362 2285 1453 2320; x_wconf 89' lang='lat' dir='ltr'><strong>verit</strong></span> <span class='ocrx_word' id='word_1_924' title='bbox 1490 2285 1546 2320; x_wconf 94' lang='lat' dir='ltr'><strong>olo</strong></span> <span class='ocrx_word' id='word_1_925' title='bbox 1568 2285 1674 2328; x_wconf 87' lang='lat' dir='ltr'><strong>malo,</strong></span> <span class='ocrx_word' id='word_1_926' title='bbox 1695 2284 1847 2327; x_wconf 86' lang='lat' dir='ltr'><strong>dubitat,</strong></span> <span class='ocrx_word' id='word_1_927' title='bbox 1867 2295 1914 2320; x_wconf 89' lang='lat' dir='ltr'><strong>an</strong></span> <span class='ocrx_word' id='word_1_928' title='bbox 1934 2285 2046 2320; x_wconf 90' lang='lat' dir='ltr'><strong>teneri</strong></span> <span class='ocrx_word' id='word_1_929' title='bbox 2064 2285 2149 2319; x_wconf 89' lang='lat' dir='ltr'><strong>mihi</strong></span> <span class='ocrx_word' id='word_1_930' title='bbox 2169 2284 2321 2320; x_wconf 86' lang='lat' dir='ltr'><strong>debeat?</strong></span> <span class='ocrx_word' id='word_1_931' title='bbox 2378 2284 2448 2320; x_wconf 90' lang='lat' dir='ltr'><strong>uod</strong></span> 
     </span>
     <span class='ocr_line' id='line_1_126' title="bbox 1363 2330 2447 2375; baseline 0 -11"><span class='ocrx_word' id='word_1_932' title='bbox 1363 2333 1383 2365; x_wconf 84' lang='lat'>5</span> <span class='ocrx_word' id='word_1_933' title='bbox 1431 2330 1543 2375; x_wconf 88' lang='lat' dir='ltr'><strong>magis</strong></span> <span class='ocrx_word' id='word_1_934' title='bbox 1576 2330 1739 2365; x_wconf 89' lang='lat' dir='ltr'><strong>admittit.</strong></span> <span class='ocrx_word' id='word_1_935' title='bbox 1786 2330 1891 2365; x_wconf 90' lang='lat' dir='ltr'><strong>Hanc</strong></span> <span class='ocrx_word' id='word_1_936' title='bbox 1914 2330 2090 2366; x_wconf 88' lang='lat' dir='ltr'><strong>actionem</strong></span> <span class='ocrx_word' id='word_1_937' title='bbox 2113 2330 2235 2365; x_wconf 90' lang='lat' dir='ltr'><strong>heredi</strong></span> <span class='ocrx_word' id='word_1_938' title='bbox 2259 2330 2362 2365; x_wconf 91' lang='lat' dir='ltr'><strong>simili</strong></span> <span class='ocrx_word' id='word_1_939' title='bbox 2387 2340 2447 2364; x_wconf 90' lang='lat' dir='ltr'><strong>us·</strong></span> 
     </span>
     <span class='ocr_line' id='line_1_127' title="bbox 1363 2375 2447 2421; baseline 0 -11"><span class='ocrx_word' id='word_1_940' title='bbox 1363 2385 1431 2421; x_wconf 92' lang='lat' dir='ltr'><strong>que</strong></span> <span class='ocrx_word' id='word_1_941' title='bbox 1454 2375 1616 2420; x_wconf 87' lang='lat' dir='ltr'><strong>personis</strong></span> <span class='ocrx_word' id='word_1_942' title='bbox 1641 2375 1794 2410; x_wconf 90' lang='lat' dir='ltr'><strong>dandam</strong></span> <span class='ocrx_word' id='word_1_943' title='bbox 1818 2375 2036 2420; x_wconf 89' lang='lat' dir='ltr'><strong>Pomponius</strong></span> <span class='ocrx_word' id='word_1_944' title='bbox 2060 2375 2200 2410; x_wconf 87' lang='lat' dir='ltr'><strong>scribit:</strong></span> <span class='ocrx_word' id='word_1_945' title='bbox 2234 2375 2296 2410; x_wconf 91' lang='lat' dir='ltr'><strong>sed</strong></span> <span class='ocrx_word' id='word_1_946' title='bbox 2325 2375 2364 2410; x_wconf 92' lang='lat' dir='ltr'><strong>in</strong></span> <span class='ocrx_word' id='word_1_947' title='bbox 2386 2375 2447 2410; x_wconf 89' lang='lat' dir='ltr'><strong>he·</strong></span> 
     </span>
     <span class='ocr_line' id='line_1_128' title="bbox 1363 2419 2449 2466; baseline -0.001 -10"><span class='ocrx_word' id='word_1_948' title='bbox 1363 2424 1384 2456; x_wconf 83' lang='lat'><strong>6</strong></span> <span class='ocrx_word' id='word_1_949' title='bbox 1431 2420 1552 2455; x_wconf 88' lang='lat' dir='ltr'><strong>redem</strong></span> <span class='ocrx_word' id='word_1_950' title='bbox 1575 2420 1776 2466; x_wconf 88' lang='lat' dir='ltr'><strong>similesque</strong></span> <span class='ocrx_word' id='word_1_951' title='bbox 1799 2430 1973 2466; x_wconf 86' lang='lat' dir='ltr'><strong>personas</strong></span> <span class='ocrx_word' id='word_1_952' title='bbox 1993 2420 2061 2456; x_wconf 92' lang='lat' dir='ltr'><strong>den</strong></span> <span class='ocrx_word' id='word_1_953' title='bbox 2153 2419 2235 2455; x_wconf 91' lang='lat' dir='ltr'><strong>dam</strong></span> <span class='ocrx_word' id='word_1_954' title='bbox 2253 2420 2313 2455; x_wconf 92' lang='lat' dir='ltr'><strong>ait.</strong></span> <span class='ocrx_word' id='word_1_955' title='bbox 2351 2419 2449 2455; x_wconf 91' lang='lat' dir='ltr'><strong>Servi</strong></span> 
     </span>
     <span class='ocr_line' id='line_1_129' title="bbox 1363 2465 2447 2511; baseline 0 -11"><span class='ocrx_word' id='word_1_956' title='bbox 1363 2469 1481 2500; x_wconf 89' lang='lat' dir='ltr'><strong>autem</strong></span> <span class='ocrx_word' id='word_1_957' title='bbox 1505 2465 1647 2501; x_wconf 91' lang='lat' dir='ltr'><strong>nomine</strong></span> <span class='ocrx_word' id='word_1_958' title='bbox 1669 2466 1779 2511; x_wconf 85' lang='lat' dir='ltr'><strong>magis</strong></span> <span class='ocrx_word' id='word_1_959' title='bbox 1803 2466 1932 2501; x_wconf 89' lang='lat' dir='ltr'><strong>noxale</strong></span> <span class='ocrx_word' id='word_1_960' title='bbox 1955 2476 2061 2511; x_wconf 91' lang='lat' dir='ltr'><strong>quam</strong></span> <span class='ocrx_word' id='word_1_961' title='bbox 2110 2475 2130 2500; x_wconf 92' lang='lat' dir='ltr'><strong>e</strong></span> <span class='ocrx_word' id='word_1_962' title='bbox 2173 2465 2286 2501; x_wconf 86' lang='lat' dir='ltr'><strong>eculio</strong></span> <span class='ocrx_word' id='word_1_963' title='bbox 2308 2475 2447 2511; x_wconf 89' lang='lat' dir='ltr'><strong>compe-</strong></span> 
     </span>
     <span class='ocr_line' id='line_1_130' title="bbox 1362 2510 2406 2556; baseline 0 -11"><span class='ocrx_word' id='word_1_964' title='bbox 1362 2514 1438 2546; x_wconf 90' lang='lat' dir='ltr'><strong>tere</strong></span> <span class='ocrx_word' id='word_1_965' title='bbox 1461 2510 1522 2553; x_wconf 89' lang='lat' dir='ltr'><strong>ait,</strong></span> <span class='ocrx_word' id='word_1_966' title='bbox 1547 2510 1706 2556; x_wconf 89' lang='lat' dir='ltr'><strong>quamvis</strong></span> <span class='ocrx_word' id='word_1_967' title='bbox 1731 2511 1841 2546; x_wconf 90' lang='lat' dir='ltr'><strong>civilis</strong></span> <span class='ocrx_word' id='word_1_968' title='bbox 1865 2511 1959 2546; x_wconf 90' lang='lat' dir='ltr'><strong>actio</strong></span> <span class='ocrx_word' id='word_1_969' title='bbox 1985 2511 2030 2546; x_wconf 90' lang='lat' dir='ltr'><strong>de</strong></span> <span class='ocrx_word' id='word_1_970' title='bbox 2052 2521 2118 2556; x_wconf 89' lang='lat' dir='ltr'><strong>pec</strong></span> <span class='ocrx_word' id='word_1_971' title='bbox 2161 2510 2191 2546; x_wconf 86' lang='lat' dir='ltr'><strong>&#39;o</strong></span> <span class='ocrx_word' id='word_1_972' title='bbox 2217 2514 2406 2556; x_wconf 88' lang='lat' dir='ltr'><strong>competat.</strong></span> 
     </span>
    </p>

    <p class='ocr_par' dir='ltr' id='par_1_24' title="bbox 1362 2554 2449 2692">
     <span class='ocr_line' id='line_1_131' title="bbox 1409 2554 2449 2602; baseline -0.002 -10"><span class='ocrx_word' id='word_1_973' title='bbox 1409 2554 1435 2592; x_wconf 89' lang='lat'>4</span> <span class='ocrx_word' id='word_1_974' title='bbox 1459 2555 1516 2591; x_wconf 79' lang='grc' dir='ltr'><strong>ΡΑ</strong></span> <span class='ocrx_word' id='word_1_975' title='bbox 1524 2565 1619 2591; x_wconf 73' lang='lat' dir='ltr'><em>ULUS</em></span> <span class='ocrx_word' id='word_1_976' title='bbox 1634 2556 1724 2592; x_wconf 78' lang='lat' dir='ltr'><strong>libro</strong></span> <span class='ocrx_word' id='word_1_977' title='bbox 1746 2557 1934 2592; x_wconf 78' lang='lat' dir='ltr'><strong>vicensimo</strong></span> <span class='ocrx_word' id='word_1_978' title='bbox 1955 2557 2082 2602; x_wconf 81' lang='lat' dir='ltr'><strong>quinto</strong></span> <span class='ocrx_word' id='word_1_979' title='bbox 2102 2554 2152 2591; x_wconf 85' lang='lat' dir='ltr'><strong>ad</strong></span> <span class='ocrx_word' id='word_1_980' title='bbox 2163 2555 2316 2592; x_wconf 74' lang='lat' dir='ltr'><strong>edt‘cmm</strong></span> <span class='ocrx_word' id='word_1_981' title='bbox 2350 2555 2449 2591; x_wconf 86' lang='lat' dir='ltr'><strong>Haec</strong></span> 
     </span>
     <span class='ocr_line' id='line_1_132' title="bbox 1362 2600 2447 2653; baseline 0 -17"><span class='ocrx_word' id='word_1_982' title='bbox 1362 2601 1455 2636; x_wconf 85' lang='lat' dir='ltr'><strong>actio</strong></span> <span class='ocrx_word' id='word_1_983' title='bbox 1477 2604 1654 2653; x_wconf 83' lang='lat' dir='ltr'><strong>perpetua</strong></span> <span class='ocrx_word' id='word_1_984' title='bbox 1678 2604 1743 2644; x_wconf 93' lang='lat' dir='ltr'><strong>est,</strong></span> <span class='ocrx_word' id='word_1_985' title='bbox 1768 2601 1852 2647; x_wconf 90' lang='lat' dir='ltr'><strong>quia</strong></span> <span class='ocrx_word' id='word_1_986' title='bbox 1873 2601 2010 2636; x_wconf 89' lang='lat' dir='ltr'><strong>initium</strong></span> <span class='ocrx_word' id='word_1_987' title='bbox 2032 2602 2085 2637; x_wconf 91' lang='lat' dir='ltr'><strong>rei</strong></span> <span class='ocrx_word' id='word_1_988' title='bbox 2097 2602 2124 2623; x_wconf 91' lang='lat'><strong>¹⁰</strong></span> <span class='ocrx_word' id='word_1_989' title='bbox 2141 2611 2213 2637; x_wconf 90' lang='lat' dir='ltr'><strong>non</strong></span> <span class='ocrx_word' id='word_1_990' title='bbox 2231 2600 2279 2636; x_wconf 90' lang='lat' dir='ltr'><strong>ad</strong></span> <span class='ocrx_word' id='word_1_991' title='bbox 2298 2601 2447 2636; x_wconf 90' lang='lat' dir='ltr'><strong>circum-</strong></span> 
     </span>
     <span class='ocr_line' id='line_1_133' title="bbox 1363 2646 2446 2692; baseline -0.001 -11"><span class='ocrx_word' id='word_1_992' title='bbox 1363 2646 1602 2691; x_wconf 83' lang='lat' dir='ltr'><strong>scriptionem,</strong></span> <span class='ocrx_word' id='word_1_993' title='bbox 1615 2646 1676 2682; x_wconf 92' lang='lat' dir='ltr'><strong>sed</strong></span> <span class='ocrx_word' id='word_1_994' title='bbox 1689 2648 1741 2681; x_wconf 89' lang='lat' dir='ltr'><strong>a¹¹</strong></span> <span class='ocrx_word' id='word_1_995' title='bbox 1756 2650 1923 2692; x_wconf 89' lang='lat' dir='ltr'><strong>suscepto</strong></span> <span class='ocrx_word' id='word_1_996' title='bbox 1937 2647 2078 2692; x_wconf 84' lang='lat' dir='ltr'><strong>negotio</strong></span> <span class='ocrx_word' id='word_1_997' title='bbox 2091 2646 2259 2692; x_wconf 84' lang='lat' dir='ltr'><strong>originem</strong></span> <span class='ocrx_word' id='word_1_998' title='bbox 2271 2646 2446 2691; x_wconf 81' lang='lat' dir='ltr'><strong>accipit¹².</strong></span> 
     </span>
    </p>

    <p class='ocr_par' dir='ltr' id='par_1_25' title="bbox 1359 2690 2448 3447">
     <span class='ocr_line' id='line_1_134' title="bbox 1410 2690 2448 2738; baseline -0.002 -10"><span class='ocrx_word' id='word_1_999' title='bbox 1410 2691 1434 2728; x_wconf 84' lang='lat'>5</span> <span class='ocrx_word' id='word_1_1000' title='bbox 1466 2690 1661 2727; x_wconf 74' lang='lat' dir='ltr'><strong>ULPIAMJS</strong></span> <span class='ocrx_word' id='word_1_1001' title='bbox 1681 2692 1771 2727; x_wconf 74' lang='lat' dir='ltr'><strong>libro</strong></span> <span class='ocrx_word' id='word_1_1002' title='bbox 1795 2692 1985 2728; x_wconf 77' lang='lat' dir='ltr'><strong>vicensimo</strong></span> <span class='ocrx_word' id='word_1_1003' title='bbox 2005 2695 2136 2738; x_wconf 83' lang='lat' dir='ltr'><strong>quarto</strong></span> <span class='ocrx_word' id='word_1_1004' title='bbox 2155 2691 2206 2727; x_wconf 85' lang='lat' dir='ltr'><strong>ad</strong></span> <span class='ocrx_word' id='word_1_1005' title='bbox 2223 2690 2376 2727; x_wconf 82' lang='lat' dir='ltr'><strong>edictum</strong></span> <span class='ocrx_word' id='word_1_1006' title='bbox 2409 2690 2448 2726; x_wconf 93' lang='lat' dir='ltr'><strong>Si</strong></span> 
     </span>
     <span class='ocr_line' id='line_1_135' title="bbox 1362 2735 2448 2779; baseline 0 -8"><span class='ocrx_word' id='word_1_1007' title='bbox 1362 2746 1505 2772; x_wconf 91' lang='lat' dir='ltr'><strong>mensor</strong></span> <span class='ocrx_word' id='word_1_1008' title='bbox 1524 2747 1597 2772; x_wconf 93' lang='lat' dir='ltr'><strong>non</strong></span> <span class='ocrx_word' id='word_1_1009' title='bbox 1616 2735 1747 2772; x_wconf 88' lang='lat' dir='ltr'><strong>falsum</strong></span> <span class='ocrx_word' id='word_1_1010' title='bbox 1766 2737 1910 2772; x_wconf 92' lang='lat' dir='ltr'><strong>modum</strong></span> <span class='ocrx_word' id='word_1_1011' title='bbox 1929 2736 2194 2779; x_wconf 87' lang='lat' dir='ltr'><strong>renuntiaverit,</strong></span> <span class='ocrx_word' id='word_1_1012' title='bbox 2218 2736 2282 2771; x_wconf 89' lang='lat' dir='ltr'><strong>sed</strong></span> <span class='ocrx_word' id='word_1_1013' title='bbox 2301 2736 2448 2772; x_wconf 77' lang='lat' dir='ltr'><strong>traxerit</strong></span> 
     </span>
     <span class='ocr_line' id='line_1_136' title="bbox 1361 2781 2446 2818; baseline 0 -2"><span class='ocrx_word' id='word_1_1014' title='bbox 1361 2782 1660 2817; x_wconf 83' lang='lat' dir='ltr'><strong>renuntiationem</strong></span> <span class='ocrx_word' id='word_1_1015' title='bbox 1685 2786 1720 2817; x_wconf 90' lang='lat' dir='ltr'><strong>et</strong></span> <span class='ocrx_word' id='word_1_1016' title='bbox 1743 2783 1788 2818; x_wconf 91' lang='lat' dir='ltr'><strong>ob</strong></span> <span class='ocrx_word' id='word_1_1017' title='bbox 1811 2782 1882 2818; x_wconf 90' lang='lat' dir='ltr'><strong>hoc</strong></span> <span class='ocrx_word' id='word_1_1018' title='bbox 1906 2782 2060 2818; x_wconf 88' lang='lat' dir='ltr'><strong>evenerit</strong></span> <span class='ocrx_word' id='word_1_1019' title='bbox 2082 2785 2124 2817; x_wconf 91' lang='lat' dir='ltr'><strong>ut</strong></span> <span class='ocrx_word' id='word_1_1020' title='bbox 2141 2781 2303 2817; x_wconf 90' lang='lat' dir='ltr'><strong>venditor</strong></span> <span class='ocrx_word' id='word_1_1021' title='bbox 2322 2781 2446 2817; x_wconf 90' lang='lat' dir='ltr'><strong>libere-</strong></span> 
     </span>
     <span class='ocr_line' id='line_1_137' title="bbox 1362 2826 2447 2872; baseline -0.001 -10"><span class='ocrx_word' id='word_1_1022' title='bbox 1362 2830 1439 2869; x_wconf 92' lang='lat' dir='ltr'><strong>tur,</strong></span> <span class='ocrx_word' id='word_1_1023' title='bbox 1473 2827 1534 2872; x_wconf 90' lang='lat' dir='ltr'><strong>qui</strong></span> <span class='ocrx_word' id='word_1_1024' title='bbox 1557 2827 1826 2872; x_wconf 88' lang='lat' dir='ltr'><strong>adsignaturum</strong></span> <span class='ocrx_word' id='word_1_1025' title='bbox 1850 2837 1889 2863; x_wconf 89' lang='lat' dir='ltr'><strong>se</strong></span> <span class='ocrx_word' id='word_1_1026' title='bbox 1912 2827 2055 2862; x_wconf 92' lang='lat' dir='ltr'><strong>modum</strong></span> <span class='ocrx_word' id='word_1_1027' title='bbox 2077 2827 2173 2862; x_wconf 85' lang='lat' dir='ltr'><strong>intra</strong></span> <span class='ocrx_word' id='word_1_1028' title='bbox 2196 2830 2332 2862; x_wconf 88' lang='lat' dir='ltr'><strong>certum</strong></span> <span class='ocrx_word' id='word_1_1029' title='bbox 2356 2826 2447 2862; x_wconf 90' lang='lat' dir='ltr'><strong>diem</strong></span> 
     </span>
     <span class='ocr_line' id='line_1_138' title="bbox 1361 2871 2447 2917; baseline 0 -11"><span class='ocrx_word' id='word_1_1030' title='bbox 1361 2872 1542 2917; x_wconf 70' lang='lat' dir='ltr'><strong>promisit,</strong></span> <span class='ocrx_word' id='word_1_1031' title='bbox 1565 2873 1656 2907; x_wconf 90' lang='lat' dir='ltr'><strong>haec</strong></span> <span class='ocrx_word' id='word_1_1032' title='bbox 1680 2873 1775 2908; x_wconf 86' lang='lat' dir='ltr'><strong>actio</strong></span> <span class='ocrx_word' id='word_1_1033' title='bbox 1798 2873 1916 2908; x_wconf 92' lang='lat' dir='ltr'><strong>locum</strong></span> <span class='ocrx_word' id='word_1_1034' title='bbox 1939 2883 2011 2908; x_wconf 91' lang='lat' dir='ltr'><strong>non</strong></span> <span class='ocrx_word' id='word_1_1035' title='bbox 2035 2872 2161 2907; x_wconf 86' lang='lat' dir='ltr'><strong>habet:</strong></span> <span class='ocrx_word' id='word_1_1036' title='bbox 2194 2871 2257 2907; x_wconf 87' lang='lat' dir='ltr'><strong>sed</strong></span> <span class='ocrx_word' id='word_1_1037' title='bbox 2280 2882 2346 2907; x_wconf 88' lang='lat' dir='ltr'><strong>nec</strong></span> <span class='ocrx_word' id='word_1_1038' title='bbox 2370 2871 2447 2906; x_wconf 91' lang='lat' dir='ltr'><strong>dari</strong></span> 
     </span>
     <span class='ocr_line' id='line_1_139' title="bbox 1361 2916 2446 2963; baseline 0 -11"><span class='ocrx_word' id='word_1_1039' title='bbox 1361 2917 1484 2952; x_wconf 91' lang='lat' dir='ltr'><strong>utilem</strong></span> <span class='ocrx_word' id='word_1_1040' title='bbox 1507 2916 1635 2952; x_wconf 88' lang='lat' dir='ltr'><strong>debere</strong></span> <span class='ocrx_word' id='word_1_1041' title='bbox 1658 2917 1876 2963; x_wconf 88' lang='lat' dir='ltr'><strong>Pomponius</strong></span> <span class='ocrx_word' id='word_1_1042' title='bbox 1900 2917 1961 2952; x_wconf 89' lang='lat' dir='ltr'><strong>ait.</strong></span> <span class='ocrx_word' id='word_1_1043' title='bbox 2005 2917 2074 2952; x_wconf 89' lang='lat' dir='ltr'><strong>erit</strong></span> <span class='ocrx_word' id='word_1_1044' title='bbox 2097 2927 2115 2953; x_wconf 94' lang='lat' dir='ltr'><strong>e</strong></span> <span class='ocrx_word' id='word_1_1045' title='bbox 2202 2916 2248 2952; x_wconf 84' lang='lat' dir='ltr'><strong>ad</strong></span> <span class='ocrx_word' id='word_1_1046' title='bbox 2271 2917 2446 2952; x_wconf 87' lang='lat' dir='ltr'><strong>actionem</strong></span> 
     </span>
     <span class='ocr_line' id='line_1_140' title="bbox 1365 2961 2446 3005; baseline 0 -8"><span class='ocrx_word' id='word_1_1047' title='bbox 1365 2965 1379 2997; x_wconf 86' lang='lat'><strong>1</strong></span> <span class='ocrx_word' id='word_1_1048' title='bbox 1430 2962 1474 2997; x_wconf 94' lang='lat' dir='ltr'><strong>de</strong></span> <span class='ocrx_word' id='word_1_1049' title='bbox 1498 2961 1579 2998; x_wconf 92' lang='lat' dir='ltr'><strong>dolo</strong></span> <span class='ocrx_word' id='word_1_1050' title='bbox 1608 2962 1879 2998; x_wconf 90' lang='lat' dir='ltr'><strong>decurrendum.</strong></span> <span class='ocrx_word' id='word_1_1051' title='bbox 1928 2961 1977 3005; x_wconf 92' lang='lat' dir='ltr'><strong>Si,</strong></span> <span class='ocrx_word' id='word_1_1052' title='bbox 2002 2973 2082 2997; x_wconf 92' lang='lat' dir='ltr'><strong>cum</strong></span> <span class='ocrx_word' id='word_1_1053' title='bbox 2105 2962 2123 2997; x_wconf 82' lang='lat' dir='ltr'><strong>f</strong></span> <span class='ocrx_word' id='word_1_1054' title='bbox 2175 2973 2218 2998; x_wconf 89' lang='lat' dir='ltr'><strong>us</strong></span> <span class='ocrx_word' id='word_1_1055' title='bbox 2242 2961 2367 2997; x_wconf 89' lang='lat' dir='ltr'><strong>modus</strong></span> <span class='ocrx_word' id='word_1_1056' title='bbox 2390 2971 2446 2997; x_wconf 87' lang='lat' dir='ltr'><strong>re·</strong></span> 
     </span>
     <span class='ocr_line' id='line_1_141' title="bbox 1361 3007 2445 3053; baseline 0 -11"><span class='ocrx_word' id='word_1_1057' title='bbox 1361 3007 1543 3042; x_wconf 88' lang='lat' dir='ltr'><strong>nuntiatus</strong></span> <span class='ocrx_word' id='word_1_1058' title='bbox 1557 3012 1661 3050; x_wconf 89' lang='lat' dir='ltr'><strong>esset,</strong></span> <span class='ocrx_word' id='word_1_1059' title='bbox 1683 3012 1821 3053; x_wconf 89' lang='lat' dir='ltr'><strong>emptor</strong></span> <span class='ocrx_word' id='word_1_1060' title='bbox 1833 3018 1914 3043; x_wconf 90' lang='lat' dir='ltr'><strong>cum</strong></span> <span class='ocrx_word' id='word_1_1061' title='bbox 1924 3007 2107 3043; x_wconf 88' lang='lat' dir='ltr'><strong>venditore</strong></span> <span class='ocrx_word' id='word_1_1062' title='bbox 2119 3017 2162 3043; x_wconf 86' lang='lat' dir='ltr'><strong>ex</strong></span> <span class='ocrx_word' id='word_1_1063' title='bbox 2175 3011 2292 3052; x_wconf 89' lang='lat' dir='ltr'><strong>empto</strong></span> <span class='ocrx_word' id='word_1_1064' title='bbox 2349 3007 2445 3048; x_wconf 63' lang='lat' dir='ltr'><strong>sset,</strong></span> 
     </span>
     <span class='ocr_line' id='line_1_142' title="bbox 1361 3051 2446 3097; baseline -0.001 -10"><span class='ocrx_word' id='word_1_1065' title='bbox 1361 3062 1466 3097; x_wconf 89' lang='lat' dir='ltr'><strong>agere</strong></span> <span class='ocrx_word' id='word_1_1066' title='bbox 1488 3052 1621 3097; x_wconf 88' lang='lat' dir='ltr'><strong>poterit</strong></span> <span class='ocrx_word' id='word_1_1067' title='bbox 1643 3053 1750 3087; x_wconf 91' lang='lat' dir='ltr'><strong>etiam</strong></span> <span class='ocrx_word' id='word_1_1068' title='bbox 1774 3063 1854 3088; x_wconf 93' lang='lat' dir='ltr'><strong>cum</strong></span> <span class='ocrx_word' id='word_1_1069' title='bbox 1886 3062 2065 3088; x_wconf 89' lang='lat' dir='ltr'><strong>mensore:</strong></span> <span class='ocrx_word' id='word_1_1070' title='bbox 2099 3052 2161 3088; x_wconf 89' lang='lat' dir='ltr'><strong>sed</strong></span> <span class='ocrx_word' id='word_1_1071' title='bbox 2192 3052 2222 3087; x_wconf 88' lang='lat' dir='ltr'><strong>si</strong></span> <span class='ocrx_word' id='word_1_1072' title='bbox 2280 3052 2288 3059; x_wconf 90' lang='grc'><em>“</em></span> <span class='ocrx_word' id='word_1_1073' title='bbox 2317 3052 2325 3060; x_wconf 84' lang='grc'><strong>’</strong></span> <span class='ocrx_word' id='word_1_1074' title='bbox 2372 3051 2446 3087; x_wconf 89' lang='lat' dir='ltr'><strong>eius</strong></span> 
     </span>
     <span class='ocr_line' id='line_1_143' title="bbox 1359 3096 2446 3149; baseline 0 -17"><span class='ocrx_word' id='word_1_1075' title='bbox 1359 3097 1516 3140; x_wconf 88' lang='lat' dir='ltr'><strong>interest,</strong></span> <span class='ocrx_word' id='word_1_1076' title='bbox 1542 3097 1770 3133; x_wconf 90' lang='lat' dir='ltr'><strong>condemnari</strong></span> <span class='ocrx_word' id='word_1_1077' title='bbox 1793 3107 1990 3133; x_wconf 87' lang='lat' dir='ltr'><strong>mensorem</strong></span> <span class='ocrx_word' id='word_1_1078' title='bbox 2013 3108 2086 3133; x_wconf 91' lang='lat' dir='ltr'><strong>non</strong></span> <span class='ocrx_word' id='word_1_1079' title='bbox 2109 3100 2260 3149; x_wconf 85' lang='lat' dir='ltr'><strong>oportet.</strong></span> <span class='ocrx_word' id='word_1_1080' title='bbox 2298 3096 2393 3142; x_wconf 90' lang='lat' dir='ltr'><strong>quod</strong></span> <span class='ocrx_word' id='word_1_1081' title='bbox 2415 3096 2446 3132; x_wconf 86' lang='lat' dir='ltr'><strong>si</strong></span> 
     </span>
     <span class='ocr_line' id='line_1_144' title="bbox 1360 3140 2445 3188; baseline -0.001 -11"><span class='ocrx_word' id='word_1_1082' title='bbox 1360 3152 1432 3178; x_wconf 91' lang='lat' dir='ltr'><strong>non</strong></span> <span class='ocrx_word' id='word_1_1083' title='bbox 1445 3142 1490 3178; x_wconf 89' lang='lat' dir='ltr'><strong>de</strong></span> <span class='ocrx_word' id='word_1_1084' title='bbox 1501 3145 1577 3178; x_wconf 84' lang='lat' dir='ltr'><strong>toto</strong></span> <span class='ocrx_word' id='word_1_1085' title='bbox 1590 3142 1694 3178; x_wconf 91' lang='lat' dir='ltr'><strong>modo</strong></span> <span class='ocrx_word' id='word_1_1086' title='bbox 1715 3143 1775 3188; x_wconf 84' lang='lat' dir='ltr'><strong>qui</strong></span> <span class='ocrx_word' id='word_1_1087' title='bbox 1796 3142 1920 3178; x_wconf 89' lang='lat' dir='ltr'><strong>deerat</strong></span> <span class='ocrx_word' id='word_1_1088' title='bbox 1940 3153 2021 3178; x_wconf 90' lang='lat' dir='ltr'><strong>cum</strong></span> <span class='ocrx_word' id='word_1_1089' title='bbox 2041 3142 2224 3177; x_wconf 88' lang='lat' dir='ltr'><strong>venditore</strong></span> <span class='ocrx_word' id='word_1_1090' title='bbox 2243 3142 2363 3188; x_wconf 86' lang='lat' dir='ltr'><strong>egerit,</strong></span> <span class='ocrx_word' id='word_1_1091' title='bbox 2382 3140 2445 3177; x_wconf 86' lang='lat' dir='ltr'><strong>sed</strong></span> 
     </span>
     <span class='ocr_line' id='line_1_145' title="bbox 1360 3186 2444 3233; baseline -0.001 -11"><span class='ocrx_word' id='word_1_1092' title='bbox 1360 3187 1405 3223; x_wconf 92' lang='lat' dir='ltr'><strong>de</strong></span> <span class='ocrx_word' id='word_1_1093' title='bbox 1427 3188 1580 3230; x_wconf 92' lang='lat' dir='ltr'><strong>minore,</strong></span> <span class='ocrx_word' id='word_1_1094' title='bbox 1614 3192 1873 3233; x_wconf 89' lang='lat' dir='ltr'><strong>consequenter</strong></span> <span class='ocrx_word' id='word_1_1095' title='bbox 1904 3187 2028 3223; x_wconf 89' lang='lat' dir='ltr'><strong>scribit</strong></span> <span class='ocrx_word' id='word_1_1096' title='bbox 2049 3187 2268 3232; x_wconf 90' lang='lat' dir='ltr'><strong>Pomponius</strong></span> <span class='ocrx_word' id='word_1_1097' title='bbox 2291 3187 2336 3222; x_wconf 89' lang='lat' dir='ltr'><strong>de</strong></span> <span class='ocrx_word' id='word_1_1098' title='bbox 2358 3186 2444 3222; x_wconf 90' lang='lat' dir='ltr'><strong>resi-</strong></span> 
     </span>
     <span class='ocr_line' id='line_1_146' title="bbox 1361 3231 2444 3278; baseline -0.002 -10"><span class='ocrx_word' id='word_1_1099' title='bbox 1361 3235 1381 3268; x_wconf 87' lang='lat'><strong>2</strong></span> <span class='ocrx_word' id='word_1_1100' title='bbox 1428 3232 1499 3269; x_wconf 91' lang='lat' dir='ltr'><strong>duo</strong></span> <span class='ocrx_word' id='word_1_1101' title='bbox 1524 3243 1604 3268; x_wconf 91' lang='lat' dir='ltr'><strong>cum</strong></span> <span class='ocrx_word' id='word_1_1102' title='bbox 1627 3242 1788 3268; x_wconf 88' lang='lat' dir='ltr'><strong>mensore</strong></span> <span class='ocrx_word' id='word_1_1103' title='bbox 1811 3233 1868 3278; x_wconf 87' lang='lat' dir='ltr'><strong>agi</strong></span> <span class='ocrx_word' id='word_1_1104' title='bbox 1890 3242 2006 3278; x_wconf 90' lang='lat' dir='ltr'><strong>posse.</strong></span> <span class='ocrx_word' id='word_1_1105' title='bbox 2050 3231 2129 3267; x_wconf 89' lang='lat' dir='ltr'><strong>Hoc</strong></span> <span class='ocrx_word' id='word_1_1106' title='bbox 2147 3231 2318 3267; x_wconf 89' lang='lat' dir='ltr'><strong>iudicium</strong></span> <span class='ocrx_word' id='word_1_1107' title='bbox 2337 3231 2444 3266; x_wconf 89' lang='lat' dir='ltr'><strong>latius</strong></span> 
     </span>
     <span class='ocr_line' id='line_1_147' title="bbox 1359 3276 2443 3323; baseline -0.001 -11"><span class='ocrx_word' id='word_1_1108' title='bbox 1359 3282 1506 3323; x_wconf 89' lang='lat' dir='ltr'><strong>praetor</strong></span> <span class='ocrx_word' id='word_1_1109' title='bbox 1528 3278 1707 3323; x_wconf 86' lang='lat' dir='ltr'><strong>porrexit:</strong></span> <span class='ocrx_word' id='word_1_1110' title='bbox 1739 3288 1822 3312; x_wconf 87' lang='lat' dir='ltr'><strong>nam</strong></span> <span class='ocrx_word' id='word_1_1111' title='bbox 1855 3281 1892 3313; x_wconf 90' lang='lat' dir='ltr'><strong>et</strong></span> <span class='ocrx_word' id='word_1_1112' title='bbox 1923 3277 1954 3313; x_wconf 90' lang='lat' dir='ltr'><strong>si</strong></span> <span class='ocrx_word' id='word_1_1113' title='bbox 1978 3276 2078 3312; x_wconf 87' lang='lat' dir='ltr'><strong>cuius</strong></span> <span class='ocrx_word' id='word_1_1114' title='bbox 2102 3276 2249 3312; x_wconf 85' lang='lat' dir='ltr'><strong>alterius</strong></span> <span class='ocrx_word' id='word_1_1115' title='bbox 2272 3276 2324 3312; x_wconf 90' lang='lat' dir='ltr'><strong>rei</strong></span> <span class='ocrx_word' id='word_1_1116' title='bbox 2347 3286 2443 3311; x_wconf 87' lang='lat' dir='ltr'><strong>men-</strong></span> 
     </span>
     <span class='ocr_line' id='line_1_148' title="bbox 1360 3321 2443 3364; baseline -0.001 -7"><span class='ocrx_word' id='word_1_1117' title='bbox 1360 3333 1479 3358; x_wconf 88' lang='lat' dir='ltr'><strong>suram</strong></span> <span class='ocrx_word' id='word_1_1118' title='bbox 1503 3322 1631 3358; x_wconf 83' lang='lat' dir='ltr'><strong>falsam</strong></span> <span class='ocrx_word' id='word_1_1119' title='bbox 1653 3322 1911 3358; x_wconf 88' lang='lat' dir='ltr'><strong>renuntiavisse</strong></span> <span class='ocrx_word' id='word_1_1120' title='bbox 1935 3321 2091 3364; x_wconf 88' lang='lat' dir='ltr'><strong>dicetur,</strong></span> <span class='ocrx_word' id='word_1_1121' title='bbox 2116 3322 2206 3357; x_wconf 88' lang='lat' dir='ltr'><strong>haec</strong></span> <span class='ocrx_word' id='word_1_1122' title='bbox 2229 3321 2323 3357; x_wconf 90' lang='lat' dir='ltr'><strong>actio</strong></span> <span class='ocrx_word' id='word_1_1123' title='bbox 2348 3331 2443 3357; x_wconf 88' lang='lat' dir='ltr'><strong>com·</strong></span> 
     </span>
     <span class='ocr_line' id='line_1_149' title="bbox 1359 3365 2444 3447; baseline 0 -46"><span class='ocrx_word' id='word_1_1124' title='bbox 1359 3367 1457 3447; x_wconf 40' lang='lat' dir='ltr'><strong>{Sitit</strong></span> <span class='ocrx_word' id='word_1_1125' title='bbox 1493 3367 1642 3412; x_wconf 90' lang='lat' dir='ltr'><strong>proinde</strong></span> <span class='ocrx_word' id='word_1_1126' title='bbox 1665 3368 1696 3403; x_wconf 90' lang='lat' dir='ltr'><strong>si</strong></span> <span class='ocrx_word' id='word_1_1127' title='bbox 1718 3367 1755 3403; x_wconf 92' lang='lat' dir='ltr'><strong>in</strong></span> <span class='ocrx_word' id='word_1_1128' title='bbox 1785 3367 1938 3403; x_wconf 85' lang='lat' dir='ltr'><strong>aedificii</strong></span> <span class='ocrx_word' id='word_1_1129' title='bbox 1968 3377 2135 3402; x_wconf 89' lang='lat' dir='ltr'><strong>mensura</strong></span> <span class='ocrx_word' id='word_1_1130' title='bbox 2162 3365 2290 3402; x_wconf 82' lang='lat' dir='ltr'><strong>fefellit</strong></span> <span class='ocrx_word' id='word_1_1131' title='bbox 2321 3365 2376 3402; x_wconf 84' lang='lat' dir='ltr'><strong>vel</strong></span> <span class='ocrx_word' id='word_1_1132' title='bbox 2406 3365 2444 3401; x_wconf 87' lang='lat' dir='ltr'><strong>in</strong></span> 
     </span>
    </p>

    <p class='ocr_par' dir='ltr' id='par_1_26' title="bbox 1418 3411 1768 3455">
     <span class='ocr_line' id='line_1_150' title="bbox 1418 3411 1768 3455; baseline 0.006 -8"><span class='ocrx_word' id='word_1_1133' title='bbox 1418 3413 1527 3448; x_wconf 89' lang='lat' dir='ltr'><strong>menti</strong></span> <span class='ocrx_word' id='word_1_1134' title='bbox 1550 3413 1604 3448; x_wconf 89' lang='lat' dir='ltr'><strong>vel</strong></span> <span class='ocrx_word' id='word_1_1135' title='bbox 1626 3412 1663 3448; x_wconf 92' lang='lat' dir='ltr'><strong>in</strong></span> <span class='ocrx_word' id='word_1_1136' title='bbox 1685 3411 1768 3455; x_wconf 86' lang='lat' dir='ltr'><strong>vini,</strong></span> 
     </span>
    </p>

    <p class='ocr_par' dir='ltr' id='par_1_27' title="bbox 1405 3454 2442 3503">
     <span class='ocr_line' id='line_1_151' title="bbox 1405 3454 2442 3503; baseline -0.004 -8"><span class='ocrx_word' id='word_1_1137' title='bbox 1405 3454 1431 3495; x_wconf 90' lang='lat'><strong>6</strong></span> <span class='ocrx_word' id='word_1_1138' title='bbox 1456 3457 1615 3493; x_wconf 56' lang='lat' dir='ltr'><strong>Panos</strong></span> <span class='ocrx_word' id='word_1_1139' title='bbox 1645 3457 1738 3494; x_wconf 72' lang='lat' dir='ltr'><strong>libro</strong></span> <span class='ocrx_word' id='word_1_1140' title='bbox 1772 3457 1963 3494; x_wconf 74' lang='lat' dir='ltr'><strong>vicensimo</strong></span> <span class='ocrx_word' id='word_1_1141' title='bbox 1999 3456 2172 3503; x_wconf 67' lang='lat' dir='ltr'><strong>quar-10¹⁸</strong></span> <span class='ocrx_word' id='word_1_1142' title='bbox 2206 3456 2257 3492; x_wconf 84' lang='lat' dir='ltr'><strong>ad</strong></span> <span class='ocrx_word' id='word_1_1143' title='bbox 2289 3455 2442 3492; x_wconf 73' lang='lat' dir='ltr'><strong>edictum</strong></span> 
     </span>
    </p>
   </div>
   <div class='ocr_carea' id='block_1_16' title="bbox 1404 3614 2444 3703">
    <p class='ocr_par' dir='ltr' id='par_1_28' title="bbox 1404 3614 2444 3703">
     <span class='ocr_line' id='line_1_152' title="bbox 1903 3614 2442 3658; baseline -0.004 -8"><span class='ocrx_word' id='word_1_1144' title='bbox 1903 3617 1948 3658; x_wconf 83' lang='lat' dir='ltr'><strong>(s)</strong></span> <span class='ocrx_word' id='word_1_1145' title='bbox 1974 3615 2119 3649; x_wconf 74' lang='lat' dir='ltr'><strong>familias</strong></span> <span class='ocrx_word' id='word_1_1146' title='bbox 2131 3616 2189 3657; x_wconf 64' lang='grc' dir='ltr'><strong>Ρ,</strong></span> <span class='ocrx_word' id='word_1_1147' title='bbox 2203 3614 2275 3648; x_wconf 83' lang='lat' dir='ltr'><strong>alea</strong></span> <span class='ocrx_word' id='word_1_1148' title='bbox 2291 3615 2442 3649; x_wconf 72' lang='grc' dir='ltr'><strong>Ουίασίιιι</strong></span> 
     </span>
     <span class='ocr_line' id='line_1_153' title="bbox 1404 3657 2444 3703; baseline -0.004 -7"><span class='ocrx_word' id='word_1_1149' title='bbox 1404 3664 1447 3702; x_wconf 71' lang='lat' dir='ltr'><strong>(a)</strong></span> <span class='ocrx_word' id='word_1_1150' title='bbox 1472 3662 1537 3695; x_wconf 80' lang='lat' dir='ltr'><strong>Ed.</strong></span> <span class='ocrx_word' id='word_1_1151' title='bbox 1551 3662 1691 3696; x_wconf 74' lang='grc' dir='ltr'>-Βω,</span> <span class='ocrx_word' id='word_1_1152' title='bbox 1706 3663 1760 3703; x_wconf 84' lang='grc'><strong>60,</strong></span> <span class='ocrx_word' id='word_1_1153' title='bbox 1774 3668 1792 3697; x_wconf 74' lang='grc' dir='ltr'><strong>ο</strong></span> <span class='ocrx_word' id='word_1_1154' title='bbox 1874 3664 1933 3701; x_wconf 83' lang='grc' dir='ltr'><strong>(ιο)</strong></span> <span class='ocrx_word' id='word_1_1155' title='bbox 1959 3662 2020 3703; x_wconf 72' lang='lat' dir='ltr'><strong>mi]</strong></span> <span class='ocrx_word' id='word_1_1156' title='bbox 2034 3661 2124 3694; x_wconf 79' lang='lat' dir='ltr'><strong>redit</strong></span> <span class='ocrx_word' id='word_1_1157' title='bbox 2134 3673 2198 3695; x_wconf 70' lang='lat' dir='ltr'><strong>scr.</strong></span> <span class='ocrx_word' id='word_1_1158' title='bbox 2278 3662 2334 3703; x_wconf 83' lang='lat' dir='ltr'><strong>(u)</strong></span> <span class='ocrx_word' id='word_1_1159' title='bbox 2357 3657 2444 3692; x_wconf 72' lang='lat' dir='ltr'><em>de</em></span> 
     </span>
    </p>
   </div>
   <div class='ocr_carea' id='block_1_17' title="bbox 1359 3706 2018 3749">
    <p class='ocr_par' dir='ltr' id='par_1_29' title="bbox 1359 3706 2018 3749">
     <span class='ocr_line' id='line_1_154' title="bbox 1359 3706 2018 3749; baseline 0 -9"><span class='ocrx_word' id='word_1_1160' title='bbox 1359 3707 1416 3746; x_wconf 78' lang='lat'><strong>(¹2)</strong></span> <span class='ocrx_word' id='word_1_1161' title='bbox 1440 3707 1572 3749; x_wconf 83' lang='lat' dir='ltr'><strong>accepit</strong></span> <span class='ocrx_word' id='word_1_1162' title='bbox 1586 3706 1628 3739; x_wconf 67' lang='grc' dir='ltr'><strong>Ρ</strong></span> <span class='ocrx_word' id='word_1_1163' title='bbox 1722 3709 1780 3747; x_wconf 68' lang='grc' dir='ltr'><strong>(ιδ)</strong></span> <span class='ocrx_word' id='word_1_1164' title='bbox 1804 3706 1924 3749; x_wconf 84' lang='lat' dir='ltr'><strong>quinto</strong></span> <span class='ocrx_word' id='word_1_1165' title='bbox 1938 3707 2018 3740; x_wconf 81' lang='lat' dir='ltr'><strong>Hal.</strong></span> 
     </span>
    </p>
   </div>
  </div>
 </body>
</html>
