2528 3918
110 110 247 142 EMPTI
272 109 460 142 VENDITI

106 219 229 261 debet,
261 220 387 264 quanti
409 219 557 254 interest
579 229 651 253 11011
674 228 754 254 0880
776 218 983 263 deceptum,
1016 218 1083 254 etsi
1105 228 1189 254 ven-

107 264 199 299 ditor
223 274 363 309 quoque
386 263 540 299 nesciet:
573 262 683 298 veluti
714 262 745 298 si
767 273 909 298 mensas
958 263 1037 299 uasi
1061 264 1190 299 citreas

107 312 125 344 3
174 313 285 351 emat,
320 319 411 354 quae
442 318 514 343 non
537 311 630 343 sunt.
680 306 768 343 Cum
790 318 856 353 per
877 318 943 343 ven
972 309 1094 343 'torem
1118 312 1189 343 ste-

105 353 205 395 terit,
231 365 301 398 quo
326 353 441 388 minus
465 363 539 387 rem
562 352 700 395 tradat,
725 353 839 388 omnis
863 353 998 388 utilitas
1022 353 1189 399 emptoris

104 398 140 433 in
164 398 445 433 aestimationem
467 398 581 440 venit,
614 408 706 443 quae
729 397 834 434 modo
861 398 956 433 circa
978 398 1093 443 ipsam
1116 408 1190 433 rem

105 443 285 478 consistit:
318 452 432 488 neque
464 443 556 477 enim
588 443 619 477 si
650 443 768 487 potuit
798 453 842 478 ex
866 443 946 478 vino
970 448 1059 488 puta
1082 453 1188 487 nego-

103 488 185 522 tiari
210 491 244 522 et
266 487 405 522 lucrum
427 487 557 530 facere,
583 487 621 522 id
644 488 903 523 aestimandum
927 493 992 531 est,
1018 499 1090 523 non
1113 498 1188 523 ma-

103 533 155 578 gis
187 543 294 577 quam
318 532 348 567 si
371 532 528 567 triticum
560 533 683 567 emerit
715 537 750 568 et
781 534 827 569 ob
860 544 939 568 eam
970 544 1062 576 rem,
1096 532 1189 578 quod

104 589 174 612 non
199 577 245 612 sit
267 577 448 619 traditum,
472 577 609 612 familia
632 578 707 613 eius
731 578 826 613 fame
847 578 1081 614 laboraverit:
1107 588 1190 613 nam

102 622 252 667 pretium
275 622 401 665 tritici,
434 633 506 657 11011
536 633 717 658 801νο111111
747 622 843 658 fame
873 627 1081 659 necatorum
1105 634 1188 658 con-

103 667 270 712 sequitur.
307 678 373 702 nec
396 668 509 702 maior
531 667 572 702 fit
596 668 784 713 obligatio,
842 668 914 704 uod
944 668 1082 703 tardius
1116 668 1188 713 agi-

102 716 178 754 tur,
204 712 361 757 quamvis
386 716 542 754 crescat,
567 713 597 748 si
620 713 739 748 vinum
762 714 808 748 ho
835 714 867 748 ie
890 714 1001 758 pluris
1025 714 1091 756 sit,
1116 723 1188 747 me-

101 758 187 799 rito,
221 757 304 802 quia
327 757 400 792 sive
432 757 554 792 datum
586 761 697 801 esset,
729 759 896 793 haberem
928 762 1084 804 emptor,
1118 758 1190 794 sive

101 812 190 844 non,
216 802 405 847 quoniam¹
431 803 556 838 saltem
579 803 685 838 hodie
718 803 874 838 dandum
906 808 960 839 est
1016 804 1088 839 uod
1118 803 1189 838 iam

101 850 122 882 4
167 847 249 882 olim
275 847 351 882 dari
375 848 543 893 oportuit.
592 848 630 883 Si
652 848 718 883 tibi
740 848 892 883 fundum
915 860 982 884 ven
1008 849 1124 891 idem,
1149 852 1190 883 ut

101 902 182 927 eum
206 892 421 927 conductum
453 897 551 928 certa
583 904 720 928 summa
751 894 938 936 haberem,
973 905 1017 929 ex
1047 893 1187 929 vendito

101 947 142 972 eo
165 938 307 972 nomine
330 937 414 972 mihi
438 938 532 973 actio
559 942 630 981 est,
664 939 766 984 quasi
795 939 833 973 in
856 944 994 984 partem
1043 939 1122 974 retii
1147 949 1189 974 ea

101 986 120 1017 5
167 992 223 1017 res
256 983 312 1017 sit.
362 982 432 1018 Sed
457 987 493 1018 et
516 983 546 1018 si
569 984 620 1018 ita
642 983 794 1019 fundum
817 985 882 1019 tibi
904 984 1008 1020 vendi
1036 995 1114 1026 ero,
1148 987 1189 1018 ut

100 1027 187 1062 nulli
211 1027 270 1062 alii
295 1038 374 1062 eum
399 1039 505 1073 quam
528 1029 614 1063 mihi
637 1029 826 1071 venderes,
859 1030 953 1065 actio
981 1040 1021 1064 eo
1047 1029 1188 1064 nomine

101 1076 121 1108 6
168 1082 210 1107 ex
245 1073 387 1108 vendito
424 1077 497 1116 est,
531 1074 561 1109 si
592 1074 652 1108 alii
684 1074 893 1110 vendideris.
942 1074 1010 1118 Qui
1046 1075 1188 1110 domum

98 1117 290 1159 vendebat,
324 1118 465 1163 excepit
497 1119 566 1154 sibi
589 1119 864 1162 habitationem,
898 1120 1011 1156 donec
1042 1120 1186 1162 viveret,

99 1166 162 1197 aut
192 1162 230 1197 in
266 1163 423 1208 singulos
454 1174 568 1199 annos
600 1165 740 1200 decem:
779 1169 916 1210 emptor
946 1166 1061 1210 primo
1092 1175 1186 1200 anno

98 1208 222 1242 maluit
246 1208 367 1243 decem
391 1213 593 1254 praestare,
627 1210 783 1245 secundo
809 1221 903 1245 anno
928 1210 1187 1245 habitationem

98 1257 291 1298 praestare.
337 1254 527 1289 Trebatius
560 1255 611 1290 ait
633 1255 826 1291 mutandae
849 1255 1043 1290 voluntatis
1066 1259 1186 1300 potes-

97 1302 207 1333 tatem
232 1308 312 1333 eum
334 1299 468 1335 habere
491 1300 707 1345 singulisque
728 1300 830 1336 annis
852 1301 1064 1336 alterutrum
1081 1311 1185 1346 prae-

97 1347 192 1378 stare
221 1354 328 1388 posse
352 1347 387 1379 et
411 1345 580 1390 quamdiu
602 1349 750 1390 paratus
774 1345 822 1381 sit
844 1346 1054 1381 alterutrum
1077 1356 1184 1391 prae-

97 1392 203 1431 stare,
254 1389 434 1424 etitionem
456 1400 530 1425 11011
554 1401 642 1426 0880.

142 1431 195 1471 22
248 1444 412 1470 ULIANUS
432 1435 524 1471 libro
543 1437 695 1482 septimo
715 1436 937 1482 diqestorum
983 1436 1022 1471 Si
1039 1436 1077 1470 in
1098 1446 1185 1480 qua-

96 1479 196 1515 litate
218 1479 322 1514 fundi
345 1480 507 1516 venditor
529 1481 697 1516 mentitus
721 1482 786 1523 sit,
811 1492 884 1516 non
906 1482 945 1516 in
969 1481 1073 1517 modo
1099 1482 1185 1524 eius,

97 1529 215 1576 tamen
238 1528 379 1577 tenetur
402 1526 569 1570 emptori:
595 1536 690 1572 pone
713 1527 807 1562 enim
830 1526 963 1562 dixisse
982 1536 1063 1561 eum
1084 1526 1186 1571 quin-

97 1573 264 1615 quaginta
286 1581 408 1614 iugera
432 1581 510 1607 esse
531 1571 656 1608 vineae
680 1575 716 1607 et
739 1572 995 1617 quinquaginta
1025 1571 1120 1617 prati
1152 1576 1187 1607 et

95 1617 132 1668 in
165 1619 268 1660 prato
303 1616 384 1660 plus
419 1616 587 1660 inveniri,
624 1627 702 1653 esse
735 1621 855 1652 tamen
890 1617 1010 1653 omnia
1045 1621 1187 1653 centum

97 1673 133 1696 iu
159 1671 230 1696 era.

134 1671 193 1743 ἔ23
219 1706 328 1741 IDEM
354 1707 446 1742 libro
479 1708 584 1743 tertio
609 1707 745 1743 decimo
770 1707 990 1754 diqestorum
1038 1707 1076 1742 Si
1108 1708 1186 1752 quis

95 1762 252 1793 servum,
277 1762 382 1796 quem
408 1762 489 1787 cum
511 1753 650 1798 peculio
674 1752 899 1795 vendiderat,
931 1753 1185 1795 manumiserit,

96 1808 167 1832 non
191 1797 307 1832 solum
330 1797 461 1842 peculii
484 1798 646 1841 nomine,
680 1798 776 1843 quod
800 1808 923 1834 servus
946 1798 1074 1832 habuit
1097 1802 1185 1833 tem-

94 1853 181 1887 pore
205 1852 274 1887 quo
298 1843 625 1886 manumittebatur,
650 1843 714 1879 sed
734 1847 770 1879 et
788 1854 920 1884 eorum,
947 1853 1040 1888 quae
1059 1847 1187 1888 postea

95 1888 259 1933 adquirit,
284 1891 426 1923 tenetur
449 1892 485 1924 et
506 1892 692 1934 praeterea
716 1898 841 1924 cavere
865 1888 990 1930 debet,
1015 1888 1187 1941 quidquid

95 1943 138 1967 ex
161 1932 357 1968 hereditate
380 1933 498 1969 liberti
517 1934 564 1968 ad
585 1944 666 1969 eum
685 1934 895 1979 pervenerit,
920 1933 1088 1969 restitutu
1106 1933 1183 1968 iri2.

94 1978 334 2014 Maecenas
354 1982 475 2013 notat:
505 1979 567 2014 illa
597 1983 783 2024 praestare
813 1978 976 2014 venditor
1000 1989 1044 2014 ex
1067 1982 1185 2024 empto

94 2023 217 2066 debet,
254 2034 346 2069 quae
375 2024 524 2059 haberet
555 2029 712 2070 emptor,
749 2024 779 2060 si
809 2025 919 2061 homo
942 2024 1185 2059 manumissus

94 2080 166 2104 non
193 2072 305 2104 esset:
330 2080 402 2104 non
428 2069 704 2105 continebuntur
726 2069 852 2115 igitur,
878 2082 982 2115 quae,
1007 2071 1039 2106 si
1059 2080 1184 2105 manu·

94 2114 223 2150 missus
247 2125 319 2149 non
342 2114 422 2157 fuit,
447 2115 689 2159 adquisiturus
713 2126 786 2151 non
810 2120 914 2151 esset.

141 2158 194 2197 24
218 2159 412 2195 IULIANUS
433 2160 524 2196 libro
546 2161 674 2205 quinto
699 2161 835 2196 decimo
857 2159 1102 2207 diqestoruffl
1148 2159 1186 2195 Si

95 2215 235 2247 servus,
259 2205 297 2239 111
321 2216 390 2250 (1110
415 2216 501 2240 118118
526 2205 665 2241 fructus
689 2210 772 2241 tuus
797 2209 893 2248 erat,
917 2205 1068 2240 fundum
1092 2215 1184 2240 eme-

94 2251 141 2285 rit
165 2255 201 2286 et
223 2254 415 2295 antequam
438 2251 591 2296 pecunia
622 2255 887 2293 numeraretur,
921 2251 1038 2296 capite
1069 2250 1183 2285 minu-

94 2300 151 2331 tus
183 2295 312 2338 fueris,
348 2297 508 2340 quamvis
538 2296 692 2340 pretium
725 2296 892 2339 solveris,
929 2296 1106 2331 actionem
1142 2306 1185 2331 ex

95 2345 211 2386 empto
243 2351 315 2376 non
346 2341 495 2376 habebis
519 2345 666 2386 propter
687 2342 795 2377 talem
820 2341 946 2386 capitis
972 2341 1183 2376 deminutio-

95 2397 191 2428 nem,
225 2386 288 2422 sed
309 2386 458 2421 indebiti
481 2387 658 2422 actionem
682 2387 852 2422 adversus
876 2386 1096 2421 venditorem
1118 2386 1183 2421 ha-

94 2432 205 2467 bebis.
243 2435 327 2467 ante
351 2431 476 2477 capitis
502 2436 621 2467 autem
644 2432 875 2467 minutionem
908 2432 995 2466 nihil
1024 2432 1183 2474 interest,

94 2481 134 2512 tu
165 2477 282 2512 solvas
307 2487 354 2512 an
378 2487 501 2512 servus
526 2487 569 2512 ex
594 2488 635 2513 eo
660 2478 800 2522 peculio
825 2476 921 2522 quod
945 2477 991 2512 ad
1015 2481 1052 2512 te
1101 2477 1182 2512 erti-

95 2525 172 2558 net:
206 2533 289 2557 nam
320 2526 472 2567 utroque
504 2533 590 2558 casu
615 2523 791 2558 actionem
815 2533 859 2558 ex
883 2526 999 2567 empto
1023 2523 1070 2557 ha
1098 2522 1183 2557 ebis.

98 2571 111 2602 1
163 2567 308 2603 Servum
330 2571 432 2603 tuum
454 2568 659 2613 imprudens
684 2578 707 2603 a
728 2568 808 2603 fure
831 2568 927 2603 bona
949 2567 1020 2603 fide
1044 2568 1129 2603 emi:
1154 2567 1184 2602 is

97 2623 140 2648 ex
163 2613 302 2658 peculio
327 2613 422 2658 quod
446 2613 493 2648 ad
525 2618 561 2648 te
591 2613 795 2658 pertinebat
824 2613 1002 2648 hominem
1033 2613 1184 2658 paravit,

95 2658 156 2703 qui
185 2658 272 2693 mihi
302 2658 455 2693 traditus
489 2662 554 2694 est.
592 2668 698 2704 posse
720 2662 758 2693 te
782 2669 860 2693 eum
890 2659 1068 2693 hominem
1099 2658 1185 2693 mihi

96 2703 282 2739 condicere
306 2703 460 2739 Sabinus
485 2703 591 2746 dixit,
617 2704 680 2739 sed
704 2704 734 2739 si
759 2703 843 2748 quid
866 2704 952 2738 mihi
976 2704 1118 2738 abesset
1142 2713 1185 2738 ex

95 2749 234 2793 negotio
261 2749 355 2794 quod
378 2749 409 2784 is
433 2750 611 2801 gessisset,
636 2749 786 2784 invicem
809 2759 865 2784 me
881 2753 1000 2784 tecum
1021 2752 1185 2784 acturum

95 2794 138 2829 de
161 2794 312 2845 peculio.
340 2794 494 2830 ‚Cassius
519 2804 638 2830 veram
663 2794 867 2839 opinionem
892 2794 1014 2829 Sabini
1037 2795 1184 2836 rettulit,

95 2842 115 2874 2
162 2850 200 2874 in
224 2849 294 2884 qua
319 2850 382 2885 ego
416 2850 557 2892 quoque
588 2850 677 2875 sum.
727 2839 836 2875 Servo
868 2839 1042 2875 vendente
1071 2839 1184 2875 homi-

95 2894 174 2919 nem
197 2884 385 2920 fideiussor
407 2885 619 2921 venditionis
643 2884 762 2920 omnia
785 2889 968 2929 praestare
993 2884 1116 2927 debet,
1148 2885 1186 2919 in

97 2939 190 2974 quae
213 2930 449 2974 obligaretur,
481 2930 511 2965 si
534 2940 599 2975 pro
624 2930 735 2965 libero
759 2930 1010 2966 fideiussisset:
1043 2941 1127 2964 nam
1152 2934 1187 2965 et

95 2975 131 3009 in
154 2974 335 3010 dominum
359 2976 452 3011 actio
477 2975 529 3011 sic
554 2975 677 3017 datur,
709 2979 750 3010 ut
781 2979 919 3021 emptor
952 2975 1075 3010 eadem
1100 2986 1184 3011 con-

96 3024 285 3064 sequatur,
319 3031 411 3065 quae
442 3021 554 3057 libero
585 3020 760 3056 vendente
792 3021 962 3066 consequi
993 3020 1184 3063 debuisset,

96 3065 158 3100 sed
188 3065 283 3100 ultra
313 3066 443 3110 peculii
474 3065 695 3101 taxationem
726 3065 890 3102 dominus
921 3077 994 3102 non
1018 3065 1184 3102 condem-

96 3114 211 3145 natur.

142 3154 193 3193 25
218 3155 327 3191 IDEM
353 3155 445 3192 libro
477 3158 777 3210 quinquaqesimo
810 3161 941 3203 quarto
966 3157 1185 3204 digestorum

96 3200 163 3245 Qui
192 3201 404 3246 pendentem
436 3202 646 3238 vindem1am
678 3202 761 3239 emit
784 3202 815 3237 si
837 3213 942 3237 uvam
964 3202 1079 3246 legere
1102 3212 1185 3246 pro-

95 3246 261 3281 hibeatur
285 3257 308 3282 a
329 3247 531 3290 venditore,
564 3248 734 3283 adversus
765 3257 846 3283 eum
876 3247 1080 3292 petentem⁴
1104 3257 1184 3291 pre-

96 3291 183 3327 tium
215 3292 424 3336 exceptione
455 3293 507 3328 uti
530 3294 663 3338 poterit
687 3294 729 3328 ‘si
761 3303 804 3328 ea
835 3292 1007 3337 pecunia,
1041 3302 1112 3337 qua
1143 3291 1186 3326 de

98 3337 236 3380 ‘agitur‚
260 3348 333 3372 non
356 3348 422 3382 pro
447 3348 490 3373 ea
512 3349 551 3374 re
574 3339 717 3383 petitur,
744 3348 836 3383 quae
859 3338 955 3372 venit
978 3347 1093 3382 neque
1111 3340 1185 3371 tra-

98 3381 183 3430 ι(1110
207 3382 286 3417 081.’
319 3386 475 3418 0010111111
494 3388 577 3428 post
597 3383 823 3419 traditionem
843 3383 916 3418 sive
935 3383 1063 3418 lectam
1082 3392 1187 3417 uvam

98 3425 239 3461 calcare
262 3427 334 3461 sive
356 3432 512 3463 mustum
546 3429 692 3464 evehere
722 3428 975 3473 prohibeatur,
1009 3427 1054 3462 ad
1088 3427 1185 3462 exhi-

97 3471 253 3506 bendum
276 3471 331 3507 vel
353 3472 561 3508 iniuriarum
584 3483 689 3518 agere
712 3473 864 3518 poterit,
890 3472 1187 3518 quemadmodum

97 3516 128 3551 si
151 3516 257 3552 aliam
281 3517 474 3562 quamlibet
495 3529 570 3554 rem
594 3529 696 3554 suam
719 3519 844 3554 tollere
867 3518 1110 3563 prohibeatur.

99 3631 137 3670 (1)
162 3631 320 3672 quoniam
334 3632 394 3664 del.
490 3636 533 3673 (2)
558 3632 726 3664 restituiri
738 3633 772 3664 F
868 3635 909 3673 (3)
938 3637 953 3670 §
969 3639 981 3665 1
996 3633 1038 3673 cf.
1053 3632 1178 3664 Paulus

98 3675 142 3707 D.
160 3677 212 3714 12,
228 3684 249 3714 1,
264 3684 330 3716 31,1
404 3676 445 3716 (41
471 3677 670 3717 pendentem
685 3678 718 3709 F
782 3679 823 3718 (5)
849 3677 896 3708 810
912 3678 971 3709 ins.
1044 3681 1087 3717 (6)
1109 3677 1179 3708 sue-

99 3720 144 3752 rit
156 3722 227 3753 edd.
322 3723 366 3763 (7)
391 3721 520 3763 poterit
533 3723 604 3754 edd⁴
710 3726 753 3762 (8)
780 3722 860 3763 quia
871 3723 953 3762 non]
968 3721 1101 3763 quando
1113 3734 1173 3755 scr.

1172 88 1257 137 247

2130 95 2345 137 XV11111

1304 215 1358 254 26
1382 218 1564 253 Arm-ivus
1594 217 1726 253 Vinus
1747 218 1837 255 libro
1860 220 2018 256 secundo
2042 219 2262 266 diqestorum
2310 218 2345 254 Si

1257 263 1356 342 quis,
1382 274 1463 299 cum
1485 262 1634 298 fundum
1658 263 1842 306 venderet,
1875 265 1970 300 dolia
2001 269 2161 308 centum,
2196 274 2287 310 quae
2310 264 2347 298 111

1274 308 1369 343 undo
1394 318 1472 344 esse
1494 307 1734 349 adfirmabat,
1767 319 1958 345 accessura
1990 310 2155 352 dixisset,
2212 309 2346 345 uamvis

1258 353 1306 387 ibi
1320 354 1456 388 nullum
1466 352 1599 389 dolium
1610 352 1747 395 fuisset,
1769 358 1887 388 tamen
1909 355 2003 390 dolia
2020 355 2170 400 emptori
2215 354 2345 389 ebebit.

1304 395 1356 434 27
1382 398 1541 434 Panos
1562 398 1652 433 libro
1676 399 1780 432 tertio
1805 400 2040 443 epz‘comarum
2065 401 2193 446 Alfeni
2236 399 2345 444 Quid-

1258 443 1343 487 quid
1367 443 1528 479 venditor
1551 453 1779 478 accessurum
1804 444 1941 485 dixerit,
1966 445 2002 478 id
2026 446 2199 490 integrum
2224 455 2268 480 ac
2289 455 2345 479 sa-

1258 498 1343 522 num
1376 489 1471 523 tradi
1502 491 1661 533 oportet:
1695 488 1803 523 veluti
1834 489 1863 524 si
1895 488 2006 524 fundo
2040 490 2134 525 dolia
2158 500 2348 526 accessura

1259 532 1416 575 dixisset,
1440 545 1513 569 non
1536 543 1678 578 quassa,
1703 533 1767 567 sed
1789 534 1928 578 integra
1951 534 2036 570 dare
2061 535 2177 571 debet.

1305 575 1357 615 28
1393 578 1586 614 IULIANUS
1625 578 1715 613 libro
1752 580 1856 613 tertio
1892 579 1941 613 ad
1982 579 2139 615 Urseium
2175 581 2347 616 Ferocem

1257 623 1410 658 Praedia
1432 623 1518 658 mihi
1540 623 1731 658 vendidisti
1754 627 1790 658 et
1814 624 1997 666 convenit,
2030 629 2071 659 ut
2094 625 2226 677 aliquid
2249 625 2345 660 face-

1258 678 1349 702 rem:
1376 668 1472 713 quod
1494 669 1524 703 si
1549 679 1621 703 non
1644 667 1819 711 fecissem,
1844 679 1996 713 poenam
2015 671 2173 720 promisi.
2199 682 2345 715 respon-

1258 713 1325 747 dit:
1351 714 1513 748 venditor
1537 718 1727 758 antequam
1743 724 1894 758 poenam
1916 724 1959 748 ex
1979 715 2150 758 stipulatu
2169 720 2279 760 petat,
2304 726 2347 750 ex

1257 759 1397 794 vendito
1423 769 1526 803 agere
1550 762 1686 803 potest:
1713 759 1766 794 si5
1791 763 2005 794 consecutus
2029 759 2147 802 fuerit,
2173 765 2345 805 quantum

1257 814 1394 848 poenae
1417 804 1558 838 nomine
1582 804 1772 848 stipulatus
1797 808 1900 846 esset,
1926 808 2087 848 agentem
2111 815 2154 840 ex
2176 806 2347 850 stipulatu

1258 849 1329 884 doli
1354 849 1437 883 mali
1461 849 1623 893 exceptio
1649 849 1901 884 summovebit:
1934 849 1965 884 81
1997 860 2040 884 ex
2065 850 2238 894 stipulatu
2262 861 2345 895 poe-

1257 904 1339 928 nam
1365 898 1579 929 consecutus
1603 893 1757 937 fueris⁶‚
1790 895 1868 939 ipso
1903 895 1978 929 iure
2010 904 2054 929 ex
2076 895 2217 930 vendito
2244 906 2348 940 agere

1257 939 1510 1019 11ἆ111ἱ110101187
1535 939 1604 974 nisi
1627 939 1663 974 in
1686 939 1742 982 id,
1774 940 1869 985 quod
1899 940 2011 985 pluris
2043 940 2118 975 eius
2149 940 2348 975 interfuerit

1256 996 1268 1019 1
1344 994 1404 1019 eri.

1303 1027 1356 1066 29
1390 1029 1497 1064 IDEM
1524 1030 1615 1065 libro
1648 1034 1779 1075 quarto
1812 1042 1862 1066 eoe
1892 1029 2041 1065 Minicio
2089 1029 2154 1064 Cui
2189 1040 2245 1065 res
2281 1031 2347 1065 sub

1258 1075 1466 1110 condicione
1489 1075 1608 1120 legata
1633 1079 1727 1118 erat,
1759 1076 1790 1111 is
1815 1086 1893 1110 eam
1917 1075 2123 1120 imprudens
2148 1076 2193 1110 ab
2218 1075 2347 1109 herede

1257 1120 1358 1155 emit:
1385 1121 1526 1156 actione
1551 1130 1594 1155 ex
1618 1124 1736 1165 empto
1760 1121 1894 1166 poterit
1918 1120 2088 1165 consequi
2113 1124 2249 1165 emptor
2268 1130 2347 1165 pre-

1256 1165 1355 1207 tium,
1382 1166 1467 1210 quia
1490 1166 1587 1201 non⁸
1611 1176 1655 1201 ex
1679 1176 1790 1201 causa
1812 1166 1920 1211 legati
1943 1177 2019 1201 rem
2042 1166 2162 1201 habet.

1304 1208 1357 1248 30
1382 1212 1609 1246 AFRICANUS
1638 1211 1729 1247 libro
1760 1215 1885 1247 octavo
1910 1212 2160 1256 quaestionum
2208 1211 2347 1254 Servus,

1280 1266 1360 1291 uem
1385 1256 1430 1292 de
1453 1267 1509 1291 me
1534 1267 1614 1291 cum
1638 1257 1778 1302 peculio
1803 1256 1928 1298 emisti,
1953 1256 2162 1302 priusquam
2185 1256 2251 1291 tibi
2272 1260 2346 1291 tra-

1256 1268 1418 1344 deretur,
1451 1301 1587 1336 furtum
1618 1302 1702 1337 mihi
1734 1301 1830 1337 fecit.
1869 1302 2028 1347 quamvis
2062 1302 2130 1337 ea⁹
2152 1312 2210 1337 res
2243 1312 2349 1347 quam

1255 1347 1434 1392 subripuit
1464 1347 1654 1389 interierit,
1686 1347 1795 1382 nihilo
1820 1347 1936 1383 minus
1960 1348 2194 1382 retentionem
2218 1357 2259 1382 οο
2283 1358 2347 1382 110-

1255 1392 1348 1427 1111110
1372 1402 1417 1427 ex
1440 1392 1580 1437 peculio
1605 1403 1661 1427 me
1684 1392 1889 1428 habiturum
1914 1393 1981 1434 ait,
2015 1393 2051 1427 id
2083 1396 2138 1428 est
2167 1392 2247 1438 ipso
2271 1393 2349 1427 iure

1256 1438 1302 1473 ob
1333 1438 1371 1472 id
1403 1437 1541 1473 factum
1572 1438 1746 1473 minutum
1778 1448 1854 1473 esse
1885 1438 2083 1483 peculium,
2122 1448 2164 1473 eo
2200 1438 2347 1480 scilicet,

1256 1482 1351 1527 quod
1384 1483 1524 1518 debitor
1553 1493 1653 1518 meus
1687 1493 1731 1518 ex
1755 1494 1865 1518 causa
1890 1483 2122 1518 condictionis
2148 1483 2194 1518 sit
2215 1482 2346 1519 factus.

1255 1538 1338 1563 nam
1362 1528 1464 1571 licet,
1497 1529 1526 1563 si
1549 1529 1621 1563 iam
1643 1528 1797 1563 traditus
1821 1529 1957 1563 furtum
1981 1529 2067 1563 mihi
2089 1528 2252 1571 fecisset,
2285 1532 2349 1563 aut

1256 1573 1398 1609 omnino
1431 1573 1693 1609 condictionem
1726 1584 1768 1609 eo
1793 1574 1934 1609 nomine
1958 1574 2001 1609 de
2023 1574 2163 1619 peculio
2187 1584 2259 1609 non
2281 1574 2346 1609 ha-

1254 1619 1374 1654 berem
1398 1622 1461 1654 aut
1486 1623 1633 1654 eatenus
1657 1619 1845 1662 haberem,
1878 1623 2059 1664 quatenus
2085 1629 2129 1654 ex
2151 1629 2191 1654 re
2213 1619 2347 1654 furtiva

1255 1668 1401 1699 auctum
1423 1664 1603 1709 peculium
1625 1664 1772 1707 fuisset,
1805 1668 1925 1699 tamen
1954 1664 1993 1699 in
2024 1664 2208 1709 proposito
2234 1668 2269 1699 et
2291 1675 2345 1699 re-

1254 1709 1450 1744 tentionem
1473 1720 1528 1744 me
1552 1710 1758 1744 habiturum
1782 1714 1827 1752 et,
1853 1710 1883 1745 si
1907 1720 2010 1745 omne
2033 1710 2212 1754 peculium
2235 1720 2345 1754 penes

1256 1758 1291 1789 te
1316 1755 1381 1797 sit,
1412 1755 1468 1790 vel
1492 1755 1595 1800 quasi
1618 1755 1699 1800 plus
1724 1755 1842 1790 debito
1867 1755 2031 1790 solverim
2053 1765 2160 1800 posse
2182 1765 2237 1790 me
2261 1765 2345 1790 con-

1256 1799 1383 1835 dicere.
1421 1800 1618 1835 secundum
1641 1810 1734 1845 quae
1757 1800 1964 1835 dicendum:
1990 1801 2021 1835 si
2045 1810 2228 1842 nummos,
2255 1810 2345 1844 quos

1255 1855 1377 1880 servus
1412 1846 1482 1880 iste
1516 1845 1603 1880 mihi
1637 1845 1736 1880 subri
1762 1849 1884 1887 uerat,
1919 1849 1959 1880 tu
1993 1846 2162 1890 ignorans
2195 1845 2346 1879 furtivos

1256 1900 1334 1925 esse
1358 1890 1461 1936 quasi
1483 1890 1681 1935 peculiares
1706 1900 1728 1925 a
1755 1891 1877 1925 emeris
1901 1894 1939 1925 et
1962 1890 2234 1934 consumpseris,
2260 1900 2345 1925 con-

1255 1935 1364 1970 dictio
1390 1946 1430 1971 eo
1456 1936 1598 1971 nomine
1630 1935 1716 1970 mihi
1748 1936 1916 1971 adversus
1947 1939 1984 1970 te
2016 1939 2212 1980 competet,
2245 1935 2347 1979 quasi

1259 1984 1271 2014 1
1322 1991 1379 2016 res
1411 1991 1490 2016 mea
1521 1981 1568 2015 ad
1599 1984 1636 2016 te
1668 1981 1745 2016 sine
1770 1991 1881 2016 causa
1904 1981 2111 2025 pervenerit.
2161 1979 2199 2015 Si
2230 1980 2346 2015 sciens

1254 2026 1406 2060 alienam
1430 2037 1504 2061 rem
1527 2026 1704 2070 ignoranti
1735 2026 1820 2061 mihi
1843 2026 2061 2067 vendideris,
2094 2025 2200 2060 etiam
2230 2025 2346 2070 prius-

1255 2082 1360 2116 quam
1393 2072 1577 2106 evincatur
1607 2071 1741 2106 utiliter
1764 2082 1820 2107 me
1845 2082 1888 2107 ex
1913 2075 2030 2116 empto
2055 2074 2219 2105 acturum
2242 2074 2346 2115 puta-

1253 2117 1304 2151 vit
1314 2117 1351 2151 in
1363 2116 1411 2159 id,
1432 2117 1556 2161 quanti
1576 2127 1655 2152 mea
1667 2117 1808 2152 intersit
1825 2127 1940 2151 meam
1953 2127 2030 2152 esse
2048 2115 2201 2151 factam:
2223 2126 2345 2161 quam-

1253 2162 1305 2197 vis
1339 2162 1432 2197 enim
1456 2162 1613 2207 alioquin
1636 2172 1758 2197 verum
1782 2163 1828 2197 sit
1850 2161 2069 2197 venditorem
2092 2162 2268 2197 hactenus
2292 2165 2344 2196 te-

1253 2207 1340 2250 neri,
1365 2211 1406 2242 ut
1428 2218 1502 2242 rem
1526 2207 1676 2252 emptori
1697 2208 1830 2243 habere
1849 2208 1967 2249 liceat,
1992 2218 2064 2242 non
2086 2207 2191 2242 etiam
2210 2210 2251 2241 ut
2271 2206 2346 2242 eius

1252 2252 1374 2295 faciat,
1400 2253 1484 2297 quia
1506 2256 1628 2288 tamen
1645 2253 1765 2288 dolum
1784 2253 1917 2287 malum
1938 2253 2062 2288 abesse
2080 2256 2263 2297 praestare
2285 2252 2345 2286 de-

1254 2298 1347 2339 beat,
1373 2297 1486 2333 teneri
1510 2309 1600 2340 eum,
1626 2298 1687 2343 qui
1706 2298 1821 2338 sciens
1842 2298 2004 2340 alienam,
2029 2308 2101 2332 non
2126 2307 2228 2332 suam
2246 2298 2345 2342 igno-

1253 2344 1348 2378 ranti
1371 2343 1544 2378 vendidit:
1577 2343 1614 2378 id
1639 2347 1693 2378 est
1706 2344 1734 2364 ¹⁰
1757 2343 1927 2385 maxime,
1953 2343 1983 2379 si
2007 2342 2266 2378 manumissuro
2290 2343 2345 2377 vel

1253 2389 1289 2433 pi
1316 2388 1394 2423 nori
1419 2389 1547 2424 daturo
1572 2388 1778 2424 vendiderit.

1332 2432 1349 2470 1
1379 2433 1585 2469 waws
1601 2434 1692 2469 libro
1711 2435 1815 2469 tertio
1837 2433 2123 2468 membranarum
2171 2432 2209 2468 Si
2222 2443 2264 2468 ea
2276 2443 2344 2474 res,

1277 2490 1361 2514 uam
1386 2489 1429 2514 ex
1454 2483 1571 2524 empto
1596 2482 1780 2523 praestare
1804 2478 1988 2520 debebam,
2012 2478 2047 2512 vi
2073 2478 2159 2512 mihi
2179 2478 2346 2522 adempta

1253 2491 1377 2560 ssuerit:
1403 2524 1562 2570 quamvis
1588 2534 1665 2559 eam
1691 2524 1869 2560 custodire
1894 2523 2095 2565 debuerim,
2119 2527 2344 2568 1010001110-

1253 2570 1334 2615 pius
1349 2570 1375 2591 ¹¹
1397 2573 1461 2612 est,
1486 2573 1528 2605 ut
1547 2570 1634 2604 nihil
1653 2570 1804 2615 amplius
1826 2579 1931 2614 quam
1952 2569 2110 2603 actiones
2130 2579 2343 2613 persequen-

1254 2615 1322 2650 dae
1353 2615 1428 2650 eius
1460 2615 1636 2659 praestari
1668 2626 1690 2650 a
1721 2625 1777 2650 me
1792 2615 1819 2635 ¹²
1852 2614 2003 2659 emptori
2035 2617 2220 2659 oporteat,
2263 2614 2346 2658 quia

1256 2660 1420 2696 custodia
1452 2660 1622 2695 adversus
1655 2660 1725 2695 vim
1756 2670 1884 2704 parum
1907 2658 2060 2704 proficit.
2098 2659 2256 2694 actiones
2281 2669 2343 2694 au-

1254 2709 1326 2741 tem
1350 2715 1411 2741 eas
1436 2716 1508 2740 non
1532 2705 1647 2740 solum
1671 2705 1839 2747 arbitrio,
1873 2704 1936 2740 sed
1967 2704 2074 2739 etiam
2097 2704 2255 2749 periculo
2280 2708 2343 2739 tuo

1254 2751 1321 2786 tibi
1350 2754 1536 2803 praestare
1567 2750 1725 2792 debebo,
1762 2753 1803 2784 ut
1834 2759 1939 2785 omne
1969 2749 2109 2784 lucrum
2133 2759 2177 2784 ac
2202 2749 2343 2794 dispen-

1258 2799 1272 2830 1
1324 2796 1420 2831 dium
1452 2799 1488 2830 te
1519 2799 1699 2840 sequatur.
1747 2794 1798 2829 Et
1828 2805 1901 2830 non
1924 2794 2039 2830 solum
2063 2794 2159 2839 quod
2182 2794 2259 2840 ipse
2281 2805 2345 2839 per

1256 2852 1336 2876 eum
1356 2840 1508 2886 adquisii
1524 2844 1712 2892 praestare
1729 2839 1852 2882 debeo,
1878 2840 1940 2875 sed
1965 2843 2001 2875 et
2018 2839 2066 2882 id,
2091 2839 2187 2884 quod
2208 2844 2345 2920 eqijptor

1255 2889 1274 2921 2
1322 2886 1392 2921 iam
1404 2890 1491 2921 tunc
1504 2885 1710 2921 sibitradito
1721 2895 1821 2920 servo
1833 2884 2075 2930 adquisiturus
2084 2884 2221 2920 fuisset.
2271 2889 2341 2919 ter-

1256 2941 1323 2976 que
1347 2935 1508 2966 nostrum
1532 2930 1680 2966 eandem
1703 2941 1777 2965 rem
1802 2930 1885 2965 emit
1908 2940 1930 2965 a
1960 2941 2032 2965 non
2066 2929 2228 2972 domino,
2262 2941 2343 2965 cum

1256 2976 1386 3021 emptio
1410 2976 1635 3020 venditioque
1655 2976 1731 3011 sine
1752 2975 1833 3011 dolo
1854 2976 1946 3010 malo
1966 2975 2078 3017 fieret,
2103 2975 2304 3020 traditaque
2317 2976 2344 2996 ¹³

1256 3026 1328 3057 est:
1362 3022 1435 3056 sive
1467 3021 1512 3056 ab
1545 3020 1668 3056 eodem
1700 3021 1845 3056 emimus
1869 3021 1942 3056 sive
1965 3021 2010 3055 ab
2036 3020 2105 3056 alio
2129 3024 2237 3065 atque
2261 3020 2342 3062 alio,

1254 3067 1284 3102 is
1310 3077 1354 3101 ex
1377 3067 1481 3102 nobis
1506 3066 1660 3101 tuendus
1685 3069 1755 3106 est,
1788 3066 1848 3111 qui
1871 3066 1969 3111 prior
1991 3066 2047 3101 ius
2072 3065 2148 3101 eius
2162 3067 2189 3087 ¹⁴
2214 3065 2341 3109 adpre-

1254 3112 1389 3154 hendit,
1413 3112 1483 3146 hoc
1508 3115 1572 3154 est,
1598 3112 1656 3147 cui
1678 3111 1832 3156 primum
1853 3111 1987 3146 tradita
2011 3114 2074 3146 est.
2114 3111 2145 3146 si
2177 3111 2267 3145 alter
2299 3120 2341 3144 ex

1255 3157 1358 3193 nobis
1383 3167 1404 3191 a
1429 3157 1571 3192 domino
1597 3157 1749 3199 emisset,
1773 3157 1803 3192 is
1828 3156 2028 3192 omnimodo
2051 3155 2206 3191 tuendus
2230 3158 2294 3189 est.

1301 3200 1355 3240 32
1387 3201 1581 3237 Uipziivvs
1602 3202 1692 3238 libro
1715 3202 1904 3238 undecimo
1928 3202 1978 3237 ad
2000 3201 2154 3236 edictum
2201 3199 2238 3234 Si
2262 3199 2340 3243 quis

1255 3258 1278 3282 a
1300 3257 1357 3282 me
1381 3247 1498 3282 oleum
1522 3246 1619 3291 quod
1642 3247 1784 3282 emisset
1814 3246 1982 3282 adhibitis
2012 3245 2142 3290 iniquis
2173 3244 2338 3289 ponderi-

1255 3293 1322 3328 bus
1346 3292 1563 3336 accepisset,
1594 3295 1637 3326 ut
1658 3292 1697 3327 in
1719 3291 1824 3327 modo
1848 3302 1905 3327 me
1927 3290 2085 3332 falleret,
2117 3290 2171 3324 vel
2203 3294 2340 3332 emptor

1256 3337 1546 3381 circumscriptus
1572 3336 1619 3372 sit
1641 3347 1664 3372 a
1686 3337 1869 3373 venditore
1892 3336 2108 3389 ponderibus
2132 3333 2338 3374 minoribus,

1255 3381 1473 3427 Pomponius
1486 3381 1537 3416 ait
1549 3392 1655 3427 posse
1676 3382 1745 3417 dici
1757 3383 1784 3404 ¹⁵
1803 3382 2023 3418 venditorem
2042 3380 2109 3415 sibi
2129 3379 2214 3430 dare
2233 3388 2338 3422 opor-

1255 3431 1329 3462 tere
1364 3426 1458 3471 quod
1492 3426 1573 3471 plus
1610 3431 1664 3463 est
1698 3431 1839 3472 petere:
1900 3426 1972 3462 uod
2005 3425 2114 3460 habet
2146 3427 2337 3458 rationem:

1257 3482 1338 3517 ergo
1364 3475 1400 3507 et
1424 3475 1562 3517 emptor
1585 3482 1630 3507 ex
1650 3476 1766 3518 empto
1786 3473 1880 3507 habe
1905 3471 1934 3506 it
1953 3471 2139 3511 actionem,
2164 3478 2236 3513 qua
2254 3477 2338 3502 con-

1255 3521 1377 3552 tentus
1401 3526 1479 3553 esse
1501 3517 1627 3563 possit.

2181 3628 2236 3667 (11)
2261 3636 2338 3667 pro-

1253 3632 1297 3671 (9)
1323 3640 1377 3661 eas
1391 3630 1425 3662 F'

2203 3672 2259 3712 (14)
2285 3671 2338 3702 ius

1250 3675 1344 3716 prius
1357 3675 1391 3706 F

1249 3721 1332 3760 eius]
1347 3720 1434 3752 iuste
1447 3733 1508 3753 scr.

1523 3631 1583 3670 (10)
1609 3631 1643 3662 id
1658 3634 1707 3662 est
1721 3631 1758 3670 S,
1772 3630 1895 3662 idesest
1909 3631 1947 3667 F,
1962 3632 1994 3660 et
2005 3640 2067 3660 scr.

1498 3678 1557 3717 (12)
1583 3686 1635 3707 am
1650 3677 1683 3707 F
1793 3677 1851 3716 (13)
1877 3674 2012 3715 utrique
2027 3674 2087 3705 ins.

1606 3722 1663 3762 (15)
1690 3721 1759 3752 dici
1774 3720 1836 3753 del.
