2528 3918
112 135 170 165 DE
199 131 495 164 HEREmTA'rls
524 130 764 162 PETITIONE

110 243 312 288 eisdemque
334 241 543 288 permissum
568 243 623 276 est
645 240 752 276 etiam
777 240 974 293 appellare,
1008 241 1038 277 si
1070 243 1197 277 contra

113 291 126 324 1
177 290 428 324 testamentum
450 285 720 333 pronuntiatum
743 284 861 321 fuerit.
910 285 965 322 De
996 285 1195 322 inofficioso

109 335 320 370 testamento
345 331 467 368 matris
492 332 611 378 spurii,
626 341 767 384 quoque
797 330 860 366 filii
892 331 1009 367 dicere
1032 335 1194 378 possunt.

109 382 128 414 2
176 378 340 423 Quamvis
352 377 515 413 instituta
535 376 726 413 inofficiosi
745 377 946 412 testamenti
967 377 1197 413 accusatione

108 434 164 460 res
195 423 437 459 transactione
472 422 591 458 decisa
623 422 687 465 sit,
722 425 841 457 tamen
876 425 1128 458 testamentum
1158 422 1195 457 in

108 479 173 505 suo
197 468 274 504 iure
296 472 433 504 manet:
460 471 495 504 et
517 468 596 504 ideo
622 467 729 503 datae
751 467 788 502 in
814 477 855 502 eo
880 467 1063 504 libertates
1089 471 1196 513 atque

108 515 242 560 legata,
275 523 388 559 usque
419 524 488 559 quo
513 512 675 548 Falcidia
705 512 897 558 permittit,
930 523 1031 549 suam
1062 513 1196 548 habent

108 562 127 595 3
174 562 400 604 potestatem.
460 559 634 604 Quoniam
676 557 808 594 femina
851 558 987 593 nullum
1023 558 1195 604 adoptare

107 604 217 640 filium
242 604 318 640 sine
340 605 440 640 iussu
464 604 634 650 principis
659 607 796 649 potest,
830 614 896 639 nec
929 604 972 639 de
995 603 1194 640 inofficioso

106 653 318 686 testamento
351 650 445 692 eius,
479 659 585 702 quam
618 650 696 694 quis
728 648 795 684 sibi
819 652 967 685 matrem
992 649 1195 695 adoptivam

107 698 127 730 4
173 694 266 731 falso
291 705 368 731 esse
392 695 636 737 exisumabat,
662 704 765 739 agere
789 698 917 739 potest.
966 695 1006 730 In
1039 706 1081 730 ea
1111 705 1193 740 pro-

106 740 221 776 vincia
245 740 289 776 de
311 740 510 776 inofficioso
535 743 746 782 testamento
772 739 828 784 agi
860 743 1020 785 oportet,
1054 740 1090 775 in
1124 750 1194 786 qua

107 786 175 822 scri
202 786 229 821 ti
252 786 398 821 heredes
424 785 638 821 domicilium
662 785 806 820 habent.

153 797 205 869 3ss
231 830 467 867 MARGJANUS
487 830 577 867 libro
602 836 733 883 quarto
758 830 1022 866 institutionum
1057 830 1192 866 Adver-

106 887 166 913 sus
190 879 440 912 testamentum
463 875 526 911 filii
548 876 586 911 in
610 875 837 921 adoptionem
862 875 936 911 dati
960 879 1063 921 pater
1087 880 1192 911 natu-

106 921 189 957 ralis
223 925 320 957 recte
355 921 398 957 de
433 920 632 958 inofficioso
667 924 880 957 testamento
917 932 1020 966 agere
1062 924 1191 967 potest.

109 971 123 1002 1
174 967 393 1003 'l'utoribus¹
414 966 538 1012 pupilli
557 966 697 1002 nomine
717 966 794 1003 sine
805 967 963 1012 periculo
986 967 1073 1009 eius,
1098 966 1193 1012 quod

105 1015 316 1048 testamento
342 1012 464 1048 datum
489 1015 560 1055 est,
594 1022 697 1057 agere
719 1022 825 1058 posse
849 1012 892 1048 de
915 1012 1115 1048 inofficioso
1139 1012 1194 1048 vel

105 1057 196 1094 falso
221 1061 431 1094 testamento
457 1057 527 1093 divi
546 1057 695 1094 Severus
720 1061 756 1094 et
774 1058 977 1094 Antoninus
1001 1057 1192 1103 rescripse-

105 1108 199 1140 runt.
351 1108 354 1112 '

151 1146 201 1186 31
230 1147 286 1184 ΡΑ
294 1158 388 1184 ULUs
415 1149 506 1185 libro
537 1148 720 1195 sz’nqulari
741 1148 785 1185 de
807 1149 1117 1196 septemviralibus
1140 1149 1193 1185 iu-

105 1194 208 1231 diciis
255 1193 292 1229 Si
323 1194 352 1230 is
385 1194 445 1240 qui
476 1194 673 1230 admittitur
705 1193 751 1229 ad
782 1195 1068 1238 accusationem,
1104 1194 1194 1230 nolit

106 1243 168 1275 aut
191 1250 263 1275 non
286 1239 401 1285 possit
425 1250 615 1283 accusare,
641 1250 688 1274 an
712 1250 864 1285 sequens
889 1240 1116 1284 admittatur,
1140 1240 1191 1275 vi-

107 1285 260 1321 dendum
283 1288 347 1320 est.
381 1288 416 1320 et
434 1285 570 1331 placuit
582 1295 697 1338 posse,
720 1290 760 1321 ut
772 1285 836 1321 fiat
849 1286 1066 1322 successioni
1078 1286 1190 1321 locus.

110 1334 123 1366 1
174 1330 352 1375 Quantum
383 1330 430 1365 ad
461 1330 650 1367 inofficiosi
680 1331 872 1366 liberorum
907 1332 958 1367 vel
992 1331 1192 1377 parentium

106 1376 297 1422 querellam
310 1375 474 1421 pertinet,
495 1376 583 1411 nihil
594 1377 752 1419 interest,
774 1377 851 1422 quis
865 1376 911 1412 sit
922 1377 1025 1413 heres
1038 1377 1192 1422 scriptus

106 1425 125 1457 2
173 1431 216 1457 ex
240 1421 359 1457 liberis
384 1432 430 1456 an
455 1422 630 1457 extraneis
654 1421 708 1457 vel
731 1422 981 1467 municipibus.
1030 1422 1068 1458 Si
1091 1422 1192 1458 heres

106 1466 277 1503 extiterim
302 1466 344 1509 ei,
369 1467 429 1511 qui
453 1477 493 1503 eo
518 1470 731 1503 testamento
751 1467 937 1503 institutus
960 1471 1014 1503 est
1032 1467 1128 1513 quod
1150 1467 1193 1503 de

106 1511 302 1548 inofficioso
327 1522 474 1557 arguere
497 1512 587 1555 volo,
612 1523 684 1547 non
706 1512 792 1547 mihi
811 1513 964 1556 nocebit,
990 1513 1142 1549 maxime
1157 1513 1193 1553 ,si

106 1568 183 1594 eam
202 1557 399 1610 portionem
420 1568 491 1593 non
513 1557 714 1603 possideam
732 1558 787 1593 vel
809 1557 885 1593 iure
898 1568 963 1593 suo
976 1558 1190 1603 possideam.

106 1606 125 1638 3
172 1602 360 1639 Diversum
395 1602 571 1646 dicemus,
607 1602 637 1638 si
669 1603 837 1648 legaverit
872 1603 958 1638 mihi
993 1613 1071 1638 eam
1106 1613 1191 1645 rem,

109 1657 215 1692 quam
236 1646 314 1691 quis
331 1657 374 1681 ex
390 1657 431 1682 eo
445 1650 658 1682 testamento
673 1650 879 1692 acceperat:
905 1658 989 1683 nam
1001 1647 1120 1683 sicam
1133 1647 1195 1682 ad-

107 1695 141 1727 4-
173 1702 354 1737 gnoscam,
378 1691 529 1737 repellar
541 1693 585 1727 ab
599 1693 839 1728 accusatione.
865 1692 957 1737 Quid
970 1703 1052 1738 ergo
1065 1693 1095 1728 si
1108 1693 1196 1728 alias

106 1737 323 1773 voluntatem
347 1738 528 1773 testatoris
552 1738 801 1783 probaverim?
825 1742 912 1784 puta
930 1738 967 1773 in
982 1741 1195 1775 testamento

105 1782 221 1818 adseri
248 1782 353 1818 serim
377 1786 459 1827 post
481 1786 630 1818 mortem
655 1783 767 1828 patris
792 1784 995 1820 consentire
1019 1785 1101 1820 me?
1136 1795 1191 1821 re-

106 1794 289 1874 pellendus
315 1838 393 1863 sum
416 1829 461 1863 ab
487 1828 727 1864 accusatione.

151 1871 204 1911 32
230 1873 334 1909 IDEM
364 1873 454 1909 libro
479 1874 661 1920 sinqulari
682 1874 726 1909 de
750 1874 957 1920 inofficioso
983 1878 1192 1911 testamento

107 1917 144 1954 si
167 1918 403 1954 exheredatus
427 1920 560 1964 petenti
583 1919 737 1964 legatum
761 1930 804 1955 ex
837 1923 1050 1956 testamento
1084 1920 1191 1957 advo-

106 1964 282 2000 cationem
293 1964 458 2009 praebuit
470 1965 801 2010 procurationemve
813 1966 1021 2011 susceperit,
1034 1975 1191 2002 remove-

107 2012 165 2045 tur
199 2010 244 2045 ab
282 2010 528 2046 accusatione:
566 2010 612 2045 ad
646 2011 775 2046 iovisse
811 2011 903 2046 enim
938 2010 1096 2055 videtur,
1133 2011 1193 2057 qui

110 2057 123 2090 1
173 2055 383 2100 qualequale
394 2055 562 2091 iudicium
575 2055 619 2091 de
636 2057 735 2091 uncti
748 2057 1001 2102 comprobavit.
1040 2056 1078 2092 Si
1095 2057 1191 2102 lega-

106 2100 195 2135 tario
227 2101 331 2136 heres
355 2101 509 2136 extiterit
533 2101 768 2137 exheredatus
792 2102 1003 2147 petieritque
1026 2102 1192 2147 legatum,

106 2145 298 2181 videbimus
330 2156 377 2181 an
406 2146 453 2181 sit
484 2146 756 2182 summovendus
781 2148 826 2182 ab
851 2148 919 2183 hac
944 2148 1191 2184 accusatione:

107 2194 241 2226 certum
265 2191 344 2227 est²
368 2191 460 2227 enim
492 2191 662 2227 iudicium
692 2192 852 2228 defuncti
885 2196 920 2228 et
950 2203 1075 2229 rursus
1107 2193 1193 2229 nihil

106 2235 138 2271 ei
171 2246 214 2272 ex
245 2239 456 2273 testamento
489 2237 652 2273 relictum
682 2248 805 2274 verum
837 2241 901 2274 est.
938 2238 1050 2275 tutius
1074 2242 1194 2274 tamen

105 2280 240 2326 fecerit,
265 2282 295 2317 si
319 2292 357 2318 se
381 2282 591 2319 abstinuerit
614 2293 636 2319 a
659 2283 832 2329 petitione
855 2284 972 2330 legati.

599 2377 658 2416 ΙΙΙ
668 2375 695 2416 ³.

309 2442 369 2475 DE
394 2442 704 2476 HERED1TAT1s
729 2443 988 2476 PETITIONE.

154 2507 173 2546 1
204 2508 327 2545 GAws
347 2509 438 2546 libro
460 2513 565 2546 sexto
586 2510 636 2546 ad
653 2509 806 2546 edictum
819 2510 1047 2557 provinciale
1081 2510 1192 2546 Here-

106 2555 199 2590 ditas
230 2554 276 2590 ad
307 2565 372 2591 nos
403 2555 558 2600 pertinet
581 2559 645 2591 aut
666 2559 784 2591 vetere
806 2555 885 2591 iure
907 2559 971 2591 aut
993 2566 1098 2592 novo.
1133 2566 1192 2592 ve-

106 2603 181 2636 tere
204 2609 223 2635 e
245 2599 322 2645 lege
353 2599 542 2637 duodecim
573 2601 778 2637 tabularum
806 2601 863 2638 vel
893 2611 937 2637 ex
967 2604 1192 2645 testamento,

107 2645 201 2691 quod
223 2645 299 2680 iure
322 2645 459 2682 factum
483 2649 537 2682 est

152 2688 177 2728 2
208 2689 403 2727 mmm
423 2691 514 2728 libro
539 2693 665 2738 quinto
689 2691 826 2728 decimo
847 2691 898 2727 ad
916 2691 1069 2728 edictum
1107 2691 1193 2736 (sive

106 2746 170 2772 suo
195 2736 337 2772 nomine
361 2737 432 2772 sive
455 2747 520 2783 per
543 2738 607 2773 se⁴
631 2737 703 2773 sive
725 2747 789 2782 per
811 2736 900 2773 alios
924 2736 1041 2773 effecti
1058 2747 1192 2781 sumus,

152 2783 176 2824 3
205 2781 328 2818 Gaws
347 2781 438 2818 libro
462 2785 567 2818 sexto
591 2782 642 2818 ad
659 2782 812 2819 edictum
824 2782 1052 2829 provinciale
1085 2783 1193 2818 veluti

108 2827 137 2863 si
161 2837 239 2863 eam
262 2837 463 2873 personam,
488 2838 579 2909 (buae
601 2828 639 2864 in
661 2831 786 2864 nostra
809 2831 987 2874 potestate
1010 2827 1066 2870 sit,
1090 2828 1191 2863 insti-

107 2875 220 2908 tutam
243 2872 447 2909 iusserimus
472 2883 493 2909 a
519 2873 570 2909 ire
592 2873 842 2909 hereditatem:
877 2873 940 2909 sed
972 2876 1008 2908 et
1031 2873 1062 2909 si
1085 2873 1191 2916 Titio,

130 2918 167 2953 ui
179 2917 258 2954 Seio
279 2918 384 2954 heres
405 2918 530 2962 extitit,
555 2929 620 2954 nos
644 2919 792 2955 heredes
816 2918 904 2954 facti
928 2929 1062 2961 sumus,
1087 2918 1193 2954 sicuti

107 2928 192 2998 fi'itii
220 2963 455 2999 hereditatem
485 2968 645 3000 nostram
675 2974 753 3000 esse
785 2964 968 3000 intendere
991 2974 1191 3017 possumus,

107 3007 157 3043 ita
181 3011 216 3044 et
239 3008 322 3052 Seii)
346 3009 401 3044 vel
424 3009 470 3045 ab
493 3009 664 3045 intestato
690 3009 795 3053 (forte
828 3009 923 3055 quod
955 3019 1011 3045 sui
1043 3009 1191 3045 heredes

108 3052 274 3089 defuncto
299 3064 439 3097 sumus,
464 3055 520 3090 vel
542 3055 705 3100 adgnati,
730 3055 785 3091 vel
808 3055 903 3100 quod
926 3055 1192 3091 manumisimus

108 3097 324 3142 defunctum,
350 3099 488 3145 quodve
511 3111 641 3145 parens
665 3103 786 3136 noster
808 3100 1074 3143 manumiserit).
1101 3111 1192 3136 novo

108 3143 182 3179 iure
204 3143 296 3179 fiunt
317 3144 466 3180 heredes
486 3155 607 3181 omnes
626 3145 687 3191 qui
705 3155 750 3181 ex
768 3149 915 3182 senatus
937 3145 1109 3182 consultis
1129 3148 1193 3181 aut

108 3198 152 3224 ex
176 3189 486 3226 constitutionibus
511 3191 557 3226 ad
581 3191 814 3227 hereditatem
837 3194 1021 3227 vocantur.

154 3231 180 3271 4
203 3233 362 3270 Panas
381 3235 472 3272 libro
491 3237 613 3283 primo
638 3236 688 3272 acl
710 3236 863 3273 edictum
910 3236 948 3272 Si
959 3236 1192 3272 hereditatem

109 3282 226 3325 petam
250 3279 295 3315 ab
320 3289 374 3323 eo,
399 3281 460 3326 qui
482 3291 591 3316 unam
614 3291 688 3316 rem
711 3281 929 3326 possidebat,
954 3281 998 3316 de
1022 3292 1093 3334 qua
1116 3282 1193 3317 sola

110 3325 345 3377 controversia
369 3329 455 3370 erat,
481 3326 587 3362 etiam
608 3326 646 3362 id
670 3326 764 3371 quod
787 3330 913 3372 postea
937 3330 1055 3373 coepit
1077 3327 1191 3373 possi-

110 3368 191 3404 dere
201 3382 204 3384 ’
213 3373 387 3406 restituet.

154 3411 178 3451 5
210 3413 404 3451 Utmws
419 3416 509 3453 libro
530 3419 661 3462 quarto
681 3416 818 3452 decimo
831 3416 882 3452 ad
891 3416 1045 3453 edictum
1080 3417 1192 3452 Divus

109 3457 194 3494 Pius
216 3460 400 3504 rescripsit
421 3461 679 3506 prohibendum
702 3472 944 3507 possessorem
973 3462 1191 3505 hereditatis,

110 3502 154 3555 de
176 3513 247 3555 qua
271 3506 509 3542 controversia
540 3507 622 3550 erit,
657 3511 846 3559 antequam
877 3507 921 3542 lis
952 3507 1191 3549 inchoaretur,

110 3547 241 3593 ahquid
275 3559 320 3584 ex
354 3558 397 3585 ea
430 3551 642 3587 distrahere:
688 3552 757 3587 nisi
797 3551 962 3587 maluerit
996 3563 1062 3598 pro
1097 3552 1193 3588 omni

111 3661 150 3704 (ι)
175 3664 318 3695 tutorem
328 3675 388 3697 scr.
482 3665 525 3707 (2)
550 3668 677 3699 certum
690 3668 752 3708 est]
767 3669 917 3699 secutum
934 3666 1105 3701 Goudsmt'c

155 3707 198 3748 (3)
222 3708 406 3748 Ed.1...4s;
422 3709 506 3753 Pap.
516 3717 644 3750 49...52;
657 3711 738 3744 Sab.
751 3719 877 3751 53...5·13
891 3712 981 3755 App.
994 3719 1041 3745 58.
1051 3729 1097 3735 —-
1106 3711 1192 3744 Βαε.

113 3751 165 3792 42,
180 3758 203 3785 ι.
216 3769 262 3776 -
276 3751 326 3796 Cfi
345 3753 422 3787 cod.
436 3755 468 3795 3,
482 3761 514 3788 31
621 3756 663 3797 (4)
689 3756 758 3788 sive
771 3766 831 3798 per
842 3767 877 3789 se
891 3757 953 3790 del.
1069 3757 1112 3798 (5)
1137 3765 1192 3787 ex-

1205 115 1253 163 81

2218 123 2362 166 V2.3

1289 240 1464 276 uantitate
1485 240 1692 276 hereditatis
1714 242 1768 278 vel
1788 253 1907 279 rerum
1929 244 2004 279 eius
2017 243 2242 280 restitutione
2255 246 2360 281 satis—

1289 294 1361 320 are.
1399 296 1509 321 causa
1533 289 1651 321 autem
1686 288 1848 331 cognita,
1884 289 1951 324 etsi
1982 300 2055 325 non
2087 289 2169 326 talis
2201 289 2286 325 data
2317 291 2362 326 sit

1268 329 1466 374 satisdatio,
1489 330 1551 366 sed
1564 330 1670 366 solita
1685 331 1816 373 cautio,
1833 333 1940 368 etiam
1953 337 2035 378 post
2047 333 2143 368 litem
2158 335 2353 378 coeptam.⁹

1265 375 1541 411 deminutionem
1565 385 1604 411 se
1629 386 1882 412 concessurum
1906 381 2053 422 praetor
2085 378 2212 423 edixit,
2247 390 2293 417 ne
2322 381 2359 417 in

1265 424 1378 456 totum
1404 420 1596 456 deminutio
1630 420 1799 466 impedita
1830 421 1866 456 in
1898 423 2016 468 aliquo
2051 425 2156 460 etiam
2189 425 2360 462 utilitates

1265 466 1353 501 alias
1385 466 1566 511 impediat.
1603 469 1644 501 ut
1675 470 1765 511 puta
1799 466 1829 502 si
1863 467 1908 502 ad
1933 468 2040 504 funus
2066 470 2112 505 sit
2136 470 2271 516 aliquid
2295 483 2356 508 ne·

1265 511 1479 546 cessarium:
1502 521 1584 547 nam
1603 510 1739 547 funeris
1753 511 1875 557 ‘gratia
1888 512 2161 550 deminutionem
2175 515 2357 561 permittit.

1264 556 1348 592 item
1384 556 1414 592 si
1449 555 1609 592 futurum
1645 560 1718 600 est,
1750 561 1810 599 ut,
1845 557 1914 593 nisi
1948 560 2101 603 pecunia
2136 561 2230 596 intra
2267 562 2358 598 diem

1263 602 1433 645 solvatur,
1459 602 1586 647 pignus
1612 601 1844 637 distrahatur.
1883 602 1945 638 sed
1969 607 2005 639 et
2053 609 2175 650 ropter
2198 607 2356 643 familiae

1264 646 1400 682 cibaria
1419 648 1622 683 necessaria
1643 647 1710 683 erit
1734 647 1934 684 deminutio.
1974 615 2051 684 sedp
2063 654 2098 685 et
2120 662 2177 687 res
2202 655 2360 698 tempore

1268 695 1280 727 1
1358 693 1508 729 erituras
1522 693 1727 739 permittere
1740 693 1845 729 debet
1857 697 2000 739 praetor
2012 694 2221 733 distrahere.
2247 698 2359 734 Divus

1264 737 1320 772 Ha
1344 738 1467 774 rianus
1488 739 1618 775 Trebio
1639 738 1810 783 Sergiano
1833 739 2027 785 rescripsit,
2053 744 2094 775 ut
2112 742 2234 778 Aelius
2254 744 2357 780 Asia-

1264 782 1356 819 ticus
1382 783 1484 819 daret
1507 784 1594 819 satis
1627 783 1671 819 de
1703 783 1900 820 hereditate
1933 795 2025 838 quae
2057 787 2103 821 ab
2139 797 2179 823 eo
2239 789 2357 832 etitur,

1263 832 1299 864 et
1322 828 1374 864 sic
1398 829 1529 865 falsum
1553 830 1668 865 dicat:
1694 829 1763 865 hoc
1779 829 1871 872 ideo,
1897 841 1980 875 quia
2001 831 2198 868 sustinetur
2245 835 2356 870 eredi-

1263 874 1347 909 tatis
1380 875 1562 920 petitionis
1593 874 1783 918 iudicium,
1816 875 1930 918 donec
1962 875 2045 911 falsi
2079 887 2189 913 causa
2221 883 2356 924 agatur.

1264 922 1283 954 2
1330 919 1468 955 Eorum
1500 920 1730 963 iudiciorum,
1764 930 1856 966 quae
1887 920 1931 956 de
1955 921 2162 959 hereditatis
2185 925 2357 976 petitione

1263 968 1359 1008 sunt,
1385 976 1427 1001 ea
1451 966 1646 1001 auctoritas
1671 969 1735 1009 est,
1761 969 1800 1001 ut
1826 966 1911 1001 nihil
1936 966 1973 1002 in
1997 968 2256 1013 praeiudicium
2281 971 2355 1006 eius

1263 1009 1384 1046 iudicii
1409 1010 1484 1046 fieri
1509 1011 1647 1047 debeat.

1310 1053 1334 1094 6
1359 1055 1466 1092 IDEM
1485 1057 1576 1093 libro
1599 1058 1889 1104 septuaqensimo
1914 1059 2041 1104 quinto
2062 1058 2113 1095 ad
2131 1059 2286 1096 edictum
2322 1061 2359 1097 Si

1262 1104 1516 1138 testamentum
1547 1101 1677 1138 falsum
1709 1112 1786 1138 esse
1819 1102 1960 1139 dicatur
1992 1108 2028 1140 et
2061 1115 2105 1140 ex
2137 1115 2179 1141 eo
2204 1106 2358 1151 legatum

1263 1150 1426 1193 petatur,
1470 1148 1524 1184 vel
1560 1148 1816 1194 praestandum
1854 1152 1908 1185 est
1944 1149 2066 1186 oblata
2103 1150 2270 1196 cautione
2304 1152 2358 1188 vel

1263 1193 1504 1239 quaerendum
1536 1203 1581 1229 an
1615 1193 1806 1237 debeatur,
1843 1194 1909 1230 etsi
1943 1197 2196 1232 testamentum
2227 1196 2358 1234 falsum

1263 1249 1340 1275 esse
1365 1239 1516 1275 dicatur.
1554 1239 1586 1275 ei
1610 1242 1728 1274 tamen
1752 1239 1813 1285 qui
1836 1239 1918 1275 falsi
1942 1245 2108 1285 accusat,
2134 1242 2164 1277 si
2188 1246 2357 1289 suscepta

1265 1284 1417 1328 cognitio
1443 1288 1508 1327 est,
1534 1295 1606 1320 non
1631 1288 1686 1320 est
1710 1285 1876 1320 dandum.
2195 1286 2196 1289 ’

1310 1329 1333 1367 7
1360 1330 1466 1366 IDEM
1494 1330 1585 1366 libro
1618 1333 1750 1377 quarto
1775 1330 1911 1367 decimo
1935 1331 1986 1367 ad
2007 1332 2161 1369 edictum
2209 1333 2245 1368 Si
2278 1333 2356 1380 quis

1262 1375 1463 1412 libertatem
1488 1386 1532 1412 ex
1555 1379 1768 1411 testamento
1792 1376 1860 1411 sibi
1894 1378 2106 1422 competisse
2138 1378 2252 1422 dicat,
2286 1390 2356 1415 non

1263 1422 1406 1458 debebit
1426 1421 1533 1457 iudex
1555 1421 1598 1457 de
1617 1421 1780 1457 libertate
1800 1422 2013 1458 sententiam
2034 1423 2162 1467 dicere,
2188 1434 2233 1460 ne
2252 1435 2352 1470 prae-

1261 1467 1431 1503 iudicium
1456 1467 1500 1503 de
1523 1470 1737 1502 testamento
1763 1467 1948 1512 cognituro
1972 1468 2100 1504 faciat:
2127 1473 2163 1504 et
2181 1469 2232 1505 ita
2254 1481 2355 1506 sena-

1262 1516 1321 1548 tus
1354 1513 1513 1548 censuit:
1548 1512 1611 1548 sed
1643 1516 1679 1548 et
1714 1512 1814 1548 divus
1839 1513 2016 1550 Traianus
2049 1515 2232 1560 rescripsit
2256 1515 2354 1552 diffe-

1262 1557 1411 1593 rendum
1436 1558 1479 1593 de
1511 1558 1677 1594 libertate
1709 1558 1897 1602 iudicium,
1935 1559 2048 1595 donec
2083 1560 2126 1596 de
2156 1560 2355 1597 inofficioso

1266 1605 1280 1637 1
1330 1602 1501 1637 iudicium
1535 1605 1597 1637 aut
1627 1602 1821 1637 inducatur
1854 1607 1917 1637 aut
1948 1604 2054 1639 finem
2089 1605 2253 1650 accipiat.
2302 1607 2357 1642 Ita

1264 1647 1405 1683 demum
1429 1651 1548 1683 autem
1574 1647 1794 1683 sustinentur
1818 1647 1979 1683 liberalia
2002 1649 2153 1692 iudicia,
2171 1650 2202 1685 si
2221 1649 2292 1685 iam
2314 1650 2357 1686 de

1261 1693 1461 1729 inofficioso
1486 1693 1656 1728 iudicium
1681 1695 1919 1728 contestatum
1944 1696 2015 1729 est:
2050 1697 2206 1730 ceterum
2231 1695 2261 1731 si
2284 1706 2357 1732 non

1264 1741 1500 1781 contestetur,
1533 1749 1606 1774 non
1640 1740 1918 1783 exspectantur⁵
1941 1738 2104 1775 liberalia
2134 1739 2286 1776 iudicia:
2322 1744 2357 1777 et

1262 1784 1313 1819 ita
1349 1784 1449 1820 divus
1473 1784 1560 1820 Pius
1591 1784 1784 1829 rescripsit.
1833 1794 1915 1819 nam
1949 1795 2029 1820 cum
2061 1785 2204 1830 quidam
2236 1785 2355 1821 Licin-

1262 1829 1392 1865 nianus
1417 1829 1461 1865 de
1484 1833 1582 1865 statu
1614 1839 1679 1865 suo
1714 1830 1958 1875 quaestionem
1990 1830 2194 1875 patiebatur
2227 1834 2279 1874 et,
2312 1842 2357 1867 ne

1262 1875 1436 1911 maturius
1460 1875 1753 1920 pronuntiaretur
1776 1875 1820 1910 de
1852 1875 2061 1912 condicione
2093 1887 2178 1919 sua,
2212 1877 2356 1913 nolebat

1263 1920 1309 1956 ad
1333 1920 1478 1956 liberale
1501 1920 1670 1956 iudicium
1694 1920 1764 1963 ire,
1800 1920 1921 1956 dicens
1954 1925 2204 1974 suscepturum
2237 1932 2276 1958 se
2311 1922 2355 1958 de

1262 1965 1461 2002 inofficioso
1493 1969 1707 2002 testamento
1739 1965 1910 2001 iudicium
1941 1970 1977 2001 et
1999 1971 2194 2012 petlturum
2217 1967 2354 2004 heredi-

1262 2014 1392 2055 tatem,
1417 2011 1501 2057 quia
1524 2011 1724 2047 libertatem
1749 2015 1785 2047 et
1808 2011 2039 2047 hereditatem
2073 2023 2116 2048 ex
2140 2016 2354 2050 testamento

1263 2056 1331 2092 sibi
1354 2056 1584 2093 defendebat:
1622 2057 1722 2093 divus
1747 2057 1832 2092 Pius
1856 2057 1924 2101 ait,
1951 2057 1981 2093 si
2005 2058 2146 2103 quidem
2169 2069 2356 2104 possessor

1263 2105 1358 2138 esset
1369 2102 1576 2138 hereditatis
1588 2102 1833 2145 Licinnianus,
1855 2101 1996 2138 facilius
2018 2103 2245 2147 audiendum,
2267 2115 2354 2149 quo-

1262 2148 1357 2184 niam
1376 2151 1472 2184 esset
1491 2147 1700 2183 hereditatis
1722 2147 1864 2183 nomine
1884 2147 2055 2184 iudicium
2072 2153 2307 2194 suscepturus
2323 2152 2357 2185 et

1263 2198 1339 2230 erat
1362 2195 1398 2230 in
1416 2193 1563 2229 arbitrio
1584 2193 1671 2236 eius,
1696 2193 1757 2238 qui
1773 2203 1810 2228 se
1824 2192 2004 2229 dominum
2017 2203 2095 2230 esse
2107 2194 2204 2237 dicit,
2229 2195 2357 2239 agere⁰

1263 2238 1307 2273 de
1336 2237 1535 2274 inofficioso
1568 2240 1781 2274 testamento
1818 2238 1999 2274 iudicium.
2045 2250 2141 2275 nunc
2172 2250 2254 2276 vero
2287 2241 2354 2276 sub

1263 2283 1411 2319 obtentu
1442 2283 1564 2319 iudicii
1588 2283 1632 2318 de
1655 2283 1856 2319 inofficioso
1881 2287 2094 2320 testamento
2120 2285 2166 2320 ab
2190 2285 2268 2331 ipso
2293 2285 2353 2321 Li-

1263 2328 1429 2365 cinniano
1454 2339 1527 2365 non
1551 2329 1709 2374 suscepti
1731 2339 1796 2374 per
1819 2329 2102 2375 quinquennium
2126 2341 2199 2366 non
2224 2330 2354 2366 debere

1262 2385 1398 2410 moram
1429 2373 1506 2410 fieri
1530 2374 1701 2410 servituti.
1738 2375 1844 2420 plane
1868 2375 2069 2410 summatim
2094 2375 2353 2411 aestimandum

1262 2419 1372 2455 iudici
1397 2420 1584 2462 concessit,
1609 2421 1680 2455 an⁷
1704 2419 1797 2456 forte
1819 2420 1914 2456 bona
1937 2420 2008 2456 fide
2030 2421 2076 2455 im
2104 2421 2239 2456 loretur
2262 2421 2352 2457 iudi-

1263 2465 1357 2501 cium
1382 2465 1425 2501 de
1449 2468 1679 2501 testamento:
1715 2468 1750 2501 et
1774 2465 1803 2501 si
1825 2465 1863 2500 id
1887 2465 2064 2510 deprehen
2092 2466 2177 2509 erit,
2202 2466 2351 2512 praesti·

1262 2510 1432 2546 tuendum
1455 2510 1633 2546 modicum
1657 2514 1817 2556 tempus,
1849 2510 1944 2545 intra
1976 2511 2071 2556 quod
2095 2511 2125 2547 si
2149 2522 2220 2547 non
2244 2511 2352 2547 fuerit

1263 2559 1521 2600 contestatum,
1553 2556 1676 2592 iubeat
1706 2555 1859 2591 iudicem
1891 2556 2065 2591 libertatis
2089 2556 2252 2601 partibus
2277 2557 2351 2593 suis

1263 2604 1282 2636 2
1330 2601 1440 2647 fungi.
1478 2601 1648 2646 Quotiens
1673 2604 1791 2636 autem
1815 2600 1893 2646 quis
1917 2601 2052 2646 patitur
2076 2602 2352 2638 controversiam

1261 2646 1436 2683 libertatis
1471 2651 1506 2682 et
1538 2646 1762 2689 hereditatis,
1797 2646 1861 2682 sed
1892 2656 1931 2681 se
1960 2656 2032 2682 non
2065 2657 2106 2682 ex
2138 2650 2350 2684 testamento

1261 2693 1410 2729 liberum
1442 2692 1546 2735 dicit,
1583 2692 1646 2728 sed
1677 2692 1765 2727 alias
1797 2691 1851 2727 vel
1882 2701 1904 2727 a
1926 2691 2003 2728 vivo
2028 2695 2201 2729 testatore
2225 2703 2350 2729 manu·

1260 2738 1416 2781 missum,
1441 2748 1512 2773 non
1537 2737 1666 2773 debere
1688 2736 1850 2782 impediri
1873 2736 2054 2773 liberalem
2078 2748 2244 2782 causam,
2269 2739 2352 2775 licet

1260 2783 1429 2819 iudicium
1454 2783 1498 2818 de
1521 2785 1734 2818 testamento
1759 2782 1892 2818 moveri
1922 2786 2104 2828 speretur,
2141 2784 2241 2820 divus
2265 2784 2350 2820 Pius

1260 2829 1460 2874 rescripsit:
1485 2828 1614 2863 adiecit
1638 2828 1744 2872 plane
1767 2827 1804 2862 in
1827 2827 2011 2874 rescripto,
2038 2829 2228 2865 dummodo
2246 2840 2349 2875 prae-

1261 2873 1401 2909 dicatur
1424 2873 1533 2908 iudici
1557 2873 1712 2908 liberalis
1734 2883 1876 2916 causae,
1901 2883 1946 2909 ne
1966 2873 2077 2909 ullum
2098 2874 2350 2911 adminiculum

1260 2918 1435 2954 libertatis
1460 2929 1504 2954 ex
1527 2921 1747 2964 testamento·
1765 2918 1928 2954 admittat
1939 2919 1963 2954 ⁸.

1307 2961 1331 3002 8
1357 2963 1413 3000 ΡΛ
1421 2973 1516 2999 Uzvs
1543 2963 1633 2999 libro
1657 2966 1761 2999 sexto
1786 2964 1922 3000 decimo
1947 2964 1997 3000 ad
2018 2964 2171 3001 edictum
2217 2965 2348 3011 Legiti-

1260 3020 1353 3045 mam
1387 3009 1619 3044 hereditatem
1653 3008 1832 3044 vindicare
1866 3019 1939 3045 non
1998 3010 2183 3046 rohibetur
2214 3011 2244 3046 is
2277 3011 2348 3056 qui,

1261 3066 1342 3091 cum
1364 3054 1552 3100 ignorabat
1573 3054 1664 3090 vires
1687 3054 1901 3098 testamenti,
1925 3055 1962 3090 iu
1988 3055 2095 3091 icium
2115 3054 2274 3091 defuncti
2293 3066 2346 3092 se·

1262 3103 1366 3136 cutus
1390 3103 1454 3135 est.

1307 3143 1331 3183 9
1364 3144 1559 3181 ULPJANUS
1579 3143 1669 3180 libro
1694 3145 1819 3191 quinto
1844 3144 1979 3181 decimo
2004 3145 2054 3180 ad
2075 3145 2228 3182 edictum
2276 3145 2346 3181 Re-

1259 3190 1428 3236 gulariter
1451 3188 1689 3225 definiendum
1714 3193 1768 3225 est
1791 3200 1871 3226 eum
1889 3189 2028 3226 demum
2048 3191 2160 3227 teneri
2179 3191 2348 3236 petitione

1260 3235 1479 3277 hereditatis,
1504 3234 1565 3280 qui
1586 3235 1641 3270 vel
1663 3235 1718 3271 ius
1742 3246 1807 3280 pro
1831 3235 1959 3271 herede
1974 3236 2036 3271 vvel
2057 3247 2121 3282 pro
2142 3238 2347 3282 possessore

1260 3281 1419 3327 possidet
1441 3279 1496 3315 vel
1519 3290 1594 3315 rem
1616 3280 1866 3316 hereditariam

1309 3325 1359 3364 10
1387 3325 1510 3362 GAIUS
1530 3325 1621 3361 libro
1641 3329 1746 3361 sexto
1768 3326 1818 3361 ad
1836 3326 1989 3362 edictum
2003 3326 2230 3372 provinciale
2265 3326 2347 3360 licet

1264 3374 1278 3406 1
1328 3370 1518 3406 minimam.
1566 3370 1692 3416 Itaque
1716 3370 1776 3416 qui
1800 3381 1844 3406 ex
1867 3381 1947 3407 asse
1970 3372 2024 3407 vel
2048 3381 2091 3406 ex
2114 3374 2216 3416 parte
2240 3370 2341 3405 heres

1261 3419 1325 3459 est,
1349 3415 1500 3451 intendit
1547 3415 1664 3451 uidem
1687 3416 1919 3451 hereditatem
1943 3426 2044 3451 suam
2064 3426 2141 3451 esse
2161 3414 2346 3466 totam'vel

1260 3472 1324 3507 pro
1375 3463 1461 3503 arte,
1486 3470 1525 3496 se
1573 3460 1642 3497 hoc
1666 3461 1781 3497 solum
1805 3461 1837 3497 ei
1861 3461 1979 3497 officio
2003 3461 2129 3496 iudicis
2149 3460 2345 3511 restituunt

1262 3516 1330 3551 quo
1381 3505 1602 3542 adversarius
1626 3506 1804 3551 possidet,
1830 3509 1893 3541 aut
1916 3509 2048 3548 totum,
2074 3505 2104 3540 si
2128 3515 2172 3540 ex
2196 3514 2276 3539 asse
2297 3506 2345 3539 sit

1260 3551 1375 3594 heres,
1400 3554 1463 3587 aut
1484 3562 1550 3596 pro
1574 3556 1676 3597 parte
1701 3562 1744 3587 ex
1766 3562 1838 3597 qua
1860 3552 1962 3587 heres
1987 3554 2050 3586 est.

1262 3666 1416 3707 spectant
1428 3665 1510 3701 Hal.

1261 3710 1372 3743 mittet
1397 3710 1451 3744 FS

1583 3666 1626 3707 (6)
1652 3665 1788 3708 adigere
1799 3678 1861 3698 scr.
1933 3664 1973 3704 (¹1)
1999 3662 2153 3703 an1inF
2216 3661 2260 3700 (Β)
2285 3660 2342 3694 ad—

1587 3710 1632 3752 (9)
1657 3709 1948 3752 Interpunclionem
1973 3706 2105 3739 mutavit
2130 3704 2235 3738 Lenel

2034 3807 2068 3841 11
