2528 3918
133 123 195 178 nn
225 145 467 179 castrans&
492 145 687 179 Pacuuio

180 257 205 297 9
229 258 338 296 lusu
357 258 449 296 libro
497 262 604 296 uarto
628 258 914 305 disputationum
948 257 1224 303 Proponebatur

134 306 228 340 tilius
251 304 406 340 familias
492 315 530 341 08
560 306 774 339 testamento
803 302 902 339 facto
927 307 1136 338 extraneum
1159 303 1222 338 he-

134 351 254 385 redem
283 350 488 395 scripsisse,
519 353 624 396 patre
647 348 775 384 deinde
798 349 991 393 superstite
1015 348 1222 390 decessisse,

134 400 235 440 pater
259 395 478 431 deliberante
500 394 631 430 herede
654 394 817 430 instituto
842 398 878 429 et
900 394 977 438 ipse
1002 394 1092 428 diem
1118 394 1223 428 finic-

132 446 208 483 tus,
242 440 370 476 deinde
393 441 497 475 heres
526 439 711 475 institutus
744 439 952 484 repudiasse
976 439 1221 473 hereditatem.

133 486 383 530 quaerebatur,
408 485 455 520 ad
478 495 582 529 quem
608 489 789 520 castrense
839 485 992 519 eculium
1014 484 1222 528 pertineret.

134 532 296 566 dicebam
320 535 503 566 castrense
526 530 706 575 peculium
730 529 794 564 11111
833 530 986 572 amilias,
1022 529 1051 564 si
1082 529 1224 574 quidem

133 581 286 611 testatus
318 575 486 617 decessit,
525 576 626 620 quasi
663 575 896 610 hereditatem
936 574 1068 609 deferri
1102 574 1224 609 heredi

133 622 276 667 scripto,
302 621 374 656 sive
397 625 606 655 extraneum
625 621 770 665 scripsit
788 620 954 655 heredem
979 620 1052 655 sive
1072 624 1223 664 patrem.

133 666 196 701 sed
229 677 309 702 cum
341 665 429 701 nihil
461 665 504 701 de
534 666 675 710 peculio
701 666 860 700 decernit
882 665 996 706 iilius,
1030 675 1103 700 non
1127 674 1224 699 nunc

134 711 320 747 obvenisse
344 711 454 756 patri,
487 712 552 747 sed
575 721 649 746 11011
672 720 752 747 0880
783 711 828 745 ab
854 721 896 746 eo
920 709 1122 755 profectum
1146 720 1224 745 cre-

134 757 241 792 ditur.
298 756 451 801 denique
487 756 518 791 si
555 766 658 792 servo
703 756 768 791 filii
807 755 984 791 castrensi
1020 755 1224 791 libertatem

131 806 236 847 pater
260 801 492 846 adscripserit
515 811 667 846 moxque
689 801 785 836 filius
809 801 887 836 vivo
911 806 1014 846 patre
1032 800 1224 836 defunctus

133 847 181 882 sit
193 850 214 888 ¹,
252 857 324 882 non
358 846 553 892 impeditur
586 847 753 889 libertas,
790 857 890 889 cum,
933 846 965 881 si
999 846 1095 881 filius
1130 845 1225 890 patri

132 892 385 937 supervixerit,
431 891 646 936 impediatur
680 892 839 927 libertas.
895 891 990 926 unde
1027 891 1225 926 Marcellus

132 941 238 982 putat
259 937 501 973 necessarium
530 947 672 982 quoque
703 937 870 972 heredem
901 947 1042 972 servum
1072 936 1138 971 11111
1161 946 1222 981 pe-

133 983 304 1018 culiarem
360 983 431 1017 atri
460 983 612 1018 existere
643 993 769 1027 posse,
802 982 833 1018 si
864 982 938 1017 filio
969 986 1074 1027 pater
1098 992 1223 1027 super-

132 1028 268 1063 vixerit.
315 1028 328 1062 i
354 1038 409 1062 em
439 1027 638 1063 referebam
667 1032 704 1063 et
735 1028 767 1063 si
801 1038 876 1063 rem
907 1027 1126 1074 peculiarem
1156 1026 1222 1061 filii

132 1078 237 1118 pater
273 1072 461 1117 legaverit:
499 1083 584 1107 nam
615 1073 741 1108 eodem
777 1083 884 1115 casu,
922 1083 993 1119 quo
1023 1072 1225 1108 libertatem

134 1119 359 1163 00111110110102
390 1118 558 1161 diximus,
591 1118 747 1162 legatum
777 1128 919 1163 quoque
950 1118 1006 1154 vel
1037 1117 1226 1153 debebitur

132 1163 187 1199 vel
210 1163 435 1208 impedietur.
469 1163 600 1208 quibus
618 1164 671 1198 ita
693 1164 900 1209 praemissis
923 1167 961 1199 et
982 1163 1021 1199 in
1039 1163 1225 1208 proposito

132 1209 314 1251 dicebam,
356 1219 438 1244 cum
469 1209 574 1244 heres
606 1219 680 1244 non
716 1209 806 1244 adiit
836 1209 1089 1251 hereditatem,
1128 1213 1224 1244 retro

131 1254 311 1299 peculium
347 1254 462 1299 patris
494 1254 597 1290 bonis
630 1255 844 1290 accessisse:
884 1254 979 1289 unde
1015 1264 1123 1299 posse
1155 1252 1226 1288 dici

131 1299 240 1334 etiam
272 1305 381 1335 aucta
417 1300 531 1345 patris
564 1300 661 1335 bona
725 1310 764 1335 er
793 1300 888 1335 hanc
926 1299 1224 1345 repudiationem.

132 1355 198 1380 1100
223 1349 278 1379 est
300 1355 447 1386 novum,
481 1349 522 1379 ut
545 1354 590 1380 ex
618 1355 684 1389 pos
717 1349 799 1380 acto
829 1345 955 1390 aliquis
980 1354 1226 1380 successorem

131 1390 302 1426 habuisse
336 1390 509 1426 videatur.
565 1400 650 1425 nam
684 1395 722 1425 et
756 1390 787 1426 si
822 1390 916 1426 filius
953 1390 1047 1433 eius,
1083 1389 1145 1435 qui
1179 1389 1225 1424 ab

132 1435 297 1471 hostibus
321 1440 449 1480 captus
472 1439 545 1479 est,
570 1435 764 1471 decesserit
786 1440 890 1481 patre
915 1435 1055 1481 captivo
1080 1436 1169 1478 vivo,
1195 1434 1226 1470 si

133 1479 275 1524 quidem
298 1485 401 1526 pater
431 1480 698 1525 regrederetur,
731 1481 836 1533 quasi
859 1481 955 1517 filius
984 1480 1138 1516 familias
1162 1490 1224 1525 pe-

131 1525 264 1560 culium
288 1526 454 1561 haberet:
480 1526 658 1562 enimvero
682 1526 713 1562 si
735 1526 868 1562 ibidem
892 1531 995 1571 pater
1018 1526 1222 1568 decesserit,

131 1570 235 1616 quasi
257 1575 363 1616 pater
392 1570 546 1606 familias
576 1571 772 1616 legitimum
794 1572 943 1607 habebit
965 1581 1224 1613 successorem,

131 1619 167 1651 et
189 1620 285 1652 retro
308 1616 480 1652 habuisse
504 1616 662 1652 creditur
684 1617 762 1652 eius
792 1627 982 1653 successor
1003 1627 1048 1653 00
1071 1627 1224 1662 1111011110,

131 1671 223 1707 quae
254 1662 370 1698 medio
403 1668 473 1697 tem
501 1672 563 1697 ore
594 1662 689 1698 filius
713 1663 782 1699 iste
806 1662 977 1708 quaesiit,
1012 1672 1079 1698 nec
1102 1661 1227 1698 heredi

130 1707 256 1752 patris,
282 1707 345 1742 sed
368 1707 439 1752 ipsi
476 1707 533 1742 ‘io
559 1708 724 1753 quaesita
746 1708 973 1743 videbuntur.

181 1751 231 1790 10
258 1752 486 1788 Poupomvs
506 1753 599 1789 libro
622 1754 807 1799 se'nqutari
827 1753 1041 1799 reqularum
1065 1764 1115 1789 ex
1139 1756 1226 1788 nota

133 1796 346 1833 Manena]
385 1797 536 1833 Constat
558 1808 625 1833 nec
648 1799 812 1843 patribus
837 1798 973 1844 aliquid
996 1809 1041 1835 ex
1066 1802 1223 1834 castren-

131 1842 232 1878 sibus
256 1843 359 1879 bonis
383 1843 539 1879 filiorum
564 1843 697 1879 deberi.

180 1887 227 1925 11
255 1887 399 1924 Maean
424 1888 514 1924 libro
538 1889 697 1924 seeundo
721 1890 766 1924 de
788 1900 829 1925 re
848 1890 1001 1925 militari
1034 1889 1225 1925 Castrense

130 1932 312 1978 peculium
336 1938 408 1977 est,
434 1933 531 1978 quod
554 1944 578 1969 a
599 1935 810 1979 parentibus
833 1936 889 1971 vel
912 1945 954 1971 co
981 1936 1073 1970 natis
1098 1935 1136 1970 in
1159 1935 1222 1970 mi-

130 1979 208 2014 litia
231 1979 351 2024 agenti
374 1979 546 2014 donatum
571 1984 626 2015 est
649 1980 704 2015 vel
728 1980 824 2024 quod
846 1981 926 2026 ipse
992 1980 1045 2016 'us
1069 1980 1224 2015 familias

130 2024 168 2058 in
192 2023 319 2059 militia
343 2024 522 2070 adquisiit,
548 2024 655 2070 quod,
678 2025 748 2060 nisi
772 2026 953 2068 militaret,
978 2026 1223 2070 adquisiturus

130 2079 203 2105 non
225 2068 365 2105 fuisset.
412 2080 495 2104 nam
520 2070 618 2115 quod
650 2076 727 2106 erat
750 2076 786 2106 et
810 2071 887 2107 sine
915 2071 1042 2106 militia
1066 2071 1223 2116 adquisi-

130 2120 245 2157 turus,
268 2114 306 2150 id
329 2115 508 2160 peculium
532 2116 608 2150 eius
634 2121 817 2152 castrense
841 2127 914 2152 11011
937 2121 1002 2152 est.

180 2157 231 2196 12
257 2159 503 2195 Pammzws
531 2160 623 2196 libro
649 2167 780 2206 quarto
804 2162 941 2198 decimo
972 2163 1224 2215 quaestionum

130 2204 257 2248 Pater,
290 2205 351 2250 qui
375 2205 438 2239 dat
466 2206 503 2240 in
527 2205 756 2250 adoptionem
780 2207 893 2242 111111111
916 2207 1080 2251 militem,
1112 2217 1224 2261 pecu-

130 2250 217 2285 lium
241 2250 272 2285 ei
297 2250 439 2286 auferre
462 2261 535 2286 non
559 2256 695 2296 potest,
721 2253 818 2298 quod
842 2253 951 2288 semel
973 2252 1052 2288 iure
1075 2253 1224 2288 militiae

131 2295 227 2331 1111118
258 2295 384 2331 tenuit.
457 2306 504 2330 ua
542 2297 682 2332 ratione
721 2308 789 2333 nec
820 2298 1078 2343 emancipando
1110 2298 1224 2333 filium

130 2341 309 2386 peculium
332 2341 366 2376 ei
388 2351 410 2376 a
448 2342 524 2384 ert,
555 2342 649 2386 quod
674 2353 742 2378 nec
765 2343 802 2378 in
834 2343 971 2379 familia
993 2348 1132 2380 retento
1156 2354 1222 2389 po-

132 2390 202 2421 test
224 2386 377 2422 auferre.

179 2428 230 2468 13
254 2431 363 2467 IDEM
388 2431 480 2467 libro
510 2437 617 2468 sexto
642 2433 778 2469 decimo
812 2435 1062 2480 quaestionum
1110 2434 1223 2470 Divus

130 2476 334 2512 Hadrianus
365 2477 552 2522 rescripsit
581 2478 619 2512 in
653 2489 714 2522 eo,
756 2489 860 2524 quem
889 2479 1100 2515 militantem
1132 2490 1224 2515 uxor

130 2522 296 2558 heredem
325 2522 531 2558 instituerat
553 2523 666 2558 filium
674 2524 699 2567 ³,
732 2524 893 2560 extitisse
924 2524 1092 2560 heredem
1116 2529 1154 2560 et
1176 2526 1222 2560 ab

129 2577 178 2648 Εἴ)
214 2577 337 2647 servqis
373 2567 610 2604 hereditarios
655 2570 896 2606 manumissos
940 2571 1109 2615 proprios
1145 2570 1222 2606 eius

144 2613 152 2620 ⁰
181 2617 276 2648 ertos
328 2612 391 2648 eri.

178 2656 230 2695 14
264 2657 371 2693 loru
414 2658 506 2694 libro
542 2659 733 2695 vicensimo
778 2660 929 2706 septimo
970 2661 1222 2706 quaestionum

131 2702 244 2739 Filius
265 2702 420 2739 familias
443 2703 543 2739 miles
571 2704 601 2739 si
627 2709 753 2749 captus
775 2705 872 2750 apud
896 2705 1019 2741 hostes
1043 2705 1116 2741 vita
1139 2705 1221 2741 fun·

130 2752 252 2792 gatur,
293 2748 354 2783 lex
383 2748 547 2784 Cornelia
584 2750 791 2785 subveniet⁴
831 2751 975 2795 scriptis
1009 2750 1219 2786 heredibus:

131 2793 261 2838 quibus
285 2793 509 2830 cessantibus
539 2794 618 2830 iure
650 2795 803 2840 pristino
828 2797 1007 2840 peculium
1030 2801 1133 2841 pater
1155 2797 1221 2832 ha-

139 2843 149 2872 l
200 2838 309 2874 bebit.
357 2837 527 2874 Proxima
550 2840 688 2885 species
712 2841 861 2884 videtur,
887 2846 927 2876 ut
950 2841 1094 2887 scriptis
1119 2842 1220 2877 here-

131 2883 236 2920 dibus
259 2883 557 2927 deliberantibus,
587 2885 682 2930 quod
713 2896 835 2922 servus
865 2887 1005 2922 interim
1029 2887 1221 2932 stipulatus

130 2933 185 2964 est
215 2929 272 2964 vel
303 2929 349 2964 ab
380 2929 450 2964 alio
476 2930 543 2965 sibi
566 2930 738 2965 traditum
768 2932 925 2976 accepit,
958 2932 1054 2977 quod
1078 2932 1220 2977 quidem

131 2974 178 3009 ad
199 2973 316 3019 patris
340 2984 530 3019 personam
553 2976 699 3018 attinet,
736 2977 768 3012 si
790 2978 883 3012 forte
918 2977 1098 3023 peculium
1122 2978 1220 3023 apud

131 3030 212 3054 eum
234 3019 416 3062 resederit,
442 3020 573 3055 nullius
597 3022 766 3057 momenti
790 3022 968 3065 videatur,
994 3033 1075 3058 cum
1098 3024 1136 3058 in
1158 3023 1220 3059 illo

131 3072 290 3109 tempore
321 3075 392 3100 11011
424 3065 534 3100 fuerit
569 3076 692 3102 servus
724 3068 856 3112 patris:
898 3068 993 3113 quod
1024 3074 1142 3103 autem
1173 3068 1220 3103 ad

130 3110 284 3154 scriptos
308 3110 476 3153 heredes,
500 3111 538 3145 in
561 3122 736 3156 suspenso
760 3113 872 3149 fuisse
895 3113 1040 3148 traditio
1065 3114 1220 3158 itemque

131 3154 315 3199 stipulatio
350 3155 592 3200 intellegatur:
635 3163 675 3191 ut
710 3158 803 3192 enim
837 3158 1076 3194 hereditarius
1109 3158 1220 3194 fuisse

131 3200 316 3242 credatur,
347 3203 456 3245 post⁵
480 3201 613 3235 aditam
636 3201 678 3236 fit
700 3202 944 3238 hereditatem.
981 3203 1044 3239 sed
1067 3210 1220 3249 paterna

130 3245 343 3280 verecundia
366 3257 431 3281 nos
451 3251 578 3288 movet,
605 3252 780 3290 quatenus
805 3253 841 3283 et
863 3250 900 3283 in
920 3249 982 3283 illa
1000 3250 1130 3294 specie,
1156 3249 1219 3285 ubi

130 3291 206 3325 iure
229 3290 379 3342 pristino
409 3291 506 3335 apud
529 3296 668 3335 patrem
697 3293 877 3337 peculium
901 3299 1079 3337 remanet,
1113 3294 1220 3329 etiam

131 3335 321 3383 adquisitio
353 3336 595 3381 stipulationis
626 3337 682 3371 vel
711 3338 764 3372 rei
801 3339 955 3374 traditae
985 3350 1050 3385 per
1078 3350 1220 3375 servum

131 3385 151 3414 2
199 3380 273 3414 fiat.
310 3380 497 3426 Legatum,
521 3382 617 3427 quod
642 3382 672 3417 ei
697 3392 798 3418 servo
823 3384 986 3419 relictum
1005 3389 1070 3427 est,
1096 3394 1219 3430 quam-

129 3425 182 3460 vis
224 3429 313 3461 tunc
358 3431 507 3472 propter
542 3427 718 3462 incertum
761 3428 850 3463 nulli
897 3430 943 3464 sit
989 3430 1220 3475 adquisitum,

130 3470 262 3506 omisso
298 3475 511 3508 testamento
544 3472 642 3525 patri
671 3478 757 3507 tunc
788 3474 942 3518 primum
978 3485 1044 3520 per
1079 3485 1221 3511 servum

130 3515 358 3560 adquiretur,
390 3527 489 3560 cum,
522 3528 554 3553 81
576 3517 704 3553 fuisset
737 3519 898 3563 exemplo
924 3519 1133 3555 hereditatis
1156 3530 1219 3566 pe-

131 3560 226 3595 culio
258 3560 493 3606 adquisitum,
529 3562 585 3598 ius
617 3562 731 3609 patris
763 3563 869 3599 hodie
909 3575 982 3600 non
1014 3565 1219 3601 considera·

130 3610 241 3641 retur.

130 3723 170 3759 (ι)
194 3721 222 3753 si
236 3720 270 3754 F
351 3720 395 3763 (2)
420 3721 473 3755 vel
485 3732 554 3755 non
565 3726 750 3765 competere
764 3725 823 3756 ins.

131 3774 173 3800 m
199 3766 251 3798 vel
263 3768 456 3804 tradidisset
470 3770 529 3805 ins.
624 3779 667 3814 18)
693 3774 815 3805 estius.

914 3729 956 3763 (3)
976 3727 1119 3759 familias
1135 3725 1193 3756 ins.

1208 130 1292 179 839

2001 141 2295 184 xxxxviiii
2328 143 2377 184 17

1343 255 1393 294 15
1434 257 1542 309 locst(
1579 258 1669 294 libro
1712 262 1920 307 triqenstmo
1987 265 2086 300 uinto
2129 267 2377 312 quaestionum

1291 303 1421 356 Pater..
1438 302 1564 355 minu?
1599 303 1674 356 11110
1711 316 1852 341 reverso
1891 275 1986 352 1111οΞ
2022 309 2147 354 donat,
2184 312 2378 347 castrensis

1292 348 1423 392 pecul'n
1447 358 1519 383 11011
1542 348 1646 390 iacit,
1677 351 1739 385 sed
1763 352 1910 388 alterius
1935 355 2079 397 peculii,
2114 357 2258 399 perinde
2283 366 2325 392 ac
2349 357 2379 393 si

1298 398 1308 427 1
1360 393 1455 428 filius
1476 404 1669 438 numquam
1689 396 1885 432 militasset.
1916 399 1951 432 Si
1973 400 2156 443 stipulanti
2175 402 2248 437 filio
2271 413 2379 446 spon-

1293 438 1392 490 deat,
1424 438 1455 490 81
1479 438 1621 482 quidem
1644 450 1688 474 ex
1712 451 1822 476 causa
1852 444 1982 486 peculii
2007 447 2215 490 castrensis,
2245 447 2380 482 tenebit

1293 484 1496 529 stipulatloz
1530 488 1687 519 ceterum
1711 495 1756 519 ex
1778 488 1935 531 qualibet
1958 490 2028 524 alia
2052 501 2163 526 causa
2185 502 2257 526 non
2280 498 2378 527 tene-

1295 533 1313 563 2
1363 529 1425 565 bit.
1475 529 1513 564 Si
1536 533 1640 573 pater
1664 540 1686 563 a
1709 530 1782 565 filio
1807 532 2016 576 stipulatur,
2053 536 2176 570 eadem
2200 537 2379 573 distinctio

1295 578 1314 608 3
1363 574 1574 609 servabitur.
1607 574 1737 610 Servus
1757 577 1895 620 peculii,
1920 579 2014 622 quod
2034 580 2077 615 ad
2096 580 2207 615 filium
2228 587 2379 626 spectat,

1294 620 1340 654 ab
1365 624 1488 655 extero
1513 620 1544 655 si
1567 620 1760 664 stipuletur
1782 626 1846 656 aut
1875 633 1940 667 per
1964 625 2190 661 traditionem
2214 628 2379 672 accipiat,

1294 665 1372 700 sine
1401 665 1628 700 distinctione
1653 675 1844 700 causarum
1874 678 1930 703 res
1960 669 2004 703 ad
2035 670 2146 705 filium
2170 673 2378 716 pertinebit:

1294 721 1367 745 non
1397 710 1490 745 enim
1520 714 1561 745 ut
1583 710 1679 746 filius
1705 710 1835 755 duplex
1858 712 1914 748 ius
1940 715 2091 750 sustinet
2121 717 2234 760 patris
2259 722 2293 751 et
2316 718 2382 752 filii

1293 755 1459 798 familias,
1483 756 1535 790 ita
1558 766 1693 798 servus,
1719 756 1779 800 qui
1803 758 1933 800 peculii
1957 761 2148 796 castrensis
2172 766 2227 796 est
2250 763 2380 806 quique

1295 800 1394 835 nullo
1419 801 1514 843 iure,
1547 801 1718 845 quamdiu
1741 800 1836 836 filius
1860 802 1960 846 vivit,
1993 805 2086 849 patri
2110 806 2290 842 subiectus
2314 812 2380 850 est,

1294 845 1430 890 aliquid
1470 846 1660 890 adquirere
1697 845 1905 892 simpliciter
1946 849 2149 894 stipulando
2190 852 2245 887 vel
2285 853 2380 888 acci-

1294 890 1424 936 piendo
1457 892 1551 936 patri
1580 896 1711 937 potest.
1760 903 1852 937 quae
1881 894 1972 929 ratio
2005 895 2148 938 suadet,
2187 901 2244 938 ut,
2276 897 2307 932 si
2336 898 2381 932 ab

1294 937 1372 981 ipso
1406 942 1509 981 patre
1533 946 1673 979 servus,
1708 937 1770 982 qui
1794 937 1841 972 ad
1864 938 1975 973 filium
1999 940 2170 984 pertinet,
2195 942 2383 987 stipuletur

1294 991 1338 1017 ex
1370 992 1594 1034 quacumque
1626 992 1738 1018 causa
1766 983 1821 1018 vel
1846 984 2017 1020 traditum
2040 987 2210 1031 accipiat,
2243 987 2295 1022 sic
2319 988 2382 1023 ad.-

1294 1027 1458 1073 quiratur
1491 1027 1568 1062 fiho
1604 1037 1661 1063 res
1701 1031 1738 1063 et
1779 1029 1984 1073 stipulatio,
2026 1032 2319 1075 quemadmodum
2353 1033 2384 1068 si

1294 1077 1396 1108 exter
1430 1072 1651 1118 promisisset
1659 1074 1684 1115 ⁷,
1720 1074 1890 1118 quoniam
1924 1085 2079 1120 persona
2114 1077 2314 1121 stipulantis
2349 1082 2384 1113 et

1293 1118 1505 1163 accipientis
1529 1128 1574 1153 ea
1597 1123 1662 1160 est,
1688 1123 1729 1153 ut
1752 1119 1829 1154 sine
1854 1119 2053 1156 differentia
2077 1132 2265 1157 causarum
2290 1123 2384 1168 quod

1295 1167 1316 1198 4
1363 1173 1429 1208 per
1463 1173 1545 1199 eum
1581 1164 1700 1208 agitur
1736 1165 2012 1201 emolumentum
2045 1166 2109 1201 filii
2143 1171 2291 1212 spectet.
2348 1169 2385 1203 Si

1295 1209 1388 1244 servi
1410 1213 1515 1254 pater
1537 1220 1642 1244 usum
1665 1209 1825 1244 fructum
1849 1211 2026 1253 amiserit,
2059 1212 2161 1247 cuius
2185 1213 2383 1258 proprieta-

1294 1259 1367 1290 tem
1390 1254 1428 1289 in
1452 1253 1629 1290 castrensi
1652 1254 1793 1299 peculio
1819 1255 1912 1292 filius
1936 1256 2112 1301 habebat,
2137 1257 2279 1303 plenam
2301 1269 2384 1303 pro-

1294 1299 1484 1345 prietatem
1507 1299 1657 1335 habebit
1679 1299 1786 1335 filius.

1345 1342 1396 1382 16
1420 1344 1530 1380 IDEM
1557 1345 1648 1380 libro
1672 1357 1768 1381 nono
1793 1346 1930 1381 decimo
1954 1357 2209 1398 responsorum
2255 1348 2386 1384 Dotem

1295 1389 1370 1426 filio
1387 1389 1543 1426 familias
1562 1390 1683 1426 datam
1701 1391 1757 1426 vel
1775 1392 1988 1436 promissam
2005 1403 2042 1427 111
2061 1393 2200 1438 peculio
2214 1394 2387 1429 castrensi

1295 1446 1369 1472 non
1396 1446 1477 1472 esse
1505 1436 1686 1489 respondi.
1735 1446 1802 1472 nec
1834 1447 1877 1472 ea
1907 1447 1965 1473 res
1998 1439 2179 1474 contraria
2208 1439 2387 1474 videbitur

1296 1481 1346 1524 ei,
1386 1481 1483 1526 quod
1515 1481 1587 1516 divi
1615 1481 1791 1517 Hadriani
1832 1482 2054 1528 temporibus
2089 1483 2202 1519 filium
2231 1484 2386 1520 familias

1296 1526 1443 1562 militem
1476 1527 1580 1562 uxori
1610 1527 1776 1563 heredem
1800 1527 1961 1563 extitisse
1990 1529 2126 1574 placuit
2149 1533 2185 1565 et
2207 1530 2386 1565 heredita-

1295 1576 1369 1607 tem
1390 1571 1429 1607 in
1453 1576 1638 1608 castrense
1668 1573 1850 1617 peculium
1871 1573 2051 1609 habuisse.
2100 1585 2183 1611 nam
2206 1574 2386 1611 hereditas

1295 1617 1495 1653 adventicio
1536 1618 1615 1653 iure
1649 1618 1853 1663 quaeritur,
1896 1619 1960 1654 dos
1997 1623 2116 1655 autem
2161 1620 2385 1656 matrimonio

1295 1663 1491 1699 cohaerens
1516 1663 1685 1699 oneribus
1710 1664 1786 1699 eius
1810 1674 1855 1699 ac
1878 1663 1999 1700 liberis
2024 1665 2289 1708 communibus,
2326 1666 2387 1711 qui

1298 1712 1313 1742 1
1363 1712 1448 1744 sunt
1475 1708 1514 1743 in
1546 1709 1604 1744 avi
1633 1709 1786 1751 familia,
1818 1709 2011 1745 confertur.
2059 1710 2302 1746 Hereditatem
2327 1721 2386 1746 ca-

1294 1753 1426 1790 strensi
1448 1754 1590 1800 peculio
1613 1765 1687 1789 non
1709 1754 1822 1790 videri
1846 1755 2044 1800 quaesitam
2067 1756 2254 1802 respondi,
2280 1766 2387 1801 quam

1294 1799 1408 1834 frater
1439 1799 1613 1845 patruelis
1650 1800 1689 1835 in
1721 1800 1792 1835 alia
1829 1801 2013 1845 provincia
2043 1801 2220 1854 stipendia
2248 1812 2386 1837 merens

1294 1845 1398 1880 fratri
1422 1845 1589 1889 patrueli,
1615 1855 1696 1880 cum
1720 1856 1791 1890 quo
1816 1856 2009 1891 numquam
2028 1846 2201 1889 mihtavit,
2226 1847 2383 1898 reliquit.-

1294 1890 1478 1935 sanguinis
1510 1890 1641 1927 etenim
1670 1891 1780 1934 ratio,
1816 1901 1890 1927 non
1912 1891 2058 1928 militiae
2089 1902 2201 1928 causa
2222 1896 2382 1928 meritum

1293 1935 1505 1972 hereditatis
1528 1936 1760 1981 accipiendae
1783 1937 2011 1982 praebuerat.

1344 1978 1394 2018 17
1419 1980 1527 2016 IDEM
1559 1981 1651 2017 libro
1680 1982 1840 2017 secundo
1872 1982 2119 2027 definitionum
2164 1982 2289 2025 Pater,
2326 1983 2387 2028 qui

1295 2031 1479 2062 castrense
1508 2026 1690 2072 peculium
1720 2026 1882 2063 intestati
1912 2027 1977 2062 filii
1999 2028 2182 2071 retinebit,
2215 2038 2276 2064 aes
2300 2028 2385 2063 alie-

1295 2082 1381 2107 num
1404 2072 1502 2107 intra
1531 2072 1678 2108 modum
1701 2072 1778 2108 eius
1804 2076 1839 2108 et
1870 2083 2004 2108 annum
2035 2073 2157 2109 utilem
2179 2073 2259 2108 iure
2281 2084 2385 2118 prae-

1293 2117 1386 2154 torio
1419 2117 1558 2154 solvere
1588 2117 1746 2163 cogitur:
1779 2118 1890 2160 idem,
1922 2118 1953 2154 si
1983 2122 2198 2154 testamento
2229 2119 2385 2167 scriptus

1292 2163 1397 2199 heres
1433 2163 1608 2206 extiterit,
1650 2167 1826 2209 perpetuo
1863 2163 2013 2199 civiliter
2046 2168 2087 2199 ut
2119 2164 2223 2199 heres
2258 2174 2384 2200 conve-

1297 2212 1310 2242 1
1362 2209 1491 2244 nietur.
1528 2209 1638 2244 Pater
1661 2219 1684 2244 a
1707 2209 1782 2245 filio
1806 2209 1916 2245 milite
1934 2209 1989 2245 vel
2013 2209 2075 2254 qui
2098 2209 2259 2244 militavit
2282 2210 2385 2245 heres

1292 2254 1478 2290 institutus
1503 2254 1707 2290 testamenti
1739 2265 1885 2290 causam
1909 2254 2029 2290 omisit
2051 2258 2088 2290 et
2117 2259 2300 2290 castrense
2321 2265 2385 2300 pe-

1294 2299 1428 2335 culium
1450 2299 1629 2345 possidet:
1654 2299 1802 2345 legitimi
1825 2300 1966 2336 heredis
1986 2300 2148 2345 exemplo
2169 2305 2316 2345 cogetur
2339 2299 2386 2335 ad

1293 2344 1402 2380 finem
1436 2345 1568 2390 peculii
1602 2351 1777 2390 perpetuo
1813 2345 1930 2390 legata
1969 2350 2165 2391 praestare.
2224 2345 2320 2390 quod
2354 2345 2385 2381 si

1292 2390 1387 2425 filius
1412 2394 1496 2435 post
1526 2401 1660 2425 annum
1684 2401 1791 2436 quam
1819 2390 1973 2426 militare
2002 2390 2157 2426 desierat
2186 2390 2264 2426 iure
2288 2400 2384 2425 com-

1291 2435 1391 2470 muni
1407 2439 1623 2471 testamento
1643 2435 1742 2471 facto
1762 2435 1836 2471 vita
1854 2435 2019 2478 decessit,
2042 2435 2181 2470 ratione
2200 2435 2385 2471 Falcidiae

1293 2481 1506 2516 retinebitur
1545 2485 1685 2526 quarta.
1743 2485 1902 2516 ceterum
1932 2481 1963 2517 si
2000 2481 2205 2516 testamenti
2237 2491 2384 2516 causam

1293 2530 1396 2572 pater
1426 2526 1563 2570 omisit,
1603 2537 1684 2562 cum
1722 2526 1902 2572 peculium
1940 2526 2178 2561 creditoribus
2215 2525 2383 2562 solvendo

1292 2582 1366 2607 non
1389 2575 1503 2615 esset,
1528 2572 1616 2607 nihil
1640 2571 1722 2608 dolo
1747 2572 1925 2608 videbitur
1946 2570 2086 2614 fecisse,
2111 2571 2270 2616 quamvis
2294 2576 2382 2606 tem-

1292 2617 1391 2662 poris
1414 2617 1576 2653 incurrat
1600 2617 1860 2663 compendium.

1342 2659 1392 2700 18
1418 2662 1655 2698 Mammam
1676 2663 1767 2698 libro
1784 2663 1909 2708 primo
1931 2662 2287 2707 fideicommissorum
2325 2661 2383 2696 Ex

1292 2708 1467 2743 castrensi
1488 2708 1630 2753 peculio
1655 2718 1778 2744 servus
1803 2718 1826 2743 a
1849 2712 1951 2752 patre
1975 2707 2078 2743 heres
2101 2707 2241 2743 institui
2262 2711 2383 2752 potest

1295 2757 1309 2788 1
1359 2757 1397 2789 et
1418 2753 1533 2788 filium
1555 2752 1797 2789 necessarium
1820 2752 1986 2788 heredem
2009 2753 2104 2798 patri
2126 2752 2225 2788 facit.
2272 2752 2322 2786 Et
2344 2752 2382 2787 in

1290 2809 1430 2834 summa
1465 2809 1508 2834 ea
1542 2801 1624 2835 res⁸
1657 2799 1696 2834 hi
1730 2803 1834 2834 actus
1869 2798 2001 2844 patris,
2036 2798 2097 2843 qui
2130 2797 2176 2832 ad
2210 2807 2381 2843 praesens

1291 2844 1545 2879 alienationem
1592 2844 1744 2879 alicuius
1791 2844 1880 2879 iuris
1927 2843 1972 2878 de
2018 2843 2194 2878 castrensi
2238 2842 2380 2887 peculio

1291 2893 1495 2935 praestant,
1537 2889 1796 2934 impediuntur:
1841 2889 1878 2923 hi
1911 2899 2015 2931 vero,
2059 2888 2120 2933 qui
2154 2899 2226 2923 non
2260 2887 2379 2939 statim

1291 2934 1444 2979 quidem,
1468 2934 1532 2970 sed
1554 2940 1683 2980 postea
1707 2934 1849 2970 efficere
1873 2935 1999 2976 solent,
2025 2944 2066 2969 eo
2091 2938 2249 2977 tempore
2268 2943 2380 2967 amm-

1291 2979 1531 3022 advertentur,
1557 2990 1628 3024 quo
1651 2980 1785 3015 habere
1809 2979 1976 3015 effectum
2000 2983 2234 3020 consuerunt,
2266 2981 2323 3018 ut,
2349 2977 2380 3011 si

1289 3025 1337 3060 sit
1359 3024 1465 3067 filius,
1491 3024 1550 3060 cui
1573 3024 1775 3067 auferatur,
1807 3024 1897 3060 nihil
1920 3029 2065 3069 agatur,
2096 3023 2127 3058 si
2150 3025 2233 3057 ante
2257 3022 2379 3057 deces-

1290 3073 1309 3104 2
1357 3070 1466 3113 serit,
1491 3074 1595 3105 actus
1645 3070 1732 3105 atris
1756 3079 1828 3106 non
1851 3069 2074 3115 impediatur.
2123 3068 2247 3111 Itaque
2271 3077 2377 3111 nega-

1290 3115 1405 3150 bimus
1430 3119 1570 3160 patrem
1646 3125 1667 3151 0
1690 3115 1790 3151 801νο
1808 3114 1985 3151 communi
2005 3112 2196 3148 dividundo
2216 3117 2378 3163 agentem

1290 3160 1547 3205 proprietatem
1581 3159 1839 3202 alienaturum,
1875 3159 2036 3203 exemplo
2069 3157 2197 3209 dotalis
2227 3156 2376 3201 praedii.

1290 3205 1354 3240 sed
1376 3215 1444 3240 nec
1468 3204 1499 3240 si
1522 3205 1641 3241 socius
1666 3205 1761 3241 ultro
1786 3215 1866 3240 cum
1890 3214 1931 3240 eo
1956 3208 2057 3247 agat,
2082 3212 2271 3246 quicquam
2295 3211 2375 3245 age-

1289 3255 1367 3292 tur,
1399 3249 1508 3285 veluti
1537 3250 1569 3285 si
1597 3260 1678 3285 cum
1708 3260 1750 3286 eo
1776 3254 1910 3295 ageret,
1942 3249 2000 3283 cui
2025 3247 2125 3282 bonis
2148 3247 2375 3297 interdictum

1290 3299 1309 3330 3
1358 3299 1424 3330 est.
1462 3295 1591 3331 Servos
1616 3305 1660 3330 ex
1684 3305 1726 3331 eo
1750 3294 1891 3340 peculio
1916 3304 1984 3328 usu
2008 3292 2139 3333 fructu,
2165 3295 2249 3326 ltem
2271 3301 2374 3335 prae-

1289 3340 1349 3375 dia
1380 3345 1455 3375 tam
1484 3350 1555 3376 usu
1586 3340 1707 3375 fructu
1737 3350 1842 3385 quam
1868 3338 1994 3374 ceteris
2020 3336 2249 3372 servitutibus
2273 3341 2374 3382 pater

1288 3385 1443 3420 liberare
1465 3385 1615 3431 poterit:
1649 3385 1713 3421 sed
1743 3390 1779 3420 et
1802 3383 1989 3419 servitutes
2014 3382 2068 3416 his
2092 3380 2292 3425 adquirere.
2339 3380 2376 3415 id

1289 3430 1382 3465 enim
1405 3433 1442 3465 et
1466 3440 1563 3474 eum,
1597 3431 1655 3467 cui
1679 3430 1781 3466 bonis
1805 3427 2032 3463 interdictum
2062 3430 2136 3468 est,
2168 3436 2290 3461 verum
2321 3430 2377 3476 est

1289 3475 1459 3520 consequi
1489 3486 1606 3520 posse.
1655 3485 1770 3519 neque
1799 3478 1916 3508 autem
1947 3472 2058 3507 servis
2090 3481 2133 3523 ex
2163 3480 2204 3505 eo
2234 3470 2374 3523 pecuho

1289 3530 1405 3564 neque
1433 3520 1589 3566 praediis
1621 3531 1723 3555 usum
1752 3519 1907 3553 fructum
1936 3516 1991 3552 vel
2026 3520 2229 3552 serv1tutem
2260 3526 2375 3566 impo-

1290 3569 1310 3600 4
1357 3575 1443 3600 nere
1465 3570 1570 3611 pater
1588 3568 1716 3611 potest.
1754 3563 1792 3598 Si
1815 3561 1957 3607 quando
1981 3571 2025 3596 ex
2049 3571 2090 3596 00
2114 3560 2255 3612 peculio
2279 3561 2374 3594 1111118

1288 3620 1365 3646 rem
1384 3610 1537 3646 alienam
1562 3611 1656 3647 bona
1678 3608 1749 3644 11110
1772 3607 1919 3650 tenebit,
1943 3616 1991 3642 an
2011 3610 2117 3652 pater
2139 3615 2216 3642 01118
2238 3616 2278 3641 111
2299 3615 2375 3641 rem

1284 3731 1328 3766 (1)
1351 3725 1506 3757 subvenit
1519 3728 1551 3757 et
1565 3724 1613 3756 10²
1704 3728 1747 3763 (ὁ)
1771 3732 1831 3764 per
1841 3721 1906 3753 Aa.
1921 3721 2071 3753 &clamide
2158 3726 2203 3763 (u)
2228 3720 2333 3751 11111110
2348 3720 2379 3752 1⁴¹
