2528 3918
206 85 335 129 XV1

205 210 363 252 nuptura
393 205 465 241 filio
490 203 643 240 familias
669 204 762 240 dotis
786 205 929 242 nomine
951 209 1085 242 certam
1108 205 1298 250 pecuniam

207 251 407 298 promiserit
437 252 472 285 et
503 249 652 285 divortio
676 249 773 286 facto
798 254 883 297 agat
904 251 949 287 de
972 252 1054 287 dote
1079 262 1160 286 cum
1182 254 1296 296 patre,

208 301 375 332 utrumne
397 298 476 330 tota
523 295 733 331 romissione
756 305 803 331 an
827 296 980 332 deducto
1005 307 1058 339 eo,
1084 295 1180 341 quod
1202 296 1298 341 patri

207 342 298 377 filius
323 341 470 382 debeat,
498 306 647 375 liberari
670 350 750 376 eam
773 342 979 387 oporteret?
1013 340 1198 386 respondit
1218 344 1297 376 tota

206 386 439 432 promissione
463 395 542 420 eam
564 385 785 422 liberandam
808 397 897 430 esse,
924 398 1004 422 cuin
1028 389 1123 422 certe
1147 389 1183 421 et
1202 386 1233 421 si
1253 395 1297 420 ex

204 431 438 476 promissione
470 440 552 465 cum
584 440 628 466 ea
650 435 833 477 ageretur,
871 432 1079 484 exceptione
1110 430 1182 466 doli
1212 431 1297 466 mali

206 480 225 510 2
272 475 365 511 tueri
399 485 438 510 se
468 479 602 520 posset.
651 476 794 513 Stichus
825 478 934 512 habet
964 488 1001 511 in
1052 476 1165 511 eculio
1189 475 1293 510 Pam-

206 520 341 566 philum
365 521 426 566 qui
450 524 506 556 est
529 520 663 565 decem,
686 521 780 558 idem
799 522 1007 574 Pamphilus
1024 487 1132 556 gebet
1151 520 1294 556 domino

207 565 372 610 quinque.
407 565 438 601 si
461 569 589 611 agatur
613 566 658 602 de
681 568 821 612 peculio
848 567 959 602 Stichi
983 567 1143 608 nomine,
1175 566 1295 611 place-

208 611 268 645 bat
291 610 472 646 aestimari
495 611 625 647 debere
643 613 796 657 pretium
815 612 993 657 Pamphili
1016 616 1051 647 et
1076 611 1217 656 quidem
1239 614 1295 646 to-

204 659 280 690 tum
304 666 377 691 non
400 655 554 693 deducto
579 667 633 700 eo,
659 658 755 710 quod
778 658 919 693 domino
943 657 1150 702 Pamphilus
1171 656 1294 691 debet:

205 700 379 736 neminem
411 701 504 737 enim
534 712 641 747 posse
670 703 827 748 intellegi
856 703 974 747 ipsum
1003 702 1041 737 in
1064 712 1129 737 suo
1153 701 1294 746 peculio

205 755 301 781 esse:
325 746 395 782 hoc
420 757 501 792 ergo
526 757 613 783 casu
637 747 805 783 damnum
829 747 1010 782 dominum
1029 757 1231 792 passurum,
1255 749 1296 782 ut

204 794 409 837 pateretur,
433 792 464 827 si
487 792 633 828 cuilibet
656 793 717 828 alii
741 803 922 828 servorum
946 803 1093 827 suorum
1117 792 1296 837 peculium

203 846 277 871 non
298 836 447 872 habenti
471 837 690 873 credidisset.
734 838 840 883 idque
862 838 913 872 ita
936 848 974 874 se
997 837 1130 872 habere
1154 837 1295 873 eviden-

204 882 274 917 tius
298 882 545 927 appariturum
566 883 627 926 ait,
651 883 681 918 si
701 882 823 918 Sticho
844 883 1023 928 peculium
1041 883 1198 928 legatum
1218 891 1297 918 esse

203 931 444 1007 proponatur:
469 927 531 973 qui
556 933 653 963 certe
677 928 707 963 si
731 939 775 963 ex
797 931 1012 964 testamento
1037 931 1139 973 agat,
1165 937 1207 963 co
1233 937 1294 962 en-

228 983 271 1007 us
295 982 368 1008 non
393 976 449 1008 est
480 973 574 1015 eius,
608 973 702 1018 quod
733 973 886 1008 vicarius
917 983 1004 1009 suus
1036 973 1160 1014 debet,
1231 972 1296 1008 â€˜ter

227 1027 311 1052 uam
342 1027 387 1053 ex
417 1018 557 1063 peculio
589 1018 700 1062 ipsius
733 1018 981 1054 deductionem
1011 1018 1105 1064 pati:
1138 1017 1296 1063 alioquin

203 1029 383 1105 ssuturum,
414 1067 472 1106 ut,
507 1063 538 1098 si
576 1063 786 1098 tantundem
810 1063 964 1099 vicarius
988 1063 1130 1099 domino
1155 1063 1295 1106 debeat,

202 1108 280 1153 ipse
303 1108 390 1143 nihil
412 1109 450 1143 in
460 1109 613 1188 dpeculio
639 1109 771 1144 habere
793 1109 1039 1154 intellegatur,
1073 1109 1169 1154 quod
1200 1112 1296 1144 certe

204 1156 224 1189 3
272 1157 327 1189 est
349 1154 459 1189 absur
484 1164 554 1188 um.
603 1153 712 1189 Servo
733 1164 838 1199 quem
856 1154 922 1190 tibi
940 1154 1167 1190 vendideram
1186 1164 1294 1199 pecu-

203 1198 299 1233 niam
324 1199 474 1234 credidi:
507 1199 706 1244 quaesitum
730 1203 801 1241 est,
825 1210 872 1234 an
895 1200 947 1234 ita
970 1200 1056 1234 mihi
1078 1200 1116 1234 in
1139 1203 1175 1234 te
1199 1198 1294 1234 actio

204 1243 248 1279 de
271 1244 411 1289 peculio
437 1243 514 1278 dari
538 1244 685 1286 debeat,
710 1248 751 1279 ut
775 1244 974 1280 deducatur
996 1244 1053 1287 id,
1078 1244 1174 1290 quod
1197 1244 1295 1289 apud

203 1299 259 1324 me
290 1299 335 1324 ex
367 1300 408 1324 eo
441 1289 661 1324 remanserit.
699 1289 796 1334 quod
827 1290 969 1335 quidem
1000 1290 1142 1325 minime
1172 1299 1294 1325 verum

204 1338 277 1376 est,
301 1344 368 1370 nec
392 1334 569 1377 intererit,
601 1334 696 1369 intra
720 1345 853 1370 annum
877 1346 984 1381 quam
1007 1334 1224 1371 vendiderim
1248 1345 1295 1370 an

203 1383 330 1425 postea
359 1380 539 1424 experiar:
572 1390 656 1414 nam
679 1391 744 1416 nec
769 1381 896 1416 ceteris
921 1381 1082 1426 quidem,
1114 1380 1176 1426 qui
1207 1383 1295 1415 tunc

204 1435 285 1459 cum
310 1434 351 1460 eo
384 1425 646 1467 contraxerint,
677 1425 715 1460 in
738 1436 795 1461 me
817 1426 912 1461 actio
937 1426 1054 1461 datur.
1090 1426 1128 1461 in
1152 1429 1294 1461 contra-

203 1470 295 1504 rium
319 1480 461 1515 quoque
484 1470 669 1515 agentibus
700 1481 840 1507 mecum
870 1471 945 1514 his,
1005 1472 1042 1506 ui
1073 1474 1181 1506 antea
1213 1481 1294 1506 cum

204 1525 244 1550 eo
266 1525 365 1550 servo
383 1515 656 1558 contraxissent,
680 1526 754 1551 non
778 1516 953 1552 deducam
975 1517 988 1551 i
1015 1543 1024 1559 ,
1048 1516 1144 1562 quod
1167 1519 1295 1562 postea

204 1559 289 1594 mihi
313 1559 442 1596 debere
466 1571 531 1596 coe
558 1561 635 1596 erit.
681 1571 725 1596 ex
748 1572 819 1607 quo
842 1566 994 1607 apparet
1017 1572 1108 1597 onus
1132 1562 1208 1597 eius
1231 1572 1292 1607 pe-

204 1605 304 1647 culii,
331 1605 427 1650 quod
451 1616 523 1651 apu
571 1616 627 1641 me
651 1607 879 1649 remanserit,
904 1607 951 1642 ad
973 1607 1180 1653 posterioris
1203 1610 1292 1642 tem-

202 1650 299 1695 poris
324 1654 531 1686 contractus
555 1651 735 1696 pertinere
758 1663 830 1687 non
855 1652 995 1688 debere.

247 1692 301 1733 39
325 1695 605 1732 FLORENTINUS
620 1696 712 1733 libro
724 1697 912 1734 undecimo
925 1698 1189 1733 institutionum
1223 1697 1292 1733 Pe-

203 1741 335 1776 culium
359 1744 395 1776 et
417 1751 462 1776 ex
486 1752 527 1777 eo
553 1742 734 1785 consistit,
760 1742 857 1788 quod
879 1743 1099 1788 parsimonia
1123 1753 1190 1778 sua
1213 1742 1293 1788 quis

202 1786 341 1831 paravit
363 1786 418 1822 vel
441 1786 561 1822 officio
585 1788 755 1823 meruerit
777 1798 801 1823 a
823 1788 983 1833 quolibet
1006 1788 1074 1824 sibi
1095 1787 1221 1824 donari
1239 1787 1292 1823 id-

203 1842 271 1876 que
302 1831 398 1867 velut
430 1832 615 1877 proprium
644 1833 899 1878 patrimonium
929 1844 1070 1870 servum
1101 1843 1206 1869 suum
1228 1834 1292 1869 ha-

202 1877 286 1912 bere
309 1877 387 1921 quis
410 1877 571 1913 voluerit.

248 1920 301 1959 40
326 1921 565 1958 MARGIANUS
585 1923 676 1959 libro
700 1924 827 1969 quinto
850 1924 1062 1971 reqularum
1108 1923 1293 1960 Peculium

202 1967 362 2002 nascitur
385 1967 515 2003 crescit
537 1968 715 2004 decrescit
737 1969 909 2013 moritur,
944 1972 980 2004 et
1010 1969 1089 2005 ideo
1116 1970 1295 2014 eleganter

201 2012 366 2057 Papirius
391 2012 528 2048 Fronto
553 2013 697 2049 dicebat
719 2014 897 2059 peculium
917 2014 1030 2050 simile
1051 2025 1128 2051 esse
1146 2015 1291 2050 homini.

205 2060 219 2092 1
269 2057 453 2102 Quomodo
474 2062 595 2094 autem
612 2059 793 2104 peculium
811 2060 982 2102 nascitur,
1007 2060 1207 2105 quaesitum
1227 2063 1290 2096 est.

202 2106 238 2138 et
259 2102 312 2138 ita
334 2107 470 2138 veteres
494 2103 727 2150 distinguunt,
753 2105 784 2140 si
806 2105 843 2140 id
866 2105 1035 2150 adquisiit
1054 2116 1175 2141 servus
1197 2105 1293 2150 quod

202 2148 365 2183 dominus
389 2158 537 2184 necesse
560 2160 633 2185 non
655 2149 767 2185 habet
813 2155 993 2192 raestareâ€š
1017 2150 1054 2186 id
1079 2161 1157 2186 esse
1180 2161 1291 2196 pecu-

201 2193 306 2236 lium,
339 2193 370 2229 si
400 2204 484 2230 vero
508 2194 650 2230 tunicas
675 2199 739 2230 aut
800 2195 895 2241 'quid
918 2195 1031 2231 simile
1055 2195 1151 2241 quod
1175 2196 1206 2231 ei
1230 2196 1292 2231 do-

200 2238 318 2274 minus
342 2249 489 2275 necesse
511 2239 623 2275 habet
651 2244 855 2285 praestare,
889 2251 963 2276 non
994 2251 1072 2277 esse
1102 2241 1290 2286 peculium.

202 2284 255 2318 ita
287 2284 396 2329 igitur
426 2284 589 2320 nascitur
618 2286 816 2330 peculium:
852 2286 1000 2329 crescit,
1033 2297 1115 2321 cum
1146 2290 1292 2321 auctum

200 2328 326 2364 fuerit:
360 2329 556 2372 decrescit,
597 2341 678 2366 cum
710 2331 802 2366 servi
832 2331 954 2367 vicarii
984 2332 1203 2375 moriuntur,
1233 2341 1292 2367 res

201 2374 434 2410 intercidunt:
458 2375 620 2419 moritur,
645 2387 726 2411 cum
749 2376 954 2422 ademptum
978 2377 1035 2412 sit.

248 2417 298 2456 41
334 2418 530 2456 ammas
549 2421 640 2457 libro
664 2421 808 2467 quadra
834 2423 969 2457 ensimo
996 2423 1100 2458 tertio
1120 2422 1172 2458 ad
1189 2421 1293 2458 SabaÎ‡-

201 2475 288 2499 num
333 2464 412 2500 Nec
443 2476 565 2501 servus
590 2466 781 2512 quicquam
829 2467 935 2503 ebere
957 2471 1077 2512 potest
1100 2478 1167 2503 nec
1191 2477 1291 2503 servo

202 2512 322 2554 potest
351 2510 490 2554 deberi,
523 2510 587 2547 sed
620 2522 702 2547 cum
726 2522 768 2547 eo
792 2513 899 2548 verbo
924 2513 1124 2556 abutimur,
1155 2512 1293 2548 factum

203 2555 314 2607 magis
346 2555 628 2592 demonstramus
661 2567 769 2602 quain
799 2557 846 2593 ad
879 2558 935 2593 ius
971 2558 1072 2594 civile
1106 2557 1292 2593 referimus

203 2599 464 2645 obligationem.
500 2602 623 2647 itaque
646 2602 743 2647 quod
767 2613 867 2638 servo
893 2602 1062 2646 debetur,
1094 2603 1139 2638 ab
1173 2607 1291 2639 extra-

202 2645 277 2680 neis
301 2644 464 2681 dominus
489 2651 587 2683 recte
609 2651 718 2693 petet,
743 2647 840 2693 quod
864 2658 985 2684 servus
1008 2649 1085 2694 ipse
1108 2648 1225 2691 debet,
1250 2658 1291 2685 eo

206 2690 343 2725 nomine
366 2691 402 2725 in
426 2691 604 2736 peculium
628 2696 682 2736 et,
715 2693 746 2728 si
778 2693 863 2739 quid
894 2693 977 2729 inde
1000 2694 1038 2729 in
1061 2704 1137 2729 rem
1160 2693 1293 2729 domini

209 2744 343 2770 versum
367 2740 431 2779 est,
454 2737 492 2771 in
515 2737 696 2773 dominum
720 2739 814 2774 actio
839 2738 955 2774 datur.

248 2777 302 2817 42
326 2780 434 2816 IDEM
451 2781 542 2818 libro
566 2783 776 2820 duodecimo
797 2784 848 2820 ad
869 2784 1023 2820 edictum
1068 2785 1111 2820 In
1142 2784 1292 2830 adroga-

203 2829 315 2861 torem
357 2825 402 2862 de
435 2827 574 2871 peculio
612 2829 790 2864 actionem
826 2829 980 2865 dandam
1015 2829 1161 2875 quidam
1194 2834 1293 2865 recte

202 2873 343 2922 putant,
368 2872 527 2923 quamvis
551 2872 704 2909 Sabinus
729 2877 765 2909 et
789 2874 933 2911 Cassius
957 2885 1002 2910 ex
1025 2879 1109 2910 ante
1126 2878 1228 2920 gesto
1248 2874 1292 2910 de

202 2915 341 2961 pecuho
366 2919 543 2952 actionem
566 2929 637 2954 non
664 2929 742 2955 esse
765 2919 920 2955 dandam
944 2920 1158 2956 existimant.

250 2957 303 2998 43
329 2959 490 2996 Psvws
505 2962 596 2998 libro
617 2965 1052 3010 triqensimoadedictum
1100 2965 1138 3001 Si
1148 2969 1290 3011 postea-

203 3015 311 3051 quam
334 3009 454 3058 tecum
477 3006 522 3058 de
570 3009 684 3045 eculio
710 3010 774 3054 egi,
799 3014 884 3046 ante
906 3021 981 3046 rem
1003 3010 1198 3046 iudicatam
1217 3021 1290 3047 ser-

203 3061 286 3086 vum
309 3050 518 3094 vendideris,
575 3054 665 3090 abeo
690 3055 740 3089 ait
764 3055 870 3090 etiam
894 3055 970 3091 eius
989 3056 1119 3101 peculii
1137 3056 1291 3099 nomine,

205 3095 300 3141 quod
322 3095 420 3142 apud
444 3107 499 3132 em
525 3101 638 3133 torem
662 3100 873 3144 quaesierit,
906 3100 1069 3136 damnari
1099 3105 1136 3137 te
1160 3101 1291 3137 debere

204 3151 271 3194 nec
294 3151 488 3177 succurren
514 3153 574 3177 um
597 3144 680 3179 tibi:
712 3146 819 3191 culpa
842 3146 936 3181 enim
958 3150 1023 3182 tua
1045 3146 1083 3182 id
1105 3146 1290 3190 accidisse,

204 3197 265 3232 qui
288 3196 428 3223 servum
451 3187 679 3224 vendidisses.

249 3229 305 3269 44
335 3230 531 3268 Î Î¹Î¡Î™Î‘ÎÎ Îµ
549 3232 640 3269 libro
664 3236 917 3282 sexagensimo
942 3237 1046 3272 tertio
1071 3236 1121 3272 ad
1138 3235 1291 3272 edictum

204 3276 244 3312 Si
273 3276 354 3330 quis
386 3287 484 3330 cumÎ‡
497 3277 570 3314 filio
600 3277 754 3314 familias
790 3281 1026 3324 contraxerit,
1063 3281 1152 3318 duos
1182 3281 1293 3318 habet

204 3321 404 3403 debutlâ€˜i'm'
434 3321 547 3359 filium
579 3323 617 3359 in
641 3324 792 3360 solidum
816 3330 852 3361 et
874 3330 1014 3372 patrem
1037 3326 1225 3363 dumtaxat
1248 3327 1292 3362 de

230 3377 270 3403 ec
323 3377 355 3404 o.

203 3378 228 3413 p
252 3411 305 3450 45
330 3412 491 3449 Î¡Î‘ÏƒÎ¹Ï…Îµ
517 3412 609 3448 libro
639 3416 893 3461 sexayeusimo
918 3417 1043 3463 primo
1067 3416 1118 3453 ad
1137 3416 1291 3453 edictum

205 3457 362 3503 Ideoque
383 3458 414 3493 si
435 3461 540 3504 pater
562 3457 634 3494 filio
657 3458 836 3511 peculium
860 3460 1068 3506 ademisset,
1092 3462 1201 3498 nihilo
1226 3462 1291 3497 mi-

205 3513 273 3538 nus
298 3502 491 3539 creditores
515 3513 597 3539 cum
619 3502 692 3539 filio
715 3513 820 3549 agere
842 3510 1004 3550 possunt.

251 3545 305 3587 46
328 3547 435 3584 lusu
461 3547 553 3585 libro
581 3550 835 3596 seoeaqensimo
859 3550 910 3586 ad
931 3551 1084 3588 edictum
1131 3551 1199 3597 Qui
1228 3561 1291 3598 pe-

204 3663 245 3702 (Î¹)
270 3662 362 3695 tribu
372 3662 409 3696 F
547 3663 591 3706 (2)
615 3663 646 3696 ai
657 3666 736 3696 ante
747 3663 976 3697 venditionem
990 3676 1103 3697 servus
1116 3665 1148 3698 ei
1159 3665 1290 3708 aliquid

206 3706 359 3739 debuerit
378 3708 430 3741 vel
446 3709 569 3742 similia
588 3709 649 3742 ins.
819 3715 863 3748 (8)
887 3709 953 3742 mir.
962 3713 1018 3742 nat
1037 3710 1206 3752 peculium
1226 3723 1288 3745 scr.

1282 81 1367 129 2â°0

2428 19 2430 22 ,
2483 0 2515 21 51Â³.

2487 26 2505 51 ,Î¼Î¼

1367 206 1451 243 culii
1485 206 1827 244 administrationem
1864 207 2046 251 concedit,
2081 209 2219 246 videtur
2249 211 2451 257 permittere

1366 252 1587 334 geitilssapten
1611 253 1706 333 quod
1730 258 1766 289 et
1788 254 1990 299 specialiter
2013 254 2248 299 permissurus
2272 260 2336 292 est.

1514 306 1599 332 Dru

1365 342 1517 378 taberna
1538 342 1591 377 ita
1613 342 1785 388 scriptum
1802 343 1930 379 fuisset
1953 346 2046 379 â€˜cum
2065 344 2232 381 Ianuario
2252 356 2353 382 servo
2372 357 2451 383 meo

1366 388 1452 432 â€˜geri
1474 387 1654 432 negotium
1675 389 1780 431 vetoâ€™,
1803 389 1873 424 hoc
1897 389 2012 424 solum
2036 394 2266 426 consecutum
2290 401 2369 428 esse
2387 392 2451 427 do-

1365 433 1499 468 minum
1524 436 1684 476 constat,
1707 443 1753 469 ne
1775 434 1952 469 institoria
1975 438 2158 478 teneatur,
2182 446 2255 472 non
2279 436 2385 472 etiam
2408 437 2452 473 de

1370 481 1382 512 1
1432 476 1585 523 peculio.
1633 477 1785 514 Sabinus
1817 479 2002 524 respondit
2024 490 2097 515 non
2120 480 2209 516 alias
2232 481 2384 517 dandam
2408 483 2452 517 de

1364 523 1505 568 peculio
1517 524 1743 559 actionemin
1755 523 1944 567 dominum,
1968 535 2049 559 cum
2069 535 2190 561 servus
2210 525 2452 570 fideiussissetâ€š

1365 568 1434 603 nisi
1456 568 1494 603 in
1516 578 1591 603 rem
1615 567 1746 604 domini
1770 573 1834 604 aut
1857 569 1903 605 ob
1926 580 2002 605 rem
2025 570 2239 615 peculiarem
2257 571 2451 607 fideiussis-

1366 616 1385 648 2
1433 616 1498 648 set.
1547 613 1586 649 Si
1608 614 1718 649 semel
1741 617 1860 650 actum
1884 614 1931 650 sit
1954 614 1998 650 de
2021 615 2180 660 peculio,
2205 617 2363 661 quamvis
2386 618 2449 652 mi-

1365 668 1433 693 nus
1453 658 1655 694 inveniatur
1673 659 1724 695 rei
1742 659 1955 695 iudicandae
1974 663 2133 705 tempore
2144 661 2182 695 in
2194 661 2333 706 peculio
2346 673 2452 714 quam

1365 703 1489 746 debet,
1520 706 1640 739 tamen
1664 704 1889 740 cautionibus
1912 705 2029 740 locum
2054 715 2132 740 esse
2154 716 2227 741 non
2249 707 2387 752 placuit
2410 708 2453 742 de

1363 748 1486 784 futuro
1522 748 1739 785 incremento
1776 749 1923 794 peculii:
1959 749 2029 785 hoc
2059 750 2151 785 enim
2181 751 2219 786 in
2253 762 2318 796 pro
2355 753 2451 788 socio

1365 794 1505 829 actione
1535 794 1654 829 locum
1683 794 1810 838 habet,
1843 795 1927 840 quia
1958 795 2076 830 socius
2108 796 2310 832 universum
2335 796 2450 833 debet.

1366 841 1385 874 3
1434 838 1472 874 Si
1497 839 1650 875 creditor
1681 840 1772 875 servi
1803 840 1848 875 ab
1882 843 2042 884 emptore
2073 844 2168 876 esset
2223 845 2335 877 artem
2367 852 2451 878 con-

1365 887 1528 927 secutus,
1562 888 1762 930 competere
1792 885 1830 920 in
1860 885 2035 930 reliquum
2065 885 2102 920 in
2125 897 2192 921 ven
2220 886 2342 922 'torem
2366 887 2452 922 utile

1364 929 1533 964 iudicium
1556 929 1732 965 Proculus
1755 929 1824 972 ait,
1857 929 1920 965 sed
1951 940 1990 965 re
2013 931 2151 975 integra
2174 942 2247 967 non
2270 942 2348 967 esse
2371 943 2452 978 per-

1364 974 1576 1010 mittendum
1611 975 1726 1010 actori
1757 975 1911 1011 dividere
1943 975 2136 1018 actionem,
2166 980 2207 1011 ut
2237 977 2341 1012 simul
2372 988 2452 1013 cum

1365 1023 1524 1064 emptore
1548 1023 1584 1055 et
1604 1030 1685 1055 cum
1703 1020 1889 1056 venditore
1908 1021 2128 1065 experiatur:
2154 1021 2242 1057 satis
2263 1022 2355 1057 enim
2375 1033 2453 1058 esse

1363 1064 1434 1100 hoc
1457 1065 1572 1101 solum
1596 1065 1629 1100 ei
1650 1065 1761 1101 tribui
1774 1067 1796 1108 Â¹,
1821 1070 1862 1101 ut
1884 1066 2035 1101 rescisso
2058 1066 2242 1111 superiore
2264 1067 2395 1103 iudicio
2414 1068 2452 1103 in

1364 1110 1516 1145 alterum
1540 1110 1644 1146 detur
1666 1110 1699 1146 ei
1723 1111 1835 1153 actio,
1869 1122 1950 1146 cum
1981 1111 2093 1147 electo
2126 1122 2187 1147 reo
2219 1112 2334 1148 minus
2359 1116 2453 1148 esset

1364 1158 1385 1190 4
1432 1159 1665 1191 consecutus:
1691 1159 1729 1191 et
1749 1156 1819 1192 hoc
1839 1156 1916 1191 iure
1935 1156 2077 1192 utimur.
2124 1156 2207 1192 Non
2226 1161 2367 1193 tantum
2387 1169 2451 1193 au-

1363 1203 1435 1236 tem
1454 1200 1566 1246 quivis
1587 1201 1743 1237 creditor
1762 1211 1842 1237 cum
1861 1201 2043 1237 venditore
2064 1211 2108 1237 ex
2127 1205 2210 1237 ante
2228 1206 2328 1247 gesto
2349 1214 2453 1248 agere

1363 1249 1501 1291 potest,
1526 1245 1590 1281 sed
1614 1249 1650 1281 et
1670 1246 1749 1291 ipse
1773 1250 1928 1292 emptor,
1954 1247 2060 1292 idque
2084 1250 2120 1282 et
2142 1247 2279 1283 Iuliano
2303 1248 2451 1291 videtur,

1364 1291 1523 1336 quamvis
1544 1295 1580 1326 et
1600 1291 1775 1327 deducere
1794 1292 1871 1337 ipse
1916 1295 2010 1327 otest
2029 1291 2198 1327 adversus
2218 1293 2325 1328 alium
2345 1303 2451 1338 agen-

1363 1340 1447 1379 tem,
1472 1336 1557 1372 dum
1579 1340 1700 1372 tamen
1722 1336 1778 1380 id,
1803 1303 1913 1382 quodp
1923 1336 2019 1382 apud
2043 1347 2082 1373 se
2104 1337 2232 1381 habet,
2257 1342 2448 1383 computet.

1364 1385 1384 1417 5
1433 1381 1471 1417 Si
1494 1390 1616 1418 servus
1640 1381 1793 1418 deducto
1817 1382 1957 1427 peculio
1989 1382 2152 1418 venditus
2184 1383 2248 1425 sit,
2280 1384 2450 1428 procedit,

1363 1429 1405 1463 ut
1426 1426 1590 1463 venditor
1613 1431 1649 1463 et
1669 1427 1883 1463 deductione
1902 1428 1955 1463 uti
1974 1427 2122 1473 possit2â€š
2148 1431 2193 1471 et,
2218 1428 2250 1463 si
2294 1432 2351 1464 ost
2367 1440 2451 1465 ven-

1363 1471 1532 1508 ditionem
1552 1473 1712 1518 coeperit
1730 1472 1864 1518 aliquid
1883 1473 2059 1509 venditori
2077 1483 2197 1509 servus
2219 1474 2264 1509 de
2290 1484 2359 1516 ere,
2379 1485 2451 1510 non

1363 1520 1384 1553 6
1429 1518 1557 1553 minuit
1588 1518 1773 1563 peculiaÂ³,
1803 1519 1887 1563 quia
1916 1529 1990 1553 non
2021 1518 2164 1554 domino
2188 1518 2305 1555 debet.
2354 1519 2452 1563 Quae

1363 1562 1515 1598 diximus
1538 1563 1575 1598 in
1600 1567 1759 1609 emptore
1791 1568 1827 1598 et
1855 1563 2056 1606 venditore,
2088 1563 2211 1599 eadem
2242 1567 2326 1600 sunt
2356 1569 2392 1601 et
2422 1565 2452 1600 si

1363 1608 1433 1644 alio
1459 1608 1582 1653 quovis
1605 1619 1734 1654 genere
1758 1608 1951 1644 dominium
1974 1612 2151 1644 mutatum
2175 1610 2232 1652 sit,
2256 1613 2299 1645 ut
2321 1610 2449 1655 legato,

1363 1653 1456 1689 dotis
1480 1654 1645 1697 datione,
1670 1654 1754 1707 quia
1777 1654 1879 1699 quasi
1902 1654 2155 1699 patrimonium
2176 1655 2279 1690 liberi
2300 1655 2451 1691 hominis

1362 1699 1541 1744 peculium
1565 1699 1656 1735 servi
1678 1699 1904 1744 intellegitur,
1928 1699 2144 1745 ubicumque
2167 1704 2271 1736 esset.

1408 1741 1462 1782 48
1487 1743 1593 1780 IDEM
1621 1744 1712 1780 libro
1744 1745 1895 1791 septimo
1927 1744 2064 1780 decimo
2088 1745 2139 1780 ad
2159 1744 2344 1781 Plautium
2389 1745 2450 1781 LiÎ‡

1361 1789 1450 1825 bera
1472 1790 1603 1835 peculii
1627 1789 1886 1826 administratio
1911 1800 1983 1825 non
2002 1794 2189 1835 permanet
2205 1801 2320 1836 neque
2339 1790 2376 1826 in
2393 1791 2450 1826 fu-

1360 1835 1468 1880 gitivo
1491 1845 1606 1880 neque
1629 1835 1667 1870 in
1690 1835 1861 1880 subrepto
1885 1845 1999 1880 neque
2021 1835 2059 1870 in
2083 1845 2137 1878 eo,
2162 1835 2207 1871 de
2225 1847 2295 1881 quo
2315 1836 2453 1872 nesciat

1365 1884 1380 1915 1
1430 1880 1528 1933 quis,
1559 1881 1655 1916 vivat
1678 1891 1725 1916 an
1747 1884 1911 1916 mortuus
1934 1880 1990 1916 sit.
2040 1880 2107 1916 Cui
2128 1881 2259 1926 peculii
2282 1881 2450 1916 adminis-

1361 1928 1468 1961 tratio
1493 1925 1578 1961 data
1601 1929 1666 1968 est,
1691 1925 1747 1961 del
1792 1936 1854 1962 are
1877 1925 2072 1961 debitorem
2095 1937 2199 1962 suum
2221 1930 2352 1971 potest.

1408 1969 1463 2009 49
1487 1970 1718 2006 Poupomvs
1746 1935 1837 2007 {iro
1868 1974 2000 2017 quarto
2024 1971 2075 2006 ad
2096 1970 2266 2014 Quintum
2289 1971 2450 2007 Mucium

1361 2016 1446 2052 Non
1481 2016 1597 2052 solum
1630 2016 1668 2051 id
1697 2016 1876 2062 peculium
1909 2021 1982 2059 est,
2019 2016 2116 2061 quod
2150 2016 2314 2052 dominus
2349 2027 2449 2052 servo

1363 2062 1559 2104 concessit,
1589 2072 1712 2097 verum
1733 2061 1771 2096 id
1794 2071 1952 2107 quoque,
1985 2061 2082 2107 quod
2103 2061 2288 2107 ignorante
2311 2062 2448 2107 quidem

1362 2118 1404 2143 eo
1429 2106 1645 2152 adquisitum
1668 2107 1732 2149 sit,
1756 2110 1888 2150 tamen,
1912 2107 1944 2142 si
1966 2107 2152 2150 rescisset,
2175 2117 2349 2152 passurus
2373 2111 2445 2143 erat

1365 2155 1380 2188 1
1431 2162 1510 2188 esse
1542 2152 1581 2187 in
1614 2152 1766 2197 peculio.
1815 2151 1854 2187 Si
1882 2151 2070 2197 ignorante
2099 2162 2156 2188 me
2191 2162 2314 2188 servus
2348 2162 2447 2187 meus

1363 2198 1506 2243 negotia
1534 2207 1615 2233 mea
1645 2197 1960 2240 administraverit,
1991 2197 2165 2233 tantidem
2196 2197 2336 2234 debitor
2365 2197 2451 2232 mihi

1361 2243 1602 2288 intellegetur,
1634 2242 1758 2288 quanti
1781 2242 1989 2285 tenebatur,
2019 2243 2050 2278 si
2079 2242 2170 2278 liber
2199 2243 2342 2287 negotia
2371 2253 2447 2278 mea

1362 2291 1382 2323 2
1430 2288 1723 2323 administrasset.
1772 2287 1821 2323 Ut
1843 2287 1982 2323 debitor
2004 2287 2060 2323 vel
2083 2298 2206 2323 servus
2230 2288 2371 2323 domino
2395 2288 2450 2323 vel

1362 2333 1526 2368 dominus
1550 2343 1652 2369 servo
1683 2333 1926 2378 intellegatur,
1959 2343 2003 2368 ex
2035 2343 2146 2368 causa
2179 2332 2271 2368 civili
2303 2343 2448 2378 compu-

1361 2378 1509 2413 tandum
1534 2381 1604 2414 est:
1629 2378 1780 2423 ideoque
1803 2378 1834 2414 si
1857 2377 2021 2413 dominus
2044 2377 2082 2413 in
2105 2378 2261 2413 rationes
2286 2388 2369 2413 suas
2393 2388 2447 2413 re-

1361 2423 1455 2459 ferat
1467 2434 1506 2459 se
1519 2423 1648 2459 debere
1668 2433 1770 2459 servo
1789 2433 1866 2466 suo,
1888 2433 1970 2458 cum
1989 2423 2132 2458 omnino
2152 2433 2198 2458 ne
2222 2433 2268 2459 ue
2287 2428 2449 2459 mutuum

1362 2469 1541 2548 acpieperit
1560 2479 1676 2549 igqute
1694 2468 1768 2504 ulla
1787 2478 1906 2549 3â¸39ss
1909 2472 2155 2513 praecesserat
2167 2468 2212 2504 de
2238 2468 2330 2511 endi,
2351 2468 2449 2504 nuda

1361 2524 1402 2549 ra
1431 2524 1453 2549 o
1476 2524 1549 2549 non
1611 2525 1644 2549 ci
1684 2524 1764 2550 eum
1813 2524 1832 2549 e
1857 2525 1870 2548 i
1909 2523 1995 2549 rem.

1407 2557 1460 2597 50
1485 2558 1732 2595 Pspmmmfs
1751 2559 1842 2595 libro
1866 2570 1962 2594 nono
1986 2559 2234 2605 quaestionum
2280 2558 2336 2594 Eo
2359 2562 2447 2594 tem-

1360 2615 1460 2650 pore,
1484 2615 1554 2650 quo
1579 2605 1616 2639 in
1639 2604 1779 2650 peculio
1800 2604 1887 2639 nihil
1907 2607 1974 2647 est,
1997 2607 2101 2650 pater
2119 2604 2255 2639 latitat:
2279 2604 2317 2639 in
2335 2604 2447 2639 bono-

1361 2660 1440 2685 rum
1462 2650 1725 2694 possessionem
1749 2650 1824 2686 eius
1847 2650 1898 2685 rei
1922 2649 2116 2685 servandae
2136 2659 2247 2685 causa
2264 2649 2358 2684 mitti
2375 2659 2446 2684 non

1361 2705 1526 2740 possum,
1556 2695 1615 2740 qui
1648 2695 1692 2731 de
1721 2695 1860 2740 peculio
1893 2705 1975 2731 cuin
1998 2704 2040 2731 eo
2065 2698 2211 2730 acturus
2235 2705 2333 2737 sum,
2364 2694 2448 2739 quia

1361 2750 1434 2776 non
1456 2739 1694 2776 fraudationis
1719 2750 1830 2776 causa
1851 2740 1971 2775 latitat
2018 2740 2073 2782 ui,
2105 2739 2135 2774 si
2157 2739 2327 2775 iudicium
2351 2739 2445 2774 acci-

1387 2788 1479 2828 eretâ€š
1511 2785 1648 2821 absolvi
1679 2785 1834 2821 deberet.
1870 2795 1936 2821 nec
1967 2795 1990 2820 a
2044 2795 2118 2820 rein
2149 2785 2319 2830 pertinet,
2374 2783 2447 2819 uod

1386 2831 1438 2866 eri
1460 2834 1590 2876 potest,
1614 2834 1656 2865 ut
1679 2831 1859 2866 damnatio
1879 2834 2067 2875 sequatur:
2092 2840 2175 2864 nam
2195 2834 2232 2866 et
2250 2830 2282 2866 si
2298 2829 2337 2865 in
2381 2830 2446 2864 'em

1360 2876 1415 2912 vel
1438 2876 1505 2912 sub
1530 2875 1739 2911 condicione
1763 2875 1954 2917 debeatur,
1979 2875 2215 2910 fraudationis
2240 2884 2351 2910 causa
2373 2884 2446 2910 non

1358 2920 1499 2956 videtur
1528 2920 1688 2963 latitare,
1721 2920 1863 2956 tametsi
1892 2924 2012 2966 potest
2043 2920 2169 2955 iudicis
2199 2920 2330 2956 iniuria
2360 2929 2445 2955 con-

1361 2965 1530 3002 demnari.
1567 2966 1629 3002 sed
1662 2965 1906 3001 fideiussorem
1938 2966 2061 3001 datum
2093 2976 2135 3001 eo
2167 2969 2343 3011 tempore,
2375 2975 2445 3009 quo

1360 3011 1448 3046 nihil
1469 3011 1507 3046 in
1529 3011 1669 3057 peculio
1694 3015 1766 3053 est,
1797 3011 1913 3046 teneri
1942 3014 2047 3056 putat
2069 3011 2247 3053 Iulianus,
2280 3010 2446 3055 quoniam

1359 3056 1548 3092 fideiussor
1576 3055 1722 3091 futurae
1752 3066 1894 3101 quoque
1923 3056 2075 3092 actionis
2108 3056 2223 3101 accipi
2251 3054 2384 3100 possit,
2415 3054 2445 3089 si

1365 3107 1376 3136 1
1427 3105 1548 3137 tamen
1570 3101 1623 3137 sic
1646 3105 1817 3146 acceptus
1842 3104 1906 3136 est.
1954 3101 1992 3137 Si
2015 3101 2172 3137 creditor
2193 3104 2351 3146 patrem,
2384 3099 2444 3145 qui

1360 3147 1404 3182 de
1427 3146 1566 3192 peculio
1589 3147 1796 3188 tenebatur,
1820 3146 1985 3182 heredem
2007 3146 2220 3189 instituerit,
2269 3146 2329 3181 uia
2351 3155 2444 3180 mor-

1359 3192 1405 3228 tis
1428 3196 1568 3237 tempus
1591 3191 1629 3226 in
1652 3190 1834 3227 Falcidiae
1857 3191 1995 3227 ratione
2019 3195 2213 3236 spectatur,
2237 3190 2331 3226 ilius
2355 3193 2443 3225 tem-

1361 3240 1380 3272 2
1427 3237 1524 3282 poris
1553 3236 1732 3282 peculium
1763 3236 2056 3272 considerabitur.
2105 3236 2225 3271 Etiam
2255 3239 2444 3281 postquam

1361 3282 1524 3318 dominns
1559 3281 1604 3317 de
1636 3281 1776 3327 peculio
1810 3285 2006 3317 conventus
2041 3285 2114 3323 est,
2156 3281 2345 3316 fideiussor
2378 3289 2443 3325 pro

1360 3337 1462 3363 servo
1487 3327 1566 3363 acci
1590 3326 1604 3362 i
1632 3330 1754 3372 potest
1783 3330 1820 3362 et
1849 3326 1970 3369 ideoâ€˜,
2008 3337 2080 3372 qua
2110 3326 2266 3368 ratione,
2301 3325 2331 3360 si
2362 3328 2445 3370 post

1360 3372 1538 3424 actionem
1586 3371 1730 3407 â€˜ctatam
1761 3381 1883 3407 servus
1914 3371 2103 3425 pecuniam
2135 3370 2341 3423 exsolverit,
2372 3379 2444 3404 non

1359 3420 1660 3505 ffisst1'essaefssss
1676 3416 2444 3514 zzszzffiffiissfflffiffiuffitsâ€˜ffiÂ³22Â¹}

1361 3511 1485 3552 ceptus
1508 3507 1695 3550 videbitur,
1716 3506 1800 3560 quia
1818 3507 1992 3543 naturalis
2011 3506 2192 3552 obligatio,
2213 3515 2320 3551 quam
2338 3504 2444 3540 etiam

1360 3562 1483 3588 servus
1507 3551 1688 3598 suscipere
1711 3551 1850 3588 videtur
1859 3553 1885 3595 â¶,
1906 3551 1944 3588 in
1966 3552 2065 3588 litem
2087 3551 2264 3587 translata
2284 3560 2358 3587 non
2377 3551 2441 3585 est.

1359 3667 1400 3708 (â´)
1426 3666 1501 3699 ideo
1514 3667 1576 3700 del.
1670 3667 1713 3709 (5)
1736 3665 1907 3699 videbitur
1917 3665 1970 3699 Î“*

2157 100 2220 132 nn
2247 75 2443 134 racemo
2497 107 2501 109 Î‡

1637 298 1714 334 ibro
1746 302 1878 345 quarto
1909 298 1960 334 ad
1981 298 2166 335 Plautium
2199 300 2382 353 'Quotiens
2412 303 2451 338 in
2503 303 2505 305 â€™
