2528 3918
0 0 419 18 ἡὴ
430 0 434 1 ’

128 157 273 192 FACTA
300 157 414 191 sum*
442 158 500 190 ΠΤ
528 156 862 190 ΒΕΒΤΙΤΠΔΝΊἮΒ

132 273 173 306 19
219 269 290 306 Per
319 269 414 307 hanc
444 270 620 307 actionem
649 279 707 306 res
734 268 876 305 restitui
907 267 1013 304 debet
1044 278 1125 304 cum
1149 277 1214 303 sua

130 319 173 351 20
219 315 356 351 scilicet
380 326 501 352 causa.
541 315 592 351 Et
614 314 764 359 fructus,
789 324 862 350 non
885 316 1025 349 tantum
1050 312 1109 359 qui
1132 323 1214 358 per-

129 360 224 406 cepti
255 365 356 404 sunt,
386 372 509 398 verum
532 361 660 397 etiam¹
683 359 740 403 hi,
772 360 834 405 qui
861 359 997 404 percipi
1020 359 1216 404 potuerunt

128 416 151 441 a
173 405 393 450 fraudatore,
417 407 563 442 veniunt
600 405 664 441 sed
687 416 768 442 cum
792 404 912 450 aliquo
937 404 1054 447 modo,
1079 403 1216 439 scilicet

129 454 170 486 ιιι
201 456 364 496 sumptus
392 451 481 487 facti
511 434 754 487 deducantur:
795 460 878 485 nam
909 449 1055 485 arbitrio
1087 448 1214 483 iudicis

128 507 200 532 non
224 497 323 542 prius
347 496 526 542 cogendus
551 499 605 532 est
626 507 702 532 rem
725 495 930 538 restituere,
964 505 1071 539 quam
1095 494 1126 529 si
1149 493 1214 528 im-

155 551 260 578 ensas
291 542 512 578 necessarias
544 545 802 586 consequatur:
839 541 1003 585 idemque
1033 539 1100 575 erit
1130 549 1214 584 pro-

128 552 286 622 flandum
310 592 346 622 et
368 587 400 622 si
423 587 503 632 quis
527 587 643 622 alios²
666 589 829 631 sumptus
855 596 897 620 ex
921 585 1108 621 voluntate
1127 583 1214 619 fide-

130 635 170 667 21
219 632 396 668 iussorum
420 632 705 676 creditorumque
727 630 864 666 fecerit.
900 631 1050 666 Partum
1074 639 1215 676 quoque

129 679 172 712 22
219 677 256 712 in
278 677 373 712 hanc
397 678 572 713 actionem
591 677 711 712 venire
729 681 819 722 puto
840 676 957 711 verius
977 686 1068 712 esse.
1105 675 1213 727 Prae-

129 727 228 758 terea
256 722 470 767 generaliter
500 722 683 758 sciendum
707 726 762 757 est
785 732 830 757 ex
853 722 922 757 hae
946 722 1088 756 actione
1110 723 1215 755 resti-

128 767 301 803 tutionem
324 767 402 803 fieri
426 778 447 803 o
474 772 593 804 ortere
615 767 653 803 in
675 766 865 813 pristinum
888 770 1031 810 statum,
1060 765 1133 802 sive
1156 775 1214 800 res

128 811 274 848 fuerunt
296 812 369 848 sive
392 813 438 849 ob
454 813 645 858 lgationes.
668 815 711 848 ut
733 812 881 857 perinde
905 812 1023 847 omnia
1045 821 1213 847 revocen-

128 862 206 901 tur,
238 868 282 893 ae
312 858 343 894 si
373 858 537 894 liberatio
566 858 666 894 facta
693 869 766 894 non
796 862 899 893 esset.
948 860 1096 902 propter
1120 855 1215 902 quod

128 903 236 938 etiam
265 903 372 938 medii
403 904 572 949 temporis
603 903 842 946 commodum,
883 903 979 947 quod
1039 902 1094 937 uis
1130 912 1214 937 con-

128 951 336 992 sequeretur
365 948 579 984 liberatione
602 959 675 984 non
698 948 814 992 facta,
848 952 1018 1001 praestan
1044 958 1104 982 um
1136 947 1214 989 erit,

129 993 212 1028 dum
245 1004 376 1030 usurae
406 1004 478 1029 non
505 998 752 1039 praestentur,
786 994 816 1029 si
845 1005 883 1029 111
913 993 1122 1038 stipulatum
1154 991 1215 1027 de-

129 1039 258 1074 ductae
287 1049 361 1074 non
393 1039 556 1083 fuerunt,
587 1043 651 1075 aut
680 1039 735 1075 si³
765 1039 849 1074 talis
879 1042 1086 1074 contractus
1109 1037 1179 1072 fuit
1188 1038 1213 1079 ⁴,

128 1084 166 1118 in
189 1094 259 1129 quo
283 1094 415 1120 usurae
439 1084 562 1120 deberi
585 1088 781 1130 potuerunt
804 1085 911 1120 etiam
935 1095 1008 1119 non
1026 1083 1213 1119 deductae.

129 1132 171 1164 23
219 1129 258 1165 Si
289 1129 543 1166 condicionalis
567 1130 636 1165 fuit
659 1130 731 1165 obli
756 1130 847 1174 atio,
880 1140 962 1165 cum
994 1139 1061 1164 sua
1092 1127 1214 1164 condi-

129 1174 251 1219 cione,
275 1174 307 1210 si
328 1175 366 1210 in
390 1175 501 1219 diem,
534 1186 615 1211 cum
639 1186 706 1211 sua
756 1175 787 1211 'e
810 1174 1047 1211 restauranda
1071 1178 1136 1209 est.
1185 1173 1215 1208 si

127 1224 248 1255 tamen
271 1219 315 1255 ea
339 1226 435 1264 erat,
467 1220 569 1256 cuius
594 1221 669 1256 dies
692 1220 834 1263 finitur,
866 1223 986 1266 potest
1015 1219 1087 1255 dici
1110 1218 1214 1254 resti-

129 1265 302 1301 tutionem
325 1265 420 1300 intra
442 1265 480 1301 id
502 1270 643 1312 tempus
667 1276 773 1312 posse
796 1265 983 1311 postulari,
1008 1264 1103 1310 quod
1125 1267 1214 1299 tem-

128 1320 196 1355 pus
220 1315 408 1355 supererat
432 1311 657 1356 obligationi,
689 1322 761 1347 non
791 1311 914 1356 utique
942 1311 1040 1346 intra
1069 1320 1213 1345 annum.

129 1358 172 1390 24
217 1355 318 1391 Haec
348 1356 442 1392 actio
474 1360 558 1402 post
589 1367 722 1392 annum
753 1356 796 1392 de
825 1367 886 1399 eo,
924 1355 1019 1402 quod
1055 1355 1102 1390 ad
1133 1365 1214 1390 eum

127 1400 306 1453 pervenit,
341 1401 510 1437 adversus
544 1413 648 1447 quem
680 1402 774 1437 actio
806 1405 984 1444 movetur,
1026 1400 1213 1446 competit:

127 1445 285 1491 iniquum
310 1446 402 1481 enim
424 1450 572 1492 praetor
594 1448 734 1492 putavit
760 1447 798 1482 in
826 1447 928 1483 lucro
957 1445 1092 1482 morari
1123 1457 1213 1489 eum,

129 1491 189 1535 qui
211 1491 350 1527 lucrum
372 1492 485 1528 sensit
508 1503 553 1528 ex
576 1492 722 1528 fraude:
753 1492 889 1528 idcirco
918 1492 1057 1527 lucrum
1087 1491 1120 1527 ei
1153 1502 1213 1526 ex-

128 1537 364 1582 torquendum
394 1537 542 1583 putavit.
589 1538 662 1574 sive
692 1538 802 1583 igitur
830 1538 911 1590 ipse
938 1537 1126 1573 fraudator
1156 1537 1213 1579 sit,

128 1581 175 1617 ad
221 1592 302 1618 uem
351 1583 502 1626 ervenit,
536 1583 610 1619 sive
639 1583 730 1618 alius
785 1583 893 1627 uiv1s,
926 1582 1096 1635 competit
1118 1581 1213 1618 actio

127 1627 164 1662 in
186 1627 199 1663 i
246 1638 316 1673 quo
365 1627 413 1663 ad
435 1639 516 1664 eum
539 1629 702 1674 pervenit
724 1595 849 1665 ddlove
868 1628 961 1664 malo
983 1639 1060 1664 elus
1078 1627 1214 1663 factum

129 1675 170 1707 25
217 1678 287 1717 εει,
319 1683 390 1719 quo
420 1674 536 1710 minus
565 1674 776 1719 perveniret.
829 1674 929 1709 Haec
965 1674 1059 1709 actio
1091 1673 1212 1708 heredi

127 1718 325 1763 ceterisque
348 1719 616 1755 suecessoribus
641 1719 829 1765 competit:
858 1719 922 1756 sed
946 1723 982 1755 et
1003 1719 1039 1755 in
1063 1718 1213 1755 heredes

127 1763 258 1799 similes
284 1773 330 1799 ue
351 1774 524 1809 personas
548 1764 662 1801 datur.

177 1807 225 1846 11
293 1819 489 1845 summus
508 1808 760 1846 Summum
786 1810 877 1846 libro
909 1813 1014 1846 sexto
1045 1809 1214 1845 interdic-

129 1859 246 1889 torum
294 1854 438 1890 Cassius
467 1855 645 1891 actionem
675 1855 875 1891 introduxit
904 1855 943 1891 in
970 1855 1009 1891 id
1041 1854 1137 1900 quod
1168 1853 1215 1890 ad

128 1899 293 1935 heredem
316 1900 488 1944 pervenit.

177 1942 228 1981 12
260 1944 501 1981 Mamertus
535 1945 626 1982 libro
662 1949 787 1982 octavo
823 1946 960 1981 decimo
994 1945 1215 1992 diqestorum

128 1990 166 2025 Si
194 1994 296 2036 pater
325 1989 399 2026 filio
431 1990 584 2026 familias
609 1991 758 2027 liberam
782 1991 913 2037 peculii
937 1990 1214 2026 administratio-

128 2046 208 2071 nem
240 2035 394 2079 dederit,
427 2046 501 2071 non
529 2036 669 2072 videtur
700 2037 733 2072 ei
757 2040 793 2072 et
814 2037 884 2072 hoc
909 2036 1144 2080 concessisse,
1175 2039 1216 2071 ut

128 2081 166 2115 in
189 2080 353 2116 fraudem
377 2081 592 2117 creditorum
616 2082 808 2117 alienaret:
833 2082 942 2117 talem
965 2082 1057 2118 enim
1081 2081 1216 2117 aliena-

128 2126 260 2162 tionem
289 2137 363 2161 non
394 2127 514 2162 habet.
561 2130 600 2162 at
628 2127 660 2162 si
682 2127 752 2163 hoc
776 2138 917 2180 quoque
941 2127 1119 2163 concessit
1141 2126 1215 2162 filio

127 2175 249 2217 pater,
281 2176 322 2206 ut
352 2171 407 2207 vel
437 2171 476 2207 in
506 2171 668 2208 fraudem
699 2172 917 2208 cred1t0rum
945 2172 1066 2208 facere
1089 2172 1216 2218 possit,

129 2216 306 2252 videbitur
335 2216 411 2261 ipse
442 2216 571 2253 fecisse
603 2221 639 2253 et
667 2217 848 2253 sufficient
879 2228 958 2253 com
985 2221 1120 2254 etentes
1152 2217 1216 2253 ad-

129 2272 251 2297 versus
288 2272 369 2296 eum
401 2262 571 2298 actiones.
627 2263 758 2298 etenim
786 2263 851 2298 filii
883 2273 943 2299 cre
971 2264 1078 2299 'tores
1110 2263 1217 2299 etiam

129 2307 241 2387 {atris
276 2311 360 2342 sunt
394 2307 607 2352 creditores,
649 2319 728 2343 cum
765 2308 842 2344 eius
902 2308 1017 2344 eneris
1054 2309 1219 2345 videlicet

154 2352 313 2388 abebunt
343 2353 536 2396 actionem,
568 2357 610 2388 ut
640 2353 695 2389 his
720 2353 764 2390 de
787 2364 853 2399 pec
896 2354 928 2390 'o
952 2354 1131 2399 praestari
1153 2365 1216 2390 ne-

129 2408 228 2434 cesse
253 2398 309 2433 sit.

179 2440 228 2480 13
254 2442 311 2478 ΡΑ
319 2452 362 2478 σι
370 2453 414 2479 os
441 2443 532 2479 libro
554 2444 809 2491 sexaqensimo
833 2447 958 2480 octavo
990 2444 1041 2480 ad
1062 2445 1216 2481 edictum

129 2488 387 2541 Illud-constat
409 2499 491 2524 eum
515 2489 576 2533 qui
598 2489 726 2534 pignus
749 2492 849 2525 tenet
878 2490 948 2525 hac
977 2490 1120 2526 actione
1143 2501 1217 2526 non

129 2539 259 2569 teneri:
292 2544 358 2569 suo
380 2534 475 2569 enim
497 2534 575 2569 iure
599 2538 634 2569 et
657 2538 697 2569 ut
721 2534 868 2580 pignus,
898 2545 971 2571 non
994 2535 1048 2571 rei
1071 2546 1215 2571 servan-

130 2579 195 2614 dae
219 2589 329 2614 causa
351 2579 521 2624 possidet.

178 2622 229 2661 14
260 2623 455 2660 mmm
480 2624 571 2660 libro
595 2630 700 2659 sexto
730 2624 1016 2670 disputationum
1068 2626 1148 2662 Hac
1177 2626 1216 2662 in

129 2669 265 2704 factum
285 2669 425 2705 actione
445 2680 518 2705 non
536 2668 652 2705 solum
672 2669 828 2705 dominia
845 2674 1070 2715 revocantur,
1094 2682 1217 2707 verum

130 2715 236 2749 etiam
275 2714 435 2750 actiones
473 2717 731 2750 restaurantur.
784 2725 828 2751 ea
862 2719 1011 2760 propter
1048 2727 1126 2752 com
1153 2717 1217 2752 etit

130 2760 219 2794 haec
251 2759 344 2794 actio
369 2763 405 2794 et
427 2759 597 2795 adversus
622 2769 701 2802 eos,
734 2760 795 2804 qui
818 2770 874 2796 rcs
899 2762 996 2796 non⁵
1018 2761 1118 2806 possi
1144 2766 1214 2805 ent,

131 2808 171 2839 ut
192 2804 385 2839 restituant
393 2805 419 2847 ⁶,
450 2808 485 2839 et
515 2804 684 2840 adversus
716 2815 794 2849 eos,
831 2805 960 2857 quibus
992 2807 1085 2842 aetio
1119 2817 1215 2843 com-

130 2849 231 2894 petit,
252 2852 293 2884 ιιι
309 2849 451 2884 actione
470 2849 610 2885 cedant.
647 2850 796 2895 proinde
816 2861 847 2885 ει
863 2851 1120 2896 interposuerit
1137 2852 1216 2897 quis

130 2904 318 2939 personam
342 2894 444 2938 Titii,
476 2899 517 2929 ut
546 2895 578 2929 ei
607 2894 796 2931 fraudator
823 2906 881 2931 res
905 2896 1041 2940 tradat,
1075 2898 1216 2934 actione

130 2939 289 2974 mandati
314 2939 440 2975 cedere
465 2939 581 2975 debet.
618 2950 701 2985 ergo
726 2945 762 2976 et
786 2941 816 2976 si
839 2941 1028 2976 fraudator
1051 2953 1118 2987 pro
1142 2943 1217 2979 filia

130 2995 197 3021 sua
220 2984 338 3020 dotem
362 2984 516 3020 dedisset
539 2985 698 3021 sciente⁷
721 2985 882 3021 fraudari
907 2987 1118 3030 creditores,
1142 2988 1217 3024 filia

131 3034 281 3073 tenetur,
307 3034 348 3065 ut
372 3029 476 3065 cedat
499 3029 639 3065 actione
666 3030 710 3066 de
734 3030 816 3066 dote
841 3031 1011 3068 adversus
1035 3033 1215 3070 maritum.

180 3074 230 3112 15
254 3075 448 3111 IULIANUS
475 3074 566 3110 libro
598 3076 901 3122 quadraqensz’mo
933 3088 1028 3113 nono
1060 3078 1216 3124 diqesco-

130 3131 211 3155 rum
265 3120 301 3155 Si
336 3120 435 3165 quis,
476 3131 557 3155 cum
588 3121 738 3156 haberet
769 3121 902 3157 Titium
935 3122 1145 3158 creditorem
1181 3127 1218 3159 et

131 3165 240 3201 sciret
261 3175 300 3201 se
324 3165 491 3201 solvendo
515 3176 588 3200 non
612 3175 706 3208 esse,
735 3165 920 3203 libertates
945 3167 1081 3203 dederit
1104 3172 1215 3204 testa-

131 3214 261 3254 mento,
285 3210 411 3246 deinde
436 3211 579 3246 dimisso
601 3210 695 3246 Titio
719 3215 846 3256 postea
864 3211 1114 3258 Sempronium
1139 3224 1214 3249 cre-

131 3255 280 3291 ditorem
299 3256 432 3292 habere
450 3256 608 3301 coeperit
625 3259 661 3291 et
678 3255 800 3291 eodem
818 3260 1031 3294 testamento
1050 3264 1216 3294 manente

132 3300 340 3336 decesserit:
375 3300 560 3336 libertates
591 3300 697 3336 datae
724 3305 826 3337 ratae
857 3313 935 3338 esse
965 3303 1114 3346 debent,
1146 3305 1213 3340 etsi

132 3345 309 3381 hereditas
334 3346 502 3381 solvendo
523 3357 595 3381 non
616 3346 673 3390 sit,
699 3346 793 3391 quia,
817 3346 1000 3383 libertates
1021 3352 1061 3383 ut
1078 3349 1213 3384 rescin-

132 3390 281 3433 dantur,
313 3394 503 3436 utrumque
533 3392 569 3426 in
600 3391 804 3427 eorumdem
861 3394 1014 3429 ersona⁸
1044 3395 1214 3440 exigimus

132 3440 168 3470 et
192 3435 378 3471 consilium
402 3439 438 3471 et
456 3440 619 3472 eventum
639 3440 685 3479 et,
710 3437 741 3472 si
761 3437 820 3481 qui
847 3447 901 3472 em
920 3438 1086 3481 creditor,
1111 3440 1214 3474 euius

131 3480 323 3516 fraudandi
346 3481 531 3516 consilium
554 3481 679 3517 initum
703 3487 798 3526 erat,
823 3493 896 3518 non
917 3483 1126 3527 fraudatur,
1151 3485 1213 3520 ad-

132 3594 172 3636 (ι)
196 3594 296 3627 etiam
310 3595 370 3627 dez.
387 3594 437 3627 ΡΞ

134 3641 176 3680 (4)
201 3639 304 3672 fuerit
322 3639 373 3672 ΡΞ
529 3596 570 3635 ‘²‘
596 3595 730 3628 “Buff
809 3596 854 3637 (3)
879 3596 1068 3638 autsilnisi
1083 3598 1217 3631 Voorda

499 3641 542 3682 (5)
568 3651 636 3673 non
655 3641 716 3673 del.
738 3641 812 3673 dett.

132 3685 175 3726 (7)
199 3685 318 3717 scienti
330 3685 364 3717 F
469 3686 514 3726 (8)
537 3695 709 3728 personam
721 3686 756 3717 F
863 3686 908 3727 (9)
933 3689 1029 3719 notat
1041 3689 1120 3721 add.
1134 3688 1216 3721 Hal.

132 3732 192 3772 (10)
217 3729 327 3762 reddit
340 3729 374 3761 F
462 3731 519 3771 (ιι)
543 3730 616 3772 ειεὶ]
628 3730 659 3762 si
670 3730 722 3763 F²
814 3732 875 3772 (12)
900 3731 972 3773 etsi,
990 3732 1018 3764 si
1029 3733 1154 3775 pignus
1165 3733 1218 3765 vir

135 3774 230 3806 uxori
248 3773 300 3807 vel
319 3785 403 3807 uxor
421 3775 492 3807 viro
510 3775 689 3816 remiserit,
710 3775 818 3808 verior
839 3776 1006 3809 sententia
1023 3780 1071 3810 est
1089 3777 1218 3811 nullam

1204 139 1289 188 679

947 3645 991 3683 (6)
1016 3642 1171 3675 restituat
1195 3643 1224 3676 F
1287 3642 1490 3676 creditorum
1507 3642 1578 3686 fiat,
1599 3644 1730 3676 actione
1748 3641 1827 3674 utili
1846 3640 2056 3673 revocabitur
2075 3652 2135 3672 scr.

2101 147 2313 191 XXXXll
2342 150 2368 193 8

1284 277 1408 302 versus
1433 277 1514 302 eum
1539 265 1599 310 qui
1622 265 1813 302 fraudatur
1837 268 2024 305 consilium
2047 269 2174 306 initum
2203 281 2274 308 non
2303 274 2371 309 εει.

1284 312 1469 348 libertates
1493 311 1614 356 itaque
1637 315 1739 347 ratae
1764 317 1856 357 suut,

1333 355 1384 395 16
1409 357 1466 393 ΡΑ
1474 366 1569 393 vsvs
1590 356 1681 392 libro
1706 358 1830 402 quinto
1854 370 2108 405 responsorum
2133 361 2371 398 Parmam·

1284 402 1353 438 nisi
1384 403 1522 448 priores
1550 401 1706 446 pecunia
1736 404 1972 447 posteriorum
2002 406 2137 442 dimissi
2160 407 2369 453 probentur.

1334 445 1382 484 17
1408 447 1602 483 IULIANUS
1630 447 1721 482 libro
1754 449 2057 492 quadraqensimo
2087 463 2183 488 nono
2215 453 2370 500 da‘qesto-

1283 504 1364 527 rum
1421 493 1551 528 Omnes
1582 491 1778 536 debitores,
1809 494 1869 544 qui
1897 487 1937 529 ⁸111
1965 495 2125 532 fraudem
2157 498 2370 534 creditorum

1285 538 1503 580 liberantur,
1535 548 1598 582 per
1631 538 1724 572 hauc
1757 541 1931 573 actlonem
1955 546 2166 577 revocantur
2188 543 2226 578 in
2248 543 2371 589 pristi-

1288 587 1302 618 1
1352 594 1436 618 nam
1467 583 1731 627 obligationem.
1787 583 1921 619 Lucius
1954 585 2068 621 Titius
2105 598 2185 622 cum
2222 588 2372 624 haberet

1285 629 1496 671 creditores,
1537 628 1674 664 libertis
1712 628 1786 663 suis
1819 628 2002 674 isdemque
2035 631 2117 667 filiis
2148 634 2371 669 naturalibus

1284 674 1469 710 universas
1493 684 1550 709 res
1575 684 1659 709 suas
1683 672 1842 708 tradidit.
1890 675 2090 719 respondit:
2117 678 2275 722 quamvis
2298 690 2370 714 non

1284 730 1349 765 pro
1377 723 1507 755 onatur
1531 718 1718 754 consilium
1742 717 1934 754 fraudandi
1957 720 2142 766 habuisse,
2167 727 2286 759 tamen
2310 724 2372 776 qui

1287 775 1346 800 cre
1375 765 1483 800 ‘tores
1507 765 1641 811 habere
1665 774 1705 800 se
1729 764 1798 800 scit
1821 767 1857 799 et
1879 764 2045 800 universa
2067 766 2163 802 bona
2194 778 2260 803 sua
2286 769 2370 804 ahe-

1284 810 1400 852 navit,
1445 809 1703 854 intellegendus
1745 813 1800 845 est
1837 809 2119 846 fraudandorum
2158 814 2372 849 creditorum

1285 855 1472 891 consilium
1501 855 1690 891 habuisse:
1722 854 1873 900 ideoque
1903 858 1941 890 et
1972 855 2001 890 si
2032 855 2094 891 filii
2126 857 2201 893 eius
2230 859 2371 904 ignora-

1284 904 1414 936 verunt
1441 901 1535 936 hanc
1566 904 1719 936 mentem
1749 900 1862 946 patris
1892 900 1948 935 sui
1979 900 2110 944 fuisse,
2141 903 2209 938 hac
2233 904 2373 940 actione

1286 950 1305 981 2
1353 949 1532 981 tenentur.
1569 946 1607 981 Si
1629 946 1684 981 vir
1708 946 1823 988 uxori,
1849 957 1931 981 cum
1955 946 2147 982 creditores
2168 959 2252 985 suos
2274 949 2372 984 frau-

1285 991 1373 1027 dare
1404 992 1527 1036 vellet,
1571 991 1690 1027 soluto
1728 991 1955 1027 matrimonio
1995 996 2218 1036 praesentem
2255 994 2373 1029 dotem

1285 1036 1514 1081 reddidisset,
1552 1047 1659 1082 quam
1698 1040 1835 1072 statuto
1870 1041 2031 1082 tempore
2062 1037 2210 1073 reddere
2242 1039 2372 1082 debuit,

1284 1082 1354 1118 hac
1377 1082 1520 1118 actione
1543 1082 1670 1117 mulier
1693 1086 1834 1117 tantum
1857 1082 2075 1127 praestabit,
2107 1083 2231 1128 quanti
2262 1085 2373 1120 credi-

1284 1131 1403 1163 torum
1440 1128 1615 1163 intererat
1652 1126 1772 1162 dotem
1809 1138 1874 1163 suo
1905 1131 2065 1173 tempore
2095 1128 2195 1163 reddi
2210 1131 2256 1164 ¹⁰:
2292 1140 2374 1164 nam

1284 1177 1430 1218 praetor
1453 1173 1618 1209 fraudem
1641 1173 1748 1208 etiam
1771 1172 1809 1207 in
1833 1177 1994 1218 tempore
2017 1173 2094 1209 fieri
2118 1173 2297 1219 intellegit.

1335 1215 1385 1256 18
1410 1218 1658 1254 Pxpnmmss
1678 1218 1770 1253 libro
1790 1219 1983 1254 vicensimo
2002 1222 2107 1254 sexto
2126 1221 2374 1271 quaestionum

1284 1263 1367 1300 Etsi
1382 1265 1408 1286 ¹¹
1432 1264 1562 1309 pignus
1583 1263 1638 1299 vir
1654 1263 1758 1298 uxori
1778 1264 1833 1299 vel
1852 1274 1945 1299 uxor
1961 1263 2036 1299 viro
2054 1264 2237 1309 remlserit‚
2262 1266 2376 1300 verior

1285 1310 1462 1345 sententia
1494 1313 1550 1345 est
1575 1309 1711 1344 nullam
1734 1308 1811 1344 fieri
1835 1309 2062 1345 donationem
2085 1309 2373 1345 existimantium.

1285 1354 1382 1406 quod
1405 1355 1482 1391 sine
1507 1355 1636 1397 dubio,
1667 1354 1698 1390 si
1721 1354 1758 1389 in
1781 1353 1945 1390 fraudem
1970 1354 2186 1390 creditorum
2209 1355 2289 1399 fiat,
2314 1366 2375 1391 ac-

1284 1403 1381 1436 tione
1412 1400 1492 1435 utili
1522 1400 1749 1436 revocabitur
1762 1400 1800 1434 ¹².
1854 1399 2018 1452 idemque
2049 1403 2105 1435 est
2135 1404 2171 1435 et
2199 1401 2231 1436 si
2263 1401 2375 1446 quivis

1285 1445 1425 1481 debitor
1447 1446 1485 1480 in
1509 1445 1674 1481 fraudem
1699 1444 1916 1481 creditorum
1939 1456 2067 1491 plgnus
2092 1446 2262 1481 omiserit.

1333 1488 1384 1528 19
1416 1490 1526 1526 IDEM
1560 1491 1651 1527 libro
1683 1490 1873 1527 undecimo
1908 1502 1968 1526 res
1995 1501 2166 1526 onsorum
2220 1491 2374 1534 Patrem,

1285 1536 1347 1580 qui
1369 1547 1443 1572 non
1466 1539 1676 1582 exspectata
1698 1539 1814 1571 morte
1839 1546 1906 1572 sua
1933 1535 1959 1571 fi
1986 1535 2246 1572 eicommissum
2274 1537 2375 1572 here-

1285 1581 1408 1617 ditatis
1432 1586 1615 1618 maternae
1639 1581 1712 1616 filio
1734 1581 1852 1617 soluto
1899 1584 2052 1618 otestate
2070 1582 2228 1618 restituit
2246 1583 2377 1618 omissa

1283 1628 1424 1663 ratione
1447 1627 1641 1671 Falcidiae,
1665 1626 1809 1673 plenam
1832 1626 1858 1662 fi
1883 1638 1939 1663 em
1962 1637 2007 1663 ac
2032 1627 2188 1663 debitam
2206 1628 2375 1673 pietatem

1282 1676 1428 1754 {efflui}
1453 1672 1682 1709 exhibitionis
1696 1673 1735 1717 ¹³,
1768 1672 1938 1719 respondi
1961 1683 2034 1709 non
2058 1672 2253 1709 creditores
2276 1672 2375 1709 frau-

1307 1729 1388 1755 asse
1431 1745 1440 1754 .

1330 1762 1383 1802 20
1412 1763 1700 1800 CAzmsrfflws
1720 1763 1812 1800 libro
1829 1763 1988 1800 secundo
2032 1764 2258 1799 uacstionum
2303 1763 2376 1800 De-

1283 1809 1453 1852 bitorem,
1487 1810 1548 1855 qui
1582 1820 1626 1845 ex
1650 1812 1796 1845 senatus
1822 1809 1988 1845 consulto
2045 1809 2239 1845 rebelliano
2264 1813 2377 1845 totam

1283 1855 1520 1890 hereditatem
1550 1854 1725 1898 restituit,
1757 1854 1878 1900 placet
1907 1865 1981 1890 non
2011 1854 2123 1890 videri
2154 1855 2193 1890 in
2215 1855 2377 1891 fraudem

1285 1900 1502 1936 creditorum
1532 1901 1709 1936 alienasse
1767 1900 1959 1943 ortionem,
1990 1911 2097 1946 quam
2128 1901 2281 1936 retinere
2311 1912 2375 1946 po-

1284 1946 1423 1988 tuisset,
1449 1946 1513 1982 sed
1536 1945 1649 1991 magis
1673 1945 1743 1981 fide
1761 1945 1826 1980 ‘ter
1849 1945 1980 1981 facere.

1331 1989 1381 2028 21
1411 1990 1617 2027 Seuerou
1648 1991 1740 2027 libro
1765 1992 1892 2037 primo
1922 2001 2180 2038 responsorum
2226 1991 2377 2027 Debitor

1284 2037 1321 2072 in
1353 2036 1517 2072 fraudem
1549 2036 1738 2072 creditoris
1771 2047 1851 2072 cum
1874 2035 1990 2072 vicino
2017 2036 2060 2072 de
2083 2035 2214 2072 finibus
2237 2037 2376 2082 pignori

1285 2082 1361 2118 dati
1384 2081 1487 2117 fundi
1510 2086 1639 2128 pactus
1663 2085 1737 2117 est:
1772 2081 1990 2126 quaesitum,
2022 2092 2068 2117 an
2091 2081 2142 2126 is,
2170 2082 2231 2127 qui
2254 2093 2276 2117 a
2300 2093 2376 2129 cre-

1287 2128 1401 2163 ditore
1424 2128 1525 2171 emit,
1558 2127 1603 2163 de
1634 2127 1765 2163 finibus
1797 2137 1903 2172 agere
1932 2127 2058 2173 possit.
2106 2127 2293 2180 respondit
2321 2138 2376 2163 se-

1286 2173 1442 2209 cundum
1467 2183 1511 2209 ea
1534 2183 1626 2219 quae
1675 2183 1715 2208 ro
1730 2175 1937 2208 'onerentur
1952 2174 1979 2194 ¹⁵
2007 2183 2080 2208 non
2103 2172 2237 2208 idc1rco
2261 2172 2376 2208 minus

1287 2229 1392 2264 agere
1416 2229 1533 2265 posse,
1559 2229 1629 2265 quo
1681 2218 1725 2254 de
1750 2218 1823 2254 itor
1844 2218 2032 2263 ignorante
2056 2217 2232 2254 creditore
2248 2222 2376 2264 pactus

1287 2267 1391 2300 esset.

1333 2307 1386 2347 22
1410 2309 1519 2345 IDEM
1539 2309 1630 2345 libro
1654 2310 1781 2356 quinto
1804 2320 2060 2356 responsorum
2109 2309 2197 2345 Cum
2220 2309 2258 2344 in
2275 2312 2376 2344 vetus

1287 2355 1462 2391 creditum
1492 2366 1586 2391 unus
1620 2354 1777 2391 creditor
1806 2354 1958 2400 pignora
1981 2354 2198 2400 accepisset,
2230 2365 2375 2400 quaero,

1287 2411 1335 2435 an
1356 2400 1395 2436 in
1417 2400 1582 2436 fraudem
1606 2404 1807 2437 ceterorum
1831 2400 2047 2436 creditorum
2076 2399 2214 2436 factum
2243 2399 2375 2435 nullius

1285 2446 1456 2482 momenti
1476 2450 1582 2482 esset.
1617 2445 1804 2492 respondit
1822 2445 2034 2481 creditorem
2051 2456 2124 2481 non
2140 2445 2273 2481 idcirco
2290 2455 2374 2490 pro-

1285 2491 1479 2527 hibendum
1509 2502 1532 2527 a
1560 2491 1812 2536 persecutione
1833 2490 2038 2537 pignorum,
2069 2490 2181 2536 quod,
2213 2490 2249 2526 in
2274 2494 2375 2525 vetus

1286 2536 1460 2572 creditum
1492 2540 1534 2572 ut
1564 2536 1800 2582 obligaretur,
1832 2539 1962 2582 paetus
1991 2540 2102 2579 esset,
2135 2535 2204 2572 nisi
2233 2535 2270 2571 id
2283 2536 2310 2557 ¹⁶
2337 2535 2375 2570 in

1285 2581 1450 2617 fraudem
1481 2585 1683 2618 ceterorum
1715 2581 1930 2618 creditorum
1959 2581 2097 2617 factum
2125 2581 2172 2617 sit
2195 2584 2230 2617 et
2253 2591 2296 2617 ea
2318 2581 2375 2616 via

1284 2627 1374 2707 iulis
1398 2631 1615 2663 occurratur
1627 2628 1666 2671 ¹⁷,
1699 2637 1770 2673 qua
1803 2626 2020 2663 creditorum
2051 2626 2196 2663 fraudes
2220 2625 2374 2662 rescindi

1286 2683 1325 2709 so
1342 2676 1413 2708 ent.

1331 2715 1384 2756 23
1425 2717 1534 2753 IDEM
1570 2718 1661 2754 libro
1703 2718 1754 2753 tri
1778 2717 1912 2753 ensimo
1953 2717 2111 2753 secundo
2154 2716 2372 2763 diqestorum

1284 2762 1405 2799 Primo
1441 2762 1556 2808 gradu
1593 2763 1718 2808 scripti
1782 2762 1905 2798 eredes
1941 2773 2022 2798 cum
2053 2761 2374 2797 animadverterent

1284 2809 1381 2844 bona
1417 2808 1575 2844 defuncti
1609 2808 1670 2843 vix
1703 2808 1751 2843 ad
1782 2811 1948 2853 quartam
1975 2811 2113 2853 partem
2145 2806 2236 2842 aeris
2268 2806 2373 2841 alieni

1285 2853 1462 2898 sufficere,
1486 2853 1605 2888 famae
1625 2852 1784 2889 defuncti
1806 2852 2072 2888 conservandae
2090 2852 2205 2897 gratia
2223 2861 2268 2886 ex
2287 2862 2370 2886 con-

1285 2909 1393 2934 sensu
1418 2898 1634 2934 creditorum
1658 2899 1874 2934 auctoritate
1893 2898 2068 2944 praesidis
2089 2897 2293 2943 provinciae
2316 2906 2371 2931 se-

1285 2944 1441 2979 eundum
1466 2943 1759 2979 constitutionem·
1779 2954 1822 2979 ea
1846 2943 2054 2979 condicione
2085 2942 2248 2977 adierunt
2270 2942 2370 2976 here-

1285 2989 1441 3033 ditatem,
1461 2992 1503 3024 ut
1519 2989 1754 3024 creditoribus
1772 2989 1958 3024 dumtaxat
1972 2992 2111 3033 partem
2128 2989 2368 3031 praestarent:

1285 3035 1483 3080 quaesitum
1507 3037 1572 3076 est,
1598 3045 1646 3069 an
1669 3033 1878 3070 manumissi
1901 3036 2115 3069 testamento
2136 3036 2169 3067 et
2188 3032 2369 3066 libertates

1285 3083 1320 3114 et
1355 3079 1523 3114 alimenta
1558 3089 1666 3114 conse
1691 3079 1729 3114 ui
1763 3079 1913 3125 possint.
1969 3077 2154 3123 respondit
2186 3076 2369 3111 libertates

1285 3125 1443 3170 quidem,
1474 3124 1504 3160 si
1528 3125 1565 3159 in
1587 3124 1670 3159 frau
1696 3134 1751 3159 em
1776 3124 1992 3160 creditorum
2016 3124 2122 3158 datae
2145 3132 2216 3156 non
2240 3124 2368 3161 essent,

1286 3173 1504 3214 competere,
1539 3169 1658 3214 legata
1689 3180 1788 3213 vero,
1829 3170 1859 3205 si
1891 3168 2058 3205 solvendo
2090 3166 2268 3202 hereditas
2297 3176 2369 3200 non

1285 3219 1388 3256 esset,
1414 3225 1487 3250 non
1510 3214 1643 3250 deberi.

1331 3257 1385 3296 24
1410 3259 1518 3294 IDEM
1537 3259 1627 3295 libro
1646 3259 1830 3306 sinquluri
1848 3259 2094 3305 quaestionum
2107 3255 2255 3302 publice
2276 3258 2367 3291 trac-

1285 3308 1443 3340 tatarum
1489 3304 1651 3350 Pupillus
1682 3305 1776 3350 patri
1803 3305 1906 3340 heres
1931 3302 2048 3339 extitit
2071 3305 2106 3336 et
2130 3300 2192 3335 uni
2216 3299 2367 3335 credito-

1285 3361 1364 3385 rum
1396 3349 1517 3385 solvit:
1552 3360 1636 3385 mox
1659 3350 1833 3385 abstinuit
1856 3349 2052 3384 hereditate
2075 3350 2241 3390 paterna:
2274 3345 2369 3380 bona

1310 3395 1398 3430 atris
1422 3398 1594 3430 veneunt:
1619 3404 1666 3429 an
1688 3395 1726 3430 id
1751 3394 1846 3440 quod
1870 3393 2008 3437 accepit
2027 3390 2181 3426 creditor
2198 3400 2366 3443 revocan-

1285 3406 1369 3475 dum
1393 3439 1450 3482 sit,
1475 3450 1519 3476 ne
1543 3439 1700 3475 melioris
1725 3438 1942 3475 condicionis
1967 3437 2013 3472 sit
2037 3446 2143 3479 quam
2162 3438 2272 3471 ceteri
2291 3444 2366 3470 cre-

1285 3485 1417 3520 ditores
1427 3485 1444 3520 ?
1467 3495 1515 3520 an
1530 3485 1789 3530 distinguimus,
1804 3495 1869 3529 per
1881 3481 2174 3527 gratificationem
2191 3480 2368 3525 acceperit

1286 3597 1359 3630 fieri
1376 3597 1590 3631 donationem
1606 3597 1879 3638 existimantium,
1896 3596 1967 3628 sine
1985 3594 2097 3635 dubio,
2117 3594 2145 3626 si
2162 3594 2200 3626 in
2217 3593 2364 3626 fraudem

1287 3686 1499 3721 hibibitionis
1513 3690 1548 3722 F
1609 3689 1668 3732 (14)
1693 3695 1749 3721 aut
1766 3699 1827 3719 scr.
1847 3696 1915 3718 non
1931 3684 2098 3717 fraudasse
2116 3641 2294 3716 creditdiss
2311 3649 2368 3717 22

1286 3734 1436 3766 secutum
1450 3744 1517 3766 esse
1528 3733 1744 3767 exhibitionis
1756 3730 1921 3773 respondi,
1930 3740 1999 3763 non
2011 3728 2188 3762 creditores
2199 3728 2366 3762 fraudasse

1287 3778 1345 3821 (15)
1369 3788 1578 3822 proponeren
1591 3779 1624 3811 F
1710 3778 1769 3818 (16)
1794 3778 1828 3809 et
1840 3778 1899 3809 ins.
1913 3774 1966 3808 F2
2054 3775 2112 3817 (17)
2138 3775 2292 3807 curratur
2304 3786 2363 3806 scr.
