2528 3918
128 185 186 215 DE
215 183 628 216 EXTRAORDINARIIS
658 184 916 217 CRIMINIBUS

128 295 336 331 iniuriarum
360 299 479 342 potest
503 296 694 333 conveniri.
741 296 805 332 sed
829 299 948 333 utrum
971 297 1112 343 posito¹
1136 306 1211 331 ma-

125 342 277 385 gistratu
300 353 346 377 an
370 354 454 378 vero
479 347 515 378 et
540 343 708 387 quamdiu
732 346 787 377 est
809 342 846 377 in
869 343 1105 387 magistratu?
1150 342 1212 377 sed

125 387 242 422 verius
267 392 338 430 est,
372 388 402 423 si
426 389 456 424 is
479 388 708 433 magistratus
734 391 803 430 est,
836 389 896 432 qui
926 389 1001 423 sine
1025 388 1152 423 fraude
1175 387 1212 422 in

124 432 180 467 ius
215 433 335 467 vocari
367 444 437 468 non
468 436 602 478 potest,
645 433 926 477 exspectandum
959 443 1053 475 esse,
1095 433 1212 478 quoad

125 478 335 523 magistratu
365 479 473 513 abeat
483 480 508 512 ².
557 478 653 522 quod
685 479 744 513 et³
774 478 805 513 si
837 489 881 514 ex
909 478 1106 513 minoribus
1136 488 1211 512 ma-

123 523 333 567 gIstratibus
356 523 434 566 erit,
459 523 496 558 id
522 528 576 558 est
600 523 660 567 qui
685 524 761 558 sine
783 524 932 569 imperio
951 527 1014 559 aut
1033 526 1213 569 potestate

124 571 209 603 sunt
232 568 461 621 magistratus
473 569 497 612 ⁴,
529 573 566 604 et
595 568 633 603 in
661 568 741 614 ipso
774 570 985 614 magistratu
1013 579 1120 615 posse
1151 578 1212 604 eos

125 623 315 648 conveniri.

170 656 222 696 33
249 658 407 694 Panos
436 659 526 694 libro
558 659 694 695 decimo
727 660 776 694 ad
799 659 972 695 Sabinum
1025 658 1128 703 Quod
1160 658 1212 694 rei

124 704 289 748 publicae
312 704 559 740 venerandae⁵
588 715 699 740 causa
731 705 927 741 secundum
956 705 1070 740 bonos
1095 714 1211 739 mores

124 750 180 791 fit,
214 749 351 784 etiamsi
382 750 429 784 ad
461 750 713 785 contumeliam
742 750 892 785 alicuius
925 750 1097 795 pertinet,
1130 749 1212 794 quia

123 798 244 829 tamen
274 805 347 829 non
378 805 421 830 ea
443 800 560 830 mente
583 796 811 840 magistratus
835 794 939 838 facit,
973 799 1014 829 ut
1045 795 1211 829 iniuriam

124 840 234 874 faciat
244 841 267 882 ⁶,
301 839 364 875 sed
396 840 442 875 ad
471 840 663 876 vindictam
687 841 882 876 maiestatis
906 840 1074 885 publicae
1098 840 1211 885 respi-

125 886 205 926 ciat,
231 885 372 920 actione
395 886 606 920 iniuriarum
630 897 702 921 non
724 889 877 920 tenetur.

170 927 224 967 34
251 930 374 966 GAIUS
402 931 493 966 libro
519 933 622 966 tertio
647 931 783 966 decimo
816 931 865 965 ad
888 930 1041 966 edictum
1058 931 1212 976 provin—

124 975 216 1010 ciale
262 975 300 1010 Si
330 975 452 1020 plures
481 977 572 1012 servi
605 976 709 1011 simul
738 976 892 1021 aliquem
923 975 1117 1011 ceciderint
1150 979 1212 1011 aut

123 1020 323 1056 convicium
355 1022 460 1057 alicui
490 1022 658 1065 fecerint,
691 1021 911 1065 singulorum
942 1021 1127 1066 proprium
1159 1024 1213 1056 est

124 1065 336 1101 maleficium
360 1070 397 1102 et
419 1070 520 1102 tanto
544 1067 656 1102 maior
679 1067 820 1110 iniuria,
847 1071 981 1110 quanto
1007 1077 1029 1101 a
1048 1067 1211 1112 pluribus

124 1111 280 1146 admissa
305 1115 370 1148 est.
416 1112 523 1147 immo
548 1113 654 1147 etiam
677 1116 732 1147 tot
755 1112 906 1147 iniuriae
930 1116 1030 1154 sunt,
1065 1116 1152 1157 quot
1177 1116 1212 1147 et

123 1167 298 1202 personae
322 1157 488 1193 iniuriam
511 1157 729 1193 facientium.

169 1199 222 1239 35
255 1202 449 1238 Uzmzws
471 1202 560 1238 libro
586 1203 690 1238 tertio
716 1203 760 1237 de
784 1203 947 1238 omnibus
972 1203 1212 1239 tribunalibus

124 1247 161 1282 Si
196 1247 274 1292 quis
312 1247 478 1283 iniuriam
518 1251 674 1283 atrocem
711 1248 854 1291 fecerit,
893 1248 953 1293 qui
986 1251 1212 1283 contemnere

123 1293 330 1327 iniuriarum
367 1293 539 1328 iudicium
574 1294 688 1338 possit
727 1294 772 1329 ob
811 1293 995 1328 infamiam
1034 1304 1136 1329 suam
1177 1297 1212 1329 et

123 1341 330 1382 egestatem,
355 1343 500 1383 praetor
523 1339 654 1374 acriter
678 1339 804 1384 exequi
828 1339 922 1374 hanc
946 1350 1020 1374 rem
1046 1339 1152 1374 debet
1177 1342 1212 1374 et

122 1394 194 1426 eos,
220 1383 281 1428 qui
304 1383 470 1418 iniuriam
493 1384 668 1426 fecerunt,
694 1394 870 1420 coercere.

167 1426 220 1466 36
245 1428 439 1464 IULIANUS
459 1429 549 1464 libro
575 1429 879 1476 quadraqensimo
905 1431 1030 1475 quinto
1056 1430 1211 1476 diqesto—

122 1485 201 1508 rum
246 1473 285 1509 Si
299 1473 363 1509 filii
377 1474 519 1510 nomine
537 1485 617 1509 cum
633 1478 737 1519 patre
754 1474 964 1509 iniuriarum
983 1485 1089 1520 agere
1107 1476 1212 1510 velim

122 1522 157 1554 et
180 1519 209 1554 is
233 1524 504 1564 procuratorem
523 1520 591 1563 det,
616 1531 689 1555 non
707 1520 924 1565 intellegitur
941 1520 1035 1555 filius
1058 1520 1210 1563 defendi,

122 1564 189 1599 nisi
212 1564 408 1599 iudicatum
428 1565 515 1600 solvi
535 1565 746 1600 satisdetur:
773 1569 809 1600 et
825 1565 904 1600 ideo
923 1566 1018 1601 actio
1040 1566 1210 1601 adversus

121 1609 244 1652 filium,
269 1613 452 1655 tamquam
476 1620 498 1645 a
521 1614 624 1655 patre
647 1621 719 1645 non
744 1610 968 1653 defendatur,
995 1611 1113 1646 danda
1133 1611 1209 1646 erit.

167 1652 220 1692 37
245 1654 482 1691 MAROJANUS
512 1656 602 1691 libro
653 1660 759 1691 uurto
785 1656 922 1692 decimo
947 1657 1211 1691 institutionum

122 1700 444 1736 Constitutionibus
477 1701 641 1746 principa
657 1701 737 1736 ibus
770 1705 918 1737 cavetur
949 1712 1009 1745 ea,
1041 1712 1134 1746 quae
1156 1702 1211 1736 in-

122 1745 279 1780 famandi
303 1746 450 1781 alterius
476 1756 586 1781 causa
608 1747 646 1781 in
670 1750 899 1782 monumenta
922 1747 1068 1792 publica
1092 1747 1211 1792 posita

126 1795 138 1825 1
189 1795 290 1834 sunt,
328 1792 408 1826 tolli
442 1791 486 1826 de
522 1791 649 1826 medio.
706 1793 826 1826 Etiam
863 1802 906 1827 ex
936 1793 1014 1836 lege
1046 1793 1212 1828 Cornelia

121 1836 329 1871 iniuriarum
367 1837 460 1871 actio
498 1837 646 1872 civiliter
680 1838 811 1872 moveri
843 1841 963 1882 potest
995 1838 1209 1873 condemna-

120 1882 216 1916 tione
241 1882 489 1917 aestimatione
513 1882 640 1917 iudicis
666 1882 840 1917 facienda.

167 1923 219 1964 38
246 1926 473 1962 ⁷SCAEVOLA
508 1927 598 1963 libro
631 1932 761 1972 quarto
792 1927 1003 1974 reqularum
1057 1928 1209 1963 Senatus

122 1972 285 2007 consulto
319 1976 480 2015 cavetur,
516 1983 560 2007 ne
594 1973 671 2017 quis
701 1973 889 2018 imaginem
918 1974 1143 2018 imperatoris
1173 1974 1210 2008 in

120 2017 286 2052 invidiam
311 2018 458 2052 alterius
482 2022 661 2062 portaret:
694 2022 729 2053 et
759 2019 819 2063 qui
850 2022 976 2053 contra
1000 2018 1140 2062 fecerit,
1173 2019 1210 2053 in

121 2062 261 2097 vincula
283 2063 429 2108 publica
453 2064 624 2098 mittetur.

167 2106 220 2146 39
256 2107 483 2143 VENULEJUS
512 2109 602 2143 libro
626 2109 783 2144 secundo
801 2109 1034 2155 publicorum
1059 2110 1209 2144 iudicio-

121 2164 199 2188 rum
246 2153 391 2188 Vestem
416 2153 597 2188 sordidam
620 2154 672 2189 rei
692 2154 833 2190 nomine
853 2155 890 2189 in
910 2154 1054 2199 publico
1076 2155 1209 2190 habere

122 2198 332 2244 capillumve
362 2199 580 2234 summittere
610 2200 698 2234 nulli
728 2200 831 2242 licet,
864 2200 933 2235 nisi
961 2200 1013 2234 ita
1039 2200 1208 2235 coniunc-

121 2245 203 2278 tus⁸
228 2248 281 2279 est
304 2243 481 2278 adfinitati
491 2245 516 2286 ⁹,
548 2247 589 2278 ut
617 2244 749 2280 invitus
779 2246 816 2280 in
844 2255 946 2281 reum
969 2246 1210 2281 testimonium

122 2289 239 2324 dicere
263 2290 340 2333 cogi
364 2299 436 2323 non
459 2290 585 2334 possit.

166 2333 219 2371 40
250 2333 392 2369 MACER
425 2335 515 2370 libro
547 2335 704 2370 secundo
726 2335 959 2380 publicorum
992 2336 1208 2372 iudiciorum

122 2379 230 2414 Divus
241 2379 391 2415 Severus
406 2379 577 2425 Dionysio
595 2380 747 2424 Diogeni
762 2381 813 2415 ita
828 2381 970 2425 scripsit
983 2382 1028 2415 ¹⁰:
1056 2381 1208 2416 ‘Atrocis

122 2425 281 2459 ‘iniuriae
313 2425 504 2460 damnatus
536 2426 572 2459 in
603 2425 726 2461 ordine
759 2426 991 2461 decurionum
1027 2436 1105 2461 esse
1137 2437 1207 2461 non

122 2471 303 2514 ‘potest¹¹.
351 2481 417 2505 nec
445 2470 616 2515 prodesse
646 2471 712 2506 tibi
744 2471 850 2506 debet
881 2482 983 2507 error
1005 2472 1209 2517 praesidum

122 2519 195 2550 ‘aut
219 2515 304 2558 eius,
329 2516 390 2560 qui
414 2515 457 2550 de
482 2519 517 2550 te
541 2516 675 2561 aliquid
699 2517 953 2562 pronuntiavit,
986 2520 1050 2551 aut
1073 2527 1206 2561 eorum,

133 2561 193 2604 qui
223 2565 348 2595 contra
376 2561 528 2596 formam
557 2561 645 2596 iuris
675 2562 850 2597 mansisse
878 2566 914 2597 te
937 2563 974 2596 in
998 2562 1121 2598 ordine
1146 2562 1207 2598 de-

121 2606 319 2640 ·curionum
343 2606 581 2651 putaverunt'.

164 2649 214 2687 41
244 2651 450 2686 NERATJUS
477 2651 569 2686 libro
595 2652 720 2696 quinto
744 2652 1034 2688 membranarum
1085 2653 1206 2695 Pater,

121 2696 222 2731 cuius
254 2696 327 2731 filio
359 2696 458 2731 facta
487 2700 541 2731 est
570 2696 716 2739 iniuria,
756 2708 828 2732 non
863 2701 918 2731 est
949 2697 1206 2750 impediendus,

121 2752 190 2785 quo
220 2741 335 2776 minus
368 2741 505 2776 duobus
537 2741 677 2777 iudiciis
710 2745 745 2776 et
772 2753 873 2777 suam
896 2742 1061 2777 iniuriam
1085 2754 1206 2788 perse-

122 2789 252 2830 quatur
277 2789 311 2820 et
334 2786 409 2820 filii.

168 2829 221 2867 42
246 2830 405 2866 Paows
425 2831 515 2867 libro
540 2833 664 2877 quinto
681 2834 708 2854 ¹2
731 2834 987 2868 sententiarum
1027 2833 1141 2869 Iudici
1160 2834 1205 2869 ab

122 2876 400 2920 appellatoribus
431 2878 627 2912 convicium
655 2878 732 2913 fieri
756 2889 829 2914 non
854 2882 1014 2923 oportet:
1047 2879 1205 2924 alioquin

122 2921 266 2955 infamia
289 2925 471 2956 notantur.

166 2964 218 3003 43
247 2966 370 3002 GAJUS
399 2967 489 3002 libro
515 2969 618 3002 tertio
643 2968 852 3013 reqularum
899 2969 967 3013 Qui
995 2969 1205 3005 iniuriarum

121 3012 296 3046 actionem
314 3022 378 3056 per
396 3012 608 3047 calumniam
626 3014 789 3056 instituit,
809 3018 911 3049 extra
928 3015 1089 3050 ordinem
1106 3015 1204 3050 dam-

121 3061 244 3091 natur:
277 3056 313 3091 id
345 3061 400 3092 est
430 3058 571 3092 exilium
603 3062 666 3093 aut
693 3059 945 3104 relegationem
977 3064 1040 3095 aut
1072 3060 1204 3096 ordinis

121 3103 332 3137 amotionem
358 3103 528 3147 patiatur.

166 3146 219 3183 44
243 3146 289 3181 IA
299 3157 467 3183 VOLENUS
489 3148 578 3183 libro
603 3159 697 3183 nono
722 3160 772 3184 ex
784 3151 1050 3195 posterioribus
1070 3150 1205 3186 Labeo-

120 3193 176 3226 nis
222 3192 258 3226 Si
287 3191 494 3228 inferiorum
525 3193 686 3228 dominus
717 3194 858 3230 aedium
882 3196 1075 3240 superioris
1099 3195 1205 3230 vicini

120 3237 315 3281 fumigandi
339 3249 448 3273 causa
471 3238 608 3273 fumum
631 3238 775 3281 faceret,
801 3244 865 3275 aut
884 3241 916 3276 si
936 3241 1101 3285 superior
1119 3241 1203 3276 vici-

120 3292 187 3316 nus
223 3282 302 3316 in¹³
340 3283 527 3319 inferiores
566 3284 672 3318 aedes
710 3285 794 3328 quid
826 3289 889 3320 aut
919 3286 1110 3330 proiecerit
1142 3289 1205 3320 aut

119 3326 304 3370 infuderit,
340 3333 445 3373 negat
473 3329 596 3364 Labeo
628 3329 838 3365 iniuriarum
868 3331 923 3375 agi
952 3342 1076 3376 posse:
1109 3331 1204 3376 quod

119 3372 248 3406 falsum
281 3376 384 3416 puto,
415 3374 446 3409 si
476 3378 597 3409 tamen
625 3374 775 3410 iniuriae
807 3375 991 3411 faciendae
1016 3387 1127 3412 causa
1149 3384 1216 3411 1n-'

119 3417 281 3452 mittitur.

118 3532 159 3571 (1)
184 3531 332 3573 deposito
345 3531 396 3564 F²
480 3535 522 3572 (2)
547 3533 744 3575 magistratu
756 3533 877 3566 habeat
890 3534 950 3574 F¹,
970 3535 1203 3577 magistratum

120 3575 239 3608 habeat
257 3575 308 3609 F²
411 3578 454 3619 (3)
479 3579 511 3610 et
530 3579 591 3611 del.
704 3581 745 3619 (4)
770 3579 994 3622 magistratus]
1015 3581 1120 3622 magis
1139 3593 1201 3613 scr.

120 3622 163 3663 (5)
187 3621 406 3654 vindicandae
419 3623 462 3655 R.
475 3623 661 3666 Stephanus
720 3624 765 3667 (6)
785 3623 866 3655 facit
877 3625 912 3656 F
967 3628 1009 3666 (7)
1032 3626 1073 3669 qfi
1086 3625 1132 3658 D.
1147 3627 1201 3666 48,

121 3673 164 3707 19,
177 3673 225 3707 28,
239 3674 254 3699 7
317 3668 361 3708 (8)
386 3667 560 3700 iniunctus
573 3668 626 3701 F²
689 3669 734 3708 (9)
759 3668 927 3701 adfinitati
939 3670 1000 3703 del.
1065 3672 1125 3710 (1ο)
1150 3681 1201 3703 re-

119 3711 252 3753 scripsit
264 3711 314 3743 F'2
370 3713 423 3753 (11)
440 3714 534 3754 potes
545 3715 616 3746 edd.
675 3717 732 3753 (12)
754 3715 800 3746 tit.
814 3721 830 3747 4
845 3727 870 3747 c.
885 3722 918 3748 18
975 3716 1032 3757 (13)
1051 3715 1088 3747 in
1102 3728 1160 3748 om.
1175 3716 1211 3748 F

165 3757 222 3798 (14)
247 3757 431 3800 Pap.1.11;
457 3758 650 3792 Sab.2...10.
668 3776 715 3782 ——
734 3759 818 3791 Bas.
835 3761 888 3801 60,
903 3767 938 3793 22
1040 3762 1098 3802 (15)
1124 3762 1200 3793 tim

122 3813 146 3834 c.
162 3809 188 3835 5.
203 3808 244 3835 13.
259 3809 290 3835 14
350 3804 408 3845 (16)
435 3802 625 3835 oblienierit
641 3804 739 3837 Pauli
752 3805 830 3837 libri
841 3806 925 3845 boni,
940 3804 1125 3837 oblinuerit
1138 3805 1199 3846 F¹,

1203 169 1287 217 785

1941 177 2193 220 XXXXVII
2228 181 2290 221 10.
2319 181 2363 219 11

1284 341 1291 348 ·
1330 294 1382 332 45
1409 294 1754 333 HERMOGENIANUS
1775 298 1864 334 libro
1890 302 2014 346 quinto
2039 302 2275 349 epitomarum
2315 303 2370 339 De

1282 342 1412 376 iniuria
1436 352 1532 376 nunc
1556 345 1660 376 extra
1684 344 1840 379 ordinem
1865 357 1908 380 cx
1933 358 2042 382 causa
2066 352 2102 383 et
2121 359 2276 393 persona
2296 353 2369 385 sta-

1282 387 1335 421 tui
1371 387 1472 422 solet.
1530 390 1565 422 et
1601 388 1692 422 servi
1730 390 1868 433 quidem
1906 392 2055 445 flagellis
2090 394 2186 429 caesi
2222 394 2370 430 dominis

1282 432 1531 475 restituuntur,
1555 432 1659 467 liberi
1683 444 1764 468 vero
1790 435 1986 473 humilioris
2012 438 2152 482 quidem
2173 440 2243 474 loci
2263 439 2368 475 fusti-

1282 477 1350 512 bus
1384 478 1628 520 subiciuntur,
1669 479 1777 513 ceteri
1814 486 1933 516 autem
1964 483 2019 517 vel
2049 484 2154 519 exilio
2183 485 2371 530 temporali

1282 523 1337 558 vel
1361 522 1611 558 interdictione
1637 527 1756 559 certae
1780 525 1832 560 rei
1856 532 2075 563 coercentur.

1773 662 1880 702 X1²⁴.

1418 727 1480 759 DE
1504 727 1927 762 EXTRAORDINARIIS
1953 730 2232 766 CRIMINIBUS.

1332 793 1349 829 1
1380 792 1436 828 ΡΑ
1445 803 1540 829 ULUS
1567 793 1659 829 libro
1690 795 1815 840 quinto
1830 797 1857 817 ¹⁵
1886 798 2141 832 sententiarum
2193 798 2367 834 Sollicita-

1281 841 1378 874 tores
1409 839 1605 874 alienarum
1636 840 1842 884 nuptiarum
1877 841 2031 886 itemque
2067 844 2369 880 matrimoniorum

1281 884 1567 929 interpellatores
1597 889 1633 920 et
1665 886 1696 920 si
1727 885 1857 921 effectu
1888 886 2031 922 sceleris
2062 889 2168 932 potiri
2193 901 2263 924 non
2286 901 2369 935 pos-

1283 933 1384 972 sunt,
1417 933 1566 974 propter
1595 931 1815 966 voluntatem
1847 932 2068 977 perniciosae
2092 934 2244 970 libidinis
2270 939 2370 971 extra

1286 979 1297 1009 1
1352 975 1511 1010 ordinem
1535 976 1745 1020 puniuntur.
1781 977 1842 1012 Fit
1863 977 1994 1012 iniuria
2015 982 2139 1013 contra
2162 979 2273 1015 bonos
2296 991 2369 1015 mo-

1281 1031 1355 1063 res,
1388 1020 1496 1055 veluti
1521 1021 1552 1056 si
1577 1022 1655 1066 quis
1679 1021 1763 1058 fimo
1789 1026 1958 1068 corrupto
1983 1023 2136 1068 aliquem
2163 1025 2369 1069 perfuderit,

1283 1076 1393 1100 caeno
1417 1066 1493 1100 luto
1521 1066 1750 1110 oblinierit¹⁶‚
1783 1078 1896 1113 aquas
1929 1069 2199 1120 spurcaverit¹⁷,
2231 1069 2369 1106 fistulas

1282 1111 1382 1145 lacus
1408 1111 1578 1155 quidve¹⁸
1607 1112 1705 1147 aliud
1735 1113 1781 1148 ad
1795 1114 1823 1134 ¹⁹
1852 1113 2019 1148 iniuriam
2068 1114 2222 1149 ublicam
2248 1120 2370 1151 conta-

1282 1159 1301 1190 2
1350 1156 1556 1192 minaverit:
1580 1157 1618 1191 in
1638 1168 1727 1202 quos
1747 1158 1902 1203 graviter
1919 1159 2035 1194 anima
2061 1159 2150 1194 verti
2168 1160 2269 1195 solet.
2289 1160 2372 1205 -Qui

1282 1211 1394 1246 puero
1407 1203 1437 1222 2⁰
1470 1205 1674 1247 stuprum²¹
1706 1204 1864 1240 abducto
1895 1205 1941 1239 ab
1972 1214 2013 1239 eo
2038 1205 2094 1239 vel
2118 1209 2285 1249 corrupto
2312 1217 2371 1240 co-

1281 1247 1366 1282 mite
1389 1248 1610 1292 persuaserit
1634 1252 1698 1283 aut
1707 1250 1738 1270 2²
1766 1249 1949 1285 mulierem
1978 1250 2176 1294 puellamve
2204 1250 2370 1295 interpel-

1281 1292 1410 1327 laverit
1441 1293 1570 1337 quidve
1601 1294 1884 1339 impudicitiae²³
1912 1294 2031 1340 gratia
2059 1294 2204 1338 fecerit,
2241 1295 2372 1331 donum

1281 1338 1489 1382 praebuerit
1519 1339 1734 1383 pretiumve,
1769 1351 1838 1385 quo
1862 1341 1893 1376 is
1916 1340 2134 1385 persuadeat
2144 1341 2185 1383 2⁴,
2218 1340 2371 1377 dederit:

1281 1382 1443 1427 perfecto
1467 1383 1602 1428 flagitio
1627 1385 1775 1430 punitur
1799 1386 1916 1431 capite
1927 1386 1968 1428 ²⁵,
1993 1385 2190 1431 inperfecto
2215 1386 2252 1421 in
2274 1386 2371 1422 insu-

1280 1429 1352 1463 lam
1386 1428 1615 1473 deportatur:
1656 1431 1819 1476 corrupti
1849 1431 1995 1467 comites
2025 1442 2163 1467 summo
2196 1432 2372 1477 supplicio

1282 1473 1513 1509 adficiuntur.

1328 1517 1353 1555 2
1386 1518 1581 1555 ULPIANUS
1603 1519 1694 1556 libro
1714 1525 1846 1567 quarto
1872 1522 2083 1575 opinionum
2095 1522 2125 1543 ²⁶
2173 1521 2248 1558 Sub
2267 1533 2372 1568 prae-

1281 1567 1383 1599 textu
1414 1565 1595 1609 religionis
1624 1567 1680 1601 vel
1709 1567 1777 1602 sub
1807 1577 1927 1611 specie
1959 1566 2118 1602 solvendi
2145 1568 2219 1603 voti
2248 1571 2372 1604 coetus

1281 1609 1424 1645 illicitos
1437 1611 1466 1631 2⁷
1491 1621 1557 1646 nec
1582 1621 1604 1645 a
1628 1612 1805 1647 veteranis
1829 1612 1999 1657 temptari
2009 1612 2040 1633 ²⁸
2064 1616 2215 1657 oportet.

1329 1653 1352 1692 3
1378 1655 1486 1690 IDEM
1513 1656 1605 1691 libro
1630 1659 1734 1692 tertio
1765 1657 1810 1692 de
1833 1658 2010 1693 adulteris
2055 1657 2286 1694 Stellionatus
2318 1658 2370 1695 vel

1281 1700 1459 1745 expilatae
1498 1701 1708 1738 hereditatis
1745 1702 1879 1738 iudicia
1921 1703 2188 1739 accusationem
2230 1703 2367 1748 quidem

1280 1746 1426 1787 habent,
1452 1746 1515 1781 sed
1539 1758 1611 1782 non
1636 1751 1720 1782 sunt
1743 1748 1900 1793 publica.

1328 1790 1354 1827 4
1385 1791 1624 1827 MAROIANUS
1665 1793 1756 1828 libro
1787 1794 1912 1840 primo
1949 1794 2158 1840 reqularum
2219 1794 2330 1830 Divus
2341 1795 2372 1816 ²⁹

1281 1836 1433 1872 Severus
1458 1841 1494 1872 et
1518 1838 1721 1873 Antoninus
1745 1839 2007 1884 rescripserunt
2038 1849 2129 1881 eam,
2162 1850 2253 1884 quae
2287 1840 2372 1875 data

1281 1891 1392 1926 opera
1424 1882 1560 1926 abegit,
1593 1893 1615 1917 a
1643 1884 1808 1928 praeside
1831 1884 1869 1919 in
1892 1885 2091 1929 temporale
2114 1884 2258 1920 exilium
2282 1886 2369 1920 dan-

1280 1927 1380 1962 dam:
1413 1927 1596 1972 indignum
1627 1929 1720 1963 enim
1750 1929 1860 1965 videri
1882 1934 2003 1974 potest
2025 1930 2169 1975 impune
2194 1941 2271 1966 eam
2294 1941 2368 1966 ma-

1279 1973 1386 2007 ritum
1411 1973 1533 2008 liberis
1557 1972 1757 2010 fraudasse.

1326 2016 1350 2055 5
1390 2017 1586 2054 ULPIANUS
1622 2018 1713 2055 libro
1744 2020 1869 2065 quinto
1906 2020 1951 2054 de
1984 2020 2110 2065 officio
2134 2021 2370 2066 proconsulis

1279 2063 1321 2098 In
1351 2074 1449 2105 eum,
1488 2063 1590 2099 cuius
1626 2063 1798 2100 instinctu
1838 2064 1885 2100 ad
1914 2064 2159 2101 infamandum
2190 2065 2370 2102 dominum

1279 2119 1402 2144 servus
1428 2109 1473 2144 ad
1499 2111 1655 2144 statuam
1676 2110 1879 2156 confugisse
1900 2114 2103 2156 compertus
2126 2111 2203 2154 erit,
2227 2115 2371 2157 praeter

1279 2155 1440 2199 corrupti
1475 2155 1568 2190 servi
1599 2155 1792 2199 actionem,
1830 2166 1921 2200 quae
1957 2166 2003 2191 ex
2040 2156 2157 2192 edicto
2196 2161 2369 2202 perpetuo

1280 2199 1460 2245 competit,
1488 2210 1607 2235 severe
1633 2200 1935 2237 animadvertitur.

1325 2243 1350 2282 6
1374 2244 1479 2280 IDEM
1503 2246 1594 2281 libro
1615 2250 1741 2282 octavo
1762 2247 1807 2282 de
1827 2247 1953 2292 officio
1966 2246 2201 2293 proconsulis
2246 2248 2367 2282 Anno-

1279 2301 1361 2325 nam
1395 2291 1618 2335 adtemptare
1656 2295 1691 2326 et
1722 2301 1852 2327 vexare
1889 2292 1944 2327 vel
1978 2292 2131 2327 maxime
2167 2292 2368 2328 dardanarii

1279 2336 1411 2371 solent:
1446 2347 1596 2380 quorum
1622 2337 1794 2372 avaritiae
1817 2337 1956 2373 obviam
1979 2337 2068 2372 itum
2093 2340 2148 2373 est
2171 2341 2243 2372 tam
2268 2348 2367 2372 man-

1280 2381 1371 2416 datis
1402 2392 1508 2425 quam
1541 2382 1869 2418 constitutionibus.
1921 2382 2098 2418 mandatis
2136 2382 2286 2427 denique
2316 2383 2368 2418 ita

1280 2430 1444 2461 cavetur:
1473 2426 1676 2463 ‘Praeterea
1701 2427 1848 2464 debebis
1873 2427 2070 2471 custodire,
2095 2438 2140 2463 ne
2165 2428 2368 2464 dardanarii

1279 2472 1395 2507 ‘ullius
1433 2472 1561 2507 mercis
1600 2473 1689 2515 sint,
1730 2483 1775 2509 ne
1807 2476 1871 2508 aut
1901 2474 1947 2508 ab
1980 2473 2053 2515 his,
2093 2472 2154 2518 qui
2186 2477 2366 2518 coemptas

1279 2520 1426 2552 ‘merces
1451 2518 1689 2562 supprimunt,
1715 2522 1780 2554 aut
1804 2529 1826 2554 a
1849 2518 2156 2564 locupletioribus,
2186 2518 2246 2563 qui
2269 2518 2365 2553 fruc-

1279 2566 1346 2597 ‘tus
1372 2573 1456 2597 suos
1480 2563 1602 2606 aequis
1627 2564 1753 2608 pretiis
1777 2564 1929 2599 vendere
1953 2564 2105 2606 nollent,
2137 2563 2221 2598 dum
2250 2564 2365 2599 minus

1278 2609 1418 2642 ‘uberes
1453 2612 1647 2652 proventus
1682 2613 1913 2654 exspectant,
1956 2610 1986 2631 ³⁰
1995 2619 2137 2644 annona
2174 2610 2364 2644 oneretur'.

1277 2663 1394 2697 poena
1417 2657 1536 2687 autem
1559 2654 1597 2688 in
1619 2654 1686 2690 hos
1711 2655 1808 2690 varie
1833 2654 2020 2690 statuitur:
2045 2664 2127 2689 nam
2143 2654 2363 2698 plerumque,

1278 2698 1308 2733 si
1340 2698 1562 2742 negotiantes
1595 2703 1696 2743 sunt,
1734 2700 1974 2745 negotiatione
2005 2699 2056 2734 eis
2085 2702 2224 2733 tantum
2254 2699 2363 2734 inter-

1276 2743 1423 2786 dicitur,
1455 2743 1633 2779 interdum
1666 2749 1701 2780 et
1729 2745 1881 2790 relegari
1912 2745 2044 2788 solent,
2080 2743 2286 2779 humiliores
2318 2744 2364 2779 ad

1281 2792 1293 2823 1
1345 2799 1436 2833 opus
1467 2789 1653 2833 publicum
1679 2790 1768 2825 dari.
1819 2791 1978 2826 Onerant
2007 2799 2185 2824 annonam
2218 2790 2362 2824 etiam³¹

1277 2835 1433 2869 staterae
1458 2834 1691 2877 adulterinae,
1721 2835 1764 2870 de
1789 2836 1918 2880 quibus
1943 2835 2043 2870 divus
2068 2835 2244 2869 Traianus
2269 2834 2361 2869 edic-

1276 2883 1353 2913 tum
1376 2879 1575 2923 proposuit,
1601 2891 1670 2924 quo
1695 2880 1812 2916 edicto
1836 2891 1990 2925 poenam
2013 2880 2098 2924 legis
2119 2879 2302 2914 Corneliae
2325 2879 2363 2913 in

1278 2935 1339 2959 eos
1365 2924 1507 2966 statuit,
1539 2925 1687 2969 perinde
1719 2936 1762 2960 ac
1795 2926 1826 2960 si
1855 2927 1930 2970 lege
1953 2925 2237 2967 testamentaria,
2268 2923 2362 2968 quod

1276 2973 1528 3005 testamentum
1558 2969 1689 3005 falsum
1720 2971 1923 3015 scripsisset
1957 2970 2131 3014 signasset
2165 2969 2359 3010 recitasset,

1277 3018 1296 3049 2
1345 3015 1532 3050 damnatus
1571 3019 1675 3050 esset.
1724 3015 1795 3051 Sed
1833 3019 1868 3051 et
1903 3015 2004 3051 divus
2034 3014 2235 3049 Hadrianus
2267 3023 2358 3055 eum,

1277 3059 1337 3105 qui
1361 3060 1470 3095 falsas
1495 3070 1679 3095 mensuras
1703 3061 1841 3103 habuit,
1865 3061 1903 3096 in
1926 3061 2079 3095 insulam
2102 3058 2279 3102 relegavit.

1324 3103 1346 3141 7
1372 3105 1479 3139 IDEM
1503 3105 1594 3140 libro
1618 3116 1714 3140 nono
1738 3106 1782 3141 de
1805 3106 1931 3151 officio
1950 3104 2180 3151 proconsulis
2226 3103 2359 3138 Saccu-

1275 3150 1406 3192 larii32,
1441 3150 1501 3194 qui
1530 3150 1655 3185 vetitas
1678 3150 1716 3185 in
1739 3152 1903 3186 sacculos
1928 3154 2021 3184 artes
2046 3152 2250 3184 exercentes
2275 3157 2359 3191 par-

1274 3199 1345 3230 tem
1370 3195 1590 3236 subducunt,
1623 3199 1762 3239 partem
1787 3196 2020 3236 subtrahunt,
2045 3194 2128 3228 item
2153 3193 2212 3237 qui
2237 3192 2358 3227 derec-

1272 3241 1355 3275 tarii
1380 3240 1620 3285 appellantur,
1646 3240 1716 3276 hoc
1741 3245 1795 3276 est
1818 3242 1874 3283 hi,
1904 3240 1963 3284 qui
1987 3239 2024 3273 in
2047 3238 2162 3273 aliena
2187 3238 2358 3290 cenacula

1274 3296 1312 3321 se
1337 3285 1492 3329 dirigunt
1515 3285 1658 3320 furandi
1683 3286 1812 3328 animo,
1837 3287 1918 3331 plus
1942 3294 2046 3329 quam
2070 3283 2167 3317 fures
2187 3282 2358 3327 pumend1

1273 3334 1374 3366 sunt:
1400 3330 1604 3374 idcircoque
1625 3335 1688 3366 aut
1707 3332 1752 3366 ad
1772 3335 1911 3376 tempus
1929 3329 1966 3363 in
1984 3339 2073 3372 opus
2092 3327 2222 3362 dantur
2238 3327 2356 3371 publi-

1275 3387 1366 3418 cum,
1392 3378 1455 3409 aut
1478 3375 1634 3411 fustibus
1660 3377 1882 3421 castigantur
1904 3378 1939 3410 et
1963 3373 2197 3414 dimittuntur,
2225 3375 2287 3407 aut
2310 3371 2357 3407 ad

1273 3425 1413 3465 tempus
1436 3420 1650 3465 relegantur.

1273 3534 1432 3566 oblinerit
1446 3534 1498 3567 ΡΞ
1579 3534 1636 3577 (17)
1662 3532 1868 3576 spurgaverit
1882 3531 1918 3564 F
1983 3530 2044 3572 (18)
2068 3529 2155 3562 latus
2169 3528 2250 3571 quid
2262 3528 2313 3562 vel
2330 3530 2362 3562 F

1273 3582 1333 3621 (19)
1350 3579 1402 3622 ad]
1412 3580 1449 3612 in
1460 3579 1583 3613 Paulus
1620 3581 1683 3621 (2ο)
1699 3578 1904 3621 praetextato
1916 3577 1973 3608 ins.
1983 3576 2109 3608 Paulus
2146 3578 2203 3615 (21)
2222 3574 2354 3607 aliudve

1271 3625 1436 3666 flagitium
1450 3627 1510 3658 ins.
1524 3625 1648 3658 Paulus
1718 3626 1779 3665 (22)
1805 3624 1864 3653 aut
1877 3633 1933 3654 om.
1950 3620 2075 3653 Paulus
2145 3620 2207 3660 (23)
2233 3619 2354 3660 quidve

1270 3669 1453 3711 pudicitiae
1477 3669 1736 3711 corrumpendae
1760 3667 1887 3700 Paulus
2038 3665 2101 3706 (24)
2124 3663 2301 3706 persuadat
2327 3665 2359 3696 F

1818 3712 1880 3751 (26)
1906 3709 2141 3752 opiniorumF
2197 3709 2258 3749 (27)
2284 3708 2352 3740 illi-

1271 3717 1332 3755 (25)
1359 3715 1466 3758 capite
1479 3716 1621 3758 punitur
1634 3713 1759 3746 Paulus

2107 3756 2170 3796 (30)
2195 3763 2237 3786 ne
2250 3755 2309 3787 ins.
2324 3753 2358 3785 F'

1270 3759 1402 3793 citusF
1459 3761 1523 3802 (28)
1548 3758 1755 3800 temptareF
1809 3759 1871 3797 (29)
1898 3755 1967 3787 divi
1980 3768 2040 3788 scr.

1270 3805 1329 3846 (31)
1355 3807 1387 3838 et
1400 3807 1467 3837 tam
1481 3806 1516 3838 F
1597 3805 1659 3845 (32)
1684 3801 1881 3835 saccularios
1895 3802 1928 3833 F

2037 3855 2080 3886 99
