2528 3918
107 106 166 136 DE
197 106 298 136 OBL.
330 106 372 145 Q.
402 106 462 135 EX
493 106 594 135 DEL.
626 105 751 137 NASO.

105 215 286 252 ‘hodierno
308 215 364 251 die
383 224 450 260 per
468 214 695 260 Aquilianam
714 213 979 259 stipulationem
1003 225 1019 251 s
1047 214 1190 260 opondi‚

103 261 150 297 ‘id
184 271 287 296 omne
310 260 466 296 habesne
490 259 722 305 acceptum?’
753 259 938 302 respondit
959 261 992 295 A
1032 270 1073 296 us
1096 261 1189 305 Age·

103 311 122 343 3
146 306 240 342 rius:
263 306 412 341 ‘habeo¹
432 305 694 349 acceptumque
709 303 801 339 tuli.’
831 305 853 325 ¹¹
863 305 1064 341 'Praeterea
1080 315 1188 341 nova-

103 353 209 388 'tione
231 352 369 387 tollitur
399 350 471 386 obli
496 351 580 386 atio.
622 350 731 386 veluti
763 349 793 385 si
823 349 878 393 id,
911 351 1007 396 quod
1036 354 1076 386 tu
1109 350 1188 386 Seio

102 398 260 440 'debeas,
293 406 316 432 a
339 396 433 432 Titio
493 396 544 431 ari
568 395 758 441 stipulatus
783 394 838 430 sit.
876 405 958 431 nam
989 396 1188 432 interventu

101 444 221 479 ’novae
245 451 421 487 personae
444 451 537 476 nova
560 441 718 476 nascitur
742 440 909 485 obligatio
930 444 967 476 et
985 441 1100 487 prima
1118 441 1187 476 tol-

100 489 191 523 'litur
210 487 384 522 translata
402 487 438 521 in
460 486 702 531 posteriorem,
724 485 813 520 adeo
834 489 875 520 ut
894 486 1084 529 interdum,
1104 486 1188 521 licet

100 532 283 578 'posterior
306 532 486 576 stipulatio
518 531 653 566 inutilis
686 531 750 573 sit,
782 534 902 565 tamen
958 532 1047 566 rima
1077 541 1186 567 nova-

99 578 212 613 ’tionis
231 577 308 612 iure
329 577 508 612 tollatur2.
545 576 652 611 veluti
672 576 702 611 si
719 576 766 619 id,
792 576 886 621 quod
939 577 1000 612 itio
1021 580 1061 612 tu
1082 577 1185 612 debe-

99 624 183 665 ’bas,
209 633 231 658 a
254 622 388 668 pupillo
414 622 490 657 sine
513 621 641 657 tutoris
663 621 877 656 auctoritate
897 622 1089 667 stipulatus
1109 622 1185 657 fue-

98 669 169 711 'rit,
206 678 276 713 quo
308 677 395 702 casu
427 677 483 702 res
515 666 705 701 amittitur:
743 677 825 701 nam
859 670 894 701 et
926 667 1026 712 prior
1049 667 1187 702 debitor

98 714 278 749 'liberatur
311 715 347 747 et
377 712 553 757 posterior
581 712 749 756 obligatio
775 712 873 746 nulla
897 716 961 747 est.
996 723 1068 748 non
1092 712 1184 747 idem

98 758 191 794 'iuris
217 761 281 800 est,
307 757 336 792 si
360 767 382 792 a
406 767 507 793 servo
533 757 610 802 quis
631 757 822 802 stipulatus
842 756 970 792 fuerit:
996 768 1078 793 nam
1098 761 1185 792 tunc

96 803 201 849 ’prior
222 802 371 848 proinde
395 802 571 847 obligatus
595 806 725 844 manet,
750 812 794 837 ac
815 802 846 837 si
863 805 990 847 postea
1010 813 1032 838 a
1052 803 1148 838 nullo
1156 802 1182 822 ²·

96 848 295 894 'stipulatus
319 847 457 883 fuisset.
493 847 556 883 sed
580 847 610 882 si
634 847 758 882 eadem
781 857 935 893 persona
959 848 1024 891 sit,
1060 858 1082 883 a
1114 858 1185 893 qua

96 895 229 939 'postea
253 893 452 938 stipuler-is,
484 893 536 927 ita
560 892 699 928 demum
723 893 866 928 novatio
891 892 951 935 fit,
984 893 1014 928 si
1039 893 1124 938 quid
1147 893 1183 928 in

95 938 300 984 'posteriore
324 938 552 990 stipulatione
575 938 656 973 novi
680 938 737 980 sit,
761 938 856 974 forte
880 938 910 973 si
935 939 1096 974 condicio
1122 942 1185 973 aut

95 984 177 1019 'dies
210 987 272 1019 aut
303 983 491 1019 fidemssor
521 983 698 1018 adiciatur
728 987 791 1018 aut
823 983 1040 1019 detrahatur.
1087 984 1183 1029 quod

95 1031 221 1065 *autem
258 1028 427 1071 diximus,
463 1029 494 1064 si
530 1029 691 1064 condicio
729 1028 921 1071 adiciatur,
957 1029 1182 1065 novationem

94 1074 197 1117 'fieri,
233 1074 285 1110 sic
318 1073 473 1119 intellegi
505 1077 666 1119 oportet,
703 1078 744 1109 ut
773 1074 825 1109 ita
859 1074 1018 1110 dicamus
1049 1074 1182 1110 factam

95 1119 339 1162 novationem,
365 1119 395 1155 si
420 1119 580 1154 condicio
607 1119 780 1155 extiterit:
806 1119 963 1164 alioquin
988 1120 1017 1155 si
1042 1119 1180 1155 defece-

92 1168 137 1201 3a
184 1165 248 1207 'rit,
274 1164 381 1201 durat
402 1164 501 1210 prior
523 1164 713 1210 obligatio.⁴
761 1164 829 1200 Sed
852 1175 932 1200 cum
952 1165 1021 1201 hoc
1042 1165 1181 1211 quidem

1203 90 1259 138 43
1796 96 1943 139 INST.
1974 99 2052 151 III,
2083 102 2295 168 29-1111,
2331 106 2347 143 1

1259 214 1353 251 inter
1375 219 1512 252 veteres
1545 217 1737 252 constabat
1766 221 1852 255 tunc
1884 219 1963 255 fieri
1993 219 2239 263 novationem,
2272 232 2352 257 cum

1260 261 1415 296 novandi
1446 261 1564 296 animo
1596 261 1634 296 in
1667 264 1862 299 secundam
1886 265 2138 310 obligationem
2161 266 2249 301 itum
2272 266 2351 302 fue-

1258 309 1335 341 rat:
1366 316 1431 351 per
1461 306 1531 342 hoc
1563 310 1682 342 autem
1714 308 1860 345 dubium
1893 314 1988 353 erat,
2021 310 2165 356 quando
2198 312 2352 348 novandi

1259 350 1376 386 animo
1408 351 1612 387 videretur³
1635 352 1705 388 hoc
1729 353 1804 388 fieri
1830 359 1865 390 et
1891 355 2062 400 quasdam
2088 356 2131 391 de
2154 357 2224 392 hoc
2247 368 2351 402 prae-

1258 396 1477 441 sumptiones
1503 397 1562 432 alii
1593 397 1628 432 in
1661 398 1738 433 aliis
1772 399 1913 435 casibus
1945 401 2237 437 introducebant:
2270 402 2350 438 ideo

1257 445 1382 476 nostra
1404 442 1581 486 processit
1605 443 1812 479 constitutio
1823 445 1848 487 ⁴,
1875 456 1966 489 quae
1985 447 2206 492 apertissime
2227 447 2350 483 defini·

1257 486 1306 522 vit
1329 490 1416 522 tunc
1440 487 1554 522 solum
1579 487 1656 523 fieri
1681 489 1925 532 novationem,
1951 492 2115 535 quotiens
2138 492 2208 528 hoc
2232 493 2349 538 ipsum

1256 532 1348 567 inter
1379 533 1631 568 contrahentes
1665 543 1708 568 ex
1734 543 1871 569 ressum
1903 535 2011 570 fuerit
2027 563 2036 579 ‚
2074 538 2169 582 quod
2202 542 2351 583 propter

1256 577 1481 613 novationem
1504 578 1632 622 prioris
1657 579 1702 613 ob
1718 579 1881 623 igationis
1907 586 2166 625 convenerunt,
2192 583 2350 629 alioquin

1255 633 1399 658 manere
1423 627 1458 658 et
1482 623 1667 668 pristinam
1692 624 1942 669 obligationem
1967 629 2004 660 et
2023 628 2214 663 secundam
2236 628 2268 664 ei
2288 639 2348 664 ac-

1256 668 1392 710 cedere,
1417 671 1458 703 ut
1482 672 1624 703 maneat
1648 679 1692 704 ex
1716 673 1868 715 utraque
1894 680 2004 706 causa
2028 672 2195 716 obligatio
2221 683 2348 710 secun-

1256 713 1339 748 dum
1364 718 1509 749 nostrae
1534 714 1797 751 constitutionis
1823 715 2059 759 definitiones,

1254 761 1275 793 4
1322 758 1435 804 ipsius
1459 759 1612 794 lectione
1636 760 1794 804 apertius
1820 771 2045 805 cognoscere·

2108 728 2174 753 uas
2198 718 2282 754 licet
2306 730 2349 755 ex

2130 773 2173 798 oc
2197 764 2348 810 amplius

1256 813 1318 838 eae
1342 804 1595 849 obligationes,
1629 815 1721 850 quae
1746 816 1922 841 consensu
1948 807 2227 851 contrahuntur,
2261 820 2346 845 con-

1253 849 1364 884 traria
1387 849 1570 885 voluntate
1595 850 1845 886 dissolvuntur.
1882 861 1965 887 nam
1990 852 2020 887 si
2044 852 2159 888 Titius
2185 858 2221 888 et
2245 854 2347 890 Seius

1253 894 1346 929 inter
1359 904 1397 930 se
1418 899 1685 937 consenserunt,
1707 900 1748 930 ut
1767 896 1918 931 fundum
1932 897 2177 932 Tusculanum
2190 903 2346 944 emptum

1254 939 1355 975 Seius
1380 940 1529 975 haberet
1553 944 1695 975 centum
1721 951 1928 984 aureorum,
1962 942 2088 978 deinde
2119 953 2159 978 re
2190 945 2345 980 nondum

1253 988 1396 1027 secuta,
1428 985 1464 1019 id
1497 988 1552 1020 est
1575 995 1691 1031 neque
1714 987 1828 1031 pretio
1854 988 1970 1022 soluto
1995 998 2110 1033 neque
2133 988 2245 1024 fundo
2272 993 2345 1025 tra-

1254 1030 1338 1073 dito,
1363 1030 1540 1076 placuerit
1563 1031 1656 1066 inter
1680 1041 1752 1074 eos,
1778 1036 1818 1067 ut
1837 1032 2079 1068 discederetur
2099 1034 2145 1068 ab
2168 1034 2346 1079 emptione

1253 1079 1288 1110 et
1311 1075 1524 1118 venditione,
1549 1076 1698 1111 invicem
1716 1077 1925 1113 liberantur.
1959 1078 2052 1114 idem
2075 1082 2129 1114 est
2148 1082 2184 1114 et
2202 1079 2240 1114 in
2261 1090 2344 1115 con-

1252 1121 1420 1156 ductione
1451 1124 1487 1156 et
1517 1121 1695 1156 locatione
1725 1126 1762 1157 et
1794 1123 1957 1158 omnibus
1989 1124 2253 1167 contractibus,
2286 1126 2345 1171 qui

1251 1177 1295 1202 ex
1320 1177 1495 1202 consensu
1522 1166 1756 1210 descendunt,
1782 1168 1876 1204 sieut
1898 1169 1970 1204 iam
1994 1168 2127 1205 dictum
2153 1173 2217 1205 est.

971 1581 1151 1632 LIBER
1182 1582 1463 1642 QUARTUS.

615 1734 658 1773 1}

167 1813 228 1845 DE
253 1812 633 1846 OBLIGATlONIBUS
660 1811 782 1848 QUAE
807 1811 871 1844 EX
895 1811 1092 1845 DELICTO

477 1857 749 1891 NASCUNTUR
760 1857 782 1889 θ.

132 1934 220 1970 Cum
252 1935 451 1980 expositum
483 1935 529 1971 sit
560 1935 742 1980 superiore
766 1935 856 1971 libro
881 1935 925 1970 de
950 1934 1174 1980 obligationi-

87 1980 153 2016 bus
178 1991 222 2016 ex
247 1984 434 2016 contractu
459 1984 494 2016 et
518 1981 619 2026 quasi
643 1990 686 2015 ex
711 1984 917 2023 contractu,
951 1980 1111 2025 sequitur
1135 1983 1175 2015 ut

87 2025 130 2061 de
153 2026 428 2070 obligationibus
453 2036 496 2061 ex
520 2025 693 2062 maleficio
713 2026 952 2071 dispiciamus.
991 2025 1076 2061 ⁷sed
1094 2025 1176 2061 illae

110 2071 243 2114 uidem,
276 2075 316 2106 ut
339 2082 403 2107 suo
428 2071 507 2106 loco
531 2070 759 2114 tradidimus,
792 2071 828 2106 in
853 2074 1022 2117 quattuor
1044 2081 1176 2116 genera

110 2116 308 2151 ividuntur:
334 2117 402 2152 hae
425 2127 507 2152 vero
532 2117 637 2151 unius
660 2117 798 2161 generis
824 2121 918 2159 sunt,
944 2127 1026 2151 nam
1051 2126 1173 2151 omnes

85 2171 129 2196 ex
152 2172 191 2197 re
214 2165 429 2204 nascuntur,
460 2162 496 2196 id
521 2165 575 2196 est
598 2172 642 2197 ex
664 2162 742 2207 ipso
767 2162 960 2205 maleficio,
991 2162 1098 2197 veluti
1132 2172 1175 2197 ex

86 2207 182 2243 furto
208 2211 271 2242 aut
293 2207 420 2252 rapina
443 2210 507 2242 aut
532 2207 661 2242 damno
687 2210 749 2242 aut
774 2207 913 2242 iniuria.

88 2255 99 2286 1
200 2253 213 2273 ⁸
223 2252 374 2288 Furtum
395 2256 449 2287 est
462 2252 696 2288 contrectatio
709 2253 760 2288 rei
772 2252 982 2288 fraudulosa
994 2252 1048 2288 vel
1061 2252 1172 2298 ipsius

83 2298 132 2332 rei
156 2297 210 2332 vel
235 2298 339 2333 etiam
364 2308 450 2333 usus
475 2298 549 2332 eius
573 2298 862 2343 possessionisve,
912 2298 982 2333 uod
1006 2298 1082 2343 lege
1106 2308 1169 2333 na-

84 2345 103 2377 2
151 2343 259 2378 turali
282 2343 499 2389 prohibitum
524 2346 579 2378 est
602 2343 798 2379 admittere.
849 2344 863 2364 ⁹
905 2346 1022 2379 urtum
1054 2346 1172 2379 autem

84 2388 138 2423 vel
162 2398 184 2423 a
207 2388 308 2423 furvo
332 2388 369 2423 id
400 2391 455 2424 est
483 2387 582 2433 nigro
615 2388 747 2423 dictum
779 2393 851 2431 est,
909 2388 980 2424 uod
1013 2389 1103 2424 clam
1137 2392 1173 2424 et

85 2434 237 2468 obscure
260 2433 302 2468 fit
325 2437 361 2468 et
384 2433 591 2479 plerumque
614 2437 738 2469 nocte:
771 2435 825 2470 vel
850 2445 872 2469 a
911 2434 1039 2469 raude:
1071 2434 1126 2469 vel
1150 2444 1172 2469 a

83 2478 240 2521 ferendo,
264 2478 301 2513 id
325 2482 379 2514 est
398 2478 610 2514 auferendo:
636 2479 691 2514 vel
709 2490 731 2514 a
751 2479 890 2515 Graeco
911 2489 1085 2521 sermone,
1111 2479 1170 2524 qui

83 2526 207 2569 φῶρας
238 2524 420 2569 appellant
450 2524 559 2559 fures.
596 2524 701 2559 immo
727 2525 832 2560 etiam
858 2524 985 2560 Graeci
1011 2520 1083 2559 ἀπὸ
1107 2527 1171 2558 τοῦ

84 2573 102 2603 3
150 2572 273 2615 φέρειν
286 2571 313 2590 ¹⁰
337 2571 461 2614 φῶρας
485 2569 660 2604 dixerunt.
714 2570 954 2605 ¹¹'Furt0rum
975 2573 1093 2605 autem
1110 2580 1170 2614 ge-

84 2615 179 2649 *nera
203 2614 272 2649 duo
297 2617 391 2657 sunt,
416 2614 642 2650 manifestum
667 2618 702 2649 et
726 2625 791 2650 nec
815 2615 1052 2650 manifestum.
1088 2626 1170 2650 nam

84 2660 303 2705 'conceptum
336 2663 371 2695 et
402 2660 560 2695 oblatum
593 2659 729 2705 species
761 2660 880 2705 potius
912 2660 1061 2696 actionis
1087 2664 1171 2696 sunt

84 2704 189 2740 'furto
214 2705 445 2740 cohaerentes
470 2715 576 2750 quam
631 2715 737 2740 enera
767 2706 962 2748 furtorum,
993 2706 1085 2741 sicut
1115 2706 1168 2740 in-

83 2749 201 2785 ’serius
224 2750 433 2796 apparebit!
469 2751 598 2785 ¹²mani
616 2754 713 2785 estus
737 2750 797 2785 fur
821 2754 884 2792 est,
911 2761 1015 2796 quem
1040 2750 1169 2786 Graeci

83 2790 145 2828 ἐπ’
171 2790 375 2842 αὐτοφώρῳ
407 2795 605 2841 appellant:
639 2806 704 2831 nec
737 2796 851 2830 solum
881 2796 912 2831 is
946 2796 1006 2840 qui
1029 2795 1067 2830 in
1091 2796 1168 2841 ipso

82 2839 177 2875 furto
202 2840 489 2885 deprehenditur,
515 2841 579 2876 sed
604 2841 709 2876 etiam
734 2841 764 2875 is
789 2841 848 2885 qui
873 2851 914 2876 eo
938 2841 1018 2876 loco
1044 2840 1086 2876 de
1114 2851 1168 2876 re-

82 2885 266 2928 henditur,
298 2897 367 2930 quo
393 2886 452 2928 fit,
483 2885 591 2921 veluti
615 2886 674 2930 qui
697 2886 734 2920 in
760 2886 863 2921 domo
878 2887 904 2907 ¹³
927 2885 1061 2921 furtum
1101 2886 1171 2921 ecit

83 2933 118 2964 et
142 2930 299 2966 nondum
332 2941 491 2975 egressus
522 2931 667 2966 ianuam
700 2931 941 2983 deprehensus
972 2930 1099 2974 fuerit,
1134 2934 1170 2966 et

106 2975 142 3010 ui
165 2975 201 3010 in
226 2976 353 3011 oliveto
378 2977 548 3011 olivarum
573 2979 636 3011 aut
658 2977 695 3011 in
719 2980 836 3011 vlneto
860 2986 1010 3011 uvarum
1033 2976 1168 3011 furtum

99 3020 178 3062 ecit,
203 3021 371 3066 quamdiu
395 3021 431 3056 in
456 3031 498 3056 eo
523 3022 649 3057 oliveto
675 3025 739 3056 aut
759 3022 795 3056 in
819 3021 936 3057 vineto
960 3021 1019 3057 fur
1043 3021 1167 3066 depre-

82 3065 213 3101 hensus
238 3066 301 3101 sit:
334 3066 440 3101 immo
464 3067 613 3102 ulterius
636 3066 771 3102 furtum
795 3067 1021 3102 manifestum
1045 3071 1167 3102 exten-

82 3110 233 3145 dendum
267 3114 339 3154 est,
372 3112 540 3156 quamdiu
566 3122 642 3147 eam
666 3123 740 3147 rem
764 3111 823 3147 fur
845 3116 971 3147 tenens
995 3112 1090 3147 visus
1114 3112 1167 3147 vel

82 3155 321 3200 deprehensus
345 3155 453 3191 fuerit
476 3157 548 3192 sive
571 3157 608 3191 in
631 3157 774 3202 publico
800 3157 872 3192 sive
895 3157 931 3192 in
956 3157 1092 3202 privato
1114 3158 1167 3192 vel

83 3210 104 3234 a
128 3201 270 3236 domino
295 3202 348 3236 vel
373 3202 418 3236 ab
443 3202 532 3244 alio,
565 3205 756 3246 antequam
781 3212 821 3237 eo
846 3203 1063 3247 perveniret,
1098 3213 1166 3247 quo

82 3245 238 3290 perferre
262 3256 304 3281 ae
328 3246 506 3291 deponere
529 3257 602 3281 rem
627 3246 851 3282 destinasset.
888 3247 950 3282 sed
975 3247 1003 3282 si
1023 3248 1168 3292 pertulit

82 3300 151 3341 quo
183 3290 389 3334 destinavit,
421 3292 562 3327 tametsi
594 3291 880 3337 deprehendatur
911 3303 992 3327 cum
1022 3303 1061 3328 re
1092 3292 1167 3327 fur-

82 3338 163 3377 tiva,
187 3346 260 3371 non
283 3339 339 3371 est
361 3336 570 3372 manifestus
594 3336 664 3372 fur.
706 3337 818 3372 wnec
841 3337 1068 3372 manifestum
1091 3337 1167 3372 fur-

89 3447 129 3486 (1)
153 3448 321 3488 acceptum
344 3448 403 3479 ins.
424 3447 519 3479 cleta.-
544 3445 614 3487 ἔχω
640 3443 767 3489 λαβὼν
791 3441 812 3488 ἢ
835 3448 894 3479 καὶ
914 3444 1060 3491 ληφθὲν
1080 3443 1169 3488 ἄπη-

89 3488 267 3536 νεγκάμην
286 3493 397 3534 (quasi
416 3499 496 3524 esset
515 3491 619 3523 habeo
635 3494 804 3533 acceptum
819 3495 1032 3534 acceptumve
1045 3492 1123 3531 tuli)
1140 3493 1170 3524 Θ

89 3538 141 3576 (ι’)
169 3536 244 3568 Gai.
267 3537 298 3576 3,
317 3543 379 3569 ιτα.
402 3543 462 3569 177.
482 3543 533 3570 ιιι)
678 3538 723 3577 (2)
747 3538 795 3569 sic
818 3537 904 3576 Gai„
926 3536 1060 3569 tollitur
1080 3537 1169 3569 BT?

89 3581 144 3620 (Υ)
169 3579 307 3622 anullo]
325 3581 412 3621 Gai„
426 3580 540 3614 nullus
554 3581 632 3614 libri
675 3582 718 3623 (3)
736 3581 867 3613 videtur
880 3582 927 3622 B,
940 3581 1093 3613 videatur
1108 3579 1168 3622 2⁷⁶,

90 3627 150 3658 inc.
168 3625 213 3657 T*
305 3627 350 3666 (4)
377 3626 453 3658 Cod.
470 3627 500 3667 8,
514 3633 543 3659 ιι
559 3626 634 3666 (42),
648 3634 664 3659 s

134 3671 179 3710 (⁵)
203 3670 253 3711 Cf.
272 3670 346 3702 Gai.
360 3671 392 3710 3,
405 3677 538 3704 ¹82..208
559 3671 640 3713 Diq.
653 3672 707 3711 47,
722 3678 738 3703 2
760 3671 837 3703 Cod.
852 3673 884 3710 6,
898 3678 914 3703 2
968 3672 1014 3711 (6)
1033 3671 1080 3703 sic
1092 3670 1167 3707 ΑΘ,

90 3716 122 3745 et
135 3714 174 3746 de
187 3714 278 3746 furto
290 3714 367 3746 add.
383 3715 416 3747 Β
430 3721 490 3747 uer.
506 3716 526 3747 ἰ.
603 3718 647 3757 (7)
667 3727 720 3758 pr.
726 3716 792 3757 fin.
808 3728 846 3748 ez·
863 3715 944 3749 Gaii
954 3716 975 3748 Ι.
989 3722 1004 3748 8
1019 3727 1081 3748 rer.
1096 3721 1168 3748 cote⁴

1246 1710 1330 1745 ’tum
1355 1709 1440 1755 quid
1464 1710 1521 1753 sit,
1548 1721 1591 1745 ex
1615 1710 1669 1745 his
1695 1721 1786 1756 quae
1811 1711 1963 1746 diximus
1987 1711 2224 1757 intellegitur:
2258 1723 2340 1748 nam

1246 1754 1351 1800 'quod
1375 1755 1602 1791 manifestum
1627 1767 1699 1791 non
1724 1759 1789 1799 est,
1814 1756 1851 1792 id
1869 1756 2007 1792 scilicet
2025 1767 2092 1792 nec
2113 1757 2340 1793 manifestum

1245 1803 1266 1835 4
1314 1801 1388 1836 'est.
1438 1800 1659 1847 Conceptum
1683 1801 1819 1836 furtum
1852 1801 2001 1845 dicitur,
2035 1812 2115 1837 cum
2147 1803 2244 1847 apud
2277 1804 2339 1838 ali-

1246 1846 1360 1891 ’quem
1393 1846 1545 1882 testibus
1577 1847 1826 1891 praesentibus
1857 1846 1991 1882 furtiva
2021 1857 2079 1882 res
2112 1848 2274 1893 quaesita
2306 1852 2341 1883 et

1245 1891 1398 1926 ‘inventa
1429 1892 1493 1927 sit:
1526 1903 1609 1927 nam
1642 1892 1679 1926 in
1713 1894 1831 1927 eum¹⁵
1854 1892 2001 1938 propria
2025 1893 2117 1928 actio
2144 1893 2341 1928 constituta

1245 1937 1325 1980 'est,
1358 1937 1515 1982 quamvis
1538 1937 1598 1972 fur
1621 1948 1693 1972 non
1718 1937 1783 1980 sit,
1815 1947 1907 1983 quae
1940 1947 1985 1983 ap
2014 1938 2140 1973 ellatur
2165 1939 2338 1983 concepti.

1244 1982 1412 2017 'oblatum
1435 1981 1570 2017 furtum
1596 1982 1744 2025 dicitur,
1778 1993 1858 2018 cum
1890 1993 1947 2018 res
1995 1983 2110 2018 urtiva
2142 1984 2187 2018 ab
2221 1984 2338 2029 aliquo

1245 2027 1319 2062 *tibi
1344 2027 1466 2063 oblata
1490 2028 1536 2063 sit
1560 2038 1672 2072 eaque
1696 2027 1792 2073 apud
1817 2031 1853 2063 te
1879 2031 2053 2073 concepta
2078 2029 2135 2071 sit,
2161 2029 2284 2074 utique
2309 2029 2338 2064 si

1245 2074 1297 2107 'ea
1320 2076 1439 2107 mente
1462 2073 1528 2108 tibi
1552 2073 1636 2108 data
1659 2072 1785 2116 fuerit,
1819 2076 1861 2108 ut
1892 2073 1988 2118 apud
2020 2077 2056 2109 te
2087 2074 2206 2119 potius
2232 2085 2337 2119 quam

1245 2118 1350 2163 'apud
1375 2128 1455 2152 eum
1479 2118 1539 2163 qui
1564 2118 1698 2153 dederit
1723 2118 1991 2164 conciperetur:
2025 2129 2108 2154 nam
2133 2119 2217 2162 tibi,
2243 2119 2338 2164 apud

1244 2164 1358 2208 ‘quem
1383 2167 1558 2208 concepta
1582 2163 1647 2206 sit,
1672 2164 1818 2209 propria
1842 2163 2012 2199 adversus
2038 2174 2117 2199 eum
2142 2164 2202 2209 qui
2227 2168 2332 2209 optu-

1245 2209 1312 2251 ’lit,
1362 2208 1496 2244 uamvis
1521 2208 1580 2243 fur
1603 2219 1674 2244 non
1700 2209 1765 2251 sit,
1800 2209 1994 2244 constituta
2019 2213 2073 2245 est
2097 2210 2212 2252 actio,
2246 2220 2338 2255 quae

1244 2220 1454 2299 'appefflatur
1474 2253 1595 2289 oblati.
1633 2257 1688 2289 est
1713 2254 1818 2289 etiam
1842 2254 2013 2299 prohibiti
2036 2254 2123 2290 furti
2149 2255 2243 2290 actio
2269 2254 2331 2289 ad-

1244 2300 1375 2334 'versus
1401 2308 1499 2342 eum,
1525 2299 1584 2344 qui
1607 2298 1743 2334 furtum
1768 2309 1939 2345 quaerere
1963 2300 2114 2335 testibus
2138 2300 2335 2345 praesenti-

1243 2344 1320 2379 'bus
1353 2344 1527 2379 volentem
1559 2345 1801 2390 prohibuerit!
1837 2348 2023 2390 praeterea
2054 2356 2171 2390 poena
2203 2345 2335 2380 consti-

1241 2390 1354 2424 tuitur
1385 2389 1500 2425 edicto
1533 2389 1709 2435 praetoris
1741 2401 1805 2435 per
1829 2390 2005 2425 actionem
2029 2390 2115 2425 furti
2141 2401 2212 2425 non
2237 2390 2335 2425 exhi·

1240 2435 1305 2470 biti
1329 2434 1499 2470 adversus
1524 2446 1615 2478 eum,
1641 2435 1701 2480 qui
1724 2435 1892 2470 furtivam
1915 2446 1990 2470 rem
2015 2435 2111 2480 apud
2135 2446 2173 2470 se
2194 2435 2334 2480 quaesi-

1240 2483 1313 2515 tam
1338 2484 1374 2515 et
1396 2480 1576 2515 inventam
1600 2491 1673 2515 non
1698 2480 1869 2515 exhibuit.
1907 2480 1970 2515 sed
1994 2480 2062 2515 hae
2086 2480 2265 2522 actiones,
2298 2480 2335 2514 id

1241 2529 1295 2560 est
1319 2536 1429 2561 conce
1454 2526 1481 2560 ti
1506 2529 1542 2560 et
1566 2525 1676 2560 oblati
1701 2529 1737 2560 et
1759 2525 1844 2560 furti
1868 2525 2038 2570 prohibiti
2061 2535 2127 2561 nec
2152 2536 2224 2561 non
2246 2525 2333 2560 furti

1240 2582 1311 2606 non
1347 2571 1426 2605 exhi
1451 2571 1511 2613 iti,
1542 2570 1579 2605 in
1611 2570 1878 2605 desuetudinem
1911 2570 2086 2606 abierunt.
2125 2581 2206 2605 cum
2240 2570 2331 2605 enim

1238 2615 1421 2661 requisitio
1445 2616 1495 2650 rei
1518 2614 1671 2650 furtivae
1695 2615 1800 2651 hodie
1821 2615 2015 2651 secundum
2034 2618 2187 2651 veterem
2211 2616 2332 2651 obser-

1238 2661 1415 2705 vationem
1440 2672 1512 2696 non
1536 2660 1592 2695 fit:
1618 2660 1742 2695 merito
1764 2671 1807 2695 ex
1828 2661 2082 2706 consequentia
2105 2661 2210 2696 etiam
2229 2671 2332 2706 prae-

1238 2706 1337 2742 fatae
1372 2706 1532 2741 actiones
1568 2706 1613 2740 ab
1650 2716 1718 2741 usu
1754 2706 1931 2740 communi
1966 2709 2212 2748 recesserunt,
2249 2717 2330 2740 cum

1239 2750 1563 2786 manifestissimum
1588 2754 1652 2793 est,
1677 2751 1772 2796 quod
1787 2752 1813 2772 ¹⁶
1837 2761 1970 2793 omnes,
2020 2751 2056 2786 ui
2081 2752 2233 2787 scientes
2258 2761 2331 2786 rem

1238 2796 1405 2832 furtivam
1437 2796 1662 2849 susceperint
1693 2799 1729 2830 et
1760 2795 1968 2838 celaverint,
2018 2796 2088 2831 urti
2119 2806 2185 2831 nec
2218 2797 2330 2831 mani-

1239 2846 1258 2876 5
1306 2841 1389 2876 festi
1413 2841 1555 2877 obnoxii
1579 2844 1673 2877 sunt.
1727 2841 1887 2876 ¹⁷Poena
1918 2841 2098 2876 manifesti
2128 2841 2215 2876 furti
2240 2851 2327 2886 qua-

1239 2887 1356 2931 drupli
1379 2890 1434 2921 est
1456 2889 1529 2921 tam
1554 2896 1598 2921 ex
1622 2886 1712 2921 servi
1736 2897 1890 2931 persona
1914 2897 2020 2932 quam
2046 2897 2089 2922 ex
2113 2887 2239 2928 liberi,
2265 2897 2330 2921 nec

1238 2931 1415 2967 manifesti
1440 2931 1550 2976 dupli.

1238 2980 1258 3011 6
1355 2976 1553 3011 ¹⁸*Furtum
1575 2979 1695 3011 autem
1714 2975 1755 3011 fit
1774 2987 1846 3012 non
1867 2976 1994 3020 solum,
2020 2987 2099 3012 cum
2121 2976 2200 3022 quis
2220 2977 2328 3011 inter-

1239 3021 1401 3066 'cipiendi
1427 3031 1537 3056 causa
1560 3032 1634 3057 rem
1658 3021 1809 3056 alienam
1834 3025 1992 3064 amovet,
2025 3022 2088 3057 sed
2118 3022 2330 3066 generaliter

1238 3067 1327 3102 'cum
1352 3066 1429 3111 quis
1453 3066 1604 3101 alienam
1628 3077 1701 3102 rem
1724 3067 1833 3102 invito
1854 3067 1995 3102 domino
2017 3070 2226 3102 contractat.
2261 3066 2328 3101 ita-

1239 3112 1316 3157 'que
1340 3112 1412 3147 sive
1437 3111 1592 3147 creditor
1615 3111 1764 3157 pignore
1789 3113 1861 3147 sive
1884 3112 1915 3147 is
1941 3112 2037 3157 apud
2064 3122 2168 3157 quem
2188 3122 2246 3146 res
2267 3111 2327 3146 de-

1238 3158 1363 3202 'posita
1403 3160 1456 3191 est
1488 3166 1531 3191 ea
1562 3167 1600 3192 re
1631 3160 1754 3192 utatur
1785 3158 1858 3193 sive
1888 3157 1919 3192 is
1983 3157 2019 3191 ui
2051 3167 2125 3192 rem
2159 3156 2326 3192 utendam

1239 3202 1388 3246 *accepit
1418 3202 1455 3236 in
1488 3202 1595 3237 alium
1628 3212 1731 3237 usum
1757 3212 1833 3237 eam
1857 3205 1957 3237 trans
1976 3205 2070 3244 erat,
2119 3212 2201 3236 uam
2216 3201 2326 3253 ’cuius

1238 3247 1361 3291 'gratia
1393 3246 1424 3281 ei
1455 3246 1540 3282 data
1564 3250 1636 3290 est,
1667 3247 1803 3282 furtum
1830 3247 2028 3282 committit.
2063 3257 2105 3282 ve
2120 3247 2172 3281 uti
2196 3257 2226 3281 ει
2249 3256 2327 3291 quls

1238 3292 1432 3336 'argentum
1455 3292 1626 3327 utendum
1650 3292 1831 3337 acceperit
1854 3293 1956 3337 quasi
1980 3291 2114 3327 amicos
2135 3291 2182 3327 ad
2203 3301 2326 3326 cenam

1238 3337 1459 3372 *invitaturus
1485 3340 1520 3372 et
1542 3337 1579 3372 id
1602 3347 1748 3382 peregre
1772 3347 1893 3372 secum
1924 3336 2063 3379 tulerit,
2094 3340 2158 3372 aut
2187 3335 2216 3371 si
2248 3335 2326 3379 quis

1238 3447 1333 3490 (Diq.
1343 3448 1396 3488 ¹212,
1407 3455 1434 3487 7,
1444 3447 1497 3489 0?
1565 3450 1611 3490 (ὃ)
1636 3454 1674 3488 §l
1690 3449 1981 3492 exD1‘9.47,2‚1,3
1995 3448 2105 3489 (Paul.
2122 3449 2139 3479 l.
2151 3454 2186 3481 89
2202 3448 2249 3479 ad
2260 3447 2322 3488 ed.)

1238 3493 1282 3532 (9)
1310 3497 1325 3530 §
1342 3499 1357 3525 2
1371 3505 1410 3525 ex
1421 3493 1501 3537 Diq.
1516 3496 1571 3535 -17,
1585 3501 1612 3535 2,
1627 3502 1635 3527 ι
1650 3507 1702 3537 pr.
1716 3493 1828 3535 (Paul.
1844 3493 1863 3526 l.
1879 3501 1914 3526 39
1930 3495 1976 3525 ad
1988 3494 2050 3531 ed.)
2121 3493 2182 3534 (ιο)
2208 3492 2243 3524 id
2255 3498 2322 3523 est:

1238 3547 1256 3568 a
1270 3537 1404 3570 ferendo
1473 3539 1529 3580 (ιι)
1558 3539 1634 3572 Gai.
1648 3541 1679 3580 3,
1695 3546 1762 3577 isin
1781 3539 1900 3571 similia
1913 3538 1994 3580 Οἱς.
2004 3539 2058 3575 47,
2073 3545 2099 3576 2,
2114 3544 2129 3569 2
2143 3536 2237 3577 (Gai.
2254 3536 2275 3568 l.
2291 3543 2320 3568 ιε

1239 3583 1284 3614 ad
1295 3583 1359 3623 ed.)
1438 3583 1498 3624 (¹2)
1522 3583 1636 3615 manif.
1689 3583 1859 3625 appellant
1873 3595 1911 3615 ez·
1923 3582 2004 3624 Dz'y.
2018 3583 2073 3622 47,
2088 3588 2115 3622 2,
2129 3588 2144 3614 3
2155 3593 2208 3623 pr.
2223 3581 2320 3623 (Ulp.

1238 3626 1259 3659 l.
1274 3633 1304 3659 4¹
1320 3628 1368 3660 ad
1378 3627 1473 3669 Sat.)
1573 3629 1632 3669 (13)
1656 3628 1691 3659 in
1713 3629 1822 3667 domo]
1844 3628 1928 3666 dett„
1952 3626 2047 3657 domo
2068 3626 2109 3667 A,
2130 3625 2221 3657 domi
2242 3625 2320 3665 BG,

1238 3671 1298 3703 inc.
1317 3672 1364 3704 1¹¹
1431 3674 1490 3713 (ιι)
1518 3673 1595 3707 Gai.
1611 3675 1785 3712 3,185..1ss
1862 3672 1920 3712 (15)
1946 3681 1983 3702 eo
1999 3670 2076 3703 ΤΟ(Ι
2152 3672 2212 3710 (ιθ)
2237 3670 2318 3711 quin

1239 3716 1316 3749 libri
1361 3717 1419 3759 (ι-ι)
1443 3722 1457 3757 5
1474 3726 1488 3751 5
1503 3719 1617 3751 similis
1634 3717 1720 3750 Gaio
1736 3719 1844 3756 3,189.
1861 3723 1911 3749 1⁹0
1965 3716 2026 3755 (18)
2051 3715 2126 3748 Gai.
2143 3717 2317 3754 3,195..1⁹t

2009 3764 2049 3800 5*
