2528 3918
138 139 198 176 DE
229 139 384 170 FURTIS

139 251 224 287 furti
259 249 444 285 actionem.
494 251 531 284 et
565 259 646 284 cum
682 247 801 282 dolum
834 247 1020 283 dumtaxat
1054 251 1223 295 praestet,

139 296 263 332 merito
296 296 415 340 placet
445 305 516 329 non
540 293 673 328 habere
697 303 776 328 eum
801 292 888 327 furti
912 294 1103 329 actionem:
1140 293 1225 338 quid

139 341 230 377 enim
254 340 330 376 eius
347 340 505 383 interest,
531 339 560 374 si
584 338 666 374 dolo
687 338 832 373 careat?
857 338 952 382 quod
974 339 1003 374 si
1025 339 1105 375 dolo
1127 338 1222 380 fecit,

138 388 208 421 iam
232 385 372 430 quidem
431 384 599 420 ericulum
623 383 735 428 ipsius
759 387 832 425 est,
866 383 928 418 sed
953 395 1023 419 non
1048 384 1154 420 debet
1179 394 1224 419 ex

138 436 159 467 4
206 431 287 467 dolo
312 441 377 466 suo
419 430 488 464 urti
520 438 691 473 quaerere
715 428 903 464 actionem.
951 429 1111 465 Iulianus
1135 439 1223 474 quo-

139 487 208 522 que
230 476 321 511 libro
343 474 534 510 vicensimo
555 474 711 510 secundo
737 473 955 518 digestorum
975 475 1114 510 scribit:
1141 474 1224 519 quia

137 522 173 557 in
198 521 353 556 omnium
385 520 504 555 furum
532 529 687 564 persona
719 519 951 555 constitutum
976 523 1045 563 est,
1078 530 1122 555 ne
1147 520 1223 554 eius

137 567 188 602 rei
211 566 351 602 nomine
375 565 462 600 furti
485 574 591 609 agere
615 564 763 609 possint,
789 564 890 599 cuius
914 564 983 609 ipsi
1007 564 1104 600 fures
1129 567 1223 607 sunt,

137 623 208 647 non
232 611 378 647 habebit
400 610 487 645 furti
511 609 686 645 actionem
710 610 757 652 is,
784 610 879 654 apud
904 620 1008 655 quem
1032 620 1088 645 res
1114 609 1223 654 depo-

138 658 207 692 sita
229 660 302 698 est,
328 655 484 700 quamvis
508 655 666 699 periculo
692 655 768 690 eius
793 665 871 690 esse
899 665 957 690 res
982 654 1140 699 coeperit
1164 654 1223 699 qui

138 706 157 736 5
204 712 282 737 eam
314 700 556 736 contrectavit.
614 700 832 745 Papinianus
871 703 1020 743 tractat,
1061 700 1091 735 si
1131 699 1221 734 duos

138 758 258 783 servos
289 747 336 782 ob
366 746 488 781 decem
519 755 648 781 aureos
678 745 817 790 pignori
849 745 1048 790 acceperim
1072 748 1109 780 et
1132 745 1222 780 alter

138 792 367 838 subripiatur,
393 802 472 826 cum
496 791 586 826 alter
610 801 768 836 quoque,
795 790 854 835 qui
878 790 925 825 sit
949 793 1126 832 retentus,
1150 800 1223 824 non

137 838 281 874 minoris
305 837 428 872 decem
447 836 598 871 valeret:
623 839 743 870 utrum
763 845 875 880 usque
898 835 944 869 ad
969 836 1124 879 quinque
1143 839 1222 869 tan-

137 888 212 919 tum
235 883 387 918 habeam
410 881 498 916 furti
522 881 714 924 actionem,
750 880 833 925 quia
856 880 894 915 in
918 880 988 916 alio
1013 881 1126 915 habeo
1151 880 1222 916 sal-

137 939 199 964 vos
224 927 404 973 quinque?
436 937 482 961 an
505 937 600 969 vero,
625 926 708 971 quia
732 926 820 960 mori
844 929 973 970 potest,
1000 926 1070 961 dici
1094 926 1223 961 debeat

136 975 172 1009 in
197 973 318 1009 decem
343 972 419 1007 fore
443 972 635 1013 actionem,
669 970 807 1006 etiamsi
837 971 954 1015 magni
988 971 1094 1016 pretii
1123 971 1169 1006 sit
1193 971 1222 1005 is

137 1019 196 1064 qui
220 1018 417 1054 retinetur?
463 1020 500 1053 et
521 1017 572 1052 ita
595 1020 714 1061 putat:
745 1027 817 1051 non
841 1016 935 1052 enim
959 1017 1137 1061 respicere
1162 1016 1222 1051 de—

137 1066 260 1100 bemus
285 1063 422 1108 pignus,
448 1061 544 1107 quod
567 1062 776 1106 subreptum
800 1072 872 1097 non
893 1065 956 1105 est,
982 1062 1043 1097 sed
1067 1061 1103 1096 id
1128 1061 1223 1107 quod

137 1113 157 1145 6
205 1109 427 1144 subtractum
445 1110 510 1143 est.
546 1106 643 1142 Idem
668 1106 803 1148 scribit,
828 1106 869 1148 si,
896 1117 976 1142 cum
996 1107 1082 1141 mihi
1103 1107 1222 1142 decem

137 1155 370 1195 deberentur,
405 1163 528 1188 servus
560 1152 700 1197 pignori
731 1152 835 1187 datus
860 1153 1066 1188 subtractus
1092 1152 1155 1194 sit,
1192 1152 1222 1186 si

136 1200 275 1235 actione
299 1198 386 1233 furti
411 1202 622 1233 consecutus
646 1197 748 1233 fuero
768 1197 901 1241 decem,
926 1208 999 1233 non
1020 1201 1222 1242 competere

136 1245 219 1279 mihi
243 1244 329 1279 furti
352 1243 543 1285 actionem,
573 1243 605 1278 si
627 1242 756 1278 iterum
780 1242 1019 1288 subripiatur,
1053 1243 1137 1287 quia
1161 1243 1221 1278 de-

135 1290 194 1325 siit
217 1299 296 1325 mea
319 1289 509 1330 interesse,
542 1299 622 1322 cum
645 1288 753 1323 semel
782 1288 847 1323 sim
879 1292 1104 1323 consecutus.
1153 1288 1222 1323 hoc

138 1335 204 1378 'ta,
244 1335 275 1370 si
306 1334 383 1369 sine
415 1333 520 1378 culpa
551 1343 630 1368 mea
668 1333 901 1378 subripiatur:
938 1343 1020 1368 nam
1053 1333 1084 1368 si
1117 1334 1223 1378 culpa

135 1391 231 1423 mea,
263 1379 346 1425 quia
369 1378 533 1422 interest,
565 1388 605 1414 eo
631 1378 726 1423 quod
749 1382 874 1414 teneor
905 1378 1137 1423 pigneraticia
1161 1389 1222 1413 ac-

135 1426 241 1467 tione,
267 1434 373 1469 agere
396 1427 534 1469 potero.
572 1423 666 1468 quod
691 1424 721 1458 si
745 1423 851 1469 culpa
875 1424 986 1467 abest,
1012 1424 1089 1459 sine
1113 1423 1222 1459 dubio

135 1471 275 1507 domino
309 1473 510 1514 competere
534 1469 627 1504 actio
652 1469 806 1512 videtur,
840 1479 931 1513 quae
956 1469 1125 1504 creditori
1150 1481 1222 1504 non

139 1527 214 1552 com
241 1515 316 1551 etit.
354 1525 460 1560 quam
485 1514 696 1549 sententiam
720 1513 939 1559 Pomponius
988 1525 1107 1559 uoque
1131 1514 1221 1550 libro

136 1565 153 1595 7
229 1561 338 1597 ecimo
370 1559 417 1595 ad
448 1559 617 1594 Sabinum
647 1560 787 1604 probat.
835 1559 934 1595 Idem
984 1561 1099 1601 icunt,
1133 1563 1169 1596 et
1193 1560 1223 1594 si

135 1607 207 1643 duo
245 1606 336 1642 servi
371 1605 532 1649 subrepti
563 1605 634 1640 sint
658 1604 778 1646 simul,
813 1609 1013 1685 comgetere
1037 1605 1223 1650 utriusque

135 1652 277 1688 nomine
306 1650 394 1686 furti
423 1650 598 1685 actionem
631 1649 816 1692 creditori,
852 1661 890 1686 se
938 1661 1010 1686 non
1033 1651 1070 1685 in
1093 1654 1220 1691 totum,

135 1697 197 1733 sed
227 1707 292 1742 pro
325 1706 396 1748 qua
426 1699 543 1740 parte,
583 1695 619 1730 in
649 1695 806 1740 singulos
840 1695 949 1731 diviso
981 1706 1022 1731 eo
1063 1696 1159 1740 quod
1192 1696 1223 1730 ei

135 1743 296 1783 debetur,
321 1751 396 1777 eius
420 1741 583 1776 interest:
609 1741 803 1785 separatim
828 1745 947 1776 autem
971 1741 1111 1776 duobus
1137 1742 1221 1777 sub-

136 1789 255 1833 reptis,
280 1787 309 1822 si
335 1787 438 1821 unius
462 1786 603 1821 nomine
627 1786 778 1821 solidum
803 1790 1017 1821 consecutus
1043 1786 1107 1828 sit,
1133 1787 1221 1821 alte-

135 1836 154 1868 S
201 1834 277 1868 rius
317 1832 403 1867 nihil
442 1834 690 1876 consequetur.
750 1831 838 1866 Item
873 1832 1092 1876 Pomponius
1130 1832 1221 1867 libro

135 1878 271 1914 decimo
297 1887 340 1912 ex
365 1876 497 1912 Sabino
521 1876 680 1921 scripsit,
706 1876 737 1912 si
759 1876 789 1911 is
814 1877 872 1922 cui
896 1877 1116 1912 commodavi
1140 1877 1222 1912 dolo

134 1923 259 1959 fecerit
282 1922 377 1958 circa
401 1932 475 1957 rem
500 1921 774 1963 commodatam,
808 1932 912 1966 agere
937 1933 1017 1957 eum
1040 1922 1128 1957 furti
1151 1933 1223 1957 non

134 1972 155 2004 9
202 1978 318 2015 posse.
353 1967 451 2002 Idem
468 1967 687 2012 Pomponius
710 1967 840 2012 probat
864 1971 900 2002 et
923 1967 960 2002 in
985 1978 1037 2009 eo,
1064 1968 1124 2012 qui
1147 1978 1222 2002 rem

137 2018 177 2049 10
224 2013 392 2049 mandato
411 2012 561 2047 alicuius
581 2013 721 2057 accepit
739 2012 999 2056 perferendam.
1033 2014 1090 2047 An
1108 2017 1221 2058 pater,

134 2060 234 2095 cuius
259 2059 331 2094 filio
356 2057 579 2093 commodata
601 2067 659 2092 res
683 2061 748 2100 est,
772 2057 859 2093 furti
879 2058 1056 2093 actionem
1077 2058 1221 2100 habeat,

134 2104 328 2151 quaeritur.
378 2107 415 2139 et
437 2103 594 2138 Iulianus
619 2102 671 2137 ait
698 2107 837 2147 patrem
859 2103 929 2139 hoc
953 2103 1096 2139 nomine
1117 2113 1222 2148 agere

134 2161 205 2186 non
236 2159 360 2195 posse,
400 2148 484 2194 quia
513 2148 711 2184 custodiam
751 2151 936 2193 praestare
967 2159 1040 2184 non
1073 2148 1220 2184 debeat:

134 2196 244 2238 sicut,
268 2194 401 2239 inquit,
431 2194 461 2228 is
487 2194 545 2237 qui
568 2204 634 2238 pro
660 2203 718 2235 eo,
744 2194 802 2228 cui
826 2194 1050 2229 commodata
1073 2204 1131 2230 res
1155 2197 1221 2238 est,

133 2240 323 2282 fideiussit‚
357 2249 430 2274 non
460 2238 570 2275 habet
600 2238 687 2273 furti
719 2238 906 2275 actionem.
962 2250 1078 2284 neque
1115 2239 1221 2282 enim,

133 2286 170 2321 in
196 2286 266 2328 uit,
298 2285 345 2328 is,
382 2284 637 2329 cuiuscumque
674 2283 837 2319 intererit
876 2294 951 2320 rem
982 2295 1055 2320 non
1093 2284 1221 2329 perire,

133 2331 181 2366 ha
207 2335 242 2366 et
271 2330 360 2365 furti
390 2329 584 2371 actionem,
619 2329 682 2365 sed
706 2330 766 2373 qui
791 2330 836 2364 ob
862 2340 940 2365 eam
963 2340 1037 2366 rem
1068 2333 1221 2374 tenetur,

158 2376 231 2411 uod
263 2386 308 2412 ea
338 2385 394 2411 res
426 2375 482 2410 cul
509 2385 531 2409 a
559 2374 636 2410 eius
694 2374 832 2410 erierit:
871 2385 977 2420 quam
1009 2376 1222 2411 sententiam

149 2419 258 2457 'elsus
294 2430 435 2466 quoque
462 2420 489 2455 li
515 2430 554 2455 ro
593 2419 662 2455 duo
690 2420 801 2456 ecimo
834 2420 1051 2465 digestorum
1081 2421 1221 2465 probat.

137 2470 175 2502 11
223 2467 259 2502 Is
292 2466 352 2512 qui
382 2465 543 2517 precario
568 2467 732 2501 servum¹
764 2469 954 2510 rogaverat
983 2466 1153 2511 subrepto
1179 2476 1220 2502 eo

133 2515 252 2557 potest
275 2521 398 2556 quaeri
422 2521 468 2545 an
491 2511 624 2546 habeat
647 2510 735 2545 furti
758 2511 946 2546 actionem.
986 2515 1022 2546 et
1046 2522 1126 2547 cum
1149 2522 1222 2547 non

132 2561 188 2593 est
212 2561 338 2593 contra
362 2558 441 2591 eum
466 2556 576 2592 civilis
601 2556 695 2591 actio
719 2556 816 2601 (quia
840 2556 954 2592 simile
983 2556 1115 2593 donato
1139 2567 1221 2602 pre·

134 2602 269 2638 carium
290 2606 356 2644 est)
375 2601 526 2645 ideoque
546 2604 581 2636 et
600 2601 828 2636 interdictum
847 2603 1091 2638 necessarium
1109 2603 1222 2638 visum

135 2652 206 2689 est,
238 2658 311 2683 non
339 2647 486 2682 habebit
514 2646 603 2681 furti
632 2646 821 2681 actionem.
869 2647 976 2691 plane
1005 2651 1089 2693 post
1111 2648 1220 2683 inter-

134 2693 267 2728 dictum
303 2692 480 2727 redditum
511 2694 599 2737 puto
623 2701 705 2727 eum
735 2691 841 2726 etiam
865 2692 923 2727 cul
950 2702 1006 2727 am
1036 2697 1221 2738 praestare

137 2741 176 2773 12
224 2740 261 2773 et
282 2737 362 2772 ideo
388 2740 423 2772 et
445 2736 532 2771 furti
555 2746 659 2781 agere
682 2746 799 2781 posse.
838 2737 915 2782 Quo
961 2738 991 2773 si
1012 2737 1223 2773 conduxerit

135 2783 232 2828 quis,
271 2782 419 2817 habebit
453 2782 541 2816 furti
572 2782 766 2826 actionem,
807 2782 839 2818 si
868 2782 973 2818 modo
1007 2783 1113 2828 culpa
1144 2782 1220 2819 eius

140 2831 177 2863 13
225 2828 396 2872 subrepta
419 2826 466 2862 sit
488 2837 556 2863 res.
596 2827 634 2862 Si
652 2827 748 2863 fflius
772 2827 926 2863 familias
945 2828 1137 2873 subreptus
1163 2828 1220 2870 sit,

138 2876 179 2908 14
226 2876 363 2918 patrem
386 2872 519 2907 habere
543 2871 629 2907 furti
652 2872 831 2908 actionem
855 2873 975 2918 palam
1000 2876 1064 2908 est.
1102 2873 1140 2908 Si
1163 2884 1220 2909 res

135 2918 359 2954 commodata
391 2920 445 2953 est
475 2920 512 2953 et
540 2917 571 2952 is
597 2917 654 2952 cui
678 2918 901 2954 commodata
925 2922 981 2954 est
1010 2918 1218 2954 decesserit:

135 2963 294 3009 quamvis
326 2962 515 2998 hereditati
545 2962 680 2997 furtum
710 2962 790 2998 fieri
819 2974 892 2998 non
928 2964 1043 3009 possit
1075 2967 1110 2999 et
1140 2963 1220 2999 ideo

135 3019 200 3044 nec
229 3009 332 3044 heres
365 3008 440 3043 eius
472 3008 530 3042 cui
554 3007 776 3043 commodata
800 3012 854 3044 est
877 3009 992 3054 possit
1016 3019 1140 3053 agere,
1165 3012 1220 3044 ta-

134 3064 215 3088 men
239 3053 481 3090 commodator
511 3053 642 3097 poterit
672 3053 761 3088 furti
784 3063 906 3097 agere:
939 3054 1101 3098 idemque
1126 3057 1160 3089 et
1183 3054 1221 3088 in

135 3109 174 3134 re
205 3098 392 3151 pignerata
421 3098 475 3133 vel
499 3098 535 3132 in
559 3108 598 3133 re
628 3098 757 3133 locata.
805 3099 889 3134 licet
913 3099 1006 3134 enim
1029 3099 1222 3134 hereditati

136 3143 223 3179 furti
246 3144 340 3178 actio
364 3154 436 3178 non
460 3142 677 3187 adquiratur,
700 3147 821 3179 tamen
840 3143 912 3187 alii,
938 3144 1038 3180 cuius
1060 3144 1220 3186 interest,

139 3192 177 3223 15
226 3189 435 3233 adquiritur.
483 3188 566 3223 Non
590 3188 704 3223 solum
728 3192 847 3223 autem
870 3189 907 3224 in
931 3199 970 3224 re
995 3189 1221 3224 commodata

137 3234 305 3279 competit
327 3234 360 3269 ei
385 3233 443 3268 cui
468 3232 689 3268 commodata
708 3236 762 3268 est
784 3233 872 3269 furti
895 3234 1001 3276 actio,
1026 3234 1090 3270 sed
1114 3234 1222 3269 etiam

136 3279 173 3313 in
197 3289 249 3322 ea,
276 3289 366 3323 quae
389 3289 434 3314 ex
457 3288 500 3313 ea
524 3278 679 3322 adgnata
703 3281 775 3320 est,
802 3279 885 3323 quia
910 3283 944 3314 et
967 3279 1074 3315 huius
1100 3283 1219 3315 custo-

136 3323 195 3359 dia
227 3323 273 3359 ad
306 3333 385 3359 eum
413 3324 578 3368 pertinet.
626 3333 708 3358 nam
738 3326 774 3358 et
805 3323 836 3359 si
867 3334 1007 3359 servum
1037 3324 1102 3360 tibi
1126 3335 1220 3360 com-

137 3368 340 3410 modavero,
366 3371 402 3404 et
424 3369 532 3404 vestis
558 3368 631 3403 eius
656 3368 797 3404 nomine
821 3368 906 3404 furti
929 3379 1030 3414 ages,
1086 3370 1221 3405 uamvis

136 3418 287 3455 vestem,
320 3414 415 3457 qua.2
443 3414 590 3449 vestitus
615 3416 685 3455 est,
718 3413 784 3448 tibi
812 3424 884 3449 non
915 3424 1051 3450 commo
1078 3414 1219 3450 averim.

137 3459 220 3494 item
245 3459 275 3493 si
298 3458 456 3493 iumenta
478 3459 542 3494 tibi
567 3458 852 3500 commodavero,
884 3469 1033 3503 quorum
1062 3459 1221 3504 sequella

137 3507 215 3538 erat
246 3503 406 3544 eculeus,
438 3507 526 3548 puto
558 3506 759 3548 competere
789 3502 876 3538 furti
907 3504 1082 3540 actionem
1114 3504 1222 3540 etiam

137 3548 212 3584 eius
256 3548 413 3590 nomine,
458 3548 617 3592 quamvis
656 3548 734 3600 ipse
769 3558 841 3584 non
875 3548 922 3583 sit
963 3549 1220 3585 commodatus.

143 3596 180 3628 16
228 3592 350 3637 Qualis
381 3602 465 3636 ergo
496 3592 585 3628 furti
616 3597 709 3629 actio
742 3592 846 3628 detur
875 3593 926 3636 ei,
955 3594 1014 3630 cui
1044 3605 1101 3631 res
1126 3604 1221 3630 com-

1205 120 1291 168 765

2070 130 2320 174 XXXXVlI
2353 134 2377 171 2

1293 246 1438 282 modata
1461 248 1533 299 est,
1559 247 1757 290 quaesitum
1781 252 1846 284 cst.
1894 253 1931 285 et
1953 255 2040 296 puto
2066 254 2264 296 omnibus³,
2315 265 2376 289 uo-

1293 303 1373 327 rum
1400 291 1564 372 fericulo
1601 302 1660 326 res
1699 294 1836 330 alienae
1873 300 1972 338 sunt,
2010 298 2119 333 veluti
2155 309 2290 335 commo
2318 301 2377 342 ati,

1293 337 1377 372 item
1415 337 1509 373 ocati
1533 336 1733 381 pignorisve
1757 340 1910 384 accepti,
1934 341 1964 376 si
1989 342 2056 378 hae
2081 345 2272 389 subreptae
2295 345 2377 387 sint,

1295 382 1458 418 omnibus
1488 382 1575 417 furti
1600 382 1780 418 actiones⁴
1814 390 2028 430 competere:
2055 389 2231 424 condictio
2259 394 2377 425 autem

1299 432 1334 462 17
1385 428 1418 463 ei
1449 427 1590 463 demum
1629 429 1813 471 competit,
1855 431 1912 474 qui
1951 432 2143 468 dominium
2173 434 2292 470 habet.
2341 436 2378 470 Si

1294 473 1458 518 epistula,
1507 482 1590 507 uam
1610 482 1674 517 ego
1698 473 1764 508 tibi
1783 474 1871 516 misi,
1896 476 2094 522 intercepta
2113 479 2168 522 sit,
2195 480 2272 524 quis
2291 479 2379 515 furti

1294 518 1470 553 actionem
1520 517 1648 552 abeat?
1673 521 1709 552 et
1731 518 1884 571 primum
1910 523 2147 565 quaerendum
2171 530 2244 567 est,
2278 526 2378 561 cuius

1294 564 1340 599 sit
1364 563 1535 608 epistula,
1568 566 1688 597 utrum
1713 573 1788 598 eius
1839 565 1874 599 ui
1898 566 2010 609 misit,
2036 578 2081 602 an
2105 569 2180 603 eius
2206 570 2251 605 ad
2275 581 2378 615 quem

1293 608 1403 644 missa
1426 609 1504 643 est?
1539 611 1573 642 et
1597 608 1628 642 si
1652 607 1794 652 quidem
1815 575 1898 644 dedi
1922 621 2022 646 servo
2048 613 2142 655 eius,
2169 616 2286 649 statim
2311 615 2378 660 ipsi

1294 653 1455 697 quaesita
1486 656 1560 695 est,
1600 653 1658 688 cui
1686 653 1782 688 misi:
1824 655 1854 689 si
1883 665 1966 691 vero
1995 660 2235 702 procuratori,
2267 671 2378 705 aeque

1294 698 1392 751 (quia
1415 709 1479 744 per
1503 698 1652 733 liberam
1686 709 1875 751 personam
1899 703 2077 744 possessio
2103 705 2226 748 quaeri
2249 709 2378 749 potest)

1292 754 1406 788 ipsius
1427 743 1526 779 facta
1546 747 1611 785 est,
1635 753 1787 779 maxime
1811 744 1842 779 si
1862 745 1938 780 eius
1956 746 2118 782 interfuit
2138 760 2214 784 eam
2234 750 2376 786 habere.

1294 788 1389 834 quod
1413 789 1442 824 si
1465 789 1516 823 ita
1538 788 1618 824 misi
1642 788 1849 833 epistulam,
1887 794 1927 825 ut
1956 791 2040 826 mihi
2064 794 2280 837 remittatur,
2316 795 2377 830 do-

1292 833 1437 868 minium
1473 843 1590 868 meum
1622 838 1759 877 manet,
1793 834 1875 878 quia
1906 836 1981 871 eius
2012 837 2110 872 nolui
2141 840 2300 875 amittere
2325 841 2379 875 vel

1292 879 1487 914 transferre
1512 879 1717 914 dominium.
1766 880 1844 924 quis
1868 890 1951 925 ergo
1976 881 2064 916 furti
2088 885 2191 935 aget?
2225 885 2255 919 is
2279 886 2379 920 cuius

1291 924 1454 959 interfuit
1477 934 1555 959 eam
1579 935 1651 963 non
1675 925 1827 969 subripi,
1859 924 1897 960 id
1920 929 1974 961 est
1997 927 2043 962 ad
2068 938 2168 963 cuius
2193 930 2378 965 utilitatem

1291 970 1519 1014 pertinebant
1554 980 1597 1004 ea
1636 980 1727 1015 quae
1760 970 1895 1016 scripta
1932 975 2026 1006 sunt.
2075 977 2110 1007 et
2140 973 2219 1009 ideo
2257 976 2378 1020 quaeri

1292 1018 1432 1059 potest,
1465 1025 1511 1050 an
1542 1015 1648 1050 etiam
1678 1015 1729 1058 is,
1766 1015 1823 1050 cui
1847 1015 1932 1051 data
1956 1020 2011 1052 est
2033 1018 2257 1062 perferenda,
2294 1020 2380 1055 furti

1293 1070 1398 1104 agere
1429 1060 1554 1105 possit.
1604 1064 1639 1095 et
1670 1060 1701 1096 si
1726 1060 1889 1096 custodia
1914 1062 1988 1097 eius
2014 1062 2059 1097 ad
2083 1073 2163 1098 eum
2194 1065 2379 1109 pertineat,

1293 1109 1429 1149 potest:
1470 1105 1532 1141 sed
1565 1110 1600 1140 et
1632 1105 1661 1140 si
1695 1105 1855 1141 interfuit
1886 1107 1960 1142 eius
1997 1107 2185 1152 epistulam
2222 1109 2379 1153 reddere,

1293 1150 1379 1185 furti
1403 1151 1550 1186 habebit
1581 1151 1771 1186 actionem.
1819 1151 1912 1196 finge
1944 1162 2022 1187 eam
2046 1153 2234 1197 epistulam
2259 1154 2379 1198 fuisse,

1295 1206 1386 1241 quae
1410 1196 1633 1237 continebat,
1658 1200 1699 1231 ut
1723 1196 1755 1231 ei
1779 1197 1864 1241 quid
1888 1197 2097 1233 redderetur
2120 1198 2279 1235 fieretve:
2317 1211 2380 1245 po-

1292 1244 1363 1276 test
1391 1241 1525 1276 habere
1557 1241 1643 1276 furti
1684 1242 1882 1277 actionem:
1923 1243 1977 1277 vel
2009 1243 2038 1278 si
2076 1243 2274 1279 custodiam
2305 1246 2382 1280 eius

1292 1287 1366 1322 rei⁵
1398 1287 1531 1331 recepit
1563 1287 1616 1322 vel
1656 1287 1855 1322 mercedem
1893 1287 2126 1332 perferendae
2158 1290 2300 1335 accipit.
2348 1295 2383 1325 et

1293 1331 1361 1367 erit
1392 1332 1428 1366 in
1459 1333 1555 1367 hunc
1588 1342 1711 1368 casum
1741 1332 1865 1368 similis
1897 1343 2007 1369 causa
2042 1334 2118 1369 eius
2144 1338 2180 1369 et
2211 1336 2382 1380 cauponis

1293 1381 1357 1412 aut
1387 1378 1548 1422 magistri
1580 1377 1696 1413 navis:
1738 1388 1821 1413 nam
1854 1378 1909 1414 his
1935 1378 2060 1414 damus
2084 1379 2172 1414 furti
2196 1380 2381 1423 actionem,

1293 1423 1323 1458 si
1355 1423 1427 1458 sint
1458 1423 1642 1465 solvendo,
1676 1423 1844 1468 quoniam
1876 1423 2074 1468 periculum
2103 1435 2223 1460 rerum
2253 1425 2298 1460 ad
2323 1436 2382 1461 eos

1292 1469 1458 1513 pertinet.

1343 1512 1390 1550 15
1425 1513 1479 1548 ΡΑ
1489 1523 1583 1548 ULUS
1611 1513 1702 1549 libro
1733 1514 1859 1559 quinto
1884 1514 1934 1549 ad
1957 1514 2129 1550 Sabinum
2178 1515 2382 1559 Creditoris,

1294 1559 1394 1594 cuius
1419 1559 1546 1603 pignus
1571 1559 1782 1604 subreptum
1808 1562 1871 1601 est,
1896 1570 1968 1595 non
1988 1560 2122 1596 credito
2147 1564 2250 1597 tenus
2273 1559 2381 1596 inter-

1291 1608 1365 1646 est,
1404 1604 1466 1639 sed
1504 1604 1706 1639 omnimodo
1738 1604 1775 1639 in
1814 1604 1966 1639 solidum
1995 1605 2082 1640 furti
2111 1616 2215 1651 agere
2246 1609 2380 1652 potest:

1292 1650 1355 1684 sed
1387 1653 1422 1684 et
1454 1649 1687 1693 pigneraticia
1711 1650 1853 1685 actione
1875 1650 1912 1685 id
1935 1650 2032 1695 quod
2063 1651 2221 1687 debitum
2246 1651 2384 1688 excedit

1295 1698 1308 1729 1
1361 1694 1515 1730 debitori
1537 1695 1749 1739 praestabit.
1796 1695 1983 1738 Dominus,
2009 1697 2069 1741 qui
2093 1707 2168 1732 rem
2192 1696 2382 1742 subripuit,

1292 1740 1328 1774 in
1354 1750 1425 1784 qua
1450 1750 1536 1775 usus
1561 1739 1699 1776 fructus
1725 1740 1863 1775 alienus
1889 1744 1959 1783 est,
1997 1741 2083 1776 furti
2115 1741 2382 1778 usufructuario

1293 1789 1312 1819 2
1360 1789 1512 1821 tenetur.
1561 1785 1633 1820 Sed
1657 1796 1737 1820 eum
1762 1786 1822 1830 qui
1846 1786 1911 1821 tibi
1939 1786 2226 1831 commodaverit,
2252 1786 2283 1823 si
2306 1798 2383 1823 eam

1293 1841 1368 1865 rem
1392 1830 1584 1875 subripiat,
1615 1841 1688 1866 non
1711 1831 1825 1866 teneri
1849 1831 1938 1866 furti
1961 1832 2141 1876 placuisse
2165 1832 2383 1878 Pomponius

1292 1876 1453 1921 scripsit,
1487 1876 1655 1920 quoniam
1686 1876 1774 1911 nihil
1805 1880 1869 1911 tua
1892 1877 2095 1921 interesset,
2130 1879 2278 1922 utpote⁶
2302 1889 2382 1913 cum

1292 1932 1358 1956 nec
1384 1921 1599 1956 commodati
1623 1921 1789 1956 tenearis.
1840 1932 1923 1966 ergo
1954 1922 1986 1958 si
2009 1923 2055 1957 ob
2086 1923 2223 1968 aliquas
2247 1923 2382 1969 impen-

1292 1977 1370 2009 sas,
1404 1977 1492 2011 quas
1524 1966 1562 2001 in
1591 1977 1665 2002 rem
1699 1967 1959 2002 commodatam
1982 1967 2116 2012 fecisti,
2149 1969 2383 2004 retentionem

1292 2012 1368 2047 cius
1393 2012 1580 2051 habueris,
1614 2012 1722 2047 etiam
1746 2022 1826 2047 cum
1849 2012 1928 2058 ipso
1954 2012 2116 2055 domino,
2142 2013 2172 2048 si
2195 2023 2274 2048 eam
2298 2013 2382 2050 sub-

1292 2057 1416 2102 ripiat,
1450 2057 1599 2092 habebis
1632 2057 1721 2092 furti
1752 2057 1947 2102 actionem,
1982 2058 2066 2103 quia
2095 2069 2137 2094 eo
2171 2069 2258 2094 casu
2282 2061 2386 2104 quasi

1293 2102 1450 2147 pignoris
1475 2102 1552 2138 loco
1578 2112 1622 2138 ea
1644 2112 1702 2138 res
1726 2102 1806 2138 fuit.

1341 2145 1392 2185 16
1416 2147 1524 2183 IDEM
1543 2148 1634 2183 libro
1659 2149 1810 2199 septimo
1835 2148 1885 2183 ad
1908 2147 2083 2185 Sabinum
2124 2148 2179 2186 Ne
2204 2159 2285 2185 cum
2310 2148 2382 2184 filio

1292 2193 1445 2228 familias
1477 2196 1580 2238 pater
1611 2192 1699 2228 furt1
1731 2203 1839 2238 agere
1869 2194 2000 2240 possit,
2032 2204 2104 2230 non
2136 2194 2222 2229 iuris
2249 2195 2381 2230 consti-

1291 2238 1402 2282 tutio,
1439 2239 1503 2274 sed
1533 2242 1663 2273 natura
1694 2238 1747 2274 rei
1780 2239 2033 2284 impedimento
2073 2242 2145 2283 est,
2186 2239 2281 2284 quod
2311 2250 2383 2275 non

1292 2284 1403 2328 magis
1435 2294 1515 2319 cum
1546 2283 1621 2326 his,
1659 2294 1748 2329 quos
1780 2284 1817 2318 in
1847 2288 2027 2329 potestate
2058 2285 2246 2327 habemus,
2278 2295 2382 2329 quam

1292 2329 1480 2365 nobiscum
1502 2329 1595 2374 ipsi⁷
1620 2339 1725 2373 agere
1750 2340 1954 2375 possumus.

1342 2372 1391 2411 17
1424 2374 1619 2410 Uipmws
1652 2375 1743 2410 libro
1776 2375 1983 2421 triqensimo
2008 2386 2104 2410 nono
2135 2375 2185 2410 ad
2207 2374 2381 2410 Sabinum

1292 2420 1392 2455 Servi
1428 2423 1465 2455 et
1496 2419 1560 2454 filii
1592 2420 1706 2455 nostri
1745 2419 1881 2455 furtum
1919 2419 2061 2465 quidem
2097 2420 2201 2457 nobis
2233 2419 2380 2462 faciunt,

1291 2465 1361 2510 ipsi
1394 2468 1513 2500 autem
1545 2464 1634 2499 furti
1665 2475 1739 2500 non
1762 2468 1945 2500 tenentur:
1979 2475 2094 2510 neque
2119 2465 2211 2501 enim
2235 2465 2295 2510 qui
2319 2476 2381 2510 po·-

1291 2514 1363 2546 test
1386 2510 1424 2545 in
1447 2510 1562 2545 furem
1586 2513 1755 2552 statuere,
1781 2521 1927 2546 necesse
1945 2511 2055 2546 habet
2078 2511 2245 2547 adversus
2268 2509 2382 2546 furem

1291 2556 1446 2600 litigare:
1471 2555 1605 2590 idcirco
1629 2566 1695 2590 nec
1721 2555 1814 2590 actio
1840 2556 1874 2590 ei
1898 2566 1920 2591 a
1942 2556 2120 2592 veteribus
2151 2555 2293 2602 prodita
2316 2559 2376 2591 est

1294 2604 1309 2636 1
1360 2600 1462 2637 Unde
1483 2603 1538 2636 est
1584 2600 1772 2643 uaesitum,
1799 2601 1829 2636 si
1853 2600 1962 2636 fuerit
1985 2601 2160 2637 alienatus
2179 2601 2233 2637 vel
2256 2611 2380 2635 manu-

1291 2646 1438 2690 missus,
1481 2656 1528 2681 an
1575 2646 1648 2681 urti
1684 2647 1825 2682 actione
1865 2650 2040 2682 teneatur.
2089 2650 2126 2682 et
2161 2646 2279 2691 placet
2309 2656 2381 2681 non

1291 2692 1423 2727 teneri:
1463 2701 1578 2735 neque
1610 2691 1703 2726 enim
1734 2691 1850 2734 actio,
1887 2702 1979 2737 quae
2010 2702 2081 2727 non
2112 2691 2181 2726 fuit
2204 2691 2249 2726 ab
2281 2691 2380 2726 initio

1291 2740 1394 2781 nata,
1429 2737 1514 2772 oriri
1538 2737 1683 2781 potest⁸
1715 2736 1887 2772 adversus
1919 2737 2015 2772 hunc
2046 2737 2173 2772 furem.
2221 2736 2327 2782 plane
2350 2736 2381 2771 si

1291 2783 1529 2817 manumissus
1562 2782 1816 2823 contrectabit,
1854 2781 2043 2817 dicendum
2067 2782 2134 2818 erit
2163 2781 2278 2817 teneri
2301 2791 2380 2816 eum

1292 2830 1311 2862 2
1358 2827 1446 2862 furti
1466 2826 1609 2869 iudicio,
1635 2827 1719 2871 quia
1738 2827 1845 2862 hodie
1864 2827 2000 2862 furtum
2020 2827 2115 2863 fecit.
2153 2826 2241 2861 Cum
2262 2830 2379 2861 autem

1291 2883 1433 2914 servus,
1466 2882 1570 2917 quem
1594 2872 1662 2907 emi
1686 2872 1909 2917 traditusque
1933 2873 2019 2907 mihi
2043 2876 2111 2914 est,
2137 2882 2159 2906 a
2183 2881 2238 2906 me
2261 2870 2378 2906 redhi-

1291 2918 1437 2961 beatur,
1469 2927 1542 2952 non
1567 2920 1621 2952 est
1651 2918 1688 2952 in
1719 2927 1763 2952 ea
1794 2928 1922 2961 causa,
1953 2921 1993 2952 ut
2049 2916 2169 2953 erinde
2191 2916 2377 2958 habeatur,

1290 2966 1398 3008 atque
1421 2962 1453 2999 si
1475 2973 1576 2997 meus
1596 2972 1789 3007 numquam
1813 2963 1951 3005 fuisset,
1977 2973 2015 2998 se
2065 2966 2100 2997 et
2118 2961 2186 2996 fuit
2209 2964 2244 2996 et
2262 2960 2375 2996 desiit.

1289 3008 1424 3043 idcirco
1450 3007 1535 3042 dicit
1555 3007 1709 3042 Sabinus
1729 3018 1820 3051 eum,
1846 3008 1876 3043 si
1899 3007 2036 3043 furtum
2059 3007 2155 3048 fecit,
2179 3006 2216 3040 in
2238 3015 2281 3040 ea
2299 3015 2377 3040 esse

1291 3063 1419 3095 causa,
1455 3056 1496 3087 ut
1527 3051 1615 3087 furti
1646 3052 1723 3088 eius
1755 3053 1897 3088 nomine
1925 3053 1956 3088 is
1981 3053 2040 3097 qui
2063 3050 2242 3087 redhibuit
2272 3059 2378 3094 agere

1291 3109 1362 3133 non
1385 3098 1511 3142 possit.
1560 3097 1624 3133 sed
1655 3097 1723 3133 etsi
1752 3108 1825 3133 non
1854 3098 1984 3143 possit,
2018 3100 2173 3131 attamen
2196 3094 2288 3130 ratio
2312 3095 2376 3129 hae

1290 3143 1366 3178 beri
1391 3142 1496 3177 debet
1532 3142 1608 3178 eius
1634 3142 1730 3187 quod
1761 3142 1865 3185 fecit,
1904 3153 1983 3178 cum
2007 3140 2183 3177 redhiberi
2208 3139 2375 3184 coeperit,

1291 3191 1310 3223 3
1357 3187 1464 3232 idque
1488 3187 1627 3223 actione
1650 3187 1885 3224 redhibitoria
1909 3187 2119 3223 continetur.
2155 3184 2247 3219 Illud
2267 3194 2375 3228 quae-

1291 3233 1399 3268 situm
1422 3235 1495 3275 est,
1529 3233 1577 3275 si,
1603 3243 1684 3269 cum
1707 3233 1746 3268 in
1769 3233 1856 3278 fuga
1880 3236 1973 3268 esset
1996 3241 2129 3273 servus,
2153 3229 2288 3264 furtum
2312 3228 2375 3264 do-

1292 3279 1385 3313 mino
1411 3277 1575 3320 fecisset,
1608 3288 1655 3313 an
1679 3288 1790 3323 aeque
1814 3282 1936 3323 posset
1958 3277 2090 3311 habere
2113 3274 2288 3309 actionem
2311 3273 2374 3309 ad-

1291 3333 1413 3358 versus
1434 3333 1526 3365 eum,
1551 3323 1612 3367 qui
1635 3323 1672 3358 in
1694 3327 1907 3368 potestatem
1932 3321 2062 3356 domini
2086 3330 2157 3355 non
2177 3329 2375 3370 regressum

1291 3369 1386 3403 bona
1415 3367 1487 3403 fide
1525 3367 1711 3412 possidere
1751 3368 1918 3413 coeperit.
1966 3370 2081 3400 movet
2120 3368 2374 3415 quaestionem,

1315 3413 1404 3456 uod,
1431 3412 1589 3457 quamvis
1614 3413 1796 3458 possidere
1820 3422 1959 3447 servum
1983 3421 2024 3445 eo
2047 3413 2218 3454 tempore,
2243 3418 2314 3453 quo
2337 3419 2375 3443 m

1291 3425 1375 3503 fuga
1407 3461 1478 3501 est,
1518 3457 1658 3501 videor,
1691 3462 1848 3493 attamen
1871 3456 1957 3491 furti
1981 3454 2120 3490 actione
2144 3463 2216 3488 non
2239 3456 2373 3495 teneor,

1291 3503 1394 3548 quasi
1425 3513 1498 3538 non
1529 3503 1576 3539 sit
1603 3504 1641 3539 in
1670 3513 1749 3538 mea
1779 3504 1973 3546 potestate:
2015 3498 2110 3544 quod
2139 3497 2231 3533 enim
2254 3497 2376 3533 videor

1317 3547 1492 3591 ossidere,
1533 3547 1580 3583 ad
1611 3547 1865 3592 usucapionem
1903 3548 2041 3580 tantum
2079 3542 2166 3578 mihi
2201 3541 2375 3587 proficere

1310 3593 1450 3630 ulianus
1474 3593 1610 3629 scribit.
1641 3593 1726 3629 dicit
1747 3591 1855 3637 igitur
1871 3588 2089 3635 Pomponius
2112 3587 2203 3623 libro
2223 3587 2373 3633 septimo

137 3713 176 3751 (1)
201 3720 294 3742 servo
306 3710 340 3742 F
740 3709 782 3750 (3)
807 3706 973 3751 omnibus]
986 3707 1143 3752 obligatis
1155 3721 1218 3743 ιον.

138 3757 147 3793 (
152 3758 180 3792 ¹1)
205 3755 284 3797 ipsis
296 3767 357 3787 scr.

434 3710 476 3750 (2)
502 3719 601 3750 quam
613 3710 647 3742 F

450 3755 495 3795 (8)
518 3755 631 3797 postea
643 3755 703 3788 ins.

1724 3703 1767 3743 (5)
1793 3698 1842 3732 rei
1855 3698 1917 3732 del.
1932 3697 2004 3730 edd.
2103 3697 2149 3739 (6)
2174 3698 2330 3740 utputote
2343 3700 2377 3732 F

1321 3707 1365 3750 (4)
1386 3707 1551 3743 actionem
1563 3717 1624 3739 scr.
