2528 3918
130 118 476 153 'I'REBELLIANUM

131 233 282 277 quarta¹
315 230 405 266 facit
429 234 464 266 et
489 233 636 274 quartae
659 229 818 264 fructus:
852 238 934 263 nam
966 228 1124 271 fructus,
1159 229 1220 274 qui

132 277 246 312 medio
276 280 437 327 tempore
472 285 578 320 perce
605 274 633 309 ti
668 277 767 318 sunt,
805 284 849 309 ex
883 274 1014 310 iudicio
1054 275 1219 310 testantis

131 326 150 357 3
196 326 356 366 percept1
380 321 555 356 videntur.
606 320 650 355 ed
673 319 768 355 enim
791 319 822 354 si
846 319 925 363 quis
948 324 1093 364 rogetur
1116 320 1221 355 resti-

130 373 230 402 tuere
253 366 487 402 hereditatem
519 368 555 401 et
584 365 640 400 vel
669 364 761 400 servi
793 364 1013 399 decesserint
1041 366 1097 400 vel
1130 365 1220 400 aliae

130 423 185 447 res
203 412 383 456 perierint,
409 412 528 456 placet
552 421 624 445 non
649 410 726 454 cogi
752 420 832 444 eum
855 409 1004 445 reddere
1028 410 1124 455 quod
1147 420 1220 445 non

130 458 255 492 habet:
282 457 408 501 culpae
432 457 538 501 plane
562 455 710 490 reddere
734 455 919 498 rationem,
946 456 1009 490 sed
1032 456 1109 491 eius
1129 465 1220 500 quae

130 503 210 538 dolo
235 502 397 547 proxima
412 505 477 536 est.
503 504 539 536 et
561 500 612 535 ita
624 500 793 535 Neratius
818 500 910 535 libro
935 501 1048 545 primo
1069 511 1218 545 respon-

131 559 250 583 sorum
275 548 410 582 scribit.
436 546 499 582 sed
523 550 559 581 et
583 546 624 588 si,
651 557 731 580 cum
750 545 950 581 distrahere
965 546 1122 589 deberet,
1147 556 1220 580 non

132 593 216 627 fecit
238 593 312 627 lata
336 592 458 636 culpa,
482 602 554 626 non
578 591 646 626 levi
670 595 705 626 et
728 591 836 626 rebus
861 591 935 626 suis
961 596 1134 627 consueta
1157 601 1218 625 ne-

129 638 313 682 glegentia,
337 636 539 672 huiusmodi
563 636 615 671 rei
647 636 820 671 rationem
852 636 987 671 reddet.
1035 636 1098 672 sed
1130 639 1166 671 et
1189 636 1219 671 si

129 683 234 718 aedes
259 688 361 717 ustae
386 686 470 717 sunt
494 682 601 726 culpa
624 682 719 723 eius,
744 681 870 716 reddet
893 682 1080 717 rationem.
1112 691 1217 726 prae-

129 733 228 763 terea
251 728 282 763 si
306 728 366 772 qui
415 731 514 762 artus
539 731 663 761 extant
687 731 723 762 et
753 730 923 771 partuum
954 731 1100 772 partus,
1136 726 1220 771 quia

130 775 167 808 in
190 773 367 808 fructibus
418 773 429 806 i
453 783 525 807 non
548 773 726 807 habentur
736 772 759 807 ².
809 772 871 807 sed
903 776 938 807 et
960 773 1037 817 ipse
1060 773 1091 808 si
1115 782 1218 816 quem

129 822 310 863 sumptum
333 817 419 853 fecit
440 818 478 852 in
502 828 560 853 res
585 817 835 860 hereditarias,
861 817 1035 853 detrahet.
1070 817 1166 863 quod
1189 817 1219 852 si

129 864 205 899 sine
229 864 327 899 facto
351 863 427 898 eius
452 863 656 908 prolixitate
680 863 851 907 temporis
876 863 982 899 aedes
1006 874 1075 899 usu
1092 862 1216 907 adqui—

129 909 219 944 sitae
244 909 325 952 sint,
351 908 604 953 aequissimum
623 908 689 943 erit
706 908 795 943 nihil
811 919 891 943 eum
914 913 1111 953 praestare,
1137 919 1219 943 cum

129 958 149 989 4
197 954 303 998 culpa
336 957 466 989 careat.
522 953 608 988 Cum
639 957 903 998 proponeretur
933 954 1078 999 quidam
1108 953 1218 988 filiam

130 1010 233 1034 suam
256 999 423 1034 heredem
446 998 644 1034 instituisse
668 1003 705 1035 et
726 1010 873 1044 rogasse
898 1010 986 1041 eam,
1012 1003 1062 1043 ut,
1088 999 1118 1034 si
1142 999 1218 1034 sine

128 1045 247 1080 liberis
262 1044 484 1085 decessisset,
498 1044 731 1080 hereditatem
741 1045 835 1080 Titio
848 1045 1062 1088 restitueret,
1073 1054 1115 1080 ea
1141 1054 1185 1079 ue
1193 1045 1218 1064 ²¹

129 1090 247 1125 dotem
270 1089 397 1125 marito
423 1089 563 1125 dedisse
594 1094 711 1125 certae
735 1090 963 1135 quantitatis,
999 1101 1083 1126 mox
1139 1099 1217 1124 ece-

129 1135 217 1171 dens
242 1135 318 1170 sine
340 1135 460 1171 liberis
493 1135 660 1171 heredem
690 1135 889 1171 instituisse
912 1135 1078 1170 maritum
1102 1146 1217 1178 suum,

129 1185 165 1216 et
188 1186 432 1227 quaereretur,
457 1192 503 1216 an
527 1181 593 1216 dos
606 1180 744 1215 detrahi
767 1181 894 1225 possit,
919 1180 992 1216 dixi
1015 1191 1088 1216 non
1112 1190 1219 1225 posse

129 1227 198 1262 dici
232 1227 270 1262 in
304 1226 522 1262 eversionem
556 1225 819 1261 fideicommissi
862 1226 1014 1270 factum,
1053 1225 1148 1271 quod
1183 1229 1219 1260 et

128 1272 284 1307 mulieris
308 1271 502 1317 pudicitiae
526 1275 561 1306 et
584 1272 696 1316 patris
721 1275 804 1307 voto
830 1272 1060 1316 congruebat.
1109 1281 1219 1316 quare

129 1317 317 1352 dicendum
342 1321 396 1352 est
419 1317 538 1352 dotem
556 1316 738 1360 decedere,
764 1327 806 1351 ac
825 1317 855 1351 si
872 1317 968 1361 quod
981 1316 1218 1361 superfuisset

130 1368 256 1407 rogata
282 1366 375 1397 esset
398 1363 595 1397 restituere.
622 1362 717 1406 quod
742 1362 773 1397 si
795 1366 916 1397 tantos
936 1362 1076 1397 fructus
1092 1372 1136 1396 ex
1155 1362 1217 1396 he—

128 1408 277 1443 reditate
300 1407 429 1442 mulier
447 1407 618 1452 percepit,
645 1411 684 1441 ut
701 1407 784 1442 inde
797 1407 931 1452 poterit
949 1407 1025 1442 doti
1040 1406 1217 1450 satisfieri,

129 1452 319 1488 dicendum
350 1456 404 1488 est
434 1452 555 1496 potius
587 1452 765 1488 fructibus
789 1453 858 1487 hoc
883 1462 1076 1497 expensum
1099 1452 1217 1487 feren-

129 1502 147 1532 5
197 1498 280 1533 dum
305 1508 411 1543 quam
435 1497 719 1533 fideicommisso.
767 1497 840 1533 Ut³
865 1498 1092 1533 Trebelliano
1116 1498 1218 1533 locus

127 1548 238 1585 esset,
274 1553 347 1579 non
378 1543 513 1578 sufficit
536 1542 580 1578 de
610 1542 810 1578 hereditate
840 1547 1004 1587 rogatum
1028 1553 1123 1585 esse,
1156 1542 1219 1578 sed

128 1588 230 1634 quasi
253 1588 418 1624 heredem
442 1588 560 1632 rogari
584 1592 736 1633 oportet.
763 1588 915 1633 denique
939 1589 970 1624 si
994 1589 1076 1624 cui⁴
1101 1588 1218 1633 portio

128 1633 334 1669 hereditatis
358 1633 468 1668 fuerit
490 1634 608 1678 legata
633 1633 757 1678 (legari
772 1634 864 1668 enim
879 1644 985 1678 posse
1004 1634 1110 1669 etiam
1135 1644 1218 1678 por-

127 1680 260 1715 tionem
300 1678 507 1714 hereditatis
544 1678 665 1723 placet
700 1679 815 1720 nobis)
854 1684 1073 1724 rogatusque
1110 1679 1219 1714 fuerit

128 1725 220 1759 hanc
244 1729 384 1769 partem
406 1724 612 1767 restituere,
648 1723 757 1759 dubio
781 1725 911 1769 procul
934 1736 1006 1760 non
1029 1724 1091 1760 fiet
1114 1724 1218 1760 resti-

128 1770 220 1805 tutio
245 1780 288 1804 ex
318 1772 463 1805 senatus
498 1769 660 1804 consulto
692 1769 844 1814 ideoque
875 1780 942 1806 nec
973 1775 1104 1815 quarta
1134 1770 1219 1805 reti-

129 1819 244 1850 netur.

174 1858 228 1897 24
254 1856 336 1901 (23)
362 1859 575 1894 IULIANUs⁶
598 1859 689 1896 libro
715 1860 925 1906 trz'qenm'mo
947 1871 1042 1895 nouo
1064 1859 1219 1905 de'gsesco-

128 1917 208 1940 rum
247 1905 418 1949 Quotiens
443 1908 545 1948 pater
567 1905 719 1940 familias
744 1916 854 1939 unum
877 1905 932 1940 vel
958 1905 1047 1940 duos
1071 1904 1219 1940 heredes

129 1950 364 1986 coheredibus
383 1949 457 1984 suis
476 1950 665 1985 restituere
688 1950 921 1985 hereditatem
946 1950 1056 1992 iubet,
1080 1950 1219 1985 intelle-

127 1997 222 2040 gitur
245 1995 388 2031 easdem
411 1999 534 2039 partes
554 1995 591 2029 in
613 1995 896 2031 fideicommissis
917 1996 1047 2038 facere,
1073 2006 1162 2040 quas
1183 1995 1219 2029 in

129 2041 327 2076 hereditate
352 2040 599 2076 distribuenda
620 2041 757 2076 fecerit.
806 2040 870 2076 sed
901 2041 932 2076 si
956 2041 1148 2076 iubeantur
1171 2041 1218 2083 hi,

129 2086 258 2131 quibus
290 2085 603 2120 fideicommissum
637 2086 761 2128 datur,
801 2086 990 2131 pecuniam
1031 2096 1219 2121 numerare

130 2136 237 2176 atque
261 2131 313 2165 ita
336 2130 611 2166 fideicommissa
642 2131 817 2176 recipere,
851 2142 895 2165 ex
927 2132 1126 2176 quantitate
1156 2142 1218 2175 pe-

131 2176 267 2218 cuniae,
294 2186 398 2221 quam
423 2175 508 2210 dare
532 2176 719 2219 iubentur,
752 2177 917 2212 voluntas
943 2177 1141 2221 colligenda
1166 2181 1219 2212 est

130 2222 239 2267 patris
262 2221 426 2256 familias.
452 2232 533 2255 nam
552 2221 582 2256 si
600 2232 643 2256 ex
662 2222 865 2266 disparibus
890 2222 1054 2266 partibus
1072 2222 1218 2257 heredes

130 2266 254 2311 scripti
277 2276 410 2311 aequas
435 2271 556 2311 partes
578 2267 664 2302 dare
686 2267 867 2310 iubentur,
893 2267 1065 2312 propius⁶
1089 2270 1153 2310 est,
1179 2270 1220 2301 ut

129 2312 247 2347 viriles
277 2312 436 2355 recipere
468 2312 639 2347 debeant:
684 2313 715 2348 si
747 2323 829 2348 vero
868 2323 1007 2347 summa
1043 2313 1218 2357 pecuniae

130 2357 268 2392 dandae
301 2357 463 2401 congruit
494 2358 736 2401 portionibus,
769 2357 1004 2393 hereditarias
1037 2358 1218 2403 portiones

132 2402 296 2446 accipere
322 2402 513 2437 debebunt.

171 2448 222 2485 25
239 2446 319 2490 (24)
346 2445 590 2480 PAPJNJANUS
611 2445 702 2481 labro
727 2446 854 2491 quinto
873 2445 1010 2480 decimo
1038 2447 1219 2491 quaestio-

130 2502 213 2524 num
237 2491 502 2535 Nonnunquam
526 2496 644 2526 autem
669 2501 714 2526 ex
737 2492 919 2527 voluntate
941 2493 1039 2528 varie
1063 2493 1218 2538 rescrip-

129 2540 204 2570 tum
230 2536 288 2571 et⁷
312 2535 507 2570 iudicatum
532 2540 604 2579 est,
628 2537 793 2572 videlicet
816 2538 847 2572 si
871 2548 942 2573 non
967 2538 1034 2573 sub
1059 2538 1217 2582 appella-

130 2581 225 2616 tione
263 2580 452 2624 heredum,
499 2581 562 2616 sed
602 2582 754 2626 propriis
794 2583 997 2618 nominibus
1040 2583 1217 2628 expressis

129 2626 440 2661 fideicommissum
462 2626 694 2671 relinquatur.

175 2668 229 2708 26
254 2669 335 2711 (25)
362 2671 555 2706 IULIANUS
586 2672 675 2707 libro
709 2673 915 2717 trz'qensimo
942 2684 1036 2708 nono
1063 2673 1117 2708 di(
1127 2677 1217 2708 esto·

129 2727 209 2750 rum
250 2716 402 2759 Quidam
425 2716 476 2750 ita
500 2720 713 2752 testamento
738 2717 947 2762 scripserat:
975 2720 1007 2752 ‘a
1031 2722 1077 2760 te,
1128 2728 1216 2762 eres,

131 2763 224 2805 ‘peto
248 2761 399 2806 fideique
427 2765 513 2796 tuae
537 2762 735 2804 committo,
766 2766 807 2797 ut
839 2763 1012 2807 quidquid
1041 2773 1085 2797 ex
1115 2764 1216 2798 here-

131 2807 253 2841 ‘ditate
283 2817 362 2841 mea
391 2806 436 2841 ad
467 2810 502 2841 te
531 2807 748 2851 pervenerit,
778 2807 851 2843 filio
881 2819 959 2843 meo
989 2808 1106 2852 prima
1131 2819 1217 2852 qua-

130 2854 211 2931 1333
226 2851 408 2932 „2125de
442 2851 610 2932 {atriti
628 2852 1131 2933 qffmeiaiffe⁰³d3r³t’a‹ffi3?³r
1143 2855 1217 2933 ei?

371 2924 379 2932 .
874 2910 897 2932 U
923 2910 957 2932 m
1202 2918 1217 2925 -

130 2941 261 2977 reditas
298 2952 389 2987 puer
427 2908 637 2985 decesserit:
675 2953 721 2977 an
759 2910 1070 2978 fideigommissum
1089 2910 1218 2978 umatri

131 2987 312 3022 debeatur.
360 2987 546 3031 respondi,
581 2988 610 3023 si
641 2998 749 3032 puer,
785 2993 978 3032 antequam
1011 2988 1086 3023 dies
1117 2988 1217 3023 fidei-

131 3032 308 3067 commissi
340 3032 461 3074 cedat,
495 3032 725 3075 decessisset,
756 3032 1068 3069 fideicommissum
1101 3039 1217 3068 trans-

130 3077 241 3111 latum
277 3087 356 3112 esse
395 3077 440 3112 ad
481 3082 648 3120 matrem,
690 3082 816 3123 postea
848 3083 966 3114 autem
1000 3090 1107 3123 quam
1143 3079 1217 3114 dies

131 3120 392 3157 fideicommissi
418 3123 549 3158 cessit⁸
573 3123 603 3158 si
629 3123 829 3167 decesserit,
856 3124 903 3159 ad
926 3124 1092 3159 heredem
1117 3124 1218 3168 pueri

131 3166 439 3202 fideicommissum
470 3168 659 3212 pertinere.
707 3168 770 3204 sed
802 3179 847 3203 an
882 3180 924 3204 ea
954 3169 1116 3204 voluntas
1149 3170 1218 3203 fuit

130 3211 241 3256 patris
272 3212 442 3256 familias,
475 3217 532 3255 ut,
568 3214 597 3248 si
629 3217 712 3248 ante
742 3214 946 3249 restitutum
969 3214 1216 3249 fideicommis-

132 3267 210 3290 sum
233 3266 323 3300 puer
346 3257 573 3300 decessisset,
603 3258 709 3293 matri
741 3259 860 3303 potius
892 3270 997 3304 quam
1026 3259 1216 3294 heredibus

131 3305 392 3345 praestaretur,
428 3307 574 3346 praetor
603 3304 805 3338 aestimabit
836 3315 879 3339 ex
907 3315 1062 3349 persona
1093 3305 1216 3339 matris

132 3350 167 3380 et
212 3356 254 3380 ex
294 3356 448 3390 persona
490 3348 630 3383 heredis
673 3349 786 3393 pueri.
852 3349 1106 3385 MARCELLUS:
1155 3350 1217 3384 sed

131 3390 312 3426 testatoris
354 3391 528 3427 voluntati
568 3404 765 3437 congruum
804 3397 875 3437 est,
922 3394 1217 3440 quandocumque

131 3446 221 3480 puer
259 3436 467 3481 decesserit,
511 3437 584 3473 sive
618 3442 810 3483 antequam
845 3439 920 3474 dies
955 3439 1217 3475 fideicommissi

133 3551 171 3590 (1)
197 3551 349 3591 quartam
364 3550 395 3582 F
437 3551 479 3590 (2)
504 3550 684 3584 reddentur
696 3552 755 3585 ins.
804 3552 859 3592 (2¹)
884 3552 1036 3593 aequeF
1077 3555 1118 3593 (3)
1144 3553 1224 3585 atF

133 3596 174 3635 (4)
200 3595 304 3636 quiF
369 3596 411 3636 (5)
436 3594 642 3636 ulpianusF
703 3599 745 3638 (6)
770 3597 973 3639 propriusF
1063 3598 1105 3638 (7)
1131 3598 1224 3630 estF

132 3640 178 3680 (8)
204 3640 291 3673 cedit
303 3641 357 3672 Fa
417 3639 461 3679 (9)
487 3640 706 3681 eiusquamF
777 3643 836 3681 (10)
863 3642 975 3682 quaF
1033 3643 1086 3684 (11)
1112 3644 1216 3681 ad§1

134 3686 262 3727 cfl.65
286 3690 332 3724 §4
351 3686 434 3723 Ιι.ι.;
459 3685 830 3727 ad§4D.28,6‚2,2;
856 3688 962 3725 ad§5
984 3688 1044 3720 l.11
1071 3689 1216 3726 §1h.t.;

134 3730 208 3770 ωας
226 3731 480 3769 91.18§1la.c.;
501 3731 845 3775 ad§1sl.11pr.lz.t.

1211 101 1295 150 525

928 3732 986 3774 (12)
1013 3733 1142 3764 tantum
1155 3745 1207 3765 scr
1249 3750 1253 3771 3

2141 106 2329 150 XXXVI
2363 112 2380 150 1

1291 228 1386 264 cedit
1409 228 1482 264 sive
1506 230 1650 273 postea,
1680 227 1725 262 ad
1750 231 1898 263 matrem
1922 229 2110 265 transferri
2134 229 2384 266 fideicommis-

1290 285 1380 317 sum,
1405 274 1437 310 si
1459 283 1533 309 non
1554 272 1626 307 iam
1649 282 1740 317 puer
1761 273 1831 308 hoc
1856 275 2046 319 acceperit,
2076 286 2189 328 eoque
2212 275 2290 312 iure
2314 276 2384 311 uti-

1294 323 1307 354 1
1359 329 1450 354 mur.
1506 317 1544 354 Si
1576 327 1678 353 servo
1712 317 1843 353 herede
1875 320 2009 363 scripto
2042 320 2205 356 dominus
2236 326 2384 366 rogatus

1290 367 1345 399 est
1379 364 1494 400 eidem
1529 373 1631 398 servo
1661 362 1850 398 restituere
1885 364 2137 409 hereditatem,
2177 376 2257 401 cum
2293 366 2385 402 liber

1291 412 1310 443 2
1357 412 1470 452 esset,
1507 408 1594 444 utile
1629 407 1940 443 fideicommissum
1975 414 2038 445 est.
2095 411 2132 446 Si
2162 412 2241 456 quis
2270 411 2383 447 filium

1290 465 1394 489 suum
1430 465 1487 489 ex.
1509 464 1590 489 asse
1619 453 1787 489 heredem
1815 453 1972 488 instituit
2000 460 2036 489 et
2066 456 2254 498 codicillis,
2294 468 2383 502 quos

1290 503 1374 544 post
1396 502 1546 534 mortem
1570 498 1634 533 filii
1658 509 1679 533 a
1706 499 1790 533 eriri
1818 499 1940 542 iussit,
1974 500 2057 534 fidei
2088 501 2164 536 eius
2197 502 2382 545 commisit,

1291 549 1340 588 ut,
1367 545 1397 579 si
1422 546 1497 580 sine
1521 544 1642 579 liberis
1693 544 1871 586 ecesserit‚
1898 544 2130 580 hereditatem
2149 557 2250 581 suam
2269 549 2383 583 sorori

1290 600 1376 625 suae
1400 591 1622 631 restitueret,
1654 593 1689 624 ct
1717 589 1812 624 filius
1845 600 1924 624 cum
1949 590 2073 634 sciret,
2104 592 2199 636 quod
2222 593 2259 627 in
2286 593 2382 628 codi-

1291 635 1380 670 cillis
1413 635 1588 679 scriptum
1619 638 1733 678 esset,
1765 634 1925 669 Stichum
1957 645 2096 670 servum
2128 637 2382 672 hereditarium

1289 683 1505 715 testamento
1530 690 1595 715 suo
1620 681 1771 714 liberum
1796 690 1875 715 esse
1896 680 2015 715 iussit:
2042 680 2191 716 heredes
2215 683 2276 716 filii
2300 694 2381 727 pre-

1289 725 1378 759 tium
1404 725 1480 760 eius
1501 725 1595 760 servi
1613 725 1728 760 sorori
1747 724 1908 760 defuncti
1924 730 2110 769 praestare
2129 726 2258 762 debent
2275 728 2380 763 liber-

1288 774 1362 806 tate
1386 772 1509 805 favore
1534 771 1590 804 sui
1614 774 1766 805 servata.
1815 770 1884 805 hoc
1908 771 2060 815 amplius
2082 776 2117 805 et
2134 772 2164 806 si
2181 772 2382 816 ignorasset

1288 816 1383 851 filius
1409 815 1594 850 codicillos
1619 826 1641 850 a
1664 820 1766 859 patre
1790 815 1925 858 factos,
1958 815 2069 851 nihilo
2094 817 2209 852 minus
2234 819 2382 854 heredes

1289 861 1365 896 eius
1395 861 1548 905 pretium
1577 864 1763 905 praestare
1793 861 1984 903 debebunt,
2018 871 2063 895 ne
2094 861 2230 896 factum
2263 864 2382 898 cuius-

1290 910 1308 941 3
1357 906 1489 951 quam⁹
1518 905 1623 940 alteri
1654 906 1823 940 damnum
1852 905 2002 940 adferat.
2052 905 2122 941 Sed
2146 911 2181 942 et
2205 908 2235 942 si
2259 919 2382 943 servus

1288 952 1357 987 iste
1382 961 1404 986 a
1427 951 1637 996 Sempronio
1662 951 1766 986 heres
1789 951 1975 987 institutus
2001 951 2047 986 sit
2071 961 2219 997 eamque
2243 953 2380 988 heredi-

1288 1001 1415 1039 tatem,
1450 1000 1686 1041 posteaquam
1723 1007 1766 1031 ex
1795 1001 2010 1032 testamento
2043 996 2166 1032 fratris
2198 998 2244 1032 ad
2274 998 2381 1034 liber-

1288 1046 1399 1077 tatem
1429 1046 1658 1086 pervenerat,
1690 1041 1833 1084 adierit,
1864 1041 2073 1077 hereditatis
2105 1053 2246 1087 quoque
2276 1045 2381 1079 aesti-

1287 1088 1480 1123 mationem
1495 1086 1644 1122 heredes
1662 1086 1784 1122 fratris
1805 1087 1921 1122 sorori
1941 1087 2017 1122 eius
2036 1092 2221 1132 praestare
2241 1088 2381 1131 debent,

1289 1133 1374 1178 quia
1387 1134 1426 1175 ¹⁰,
1451 1133 1483 1168 si
1506 1133 1744 1168 manumissus
1765 1143 1838 1167 non
1857 1136 1962 1176 esset,
1987 1132 2088 1167 iussu
2108 1133 2266 1169 mulieris
2285 1134 2383 1169 adire

1289 1189 1367 1214 eam
1389 1177 1577 1223 potuisset.
1626 1178 1658 1214 si
1686 1188 1771 1213 vero
1801 1177 1939 1213 vivente
1967 1177 2041 1212 filio
2067 1177 2298 1223 Sempronius
2323 1179 2383 1214 de-

1289 1223 1455 1266 cesserit,
1488 1223 1667 1258 hereditas
1691 1223 1730 1257 in
1754 1233 1865 1258 causa
1887 1223 2152 1259 fideicommissi
2175 1235 2248 1259 non
2273 1224 2382 1259 dedu-

1289 1273 1450 1304 ceretur:
1476 1268 1607 1314 quippe
1631 1269 1677 1304 ab
1701 1268 1781 1314 ipso
1799 1268 1873 1304 filio
1892 1268 1991 1304 adire
2010 1268 2131 1304 iussus
2149 1269 2383 1305 hereditatem

1289 1314 1320 1350 ei
1344 1314 1560 1359 adquireret.

1334 1357 1387 1396 27
1415 1357 1496 1403 (26)
1529 1359 1689 1394 PAULUs
1716 1359 1807 1394 libro
1840 1359 2024 1405 sz‘nqulari
2051 1359 2096 1394 de
2123 1364 2272 1395 senatus
2300 1372 2383 1396 con-

1287 1406 1393 1440 sultis
1440 1404 1614 1440 Omnibus
1636 1404 1853 1446 civitatibus,
1879 1414 1970 1449 quae
1995 1404 2061 1439 sub
2086 1404 2234 1450 imperio
2259 1406 2383 1458 populi

1288 1450 1443 1486 Romani
1472 1453 1573 1492 sunt,
1613 1449 1755 1485 restitui
1786 1449 1916 1485 debere
1949 1454 1985 1485 et
2013 1460 2120 1495 posse
2149 1450 2381 1486 hered1taten1

1288 1495 1599 1531 fideicommissam
1617 1495 1866 1540 Apronianum
1886 1499 2031 1530 senatus
2051 1496 2253 1531 consultum
2271 1496 2380 1532 iubet.

1288 1541 1352 1577 sed
1383 1545 1419 1576 et
1449 1541 1609 1575 actiones
1634 1540 1671 1575 in
1702 1551 1760 1575 eas
1783 1540 1922 1585 placuit
1946 1551 1989 1576 ex
2013 1539 2240 1577 Trebelliano
2264 1545 2379 1577 trans-

1288 1586 1391 1622 ferri·
1418 1586 1482 1621 sed
1505 1586 1705 1630 municipes
1728 1585 1774 1620 ad
1798 1595 1858 1621 eas
1883 1585 2121 1621 admittuntur

1335 1628 1389 1669 28
1416 1629 1496 1675 ‹27›
1527 1631 1756 1666 “IULIANUS
1777 1630 1868 1666 libro
1893 1631 2199 1676 quadraqensz'mo
2227 1631 2379 1677 diqesta

1288 1688 1369 1711 rum
1422 1677 1474 1711 ita
1502 1680 1622 1712 tamen
1637 1677 1674 1719 ¹²,
1705 1679 1746 1710 ut
1774 1675 1849 1710 hi¹³
1881 1676 2010 1720 quibus
2040 1676 2250 1711 restituetur
2279 1677 2381 1712 here-

1290 1723 1383 1758 ditas
1408 1726 1567 1758 actorem
1591 1721 1723 1765 eligant
1745 1724 1781 1756 et
1804 1721 1850 1755 ad
1874 1721 2049 1765 agendum
2073 1726 2110 1756 et
2133 1721 2180 1756 ad
2202 1721 2381 1766 excipien-

1295 1771 1307 1802 i
1358 1767 1422 1803 das
1447 1767 1617 1802 actiones.
1667 1766 1706 1802 Si
1729 1777 1869 1802 servum
1891 1766 2146 1801 hereditarium
2169 1767 2292 1810 heres,
2321 1768 2380 1812 qui

1291 1817 1437 1848 coactus
1462 1812 1609 1854 adierit,
1642 1812 1807 1847 iussisset
1837 1811 1936 1846 adire
1969 1811 2201 1847 hereditatem
2233 1813 2279 1847 ab
2312 1813 2380 1847 alio

1290 1858 1402 1893 eidem
1427 1868 1528 1893 servo
1553 1858 1712 1892 relictam
1737 1861 1773 1892 et
1796 1861 1882 1892 tunc
1905 1857 2149 1901 hereditatem,
2175 1868 2281 1902 quam
2302 1869 2377 1892 sus-

1289 1908 1429 1948 pectam
1462 1903 1530 1938 sibi
1562 1913 1641 1938 esse
1666 1903 1822 1943 dixerat,
1854 1902 2068 1945 restituerit,
2102 1912 2148 1937 an
2173 1903 2279 1937 etiam
2304 1913 2378 1937 eam

1289 1948 1541 1990 hereditatem,
1567 1958 1659 1992 quae
1683 1958 1748 1992 per
1771 1958 1911 1983 servum
1937 1947 2116 1992 adquisita
2140 1951 2252 1989 esset,
2278 1949 2380 1983 resti-

1288 1998 1389 2029 tuere
1423 1994 1587 2035 deberet,
1621 1993 1821 2038 quaesitum
1846 1996 1912 2028 est.
1961 1992 2034 2027 dixi
2058 2003 2129 2028 non
2153 1993 2266 2037 magis
2290 1994 2382 2028 hanc

1288 2039 1522 2074 hereditatem
1544 2038 1582 2073 in
1605 2038 1866 2074 restitutionem
1890 2038 2028 2080 venire,
2058 2049 2164 2083 quam
2187 2037 2283 2083 quod
2307 2049 2381 2073 ser-

1288 2095 1352 2120 vus
1382 2083 1618 2119 hereditarius
1650 2088 1734 2128 post
1765 2083 1897 2118 aditam
1927 2083 2161 2118 hereditatem
2192 2084 2234 2118 sti
2264 2083 2381 2118 ulatus

1287 2130 1416 2165 fuisset
1447 2129 1550 2164 aut¹⁴
1581 2139 1646 2173 per
1669 2129 1896 2164 traditionem
1921 2139 2006 2163 acce
2033 2128 2120 2164 isset
2143 2132 2206 2163 aut
2246 2132 2381 2170 ructus,

1288 2175 1348 2219 qui
1374 2186 1418 2210 ex
1442 2175 1549 2209 rebus
1573 2173 1796 2209 hereditariis
1820 2173 1982 2219 percepti
2046 2174 2174 2217 issent,
2205 2173 2328 2219 utique
2353 2175 2381 2209 si

1288 2220 1388 2255 nulla
1412 2230 1512 2255 mora
1535 2219 1811 2254 fideicommisso
1835 2218 1933 2254 faeta
1957 2218 2093 2254 fuisset.
2143 2218 2207 2254 sed
2236 2219 2267 2254 si
2296 2219 2381 2263 quid

1289 2270 1372 2301 ante
1398 2265 1530 2300 aditam
1554 2264 1790 2300 hereditatem
1815 2274 1937 2300 servus
1958 2264 2150 2316 stipulatus
2171 2264 2300 2299 fuisset
2319 2268 2382 2298 aut

1288 2321 1353 2355 per
1375 2310 1604 2345 traditionem
1629 2320 1714 2345 acce
1741 2310 1844 2348 isset,
1877 2309 1914 2343 id
1937 2309 2078 2344 restitui
2103 2309 2262 2350 debebit,
2289 2309 2381 2343 sicut

1288 2357 1429 2391 fructus
1455 2360 1538 2391 ante
1562 2355 1696 2390 aditam
1747 2354 1955 2390 ereditatem
1978 2355 2015 2389 in
2039 2354 2298 2389 restitutionem
2321 2365 2379 2389 ve-

1289 2405 1307 2435 2
1356 2401 1464 2436 nient.
1500 2401 1567 2445 Qui
1583 2404 1787 2445 suspectam
1801 2400 1870 2435 sibi
1881 2400 2114 2435 hereditatem
2131 2399 2226 2440 dicit,
2243 2399 2378 2434 nullum

1289 2446 1512 2482 commodum
1527 2457 1571 2481 ex
1585 2450 1798 2481 testamento
1815 2449 2062 2489 consequetur,
2081 2444 2176 2489 quod
2190 2444 2378 2479 habiturus

1288 2503 1359 2527 non
1392 2496 1505 2534 esset,
1537 2492 1567 2526 si
1598 2491 1701 2526 heres
1734 2490 1917 2525 institutus
1949 2500 2023 2524 non
2053 2490 2181 2524 fuisset
2214 2493 2277 2524 aut
2307 2500 2378 2524 non

1289 2537 1432 2572 adisset.
1470 2541 1506 2571 et
1525 2537 1606 2571 ideo
1627 2536 1657 2571 si
1677 2535 1815 2588 pupillo
1836 2535 2052 2570 substitutus
2074 2534 2182 2569 fuerit
2199 2534 2319 2578 itaque
2333 2536 2377 2569 ¹⁵:

1289 2582 1458 2627 ‘quisquis
1475 2582 1560 2616 mihi
1576 2582 1678 2616 heres
1697 2585 1773 2622 erit,
1798 2580 1890 2615 idem
1915 2580 1986 2615 filio
2011 2590 2088 2615 meo
2113 2580 2215 2615 heres
2235 2580 2323 2614 esto'
2339 2581 2379 2622 ¹⁰,

1288 2627 1530 2670 hereditatem,
1557 2636 1648 2671 quae
1665 2637 1708 2661 ex
1724 2625 1978 2661 substitutione
2002 2625 2049 2660 ad
2067 2635 2148 2660 eum
2165 2625 2376 2669 pervenerit,

1287 2672 1475 2707 restituere
1496 2671 1676 2716 cogendus
1698 2672 1774 2706 erit.
1811 2670 1842 2705 si
1864 2680 1946 2705 vero
1961 2671 1988 2691 ¹⁷
2013 2670 2174 2706 detracto
2199 2670 2268 2705 hoc
2292 2671 2377 2704 arti-

1289 2718 1369 2752 culo
1396 2717 1566 2762 ‘quisquis
1591 2717 1676 2751 mihi
1700 2717 1802 2751 heres
1827 2715 1905 2750 erit’
1935 2715 2152 2750 substitutus
2176 2714 2228 2749 ita
2251 2714 2377 2750 fuerit:

1288 2763 1416 2798 ‘Titius
1440 2763 1512 2797 filio
1531 2772 1609 2797 meo
1631 2763 1733 2796 heres
1754 2761 1854 2802 esto',
1880 2764 1966 2804 tum,
1992 2760 2023 2796 si
2043 2760 2142 2796 solus
2162 2760 2258 2804 patri
2275 2760 2378 2795 heres

1288 2808 1460 2850 extiterit,
1486 2807 1596 2842 nihilo
1621 2808 1736 2841 minus
1763 2805 1940 2850 cogendus
1965 2806 2032 2840 erit
2055 2805 2288 2840 hereditatem
2312 2816 2377 2850 pu-

1287 2853 1363 2897 pilli
1387 2853 1586 2895 restituere,
1612 2853 1641 2887 si
1668 2862 1750 2887 vero
1776 2850 1987 2886 coheredem
2010 2850 2187 2893 habuerit,
2213 2850 2379 2885 retinebit

1288 2898 1413 2942 pupilli
1445 2897 1696 2939 hereditatem,
1737 2896 1820 2940 quia
1854 2895 1974 2941 potuit
2006 2895 2179 2931 coherede
2211 2895 2375 2934 adeunte.

1288 2943 1446 2987 quamvis
1477 2942 1554 2987 ipse
1583 2942 1696 2986 patris
1728 2941 1906 2976 omisisset
1934 2941 2185 2983 hereditatem,
2217 2951 2261 2975 ex
2292 2941 2376 2975 sub-

1289 2991 1307 3023 3
1356 2988 1541 3022 stitutione
1565 2987 1674 3021 adire.
1723 2986 1760 3021 Si
1789 2987 1932 3031 pater¹⁸
1961 2986 2091 3028 filium,
2124 2996 2229 3030 quem
2252 2986 2288 3019 in
2312 2996 2376 3029 po—

1287 3037 1417 3068 testate
1435 3032 1602 3074 habebat,
1628 3031 1794 3067 heredem
1819 3032 2004 3076 scripserit
2029 3035 2063 3066 et
2087 3032 2132 3066 ab
2156 3041 2199 3066 eo
2223 3030 2375 3075 petierit,

1288 3081 1328 3112 ut
1351 3077 1583 3112 hereditatem
1609 3077 1817 3122 Sempronio
1842 3076 2066 3119 restitueret,
2096 3076 2198 3120 isque
2230 3085 2375 3118 suspec-

1286 3127 1359 3156 tam
1390 3122 1457 3157 sibi
1490 3132 1566 3157 esse
1599 3121 1710 3164 dicet,
1742 3121 1875 3167 poterit
1905 3132 1950 3156 ex
1974 3121 2200 3156 Trebelliano
2233 3123 2376 3155 senatus

1288 3168 1451 3202 consulto
1476 3167 1654 3202 hereditas
1680 3167 1830 3202 restitui.
1870 3177 1980 3211 quare
1995 3168 2021 3188 ¹⁹
2044 3171 2080 3202 et
2104 3166 2135 3201 si
2159 3176 2231 3200 non
2254 3164 2375 3198 inmis-

1289 3212 1402 3247 cuerit
1434 3223 1471 3247 se
1501 3212 1706 3254 hereditati,
1740 3212 1848 3247 nihilo
1872 3212 1989 3247 minus
2014 3211 2191 3252 actiones,
2224 3219 2314 3253 quae
2346 3209 2376 3243 ei

1289 3262 1323 3292 et
1359 3258 1396 3291 in
1434 3268 1514 3292 eum
1552 3257 1851 3302 competebant2⁰‚
1889 3257 1936 3291 ad
1973 3255 2220 3300 Sempronium
2258 3258 2375 3288 trans-

1288 3307 1307 3337 4
1355 3302 1526 3337 ferentur.
1574 3303 1608 3337 A
1638 3307 1742 3347 patre
1770 3303 1874 3337 heres
1907 3302 2062 3346 scriptus
2095 3304 2129 3335 et
2160 3298 2374 3334 exheredato

1286 3348 1358 3382 filio
1391 3347 1608 3383 substitutus
1639 3348 1670 3382 si
1700 3351 1846 3392 rogatus
1870 3347 1979 3381 fuerit
2003 3345 2251 3386 hereditatem,
2285 3353 2376 3387 quae

1287 3393 1332 3428 ad
1356 3403 1436 3427 eum
1461 3403 1505 3428 ex
1529 3393 1783 3428 substitutione
1806 3392 2022 3438 pervenerit,
2056 3390 2150 3424 Titio
2175 3389 2375 3428 restituere,

1288 3438 1468 3482 cogendus
1502 3448 1575 3473 non
1610 3442 1665 3473 est
1704 3438 1781 3473 vivo
1822 3437 1958 3483 pupillo
1993 3435 2107 3480 patris
2141 3433 2375 3469 hereditatem

1289 3553 1345 3593 (13)
1371 3552 1471 3585 hisF
1545 3554 1603 3594 (14)
1628 3553 1689 3585 aut
1701 3553 1739 3592 S,
1753 3564 1810 3585 om.
1823 3551 1858 3583 F
1933 3550 1990 3590 (15)
2015 3548 2064 3580 ita
2077 3547 2106 3581 S
2185 3548 2245 3588 (16)
2270 3546 2379 3579 istoF

1289 3599 1346 3639 (17)
1371 3608 1449 3630 vera
1461 3598 1494 3629 F'
1609 3598 1669 3639 (18)
1694 3598 1806 3640 parter
1819 3595 1855 3628 F
1968 3595 2027 3634 (19)
2054 3600 2112 3626 aut
2119 3605 2182 3636 pro
2196 3601 2299 3633 quare
2310 3604 2373 3624 scr.

1288 3643 1369 3683 quin
1384 3650 1440 3676 aue
1451 3644 1511 3676 ins.
1525 3653 1545 3675 a
1555 3644 1707 3685 praetore
1719 3639 1931 3683 compellitur
1942 3638 2079 3671 miscere
2090 3648 2124 3671 se
2144 3636 2322 3670 hereditati
2342 3638 2375 3669 et

1287 3688 1332 3719 sic
1345 3688 1536 3722 restituere:
1557 3687 1614 3720 sed
1706 3690 1769 3729 (20)
1795 3683 2000 3728 competebat
2012 3683 2046 3716 F
