<?xml version="1.0" encoding="UTF-8"?>
<!DOCTYPE html PUBLIC "-//W3C//DTD XHTML 1.0 Transitional//EN"
    "http://www.w3.org/TR/xhtml1/DTD/xhtml1-transitional.dtd">
<html xmlns="http://www.w3.org/1999/xhtml" xml:lang="en" lang="en">
 <head>
  <title>
</title>
<meta http-equiv="Content-Type" content="text/html;charset=utf-8" />
  <meta name='ocr-system' content='tesseract 3.04.00' />
  <meta name='ocr-capabilities' content='ocr_page ocr_carea ocr_par ocr_line ocrx_word'/>
</head>
<body>
  <div class='ocr_page' id='page_1' title='image "./corpusjuriscivil01krueuoft_0902.png"; bbox 0 0 2528 3918; ppageno 0'>
   <div class='ocr_carea' id='block_1_1' title="bbox 187 153 615 198">
    <p class='ocr_par' dir='ltr' id='par_1_1' title="bbox 187 153 615 198">
     <span class='ocr_line' id='line_1_1' title="bbox 187 153 615 198; baseline -0.005 0"><span class='ocrx_word' id='word_1_1' title='bbox 187 153 440 198; x_wconf 87' lang='lat' dir='ltr'>XXXXVII</span> <span class='ocrx_word' id='word_1_2' title='bbox 472 156 536 197; x_wconf 86' lang='lat' dir='ltr'><strong>ii.</strong></span> <span class='ocrx_word' id='word_1_3' title='bbox 563 155 615 196; x_wconf 80' lang='lat'><strong>12</strong></span> 
     </span>
    </p>
   </div>
   <div class='ocr_carea' id='block_1_2' title="bbox 1100 217 1386 224">
    <p class='ocr_par' dir='ltr' id='par_1_2' title="bbox 1100 217 1386 224">
     <span class='ocr_line' id='line_1_2' title="bbox 1100 217 1386 224; baseline 0 3694"><span class='ocrx_word' id='word_1_4' title='bbox 1100 217 1386 224; x_wconf 95' lang='lat' dir='ltr'><strong> </strong></span> 
     </span>
    </p>
   </div>
   <div class='ocr_carea' id='block_1_3' title="bbox 186 272 1281 1803">
    <p class='ocr_par' dir='ltr' id='par_1_3' title="bbox 186 272 1277 492">
     <span class='ocr_line' id='line_1_3' title="bbox 233 272 1275 322; baseline -0.001 -9"><span class='ocrx_word' id='word_1_5' title='bbox 233 272 259 313; x_wconf 91' lang='lat'>8</span> <span class='ocrx_word' id='word_1_6' title='bbox 290 274 399 311; x_wconf 73' lang='lat' dir='ltr'><strong>Imm</strong></span> <span class='ocrx_word' id='word_1_7' title='bbox 430 275 554 313; x_wconf 79' lang='lat' dir='ltr'><strong>eodem</strong></span> <span class='ocrx_word' id='word_1_8' title='bbox 589 275 681 312; x_wconf 77' lang='lat' dir='ltr'><strong>libro</strong></span> <span class='ocrx_word' id='word_1_9' title='bbox 694 276 706 297; x_wconf 85' lang='lat'><strong>¹</strong></span> <span class='ocrx_word' id='word_1_10' title='bbox 764 274 858 312; x_wconf 90' lang='lat' dir='ltr'><strong>Sunt</strong></span> <span class='ocrx_word' id='word_1_11' title='bbox 891 279 1080 322; x_wconf 85' lang='lat' dir='ltr'><strong>praeterea</strong></span> <span class='ocrx_word' id='word_1_12' title='bbox 1114 276 1275 319; x_wconf 87' lang='lat' dir='ltr'><strong>crimina,</strong></span> 
     </span>
     <span class='ocr_line' id='line_1_4' title="bbox 188 319 1277 376; baseline 0.001 -20"><span class='ocrx_word' id='word_1_13' title='bbox 188 330 280 373; x_wconf 78' lang='lat' dir='ltr'><strong>quae</strong></span> <span class='ocrx_word' id='word_1_14' title='bbox 303 319 351 374; x_wconf 73' lang='lat' dir='ltr'><strong>ad</strong></span> <span class='ocrx_word' id='word_1_15' title='bbox 375 321 651 376; x_wconf 66' lang='lat' dir='ltr'><strong>executionem²</strong></span> <span class='ocrx_word' id='word_1_16' title='bbox 679 319 856 375; x_wconf 75' lang='lat' dir='ltr'><strong>praesidis</strong></span> <span class='ocrx_word' id='word_1_17' title='bbox 885 322 1084 375; x_wconf 42' lang='lat' dir='ltr'><strong>pertinent-t</strong></span> <span class='ocrx_word' id='word_1_18' title='bbox 1116 325 1159 357; x_wconf 90' lang='lat' dir='ltr'><strong>ut</strong></span> <span class='ocrx_word' id='word_1_19' title='bbox 1186 325 1277 367; x_wconf 88' lang='lat' dir='ltr'><strong>puta</strong></span> 
     </span>
     <span class='ocr_line' id='line_1_5' title="bbox 186 366 1277 457; baseline 0.002 -12"><span class='ocrx_word' id='word_1_20' title='bbox 186 366 1277 457; x_wconf 48' lang='lat' dir='ltr'><strong>{afflaminecmuffi2¹¹3⁸p53380¹33⁰3¹5312eisiv‘iffissitrffi</strong></span> 
     </span>
     <span class='ocr_line' id='line_1_6' title="bbox 188 456 362 492; baseline -0.006 0"><span class='ocrx_word' id='word_1_21' title='bbox 188 456 275 492; x_wconf 85' lang='lat' dir='ltr'><strong>data</strong></span> <span class='ocrx_word' id='word_1_22' title='bbox 297 460 362 492; x_wconf 89' lang='lat' dir='ltr'><strong>est.</strong></span> 
     </span>
    </p>

    <p class='ocr_par' dir='ltr' id='par_1_4' title="bbox 187 498 1279 1044">
     <span class='ocr_line' id='line_1_7' title="bbox 234 498 1277 546; baseline -0.002 -7"><span class='ocrx_word' id='word_1_23' title='bbox 234 498 259 539; x_wconf 86' lang='grc'><strong>9</strong></span> <span class='ocrx_word' id='word_1_24' title='bbox 284 499 391 536; x_wconf 72' lang='lat' dir='ltr'><strong>Imm</strong></span> <span class='ocrx_word' id='word_1_25' title='bbox 410 501 534 538; x_wconf 81' lang='lat' dir='ltr'><strong>eodem</strong></span> <span class='ocrx_word' id='word_1_26' title='bbox 558 501 673 538; x_wconf 72' lang='grc' dir='ltr'><strong>Ζίῠνοι</strong></span> <span class='ocrx_word' id='word_1_27' title='bbox 722 501 815 537; x_wconf 87' lang='lat' dir='ltr'><strong>Sunt</strong></span> <span class='ocrx_word' id='word_1_28' title='bbox 837 501 1029 546; x_wconf 82' lang='lat' dir='ltr'>quaedam,</span> <span class='ocrx_word' id='word_1_29' title='bbox 1063 512 1156 546; x_wconf 88' lang='lat' dir='ltr'><strong>quae</strong></span> <span class='ocrx_word' id='word_1_30' title='bbox 1178 512 1277 537; x_wconf 90' lang='lat' dir='ltr'><strong>more</strong></span> 
     </span>
     <span class='ocr_line' id='line_1_8' title="bbox 187 546 1278 600; baseline 0.001 -19"><span class='ocrx_word' id='word_1_31' title='bbox 187 546 451 600; x_wconf 80' lang='lat' dir='ltr'><strong>provinciarum</strong></span> <span class='ocrx_word' id='word_1_32' title='bbox 475 546 726 583; x_wconf 80' lang='lat' dir='ltr'>coercitionem</span> <span class='ocrx_word' id='word_1_33' title='bbox 749 547 866 582; x_wconf 86' lang='lat' dir='ltr'>solent</span> <span class='ocrx_word' id='word_1_34' title='bbox 888 546 1093 582; x_wconf 83' lang='lat' dir='ltr'><strong>admittere:</strong></span> <span class='ocrx_word' id='word_1_35' title='bbox 1124 550 1166 583; x_wconf 92' lang='lat' dir='ltr'><strong>ut</strong></span> <span class='ocrx_word' id='word_1_36' title='bbox 1214 550 1278 582; x_wconf 88' lang='lat' dir='ltr'><strong>uta</strong></span> 
     </span>
     <span class='ocr_line' id='line_1_9' title="bbox 187 590 1276 637; baseline 0 -10"><span class='ocrx_word' id='word_1_37' title='bbox 187 602 226 627; x_wconf 93' lang='lat' dir='ltr'><strong>in</strong></span> <span class='ocrx_word' id='word_1_38' title='bbox 254 591 439 637; x_wconf 76' lang='lat' dir='ltr'><strong>provincia</strong></span> <span class='ocrx_word' id='word_1_39' title='bbox 470 592 608 628; x_wconf 85' lang='lat' dir='ltr'><strong>Arabia</strong></span> <span class='ocrx_word' id='word_1_40' title='bbox 638 590 878 636; x_wconf 81' lang='grc' dir='ltr'><strong><em>σκοπελισμὸν</em></strong></span> <span class='ocrx_word' id='word_1_41' title='bbox 917 591 1051 628; x_wconf 83' lang='lat' dir='ltr'><strong>crimen</strong></span> <span class='ocrx_word' id='word_1_42' title='bbox 1081 602 1174 637; x_wconf 90' lang='lat' dir='ltr'><strong>appe</strong></span> <span class='ocrx_word' id='word_1_43' title='bbox 1203 595 1276 634; x_wconf 90' lang='lat' dir='ltr'><strong>ant,</strong></span> 
     </span>
     <span class='ocr_line' id='line_1_10' title="bbox 190 636 1278 681; baseline 0 -9"><span class='ocrx_word' id='word_1_44' title='bbox 190 636 292 672; x_wconf 89' lang='lat' dir='ltr'><strong>cuius</strong></span> <span class='ocrx_word' id='word_1_45' title='bbox 329 636 383 672; x_wconf 91' lang='lat' dir='ltr'><strong>rei</strong></span> <span class='ocrx_word' id='word_1_46' title='bbox 420 636 612 672; x_wconf 89' lang='lat' dir='ltr'><strong>admissum</strong></span> <span class='ocrx_word' id='word_1_47' title='bbox 639 637 714 673; x_wconf 88' lang='lat' dir='ltr'><strong>tale</strong></span> <span class='ocrx_word' id='word_1_48' title='bbox 744 640 817 672; x_wconf 89' lang='lat' dir='ltr'><strong>est:</strong></span> <span class='ocrx_word' id='word_1_49' title='bbox 857 637 1018 681; x_wconf 87' lang='lat' dir='ltr'><strong>plerique</strong></span> <span class='ocrx_word' id='word_1_50' title='bbox 1054 636 1278 673; x_wconf 88' lang='lat' dir='ltr'><strong>inimicorum</strong></span> 
     </span>
     <span class='ocr_line' id='line_1_11' title="bbox 189 680 1278 728; baseline 0 -11"><span class='ocrx_word' id='word_1_51' title='bbox 189 681 305 717; x_wconf 80' lang='lat' dir='ltr'><strong>solent</strong></span> <span class='ocrx_word' id='word_1_52' title='bbox 327 681 512 727; x_wconf 78' lang='lat' dir='ltr'><strong>praedium</strong></span> <span class='ocrx_word' id='word_1_53' title='bbox 535 681 691 718; x_wconf 87' lang='lat' dir='ltr'><strong>inimici⁴</strong></span> <span class='ocrx_word' id='word_1_54' title='bbox 717 680 953 725; x_wconf 71' lang='grc' dir='ltr'><strong>σκοπελίζειν,</strong></span> <span class='ocrx_word' id='word_1_55' title='bbox 985 681 1023 718; x_wconf 94' lang='lat' dir='ltr'><strong>id</strong></span> <span class='ocrx_word' id='word_1_56' title='bbox 1054 686 1110 718; x_wconf 92' lang='lat' dir='ltr'><strong>est</strong></span> <span class='ocrx_word' id='word_1_57' title='bbox 1140 682 1278 728; x_wconf 91' lang='lat' dir='ltr'><strong>lapides</strong></span> 
     </span>
     <span class='ocr_line' id='line_1_12' title="bbox 187 726 1279 773; baseline 0 -11"><span class='ocrx_word' id='word_1_58' title='bbox 187 736 323 773; x_wconf 90' lang='lat' dir='ltr'><strong>ponere</strong></span> <span class='ocrx_word' id='word_1_59' title='bbox 351 726 483 763; x_wconf 90' lang='lat' dir='ltr'><strong>indicio</strong></span> <span class='ocrx_word' id='word_1_60' title='bbox 515 726 676 770; x_wconf 84' lang='lat' dir='ltr'><strong>futuros,</strong></span> <span class='ocrx_word' id='word_1_61' title='bbox 715 726 829 773; x_wconf 89' lang='lat' dir='ltr'><strong>quod,</strong></span> <span class='ocrx_word' id='word_1_62' title='bbox 866 726 898 762; x_wconf 91' lang='lat' dir='ltr'><strong>si</strong></span> <span class='ocrx_word' id='word_1_63' title='bbox 931 726 1010 771; x_wconf 89' lang='lat' dir='ltr'><strong>quis</strong></span> <span class='ocrx_word' id='word_1_64' title='bbox 1042 737 1123 762; x_wconf 90' lang='lat' dir='ltr'><strong>eum</strong></span> <span class='ocrx_word' id='word_1_65' title='bbox 1154 738 1279 772; x_wconf 85' lang='lat' dir='ltr'><strong>agrum</strong></span> 
     </span>
     <span class='ocr_line' id='line_1_13' title="bbox 190 771 1277 818; baseline 0 -10"><span class='ocrx_word' id='word_1_66' title='bbox 190 771 376 816; x_wconf 90' lang='lat' dir='ltr'><strong>coluisset,</strong></span> <span class='ocrx_word' id='word_1_67' title='bbox 406 772 501 808; x_wconf 85' lang='lat' dir='ltr'><strong>malo</strong></span> <span class='ocrx_word' id='word_1_68' title='bbox 532 772 605 809; x_wconf 89' lang='lat' dir='ltr'><strong>leto</strong></span> <span class='ocrx_word' id='word_1_69' title='bbox 634 772 816 818; x_wconf 88' lang='lat' dir='ltr'><strong>periturus</strong></span> <span class='ocrx_word' id='word_1_70' title='bbox 846 776 941 807; x_wconf 90' lang='lat' dir='ltr'><strong>esset</strong></span> <span class='ocrx_word' id='word_1_71' title='bbox 970 771 1109 808; x_wconf 75' lang='lat' dir='ltr'><strong>insidiis</strong></span> <span class='ocrx_word' id='word_1_72' title='bbox 1142 783 1277 814; x_wconf 88' lang='lat' dir='ltr'><strong>eorum,</strong></span> 
     </span>
     <span class='ocr_line' id='line_1_14' title="bbox 189 817 1278 864; baseline 0 -11"><span class='ocrx_word' id='word_1_73' title='bbox 189 817 251 863; x_wconf 87' lang='lat' dir='ltr'><strong>qui</strong></span> <span class='ocrx_word' id='word_1_74' title='bbox 280 817 450 862; x_wconf 90' lang='lat' dir='ltr'><strong>scopulos</strong></span> <span class='ocrx_word' id='word_1_75' title='bbox 482 817 705 864; x_wconf 81' lang='lat' dir='ltr'><strong>posuissent:</strong></span> <span class='ocrx_word' id='word_1_76' title='bbox 738 827 830 862; x_wconf 89' lang='lat' dir='ltr'><strong>quae</strong></span> <span class='ocrx_word' id='word_1_77' title='bbox 861 827 918 852; x_wconf 89' lang='lat' dir='ltr'><strong>res</strong></span> <span class='ocrx_word' id='word_1_78' title='bbox 947 820 1087 852; x_wconf 90' lang='lat' dir='ltr'><strong>tantum</strong></span> <span class='ocrx_word' id='word_1_79' title='bbox 1114 817 1278 854; x_wconf 90' lang='lat' dir='ltr'><strong>timorem</strong></span> 
     </span>
     <span class='ocr_line' id='line_1_15' title="bbox 188 861 1278 907; baseline 0 -9"><span class='ocrx_word' id='word_1_80' title='bbox 188 862 308 907; x_wconf 87' lang='lat' dir='ltr'><strong>habet,</strong></span> <span class='ocrx_word' id='word_1_81' title='bbox 333 866 374 898; x_wconf 92' lang='lat' dir='ltr'><strong>ut</strong></span> <span class='ocrx_word' id='word_1_82' title='bbox 397 873 500 899; x_wconf 90' lang='grc'>1101110</span> <span class='ocrx_word' id='word_1_83' title='bbox 525 862 572 899; x_wconf 89' lang='lat' dir='ltr'><strong>ad</strong></span> <span class='ocrx_word' id='word_1_84' title='bbox 594 873 675 899; x_wconf 91' lang='lat' dir='ltr'><strong>eum</strong></span> <span class='ocrx_word' id='word_1_85' title='bbox 698 873 823 907; x_wconf 83' lang='lat' dir='ltr'><strong>agrum</strong></span> <span class='ocrx_word' id='word_1_86' title='bbox 847 861 1019 898; x_wconf 81' lang='lat' dir='ltr'><strong>accedere</strong></span> <span class='ocrx_word' id='word_1_87' title='bbox 1042 862 1174 899; x_wconf 78' lang='lat' dir='ltr'><strong>audeat</strong></span> <span class='ocrx_word' id='word_1_88' title='bbox 1196 874 1278 898; x_wconf 90' lang='lat' dir='ltr'><strong>cru-</strong></span> 
     </span>
     <span class='ocr_line' id='line_1_16' title="bbox 190 907 1276 960; baseline 0 -17"><span class='ocrx_word' id='word_1_89' title='bbox 190 907 372 944; x_wconf 89' lang='lat' dir='ltr'><strong>delitatem</strong></span> <span class='ocrx_word' id='word_1_90' title='bbox 410 907 539 944; x_wconf 88' lang='lat' dir='ltr'><strong>timens</strong></span> <span class='ocrx_word' id='word_1_91' title='bbox 578 918 700 944; x_wconf 91' lang='lat' dir='ltr'><strong>eorum</strong></span> <span class='ocrx_word' id='word_1_92' title='bbox 738 907 798 960; x_wconf 84' lang='lat' dir='ltr'><strong>qui</strong></span> <span class='ocrx_word' id='word_1_93' title='bbox 832 907 1070 953; x_wconf 89' lang='lat' dir='ltr'><strong>scopelismon</strong></span> <span class='ocrx_word' id='word_1_94' title='bbox 1105 907 1276 944; x_wconf 87' lang='lat' dir='ltr'><strong>fecerunt.</strong></span> 
     </span>
     <span class='ocr_line' id='line_1_17' title="bbox 188 952 1278 1007; baseline -0.002 -18"><span class='ocrx_word' id='word_1_95' title='bbox 188 952 284 989; x_wconf 89' lang='lat' dir='ltr'><strong>hanc</strong></span> <span class='ocrx_word' id='word_1_96' title='bbox 314 962 390 988; x_wconf 90' lang='lat' dir='ltr'><strong>rem</strong></span> <span class='ocrx_word' id='word_1_97' title='bbox 421 952 605 1007; x_wconf 72' lang='lat' dir='ltr'><strong>praesides</strong></span> <span class='ocrx_word' id='word_1_98' title='bbox 631 963 757 997; x_wconf 80' lang='lat' dir='ltr'><strong>exequi</strong></span> <span class='ocrx_word' id='word_1_99' title='bbox 780 952 897 988; x_wconf 87' lang='lat' dir='ltr'><strong>solent</strong></span> <span class='ocrx_word' id='word_1_100' title='bbox 917 952 1074 998; x_wconf 79' lang='lat' dir='ltr'><strong>graviter</strong></span> <span class='ocrx_word' id='word_1_101' title='bbox 1096 963 1209 1006; x_wconf 84' lang='lat' dir='ltr'><strong>usque</strong></span> <span class='ocrx_word' id='word_1_102' title='bbox 1233 953 1278 988; x_wconf 86' lang='lat' dir='ltr'><strong>ad</strong></span> 
     </span>
     <span class='ocr_line' id='line_1_18' title="bbox 189 997 1277 1044; baseline -0.001 -10"><span class='ocrx_word' id='word_1_103' title='bbox 189 1008 343 1044; x_wconf 84' lang='lat' dir='ltr'><strong>poenam</strong></span> <span class='ocrx_word' id='word_1_104' title='bbox 363 997 503 1044; x_wconf 89' lang='lat' dir='ltr'><strong>capitis,</strong></span> <span class='ocrx_word' id='word_1_105' title='bbox 527 999 612 1043; x_wconf 88' lang='lat' dir='ltr'><strong>quia</strong></span> <span class='ocrx_word' id='word_1_106' title='bbox 631 1002 668 1034; x_wconf 88' lang='lat' dir='ltr'><strong>et</strong></span> <span class='ocrx_word' id='word_1_107' title='bbox 685 998 765 1043; x_wconf 87' lang='lat' dir='ltr'><strong>ipsa</strong></span> <span class='ocrx_word' id='word_1_108' title='bbox 783 1007 842 1033; x_wconf 91' lang='lat' dir='ltr'><strong>res</strong></span> <span class='ocrx_word' id='word_1_109' title='bbox 861 1001 1011 1033; x_wconf 88' lang='lat' dir='ltr'><strong>mortem</strong></span> <span class='ocrx_word' id='word_1_110' title='bbox 1031 1003 1277 1034; x_wconf 86' lang='lat' dir='ltr'><strong>comminatur.</strong></span> 
     </span>
    </p>

    <p class='ocr_par' dir='ltr' id='par_1_5' title="bbox 189 1041 1281 1396">
     <span class='ocr_line' id='line_1_19' title="bbox 239 1041 1280 1089; baseline -0.003 -8"><span class='ocrx_word' id='word_1_111' title='bbox 239 1041 290 1082; x_wconf 88' lang='lat'><strong>10</strong></span> <span class='ocrx_word' id='word_1_112' title='bbox 314 1042 422 1079; x_wconf 71' lang='lat' dir='ltr'><strong>Ihm!</strong></span> <span class='ocrx_word' id='word_1_113' title='bbox 448 1043 571 1080; x_wconf 82' lang='lat' dir='ltr'><strong>eodem</strong></span> <span class='ocrx_word' id='word_1_114' title='bbox 596 1044 711 1079; x_wconf 80' lang='lat' dir='ltr'><strong>libro¹</strong></span> <span class='ocrx_word' id='word_1_115' title='bbox 757 1042 801 1077; x_wconf 92' lang='lat' dir='ltr'><strong>In</strong></span> <span class='ocrx_word' id='word_1_116' title='bbox 824 1043 988 1088; x_wconf 77' lang='lat' dir='ltr'><strong>Aegypto</strong></span> <span class='ocrx_word' id='word_1_117' title='bbox 1020 1044 1081 1089; x_wconf 90' lang='lat' dir='ltr'><strong>qui</strong></span> <span class='ocrx_word' id='word_1_118' title='bbox 1113 1044 1280 1080; x_wconf 86' lang='lat' dir='ltr'><strong>chomata</strong></span> 
     </span>
     <span class='ocr_line' id='line_1_20' title="bbox 190 1087 1280 1134; baseline 0 -10"><span class='ocrx_word' id='word_1_119' title='bbox 190 1088 324 1134; x_wconf 86' lang='lat' dir='ltr'><strong>rumpit</strong></span> <span class='ocrx_word' id='word_1_120' title='bbox 351 1089 407 1125; x_wconf 81' lang='lat' dir='ltr'><strong>vel</strong></span> <span class='ocrx_word' id='word_1_121' title='bbox 438 1088 599 1125; x_wconf 87' lang='lat' dir='ltr'><strong>dissolvit</strong></span> <span class='ocrx_word' id='word_1_122' title='bbox 629 1087 681 1130; x_wconf 87' lang='lat' dir='ltr'><strong>(hi</strong></span> <span class='ocrx_word' id='word_1_123' title='bbox 711 1092 796 1123; x_wconf 89' lang='lat' dir='ltr'><strong>sunt</strong></span> <span class='ocrx_word' id='word_1_124' title='bbox 824 1098 988 1133; x_wconf 81' lang='lat' dir='ltr'><strong>aggeres,</strong></span> <span class='ocrx_word' id='word_1_125' title='bbox 1021 1089 1082 1134; x_wconf 92' lang='lat' dir='ltr'><strong>qui</strong></span> <span class='ocrx_word' id='word_1_126' title='bbox 1111 1089 1253 1134; x_wconf 86' lang='lat' dir='ltr'><strong>quidem</strong></span> <span class='ocrx_word' id='word_1_127' title='bbox 1266 1090 1280 1110; x_wconf 77' lang='lat'>⁵</span> 
     </span>
     <span class='ocr_line' id='line_1_21' title="bbox 189 1133 1279 1180; baseline -0.002 -10"><span class='ocrx_word' id='word_1_128' title='bbox 189 1134 307 1170; x_wconf 84' lang='lat' dir='ltr'><strong>solent</strong></span> <span class='ocrx_word' id='word_1_129' title='bbox 385 1144 469 1170; x_wconf 91' lang='lat' dir='ltr'><strong>uam</strong></span> <span class='ocrx_word' id='word_1_130' title='bbox 490 1133 685 1169; x_wconf 82' lang='lat' dir='ltr'><strong>Niloticam</strong></span> <span class='ocrx_word' id='word_1_131' title='bbox 717 1133 932 1177; x_wconf 87' lang='lat' dir='ltr'><strong>continere),</strong></span> <span class='ocrx_word' id='word_1_132' title='bbox 967 1143 1082 1179; x_wconf 87' lang='lat' dir='ltr'><strong>aeque</strong></span> <span class='ocrx_word' id='word_1_133' title='bbox 1110 1134 1279 1180; x_wconf 86' lang='lat' dir='ltr'><strong>plectitur</strong></span> 
     </span>
     <span class='ocr_line' id='line_1_22' title="bbox 189 1144 1279 1224; baseline -0.001 -9"><span class='ocrx_word' id='word_1_134' title='bbox 189 1182 292 1215; x_wconf 84' lang='lat' dir='ltr'><strong>extra</strong></span> <span class='ocrx_word' id='word_1_135' title='bbox 322 1144 503 1215; x_wconf 48' lang='grc' dir='ltr'>οἷ’-31110101</span> <span class='ocrx_word' id='word_1_136' title='bbox 543 1182 579 1214; x_wconf 91' lang='lat' dir='ltr'><strong>et</strong></span> <span class='ocrx_word' id='word_1_137' title='bbox 615 1189 681 1223; x_wconf 89' lang='lat' dir='ltr'><strong>pro</strong></span> <span class='ocrx_word' id='word_1_138' title='bbox 714 1177 923 1214; x_wconf 88' lang='lat' dir='ltr'><strong>condicione</strong></span> <span class='ocrx_word' id='word_1_139' title='bbox 954 1189 1021 1214; x_wconf 89' lang='lat' dir='ltr'><strong>sua</strong></span> <span class='ocrx_word' id='word_1_140' title='bbox 1051 1182 1088 1215; x_wconf 91' lang='lat' dir='ltr'><strong>et</strong></span> <span class='ocrx_word' id='word_1_141' title='bbox 1116 1190 1183 1224; x_wconf 88' lang='lat' dir='ltr'><strong>pro</strong></span> <span class='ocrx_word' id='word_1_142' title='bbox 1215 1179 1279 1215; x_wconf 87' lang='lat' dir='ltr'><strong>ad-</strong></span> 
     </span>
     <span class='ocr_line' id='line_1_23' title="bbox 189 1223 1279 1269; baseline 0 -9"><span class='ocrx_word' id='word_1_143' title='bbox 189 1223 290 1261; x_wconf 89' lang='lat' dir='ltr'><strong>missi</strong></span> <span class='ocrx_word' id='word_1_144' title='bbox 321 1235 489 1260; x_wconf 87' lang='lat' dir='ltr'><strong>mensura</strong></span> <span class='ocrx_word' id='word_1_145' title='bbox 519 1223 663 1268; x_wconf 85' lang='lat' dir='ltr'><strong>quidam</strong></span> <span class='ocrx_word' id='word_1_146' title='bbox 699 1233 806 1269; x_wconf 81' lang='lat' dir='ltr'><strong>opere</strong></span> <span class='ocrx_word' id='word_1_147' title='bbox 835 1223 1001 1269; x_wconf 89' lang='lat' dir='ltr'><strong>publico,</strong></span> <span class='ocrx_word' id='word_1_148' title='bbox 1038 1224 1124 1259; x_wconf 80' lang='lat' dir='ltr'><strong>alii⁶</strong></span> <span class='ocrx_word' id='word_1_149' title='bbox 1160 1228 1279 1260; x_wconf 89' lang='lat' dir='ltr'><strong>autem</strong></span> 
     </span>
     <span class='ocr_line' id='line_1_24' title="bbox 189 1268 1280 1315; baseline -0.001 -9"><span class='ocrx_word' id='word_1_150' title='bbox 189 1269 332 1306; x_wconf 87' lang='lat' dir='ltr'><strong>metallo</strong></span> <span class='ocrx_word' id='word_1_151' title='bbox 351 1270 566 1315; x_wconf 84' lang='lat' dir='ltr'><strong>plectuntur.</strong></span> <span class='ocrx_word' id='word_1_152' title='bbox 586 1273 624 1304; x_wconf 93' lang='lat' dir='ltr'><strong>et</strong></span> <span class='ocrx_word' id='word_1_153' title='bbox 640 1268 782 1304; x_wconf 90' lang='lat' dir='ltr'><strong>metallo</strong></span> <span class='ocrx_word' id='word_1_154' title='bbox 804 1268 946 1314; x_wconf 89' lang='lat' dir='ltr'><strong>quidem</strong></span> <span class='ocrx_word' id='word_1_155' title='bbox 963 1269 1159 1305; x_wconf 90' lang='lat' dir='ltr'><strong>secundum</strong></span> <span class='ocrx_word' id='word_1_156' title='bbox 1177 1280 1280 1305; x_wconf 90' lang='lat' dir='ltr'><strong>suain</strong></span> 
     </span>
     <span class='ocr_line' id='line_1_25' title="bbox 190 1314 1279 1366; baseline -0.001 -15"><span class='ocrx_word' id='word_1_157' title='bbox 190 1314 407 1360; x_wconf 80' lang='lat' dir='ltr'><strong>dignitatem.</strong></span> <span class='ocrx_word' id='word_1_158' title='bbox 445 1315 476 1350; x_wconf 91' lang='lat' dir='ltr'><strong>si</strong></span> <span class='ocrx_word' id='word_1_159' title='bbox 500 1314 578 1359; x_wconf 90' lang='lat' dir='ltr'><strong>quis</strong></span> <span class='ocrx_word' id='word_1_160' title='bbox 603 1314 768 1366; x_wconf 75' lang='lat' dir='ltr'><strong>arborem</strong></span> <span class='ocrx_word' id='word_1_161' title='bbox 787 1314 1073 1360; x_wconf 86' lang='lat' dir='ltr'><strong>sycaminonem⁷</strong></span> <span class='ocrx_word' id='word_1_162' title='bbox 1098 1315 1279 1359; x_wconf 88' lang='lat' dir='ltr'><strong>exciderit,</strong></span> 
     </span>
     <span class='ocr_line' id='line_1_26' title="bbox 189 1358 1281 1396; baseline 0 0"><span class='ocrx_word' id='word_1_163' title='bbox 189 1360 298 1396; x_wconf 84' lang='lat' dir='ltr'><strong>nam⁸</strong></span> <span class='ocrx_word' id='word_1_164' title='bbox 326 1363 363 1396; x_wconf 91' lang='lat' dir='ltr'><strong>et</strong></span> <span class='ocrx_word' id='word_1_165' title='bbox 384 1360 475 1395; x_wconf 89' lang='lat' dir='ltr'><strong>haec</strong></span> <span class='ocrx_word' id='word_1_166' title='bbox 498 1369 557 1395; x_wconf 89' lang='lat' dir='ltr'><strong>res</strong></span> <span class='ocrx_word' id='word_1_167' title='bbox 579 1358 782 1394; x_wconf 87' lang='lat' dir='ltr'><strong>vindicatur</strong></span> <span class='ocrx_word' id='word_1_168' title='bbox 805 1363 908 1395; x_wconf 89' lang='lat' dir='ltr'><strong>extra</strong></span> <span class='ocrx_word' id='word_1_169' title='bbox 930 1360 1091 1395; x_wconf 90' lang='lat' dir='ltr'><strong>ordinem</strong></span> <span class='ocrx_word' id='word_1_170' title='bbox 1114 1371 1189 1396; x_wconf 90' lang='lat' dir='ltr'><strong>non</strong></span> <span class='ocrx_word' id='word_1_171' title='bbox 1211 1360 1281 1396; x_wconf 89' lang='lat' dir='ltr'><strong>levi</strong></span> 
     </span>
    </p>

    <p class='ocr_par' dir='ltr' id='par_1_6' title="bbox 188 1403 1279 1632">
     <span class='ocr_line' id='line_1_27' title="bbox 240 1403 1279 1451; baseline 0 -10"><span class='ocrx_word' id='word_1_172' title='bbox 240 1415 324 1450; x_wconf 85' lang='lat' dir='ltr'><strong>ena,</strong></span> <span class='ocrx_word' id='word_1_173' title='bbox 355 1404 490 1440; x_wconf 91' lang='lat' dir='ltr'><strong>idcirco</strong></span> <span class='ocrx_word' id='word_1_174' title='bbox 520 1403 617 1450; x_wconf 87' lang='lat' dir='ltr'><strong>quod</strong></span> <span class='ocrx_word' id='word_1_175' title='bbox 639 1405 708 1440; x_wconf 93' lang='lat' dir='ltr'><strong>hae</strong></span> <span class='ocrx_word' id='word_1_176' title='bbox 732 1404 880 1440; x_wconf 89' lang='lat' dir='ltr'><strong>arbores</strong></span> <span class='ocrx_word' id='word_1_177' title='bbox 905 1405 1102 1450; x_wconf 75' lang='lat' dir='ltr'><strong>colligunt⁰</strong></span> <span class='ocrx_word' id='word_1_178' title='bbox 1132 1416 1279 1451; x_wconf 79' lang='lat' dir='ltr'><strong>aggeres</strong></span> 
     </span>
     <span class='ocr_line' id='line_1_28' title="bbox 188 1416 1279 1496; baseline 0.001 -10"><span class='ocrx_word' id='word_1_179' title='bbox 188 1416 384 1493; x_wconf 57' lang='lat' dir='ltr'><strong>Romanos,</strong></span> <span class='ocrx_word' id='word_1_180' title='bbox 427 1460 494 1495; x_wconf 91' lang='lat' dir='ltr'><strong>per</strong></span> <span class='ocrx_word' id='word_1_181' title='bbox 535 1459 624 1495; x_wconf 88' lang='lat' dir='ltr'><strong>quos</strong></span> <span class='ocrx_word' id='word_1_182' title='bbox 660 1449 880 1485; x_wconf 90' lang='lat' dir='ltr'><strong>incrementa</strong></span> <span class='ocrx_word' id='word_1_183' title='bbox 916 1449 990 1485; x_wconf 85' lang='lat' dir='ltr'><strong>Nili</strong></span> <span class='ocrx_word' id='word_1_184' title='bbox 1027 1450 1279 1496; x_wconf 82' lang='lat' dir='ltr'><strong>dispensantur</strong></span> 
     </span>
     <span class='ocr_line' id='line_1_29' title="bbox 190 1494 1278 1541; baseline -0.002 -9"><span class='ocrx_word' id='word_1_185' title='bbox 190 1499 227 1532; x_wconf 85' lang='lat' dir='ltr'><strong>et</strong></span> <span class='ocrx_word' id='word_1_186' title='bbox 250 1499 473 1531; x_wconf 86' lang='lat' dir='ltr'><strong>coercentur.</strong></span> <span class='ocrx_word' id='word_1_187' title='bbox 521 1498 558 1530; x_wconf 94' lang='lat' dir='ltr'><strong>et</strong></span> <span class='ocrx_word' id='word_1_188' title='bbox 580 1494 841 1531; x_wconf 88' lang='lat' dir='ltr'><strong>deminutiones</strong></span> <span class='ocrx_word' id='word_1_189' title='bbox 872 1497 1026 1541; x_wconf 89' lang='lat' dir='ltr'><strong>aeque¹⁰</strong></span> <span class='ocrx_word' id='word_1_190' title='bbox 1049 1500 1278 1532; x_wconf 88' lang='lat' dir='ltr'><strong>coercentur:</strong></span> 
     </span>
     <span class='ocr_line' id='line_1_30' title="bbox 190 1539 1278 1586; baseline -0.001 -9"><span class='ocrx_word' id='word_1_191' title='bbox 190 1540 396 1577; x_wconf 89' lang='lat' dir='ltr'><strong>chomata¹¹</strong></span> <span class='ocrx_word' id='word_1_192' title='bbox 420 1540 529 1576; x_wconf 86' lang='lat' dir='ltr'><strong>etiam</strong></span> <span class='ocrx_word' id='word_1_193' title='bbox 552 1543 590 1576; x_wconf 90' lang='lat' dir='ltr'><strong>et</strong></span> <span class='ocrx_word' id='word_1_194' title='bbox 612 1539 769 1586; x_wconf 88' lang='lat' dir='ltr'><strong>diacopi,</strong></span> <span class='ocrx_word' id='word_1_195' title='bbox 801 1540 862 1586; x_wconf 87' lang='lat' dir='ltr'><strong>qui</strong></span> <span class='ocrx_word' id='word_1_196' title='bbox 890 1540 929 1576; x_wconf 89' lang='lat' dir='ltr'><strong>in</strong></span> <span class='ocrx_word' id='word_1_197' title='bbox 958 1541 1147 1586; x_wconf 78' lang='lat' dir='ltr'><strong>aggeribus</strong></span> <span class='ocrx_word' id='word_1_198' title='bbox 1175 1541 1278 1585; x_wconf 89' lang='lat' dir='ltr'><strong>fiunt,</strong></span> 
     </span>
     <span class='ocr_line' id='line_1_31' title="bbox 188 1584 968 1632; baseline 0 -11"><span class='ocrx_word' id='word_1_199' title='bbox 188 1586 298 1632; x_wconf 89' lang='lat' dir='ltr'><strong>plecti</strong></span> <span class='ocrx_word' id='word_1_200' title='bbox 322 1585 483 1621; x_wconf 84' lang='lat' dir='ltr'><strong>efficiunt</strong></span> <span class='ocrx_word' id='word_1_201' title='bbox 505 1595 578 1628; x_wconf 89' lang='lat' dir='ltr'><strong>eos,</strong></span> <span class='ocrx_word' id='word_1_202' title='bbox 603 1584 665 1631; x_wconf 89' lang='lat' dir='ltr'><strong>qui</strong></span> <span class='ocrx_word' id='word_1_203' title='bbox 687 1585 725 1621; x_wconf 91' lang='lat' dir='ltr'><strong>id</strong></span> <span class='ocrx_word' id='word_1_204' title='bbox 748 1585 968 1622; x_wconf 76' lang='lat' dir='ltr'><strong>admiserint.</strong></span> 
     </span>
    </p>

    <p class='ocr_par' dir='ltr' id='par_1_7' title="bbox 187 1629 1280 1803">
     <span class='ocr_line' id='line_1_32' title="bbox 239 1629 1278 1678; baseline -0.001 -10"><span class='ocrx_word' id='word_1_205' title='bbox 239 1629 286 1668; x_wconf 91' lang='lat'><strong>11</strong></span> <span class='ocrx_word' id='word_1_206' title='bbox 313 1630 473 1667; x_wconf 59' lang='lat' dir='ltr'><strong>Panos</strong></span> <span class='ocrx_word' id='word_1_207' title='bbox 498 1630 589 1667; x_wconf 81' lang='lat' dir='ltr'><strong>libro</strong></span> <span class='ocrx_word' id='word_1_208' title='bbox 605 1631 731 1678; x_wconf 79' lang='lat' dir='ltr'><strong>primo</strong></span> <span class='ocrx_word' id='word_1_209' title='bbox 754 1632 1013 1667; x_wconf 80' lang='lat' dir='ltr'><strong>sententiarum</strong></span> <span class='ocrx_word' id='word_1_210' title='bbox 1059 1631 1102 1666; x_wconf 93' lang='lat' dir='ltr'><strong>In</strong></span> <span class='ocrx_word' id='word_1_211' title='bbox 1126 1631 1278 1667; x_wconf 87' lang='lat' dir='ltr'><strong>circula-</strong></span> 
     </span>
     <span class='ocr_line' id='line_1_33' title="bbox 187 1675 1280 1722; baseline 0.001 -10"><span class='ocrx_word' id='word_1_212' title='bbox 187 1679 302 1720; x_wconf 88' lang='lat' dir='ltr'><strong>tores,</strong></span> <span class='ocrx_word' id='word_1_213' title='bbox 335 1675 398 1722; x_wconf 89' lang='lat' dir='ltr'><strong>qui</strong></span> <span class='ocrx_word' id='word_1_214' title='bbox 427 1679 610 1721; x_wconf 83' lang='lat' dir='ltr'><strong>serpentes</strong></span> <span class='ocrx_word' id='word_1_215' title='bbox 641 1675 898 1711; x_wconf 90' lang='lat' dir='ltr'><strong>circumferunt</strong></span> <span class='ocrx_word' id='word_1_216' title='bbox 926 1680 963 1712; x_wconf 92' lang='lat' dir='ltr'><strong>et</strong></span> <span class='ocrx_word' id='word_1_217' title='bbox 992 1681 1216 1722; x_wconf 88' lang='lat' dir='ltr'><strong>proponunt,</strong></span> <span class='ocrx_word' id='word_1_218' title='bbox 1247 1677 1280 1713; x_wconf 92' lang='lat' dir='ltr'><strong>si</strong></span> 
     </span>
     <span class='ocr_line' id='line_1_34' title="bbox 190 1720 1278 1769; baseline 0.002 -12"><span class='ocrx_word' id='word_1_219' title='bbox 190 1721 249 1757; x_wconf 93' lang='lat' dir='ltr'><strong>cui</strong></span> <span class='ocrx_word' id='word_1_220' title='bbox 284 1722 331 1757; x_wconf 93' lang='lat' dir='ltr'><strong>ob</strong></span> <span class='ocrx_word' id='word_1_221' title='bbox 369 1731 493 1757; x_wconf 91' lang='lat' dir='ltr'><strong>eorum</strong></span> <span class='ocrx_word' id='word_1_222' title='bbox 526 1724 660 1756; x_wconf 91' lang='lat' dir='ltr'><strong>metum</strong></span> <span class='ocrx_word' id='word_1_223' title='bbox 672 1722 700 1742; x_wconf 87' lang='lat'><strong>¹²</strong></span> <span class='ocrx_word' id='word_1_224' title='bbox 734 1720 902 1757; x_wconf 83' lang='lat' dir='ltr'><strong>damnum</strong></span> <span class='ocrx_word' id='word_1_225' title='bbox 941 1721 1066 1758; x_wconf 91' lang='lat' dir='ltr'><strong>datum</strong></span> <span class='ocrx_word' id='word_1_226' title='bbox 1100 1726 1174 1765; x_wconf 90' lang='lat' dir='ltr'><strong>est,</strong></span> <span class='ocrx_word' id='word_1_227' title='bbox 1212 1733 1278 1769; x_wconf 91' lang='lat' dir='ltr'><strong>pro</strong></span> 
     </span>
     <span class='ocr_line' id='line_1_35' title="bbox 189 1765 765 1803; baseline -0.002 -1"><span class='ocrx_word' id='word_1_228' title='bbox 189 1766 296 1803; x_wconf 92' lang='lat' dir='ltr'><strong>modo</strong></span> <span class='ocrx_word' id='word_1_229' title='bbox 319 1765 467 1802; x_wconf 83' lang='lat' dir='ltr'><strong>admissi</strong></span> <span class='ocrx_word' id='word_1_230' title='bbox 490 1766 586 1802; x_wconf 85' lang='lat' dir='ltr'><strong>actio</strong></span> <span class='ocrx_word' id='word_1_231' title='bbox 610 1766 765 1802; x_wconf 88' lang='lat' dir='ltr'><strong>dabitur.</strong></span> 
     </span>
    </p>
   </div>
   <div class='ocr_carea' id='block_1_4' title="bbox 440 1904 1027 2004">
    <p class='ocr_par' dir='ltr' id='par_1_8' title="bbox 440 1904 1027 2004">
     <span class='ocr_line' id='line_1_36' title="bbox 673 1904 801 1944; baseline -0.008 0"><span class='ocrx_word' id='word_1_232' title='bbox 673 1906 751 1944; x_wconf 83' lang='lat' dir='ltr'><strong>XII</strong></span> <span class='ocrx_word' id='word_1_233' title='bbox 762 1904 801 1943; x_wconf 81' lang='lat'><strong>¹³.</strong></span> 
     </span>
     <span class='ocr_line' id='line_1_37' title="bbox 440 1970 1027 2004; baseline 0 0"><span class='ocrx_word' id='word_1_234' title='bbox 440 1971 503 2004; x_wconf 83' lang='lat' dir='ltr'><strong>DE</strong></span> <span class='ocrx_word' id='word_1_235' title='bbox 526 1970 794 2004; x_wconf 86' lang='lat' dir='ltr'>SEPULCHBO</span> <span class='ocrx_word' id='word_1_236' title='bbox 819 1970 1027 2004; x_wconf 86' lang='lat' dir='ltr'><strong>VIOLATO.</strong></span> 
     </span>
    </p>
   </div>
   <div class='ocr_carea' id='block_1_5' title="bbox 188 2035 1282 3480">
    <p class='ocr_par' dir='ltr' id='par_1_9' title="bbox 191 2035 1280 2127">
     <span class='ocr_line' id='line_1_38' title="bbox 240 2035 1280 2085; baseline 0 -11"><span class='ocrx_word' id='word_1_237' title='bbox 240 2035 260 2074; x_wconf 92' lang='lat'>1</span> <span class='ocrx_word' id='word_1_238' title='bbox 302 2035 498 2074; x_wconf 69' lang='lat' dir='ltr'><strong>Uzmws</strong></span> <span class='ocrx_word' id='word_1_239' title='bbox 528 2036 619 2073; x_wconf 75' lang='lat' dir='ltr'><strong>libro</strong></span> <span class='ocrx_word' id='word_1_240' title='bbox 650 2036 806 2073; x_wconf 75' lang='lat' dir='ltr'><strong>secundo</strong></span> <span class='ocrx_word' id='word_1_241' title='bbox 836 2037 886 2073; x_wconf 88' lang='lat' dir='ltr'><strong>ad</strong></span> <span class='ocrx_word' id='word_1_242' title='bbox 915 2037 1069 2074; x_wconf 79' lang='lat' dir='ltr'><strong>edictum</strong></span> <span class='ocrx_word' id='word_1_243' title='bbox 1092 2039 1280 2085; x_wconf 79' lang='lat' dir='ltr'><strong>praetoris</strong></span> 
     </span>
     <span class='ocr_line' id='line_1_39' title="bbox 191 2081 1021 2127; baseline -0.002 -7"><span class='ocrx_word' id='word_1_244' title='bbox 191 2083 238 2120; x_wconf 89' lang='lat' dir='ltr'><strong>Se</strong></span> <span class='ocrx_word' id='word_1_245' title='bbox 264 2081 382 2118; x_wconf 87' lang='lat' dir='ltr'><strong>ulchri</strong></span> <span class='ocrx_word' id='word_1_246' title='bbox 403 2082 526 2118; x_wconf 88' lang='lat' dir='ltr'><strong>violati</strong></span> <span class='ocrx_word' id='word_1_247' title='bbox 549 2082 643 2118; x_wconf 91' lang='lat' dir='ltr'><strong>actio</strong></span> <span class='ocrx_word' id='word_1_248' title='bbox 667 2081 851 2118; x_wconf 81' lang='lat' dir='ltr'><strong>infamiam</strong></span> <span class='ocrx_word' id='word_1_249' title='bbox 873 2082 1021 2127; x_wconf 84' lang='lat' dir='ltr'><strong>irrogat.</strong></span> 
     </span>
    </p>

    <p class='ocr_par' dir='ltr' id='par_1_10' title="bbox 190 2127 1281 2490">
     <span class='ocr_line' id='line_1_40' title="bbox 287 2127 1280 2174; baseline 0 -11"><span class='ocrx_word' id='word_1_250' title='bbox 287 2127 396 2163; x_wconf 73' lang='lat' dir='ltr'><strong>Imm</strong></span> <span class='ocrx_word' id='word_1_251' title='bbox 421 2127 513 2163; x_wconf 82' lang='lat' dir='ltr'><strong>libro</strong></span> <span class='ocrx_word' id='word_1_252' title='bbox 538 2133 663 2163; x_wconf 85' lang='lat' dir='ltr'><strong>octavo</strong></span> <span class='ocrx_word' id='word_1_253' title='bbox 688 2127 824 2163; x_wconf 81' lang='lat' dir='ltr'><strong>decimo</strong></span> <span class='ocrx_word' id='word_1_254' title='bbox 849 2127 899 2163; x_wconf 85' lang='lat' dir='ltr'><strong>ad</strong></span> <span class='ocrx_word' id='word_1_255' title='bbox 921 2128 1074 2164; x_wconf 77' lang='lat' dir='ltr'><strong>edictum</strong></span> <span class='ocrx_word' id='word_1_256' title='bbox 1091 2129 1280 2174; x_wconf 78' lang='lat' dir='ltr'><strong>praetoris</strong></span> 
     </span>
     <span class='ocr_line' id='line_1_41' title="bbox 191 2172 1281 2218; baseline -0.001 -9"><span class='ocrx_word' id='word_1_257' title='bbox 191 2173 232 2209; x_wconf 90' lang='lat' dir='ltr'><strong>Si</strong></span> <span class='ocrx_word' id='word_1_258' title='bbox 259 2172 490 2218; x_wconf 83' lang='lat' dir='ltr'><strong>sepulchrum</strong></span> <span class='ocrx_word' id='word_1_259' title='bbox 520 2172 599 2218; x_wconf 90' lang='lat' dir='ltr'><strong>quis</strong></span> <span class='ocrx_word' id='word_1_260' title='bbox 628 2172 755 2216; x_wconf 88' lang='lat' dir='ltr'><strong>diruit,</strong></span> <span class='ocrx_word' id='word_1_261' title='bbox 789 2176 908 2208; x_wconf 84' lang='lat' dir='ltr'><strong>cessat</strong></span> <span class='ocrx_word' id='word_1_262' title='bbox 930 2172 1094 2217; x_wconf 84' lang='lat' dir='ltr'><strong>Aquilia:</strong></span> <span class='ocrx_word' id='word_1_263' title='bbox 1127 2173 1224 2218; x_wconf 93' lang='lat' dir='ltr'><strong>quod</strong></span> <span class='ocrx_word' id='word_1_264' title='bbox 1246 2173 1281 2208; x_wconf 90' lang='lat' dir='ltr'><strong>vi</strong></span> 
     </span>
     <span class='ocr_line' id='line_1_42' title="bbox 190 2217 1280 2263; baseline 0 -9"><span class='ocrx_word' id='word_1_265' title='bbox 190 2223 312 2254; x_wconf 91' lang='lat' dir='ltr'><strong>tamen</strong></span> <span class='ocrx_word' id='word_1_266' title='bbox 340 2220 406 2253; x_wconf 89' lang='lat' dir='ltr'><strong>aut</strong></span> <span class='ocrx_word' id='word_1_267' title='bbox 433 2218 527 2254; x_wconf 87' lang='lat' dir='ltr'><strong>clam</strong></span> <span class='ocrx_word' id='word_1_268' title='bbox 556 2217 731 2263; x_wconf 85' lang='lat' dir='ltr'><strong>agendum</strong></span> <span class='ocrx_word' id='word_1_269' title='bbox 762 2218 848 2253; x_wconf 89' lang='lat' dir='ltr'><strong>erit:</strong></span> <span class='ocrx_word' id='word_1_270' title='bbox 881 2221 918 2253; x_wconf 91' lang='lat' dir='ltr'><strong>et</strong></span> <span class='ocrx_word' id='word_1_271' title='bbox 947 2217 1001 2253; x_wconf 90' lang='lat' dir='ltr'><strong>ita</strong></span> <span class='ocrx_word' id='word_1_272' title='bbox 1024 2218 1068 2254; x_wconf 92' lang='lat' dir='ltr'><strong>de</strong></span> <span class='ocrx_word' id='word_1_273' title='bbox 1091 2222 1213 2254; x_wconf 88' lang='lat' dir='ltr'><strong>statua</strong></span> <span class='ocrx_word' id='word_1_274' title='bbox 1236 2218 1280 2254; x_wconf 89' lang='lat' dir='ltr'><strong>de</strong></span> 
     </span>
     <span class='ocr_line' id='line_1_43' title="bbox 191 2262 1280 2308; baseline 0 -9"><span class='ocrx_word' id='word_1_275' title='bbox 191 2267 420 2300; x_wconf 90' lang='lat' dir='ltr'><strong>monumento</strong></span> <span class='ocrx_word' id='word_1_276' title='bbox 451 2263 572 2299; x_wconf 80' lang='lat' dir='ltr'><strong>evolsa</strong></span> <span class='ocrx_word' id='word_1_277' title='bbox 595 2262 721 2299; x_wconf 89' lang='lat' dir='ltr'><strong>Celsus</strong></span> <span class='ocrx_word' id='word_1_278' title='bbox 752 2263 889 2299; x_wconf 86' lang='lat' dir='ltr'><strong>scribit.</strong></span> <span class='ocrx_word' id='word_1_279' title='bbox 937 2262 1030 2298; x_wconf 90' lang='lat' dir='ltr'><strong>idem</strong></span> <span class='ocrx_word' id='word_1_280' title='bbox 1059 2263 1217 2308; x_wconf 88' lang='lat' dir='ltr'><strong>quaerit,</strong></span> <span class='ocrx_word' id='word_1_281' title='bbox 1250 2264 1280 2299; x_wconf 91' lang='lat' dir='ltr'><strong>si</strong></span> 
     </span>
     <span class='ocr_line' id='line_1_44' title="bbox 192 2307 1278 2355; baseline 0 -11"><span class='ocrx_word' id='word_1_282' title='bbox 192 2319 308 2355; x_wconf 90' lang='lat' dir='ltr'><strong>neque</strong></span> <span class='ocrx_word' id='word_1_283' title='bbox 333 2307 568 2354; x_wconf 88' lang='lat' dir='ltr'><strong>adplumbata</strong></span> <span class='ocrx_word' id='word_1_284' title='bbox 589 2307 660 2344; x_wconf 85' lang='lat' dir='ltr'><strong>fuit</strong></span> <span class='ocrx_word' id='word_1_285' title='bbox 681 2318 797 2353; x_wconf 91' lang='lat' dir='ltr'><strong>neque</strong></span> <span class='ocrx_word' id='word_1_286' title='bbox 820 2307 949 2350; x_wconf 80' lang='lat' dir='ltr'><strong>adfixa,</strong></span> <span class='ocrx_word' id='word_1_287' title='bbox 975 2318 1023 2343; x_wconf 88' lang='lat' dir='ltr'><strong>an</strong></span> <span class='ocrx_word' id='word_1_288' title='bbox 1045 2319 1131 2354; x_wconf 87' lang='lat' dir='ltr'><strong>pars</strong></span> <span class='ocrx_word' id='word_1_289' title='bbox 1153 2319 1278 2344; x_wconf 90' lang='lat' dir='ltr'><strong>monu-</strong></span> 
     </span>
     <span class='ocr_line' id='line_1_45' title="bbox 192 2353 1279 2390; baseline 0.001 -1"><span class='ocrx_word' id='word_1_290' title='bbox 192 2353 302 2390; x_wconf 90' lang='lat' dir='ltr'><strong>menti</strong></span> <span class='ocrx_word' id='word_1_291' title='bbox 330 2353 460 2390; x_wconf 87' lang='lat' dir='ltr'><strong>effecta</strong></span> <span class='ocrx_word' id='word_1_292' title='bbox 489 2353 537 2389; x_wconf 90' lang='lat' dir='ltr'><strong>sit</strong></span> <span class='ocrx_word' id='word_1_293' title='bbox 564 2363 611 2389; x_wconf 90' lang='lat' dir='ltr'><strong>an</strong></span> <span class='ocrx_word' id='word_1_294' title='bbox 641 2364 726 2389; x_wconf 85' lang='lat' dir='ltr'><strong>vero</strong></span> <span class='ocrx_word' id='word_1_295' title='bbox 755 2357 900 2389; x_wconf 89' lang='lat' dir='ltr'><strong>maneat</strong></span> <span class='ocrx_word' id='word_1_296' title='bbox 926 2353 964 2388; x_wconf 92' lang='lat' dir='ltr'><strong>in</strong></span> <span class='ocrx_word' id='word_1_297' title='bbox 994 2353 1099 2389; x_wconf 93' lang='lat' dir='ltr'><strong>bonis</strong></span> <span class='ocrx_word' id='word_1_298' title='bbox 1129 2354 1279 2390; x_wconf 85' lang='lat' dir='ltr'><strong>nostris:</strong></span> 
     </span>
     <span class='ocr_line' id='line_1_46' title="bbox 193 2398 1279 2438; baseline -0.003 -1"><span class='ocrx_word' id='word_1_299' title='bbox 193 2404 230 2438; x_wconf 86' lang='lat' dir='ltr'><strong>et</strong></span> <span class='ocrx_word' id='word_1_300' title='bbox 253 2398 378 2436; x_wconf 86' lang='lat' dir='ltr'><strong>Celsus</strong></span> <span class='ocrx_word' id='word_1_301' title='bbox 409 2398 535 2435; x_wconf 87' lang='lat' dir='ltr'><strong>scribit</strong></span> <span class='ocrx_word' id='word_1_302' title='bbox 564 2398 616 2435; x_wconf 88' lang='lat' dir='ltr'><strong>sic</strong></span> <span class='ocrx_word' id='word_1_303' title='bbox 645 2409 725 2435; x_wconf 90' lang='lat' dir='ltr'><strong>esse</strong></span> <span class='ocrx_word' id='word_1_304' title='bbox 756 2398 977 2435; x_wconf 90' lang='lat' dir='ltr'><strong>monumenti</strong></span> <span class='ocrx_word' id='word_1_305' title='bbox 1007 2402 1049 2433; x_wconf 91' lang='lat' dir='ltr'><strong>ut</strong></span> <span class='ocrx_word' id='word_1_306' title='bbox 1079 2399 1279 2435; x_wconf 80' lang='lat' dir='ltr'><strong>ossuaria¹⁴</strong></span> 
     </span>
     <span class='ocr_line' id='line_1_47' title="bbox 193 2443 1180 2490; baseline -0.003 -8"><span class='ocrx_word' id='word_1_307' title='bbox 193 2448 231 2482; x_wconf 91' lang='lat' dir='ltr'><strong>et</strong></span> <span class='ocrx_word' id='word_1_308' title='bbox 251 2444 333 2481; x_wconf 89' lang='lat' dir='ltr'><strong>ideo</strong></span> <span class='ocrx_word' id='word_1_309' title='bbox 357 2443 453 2490; x_wconf 90' lang='lat' dir='ltr'><strong>quod</strong></span> <span class='ocrx_word' id='word_1_310' title='bbox 475 2443 511 2479; x_wconf 86' lang='lat' dir='ltr'><strong>vi</strong></span> <span class='ocrx_word' id='word_1_311' title='bbox 533 2447 597 2479; x_wconf 88' lang='lat' dir='ltr'><strong>aut</strong></span> <span class='ocrx_word' id='word_1_312' title='bbox 620 2443 711 2479; x_wconf 85' lang='lat' dir='ltr'><strong>clam</strong></span> <span class='ocrx_word' id='word_1_313' title='bbox 734 2443 924 2479; x_wconf 86' lang='lat' dir='ltr'><strong>interdicto</strong></span> <span class='ocrx_word' id='word_1_314' title='bbox 949 2444 1068 2479; x_wconf 91' lang='lat' dir='ltr'><strong>locum</strong></span> <span class='ocrx_word' id='word_1_315' title='bbox 1091 2443 1180 2480; x_wconf 90' lang='lat' dir='ltr'><strong>fore.</strong></span> 
     </span>
    </p>

    <p class='ocr_par' dir='ltr' id='par_1_11' title="bbox 188 2487 1282 3220">
     <span class='ocr_line' id='line_1_48' title="bbox 239 2487 1280 2529; baseline -0.005 0"><span class='ocrx_word' id='word_1_316' title='bbox 239 2487 263 2529; x_wconf 88' lang='lat'><strong>3</strong></span> <span class='ocrx_word' id='word_1_317' title='bbox 301 2489 496 2526; x_wconf 62' lang='lat' dir='ltr'><strong>Uzelanvs</strong></span> <span class='ocrx_word' id='word_1_318' title='bbox 529 2489 620 2525; x_wconf 81' lang='lat' dir='ltr'><strong>libro</strong></span> <span class='ocrx_word' id='word_1_319' title='bbox 656 2490 847 2526; x_wconf 79' lang='lat' dir='ltr'><strong>vicensimo</strong></span> <span class='ocrx_word' id='word_1_320' title='bbox 908 2490 1009 2525; x_wconf 76' lang='lat' dir='ltr'><strong>aimo</strong></span> <span class='ocrx_word' id='word_1_321' title='bbox 1046 2489 1095 2525; x_wconf 87' lang='lat' dir='ltr'><strong>ad</strong></span> <span class='ocrx_word' id='word_1_322' title='bbox 1125 2490 1280 2526; x_wconf 81' lang='lat' dir='ltr'><strong>edictum</strong></span> 
     </span>
     <span class='ocr_line' id='line_1_49' title="bbox 188 2499 1280 2587; baseline -0.001 -16"><span class='ocrx_word' id='word_1_323' title='bbox 188 2536 374 2584; x_wconf 80' lang='lat' dir='ltr'><strong>praetoris</strong></span> <span class='ocrx_word' id='word_1_324' title='bbox 416 2534 569 2570; x_wconf 86' lang='lat' dir='ltr'><strong>Praetor</strong></span> <span class='ocrx_word' id='word_1_325' title='bbox 591 2534 661 2570; x_wconf 85' lang='lat' dir='ltr'><strong>ait:</strong></span> <span class='ocrx_word' id='word_1_326' title='bbox 687 2534 810 2570; x_wconf 86' lang='lat' dir='ltr'><strong>‘Cuius</strong></span> <span class='ocrx_word' id='word_1_327' title='bbox 834 2499 916 2587; x_wconf 59' lang='lat' dir='ltr'><strong>defi)</strong></span> <span class='ocrx_word' id='word_1_328' title='bbox 935 2534 1030 2570; x_wconf 87' lang='lat' dir='ltr'><strong>malo</strong></span> <span class='ocrx_word' id='word_1_329' title='bbox 1051 2534 1280 2580; x_wconf 88' lang='lat' dir='ltr'><strong>sepulchrum</strong></span> 
     </span>
     <span class='ocr_line' id='line_1_50' title="bbox 194 2578 1281 2624; baseline -0.001 -8"><span class='ocrx_word' id='word_1_330' title='bbox 194 2580 374 2616; x_wconf 83' lang='lat' dir='ltr'><strong>‘violatum</strong></span> <span class='ocrx_word' id='word_1_331' title='bbox 405 2590 484 2616; x_wconf 90' lang='lat' dir='ltr'><strong>esse</strong></span> <span class='ocrx_word' id='word_1_332' title='bbox 514 2578 670 2624; x_wconf 89' lang='lat' dir='ltr'><strong>dicetur,</strong></span> <span class='ocrx_word' id='word_1_333' title='bbox 699 2579 738 2615; x_wconf 91' lang='lat' dir='ltr'><strong>in</strong></span> <span class='ocrx_word' id='word_1_334' title='bbox 769 2589 851 2615; x_wconf 90' lang='lat' dir='ltr'><strong>eum</strong></span> <span class='ocrx_word' id='word_1_335' title='bbox 877 2590 916 2615; x_wconf 90' lang='grc'><strong>111</strong></span> <span class='ocrx_word' id='word_1_336' title='bbox 943 2579 1081 2615; x_wconf 87' lang='lat' dir='ltr'><strong>factum</strong></span> <span class='ocrx_word' id='word_1_337' title='bbox 1110 2579 1281 2615; x_wconf 90' lang='lat' dir='ltr'><strong>iudicium</strong></span> 
     </span>
     <span class='ocr_line' id='line_1_51' title="bbox 194 2624 1281 2670; baseline -0.002 -8"><span class='ocrx_word' id='word_1_338' title='bbox 194 2625 312 2669; x_wconf 67' lang='grc'>’(10110,</span> <span class='ocrx_word' id='word_1_339' title='bbox 336 2628 379 2660; x_wconf 91' lang='lat' dir='ltr'><strong>ut</strong></span> <span class='ocrx_word' id='word_1_340' title='bbox 400 2626 445 2667; x_wconf 88' lang='lat' dir='ltr'><strong>ei,</strong></span> <span class='ocrx_word' id='word_1_341' title='bbox 468 2624 516 2660; x_wconf 92' lang='lat' dir='ltr'><strong>ad</strong></span> <span class='ocrx_word' id='word_1_342' title='bbox 539 2635 645 2670; x_wconf 90' lang='lat' dir='ltr'><strong>quem</strong></span> <span class='ocrx_word' id='word_1_343' title='bbox 667 2624 855 2670; x_wconf 87' lang='lat' dir='ltr'><strong>pertineat,</strong></span> <span class='ocrx_word' id='word_1_344' title='bbox 885 2624 1010 2670; x_wconf 88' lang='lat' dir='ltr'><strong>quanti</strong></span> <span class='ocrx_word' id='word_1_345' title='bbox 1034 2625 1079 2660; x_wconf 92' lang='lat' dir='ltr'><strong>ob</strong></span> <span class='ocrx_word' id='word_1_346' title='bbox 1104 2635 1183 2660; x_wconf 87' lang='lat' dir='ltr'><strong>eam</strong></span> <span class='ocrx_word' id='word_1_347' title='bbox 1205 2635 1281 2661; x_wconf 89' lang='lat' dir='ltr'><strong>rem</strong></span> 
     </span>
     <span class='ocr_line' id='line_1_52' title="bbox 194 2669 1281 2716; baseline -0.001 -10"><span class='ocrx_word' id='word_1_348' title='bbox 194 2674 359 2716; x_wconf 88' lang='lat' dir='ltr'><strong>‘aequum</strong></span> <span class='ocrx_word' id='word_1_349' title='bbox 388 2669 584 2712; x_wconf 82' lang='lat' dir='ltr'><strong>videbitur,</strong></span> <span class='ocrx_word' id='word_1_350' title='bbox 619 2669 886 2705; x_wconf 86' lang='lat' dir='ltr'><strong>condemnetur.</strong></span> <span class='ocrx_word' id='word_1_351' title='bbox 934 2669 967 2706; x_wconf 90' lang='lat' dir='ltr'><strong>si</strong></span> <span class='ocrx_word' id='word_1_352' title='bbox 989 2680 1092 2706; x_wconf 92' lang='lat' dir='ltr'><strong>nemo</strong></span> <span class='ocrx_word' id='word_1_353' title='bbox 1117 2670 1202 2713; x_wconf 88' lang='lat' dir='ltr'><strong>erit,</strong></span> <span class='ocrx_word' id='word_1_354' title='bbox 1234 2670 1281 2706; x_wconf 89' lang='lat' dir='ltr'><strong>ad</strong></span> 
     </span>
     <span class='ocr_line' id='line_1_53' title="bbox 194 2714 1281 2762; baseline 0 -11"><span class='ocrx_word' id='word_1_355' title='bbox 194 2720 312 2762; x_wconf 79' lang='lat' dir='ltr'><strong>‘quem</strong></span> <span class='ocrx_word' id='word_1_356' title='bbox 333 2715 526 2761; x_wconf 83' lang='lat' dir='ltr'><strong>pertineat,</strong></span> <span class='ocrx_word' id='word_1_357' title='bbox 559 2715 632 2751; x_wconf 81' lang='lat' dir='ltr'><strong>sive</strong></span> <span class='ocrx_word' id='word_1_358' title='bbox 655 2725 761 2760; x_wconf 84' lang='lat' dir='ltr'><strong>agere</strong></span> <span class='ocrx_word' id='word_1_359' title='bbox 782 2714 899 2750; x_wconf 91' lang='lat' dir='ltr'><strong>nolet:</strong></span> <span class='ocrx_word' id='word_1_360' title='bbox 931 2714 1145 2760; x_wconf 87' lang='lat' dir='ltr'><strong>quicumque</strong></span> <span class='ocrx_word' id='word_1_361' title='bbox 1176 2725 1281 2760; x_wconf 86' lang='lat' dir='ltr'><strong>agere</strong></span> 
     </span>
     <span class='ocr_line' id='line_1_54' title="bbox 195 2759 1280 2841; baseline -0.001 -44"><span class='ocrx_word' id='word_1_362' title='bbox 195 2761 311 2804; x_wconf 80' lang='lat' dir='ltr'><strong>‘volet,</strong></span> <span class='ocrx_word' id='word_1_363' title='bbox 335 2760 369 2796; x_wconf 88' lang='lat' dir='ltr'><strong>ei</strong></span> <span class='ocrx_word' id='word_1_364' title='bbox 391 2763 534 2796; x_wconf 86' lang='lat' dir='ltr'><strong>centum</strong></span> <span class='ocrx_word' id='word_1_365' title='bbox 557 2770 749 2796; x_wconf 90' lang='lat' dir='ltr'><strong>aureorum</strong></span> <span class='ocrx_word' id='word_1_366' title='bbox 771 2759 949 2796; x_wconf 85' lang='lat' dir='ltr'><strong>actionem</strong></span> <span class='ocrx_word' id='word_1_367' title='bbox 969 2759 1074 2796; x_wconf 82' lang='lat' dir='ltr'><strong>dabo.</strong></span> <span class='ocrx_word' id='word_1_368' title='bbox 1112 2760 1142 2796; x_wconf 93' lang='lat' dir='ltr'><strong>si</strong></span> <span class='ocrx_word' id='word_1_369' title='bbox 1160 2760 1280 2841; x_wconf 52' lang='lat' dir='ltr'><strong>plures</strong></span> 
     </span>
     <span class='ocr_line' id='line_1_55' title="bbox 195 2804 1279 2858; baseline -0.002 -16"><span class='ocrx_word' id='word_1_370' title='bbox 195 2809 314 2858; x_wconf 73' lang='lat' dir='ltr'><strong>‘agere</strong></span> <span class='ocrx_word' id='word_1_371' title='bbox 335 2805 471 2848; x_wconf 85' lang='lat' dir='ltr'><strong>volent,</strong></span> <span class='ocrx_word' id='word_1_372' title='bbox 505 2805 607 2841; x_wconf 91' lang='lat' dir='ltr'><strong>cuius</strong></span> <span class='ocrx_word' id='word_1_373' title='bbox 636 2805 832 2841; x_wconf 86' lang='lat' dir='ltr'><strong>iustissima</strong></span> <span class='ocrx_word' id='word_1_374' title='bbox 854 2815 966 2841; x_wconf 88' lang='lat' dir='ltr'><strong>causa</strong></span> <span class='ocrx_word' id='word_1_375' title='bbox 990 2815 1069 2841; x_wconf 89' lang='lat' dir='ltr'><strong>esse</strong></span> <span class='ocrx_word' id='word_1_376' title='bbox 1091 2804 1170 2842; x_wconf 81' lang='lat' dir='ltr'><strong>vide</strong></span> <span class='ocrx_word' id='word_1_377' title='bbox 1196 2805 1279 2850; x_wconf 90' lang='lat' dir='ltr'><strong>itur,</strong></span> 
     </span>
     <span class='ocr_line' id='line_1_56' title="bbox 195 2849 1280 2896; baseline 0 -9"><span class='ocrx_word' id='word_1_378' title='bbox 195 2853 240 2887; x_wconf 86' lang='lat' dir='ltr'><strong>‘ei</strong></span> <span class='ocrx_word' id='word_1_379' title='bbox 267 2849 397 2896; x_wconf 80' lang='lat' dir='ltr'><strong>agendi</strong></span> <span class='ocrx_word' id='word_1_380' title='bbox 451 2854 638 2886; x_wconf 88' lang='lat' dir='ltr'><strong>otestatem</strong></span> <span class='ocrx_word' id='word_1_381' title='bbox 660 2850 803 2886; x_wconf 86' lang='lat' dir='ltr'><strong>faciam.</strong></span> <span class='ocrx_word' id='word_1_382' title='bbox 850 2850 882 2886; x_wconf 91' lang='lat' dir='ltr'><strong>si</strong></span> <span class='ocrx_word' id='word_1_383' title='bbox 913 2850 992 2896; x_wconf 88' lang='lat' dir='ltr'><strong>quis</strong></span> <span class='ocrx_word' id='word_1_384' title='bbox 1022 2850 1059 2886; x_wconf 91' lang='lat' dir='ltr'><strong>in</strong></span> <span class='ocrx_word' id='word_1_385' title='bbox 1090 2851 1280 2896; x_wconf 88' lang='lat' dir='ltr'><strong>sepulchro</strong></span> 
     </span>
     <span class='ocr_line' id='line_1_57' title="bbox 195 2895 1281 2941; baseline 0 -9"><span class='ocrx_word' id='word_1_386' title='bbox 195 2895 289 2933; x_wconf 87' lang='lat' dir='ltr'><strong>‘dolo</strong></span> <span class='ocrx_word' id='word_1_387' title='bbox 313 2895 407 2932; x_wconf 88' lang='lat' dir='ltr'><strong>malo</strong></span> <span class='ocrx_word' id='word_1_388' title='bbox 478 2895 644 2931; x_wconf 88' lang='lat' dir='ltr'><strong>bitaverit</strong></span> <span class='ocrx_word' id='word_1_389' title='bbox 667 2895 910 2931; x_wconf 84' lang='lat' dir='ltr'><strong>aedificiumve</strong></span> <span class='ocrx_word' id='word_1_390' title='bbox 929 2895 1037 2939; x_wconf 87' lang='lat' dir='ltr'><strong>aliud,</strong></span> <span class='ocrx_word' id='word_1_391' title='bbox 1062 2906 1241 2941; x_wconf 86' lang='lat' dir='ltr'><strong>quamque</strong></span> <span class='ocrx_word' id='word_1_392' title='bbox 1255 2898 1281 2918; x_wconf 83' lang='lat'><strong>¹⁵</strong></span> 
     </span>
     <span class='ocr_line' id='line_1_58' title="bbox 195 2939 1282 2994; baseline -0.002 -16"><span class='ocrx_word' id='word_1_393' title='bbox 195 2939 387 2994; x_wconf 79' lang='lat' dir='ltr'><strong>‘sepulchri</strong></span> <span class='ocrx_word' id='word_1_394' title='bbox 418 2950 529 2976; x_wconf 89' lang='lat' dir='ltr'><strong>causa</strong></span> <span class='ocrx_word' id='word_1_395' title='bbox 559 2940 696 2976; x_wconf 88' lang='lat' dir='ltr'><strong>factum</strong></span> <span class='ocrx_word' id='word_1_396' title='bbox 728 2941 794 2983; x_wconf 88' lang='lat' dir='ltr'><strong>sit,</strong></span> <span class='ocrx_word' id='word_1_397' title='bbox 829 2940 1015 2976; x_wconf 88' lang='lat' dir='ltr'><strong>habuerit:</strong></span> <span class='ocrx_word' id='word_1_398' title='bbox 1051 2941 1088 2975; x_wconf 94' lang='lat' dir='ltr'><strong>in</strong></span> <span class='ocrx_word' id='word_1_399' title='bbox 1118 2951 1217 2983; x_wconf 91' lang='lat' dir='ltr'><strong>eum,</strong></span> <span class='ocrx_word' id='word_1_400' title='bbox 1250 2942 1282 2977; x_wconf 89' lang='lat' dir='ltr'><strong>si</strong></span> 
     </span>
     <span class='ocr_line' id='line_1_59' title="bbox 195 2984 1281 3032; baseline -0.001 -9"><span class='ocrx_word' id='word_1_401' title='bbox 195 2989 287 3032; x_wconf 85' lang='lat' dir='ltr'><strong>‘quis</strong></span> <span class='ocrx_word' id='word_1_402' title='bbox 310 2996 354 3022; x_wconf 91' lang='lat' dir='ltr'><strong>eo</strong></span> <span class='ocrx_word' id='word_1_403' title='bbox 378 2984 521 3021; x_wconf 87' lang='lat' dir='ltr'><strong>nomine</strong></span> <span class='ocrx_word' id='word_1_404' title='bbox 550 2995 654 3030; x_wconf 82' lang='lat' dir='ltr'><strong>agere</strong></span> <span class='ocrx_word' id='word_1_405' title='bbox 683 2985 796 3030; x_wconf 87' lang='lat' dir='ltr'><strong>volet,</strong></span> <span class='ocrx_word' id='word_1_406' title='bbox 827 2985 1061 3021; x_wconf 88' lang='lat' dir='ltr'><strong>ducentorum</strong></span> <span class='ocrx_word' id='word_1_407' title='bbox 1090 2996 1281 3022; x_wconf 88' lang='lat' dir='ltr'><strong>aureorum</strong></span> 
     </span>
     <span class='ocr_line' id='line_1_60' title="bbox 198 3029 1280 3067; baseline 0 0"><span class='ocrx_word' id='word_1_408' title='bbox 198 3035 215 3067; x_wconf 88' lang='lat'>1</span> <span class='ocrx_word' id='word_1_409' title='bbox 264 3030 446 3067; x_wconf 84' lang='lat' dir='ltr'><strong>‘iudicium</strong></span> <span class='ocrx_word' id='word_1_410' title='bbox 469 3029 586 3066; x_wconf 89' lang='lat' dir='ltr'><strong>dabo&#39;.</strong></span> <span class='ocrx_word' id='word_1_411' title='bbox 624 3030 745 3066; x_wconf 89' lang='lat' dir='ltr'><strong>Prima</strong></span> <span class='ocrx_word' id='word_1_412' title='bbox 766 3030 877 3066; x_wconf 84' lang='lat' dir='ltr'><strong>verba</strong></span> <span class='ocrx_word' id='word_1_413' title='bbox 900 3030 1092 3066; x_wconf 85' lang='lat' dir='ltr'><strong>ostendunt</strong></span> <span class='ocrx_word' id='word_1_414' title='bbox 1115 3041 1195 3066; x_wconf 92' lang='lat' dir='ltr'><strong>eum</strong></span> <span class='ocrx_word' id='word_1_415' title='bbox 1219 3031 1280 3067; x_wconf 92' lang='lat' dir='ltr'><strong>de-</strong></span> 
     </span>
     <span class='ocr_line' id='line_1_61' title="bbox 195 3075 1281 3128; baseline 0 -16"><span class='ocrx_word' id='word_1_416' title='bbox 195 3087 291 3112; x_wconf 90' lang='lat' dir='ltr'><strong>mum</strong></span> <span class='ocrx_word' id='word_1_417' title='bbox 314 3086 359 3112; x_wconf 86' lang='lat' dir='ltr'><strong>ex</strong></span> <span class='ocrx_word' id='word_1_418' title='bbox 381 3075 452 3112; x_wconf 88' lang='lat' dir='ltr'><strong>hoc</strong></span> <span class='ocrx_word' id='word_1_419' title='bbox 473 3075 594 3128; x_wconf 69' lang='lat' dir='ltr'><strong>plecti,</strong></span> <span class='ocrx_word' id='word_1_420' title='bbox 618 3075 678 3120; x_wconf 89' lang='lat' dir='ltr'><strong>qui</strong></span> <span class='ocrx_word' id='word_1_421' title='bbox 701 3075 783 3111; x_wconf 89' lang='lat' dir='ltr'><strong>dolo</strong></span> <span class='ocrx_word' id='word_1_422' title='bbox 806 3075 901 3111; x_wconf 86' lang='grc'>111010</span> <span class='ocrx_word' id='word_1_423' title='bbox 924 3075 1079 3112; x_wconf 81' lang='lat' dir='ltr'><strong>violavit.</strong></span> <span class='ocrx_word' id='word_1_424' title='bbox 1118 3075 1151 3112; x_wconf 92' lang='lat' dir='ltr'><strong>si</strong></span> <span class='ocrx_word' id='word_1_425' title='bbox 1173 3076 1281 3122; x_wconf 83' lang='lat' dir='ltr'><strong>igitur</strong></span> 
     </span>
     <span class='ocr_line' id='line_1_62' title="bbox 195 3119 1281 3166; baseline 0.001 -9"><span class='ocrx_word' id='word_1_426' title='bbox 195 3121 300 3157; x_wconf 89' lang='lat' dir='ltr'><strong>dolus</strong></span> <span class='ocrx_word' id='word_1_427' title='bbox 322 3120 429 3164; x_wconf 87' lang='lat' dir='ltr'><strong>absit,</strong></span> <span class='ocrx_word' id='word_1_428' title='bbox 453 3120 610 3156; x_wconf 82' lang='lat' dir='ltr'><strong>cessabit</strong></span> <span class='ocrx_word' id='word_1_429' title='bbox 632 3119 790 3156; x_wconf 88' lang='lat' dir='ltr'><strong>eiusdem</strong></span> <span class='ocrx_word' id='word_1_430' title='bbox 804 3122 843 3156; x_wconf 84' lang='lat'><strong>¹⁶.</strong></span> <span class='ocrx_word' id='word_1_431' title='bbox 904 3131 1054 3157; x_wconf 87' lang='lat' dir='ltr'><strong>ersonae</strong></span> <span class='ocrx_word' id='word_1_432' title='bbox 1077 3121 1186 3166; x_wconf 81' lang='lat' dir='ltr'><strong>igitur</strong></span> <span class='ocrx_word' id='word_1_433' title='bbox 1208 3121 1281 3158; x_wconf 91' lang='lat' dir='ltr'><strong>doli</strong></span> 
     </span>
     <span class='ocr_line' id='line_1_63' title="bbox 194 3164 1279 3220; baseline 0.001 -18"><span class='ocrx_word' id='word_1_434' title='bbox 194 3176 268 3203; x_wconf 92' lang='grc'>11011</span> <span class='ocrx_word' id='word_1_435' title='bbox 290 3176 460 3220; x_wconf 68' lang='grc' dir='ltr'><strong>00110000ι</strong></span> <span class='ocrx_word' id='word_1_436' title='bbox 488 3169 531 3202; x_wconf 89' lang='lat' dir='ltr'><strong>ut</strong></span> <span class='ocrx_word' id='word_1_437' title='bbox 557 3164 750 3201; x_wconf 87' lang='lat' dir='ltr'><strong>admodum</strong></span> <span class='ocrx_word' id='word_1_438' title='bbox 777 3166 876 3212; x_wconf 85' lang='lat' dir='ltr'><strong>impu</strong></span> <span class='ocrx_word' id='word_1_439' title='bbox 903 3176 1000 3209; x_wconf 87' lang='lat' dir='ltr'><strong>eres,</strong></span> <span class='ocrx_word' id='word_1_440' title='bbox 1030 3166 1115 3202; x_wconf 90' lang='lat' dir='ltr'><strong>item</strong></span> <span class='ocrx_word' id='word_1_441' title='bbox 1145 3177 1279 3210; x_wconf 86' lang='lat' dir='ltr'><strong>omnes,</strong></span> 
     </span>
    </p>

    <p class='ocr_par' dir='ltr' id='par_1_12' title="bbox 219 3209 1277 3256">
     <span class='ocr_line' id='line_1_64' title="bbox 219 3209 1277 3256; baseline 0 -9"><span class='ocrx_word' id='word_1_442' title='bbox 219 3211 258 3247; x_wconf 89' lang='grc'><strong>01</strong></span> <span class='ocrx_word' id='word_1_443' title='bbox 292 3222 366 3247; x_wconf 90' lang='grc'>11011</span> <span class='ocrx_word' id='word_1_444' title='bbox 402 3221 520 3247; x_wconf 88' lang='lat' dir='ltr'><strong>ammo</strong></span> <span class='ocrx_word' id='word_1_445' title='bbox 558 3209 714 3247; x_wconf 86' lang='lat' dir='ltr'><strong>violandi</strong></span> <span class='ocrx_word' id='word_1_446' title='bbox 749 3211 942 3256; x_wconf 86' lang='lat' dir='ltr'><strong>accedunt,</strong></span> <span class='ocrx_word' id='word_1_447' title='bbox 984 3211 1148 3247; x_wconf 87' lang='lat' dir='ltr'><strong>excusati</strong></span> <span class='ocrx_word' id='word_1_448' title='bbox 1183 3216 1277 3248; x_wconf 85' lang='lat' dir='ltr'><strong>sunt.</strong></span> 
     </span>
    </p>

    <p class='ocr_par' dir='ltr' id='par_1_13' title="bbox 194 3255 1279 3480">
     <span class='ocr_line' id='line_1_65' title="bbox 263 3255 1279 3309; baseline 0 -17"><span class='ocrx_word' id='word_1_449' title='bbox 263 3255 454 3302; x_wconf 81' lang='lat' dir='ltr'><strong>Sepulchri</strong></span> <span class='ocrx_word' id='word_1_450' title='bbox 483 3258 603 3292; x_wconf 78' lang='lat' dir='ltr'><strong>autem</strong></span> <span class='ocrx_word' id='word_1_451' title='bbox 631 3255 871 3308; x_wconf 80' lang='lat' dir='ltr'><strong>appellatione</strong></span> <span class='ocrx_word' id='word_1_452' title='bbox 904 3267 1043 3292; x_wconf 89' lang='grc'>0111110111</span> <span class='ocrx_word' id='word_1_453' title='bbox 1074 3256 1279 3309; x_wconf 82' lang='lat' dir='ltr'><strong>sepulturae</strong></span> 
     </span>
     <span class='ocr_line' id='line_1_66' title="bbox 196 3300 1277 3347; baseline -0.001 -9"><span class='ocrx_word' id='word_1_454' title='bbox 196 3304 217 3337; x_wconf 83' lang='grc'>3</span> <span class='ocrx_word' id='word_1_455' title='bbox 262 3300 383 3338; x_wconf 87' lang='grc'>1000111</span> <span class='ocrx_word' id='word_1_456' title='bbox 407 3300 581 3337; x_wconf 85' lang='lat' dir='ltr'><strong>contineri</strong></span> <span class='ocrx_word' id='word_1_457' title='bbox 603 3300 874 3337; x_wconf 82' lang='lat' dir='ltr'><strong>existimandum</strong></span> <span class='ocrx_word' id='word_1_458' title='bbox 897 3306 962 3338; x_wconf 87' lang='lat' dir='ltr'><strong>est.</strong></span> <span class='ocrx_word' id='word_1_459' title='bbox 1003 3301 1042 3338; x_wconf 86' lang='lat' dir='ltr'><strong>Si</strong></span> <span class='ocrx_word' id='word_1_460' title='bbox 1061 3312 1139 3347; x_wconf 90' lang='lat' dir='ltr'><strong>quis</strong></span> <span class='ocrx_word' id='word_1_461' title='bbox 1158 3301 1196 3337; x_wconf 93' lang='lat' dir='ltr'><strong>in</strong></span> <span class='ocrx_word' id='word_1_462' title='bbox 1215 3302 1277 3338; x_wconf 88' lang='lat' dir='ltr'><strong>he-</strong></span> 
     </span>
     <span class='ocr_line' id='line_1_67' title="bbox 195 3344 1278 3398; baseline 0 -16"><span class='ocrx_word' id='word_1_463' title='bbox 195 3345 404 3383; x_wconf 86' lang='lat' dir='ltr'><strong>reditarium</strong></span> <span class='ocrx_word' id='word_1_464' title='bbox 427 3356 444 3382; x_wconf 88' lang='grc'><strong>0</strong></span> <span class='ocrx_word' id='word_1_465' title='bbox 492 3346 656 3382; x_wconf 87' lang='grc'>01011111111</span> <span class='ocrx_word' id='word_1_466' title='bbox 676 3344 817 3388; x_wconf 82' lang='lat' dir='ltr'><strong>inferat,</strong></span> <span class='ocrx_word' id='word_1_467' title='bbox 841 3346 1000 3398; x_wconf 82' lang='lat' dir='ltr'><strong>quamvis</strong></span> <span class='ocrx_word' id='word_1_468' title='bbox 1019 3347 1135 3390; x_wconf 89' lang='lat' dir='ltr'><strong>heres,</strong></span> <span class='ocrx_word' id='word_1_469' title='bbox 1158 3351 1278 3383; x_wconf 88' lang='lat' dir='ltr'><strong>tamen</strong></span> 
     </span>
     <span class='ocr_line' id='line_1_68' title="bbox 194 3356 1277 3437; baseline 0 -10"><span class='ocrx_word' id='word_1_470' title='bbox 194 3395 317 3437; x_wconf 84' lang='lat' dir='ltr'><strong>potest</strong></span> <span class='ocrx_word' id='word_1_471' title='bbox 339 3356 518 3437; x_wconf 57' lang='grc' dir='ltr'>001101ἓέ11</span> <span class='ocrx_word' id='word_1_472' title='bbox 540 3389 663 3427; x_wconf 84' lang='lat' dir='ltr'><strong>violati</strong></span> <span class='ocrx_word' id='word_1_473' title='bbox 684 3390 807 3434; x_wconf 87' lang='lat' dir='ltr'><strong>teneri,</strong></span> <span class='ocrx_word' id='word_1_474' title='bbox 831 3401 862 3427; x_wconf 91' lang='lat' dir='ltr'><strong>si</strong></span> <span class='ocrx_word' id='word_1_475' title='bbox 885 3391 979 3427; x_wconf 84' lang='lat' dir='ltr'><strong>forte</strong></span> <span class='ocrx_word' id='word_1_476' title='bbox 1002 3396 1130 3428; x_wconf 90' lang='lat' dir='ltr'><strong>contra</strong></span> <span class='ocrx_word' id='word_1_477' title='bbox 1152 3392 1277 3428; x_wconf 90' lang='lat' dir='ltr'><strong>volun-</strong></span> 
     </span>
     <span class='ocr_line' id='line_1_69' title="bbox 194 3435 1276 3480; baseline 0.001 -8"><span class='ocrx_word' id='word_1_478' title='bbox 194 3440 306 3472; x_wconf 83' lang='lat' dir='ltr'><strong>tatem</strong></span> <span class='ocrx_word' id='word_1_479' title='bbox 327 3436 511 3473; x_wconf 82' lang='lat' dir='ltr'><strong>testatoris</strong></span> <span class='ocrx_word' id='word_1_480' title='bbox 537 3435 675 3472; x_wconf 84' lang='lat' dir='ltr'><strong>intulit:</strong></span> <span class='ocrx_word' id='word_1_481' title='bbox 705 3435 792 3472; x_wconf 86' lang='lat' dir='ltr'><strong>licet</strong></span> <span class='ocrx_word' id='word_1_482' title='bbox 820 3435 914 3472; x_wconf 89' lang='grc'>0111111</span> <span class='ocrx_word' id='word_1_483' title='bbox 946 3447 1070 3474; x_wconf 84' lang='lat' dir='ltr'><strong>cavere</strong></span> <span class='ocrx_word' id='word_1_484' title='bbox 1099 3437 1276 3480; x_wconf 82' lang='lat' dir='ltr'><strong>testatori,</strong></span> 
     </span>
    </p>
   </div>
   <div class='ocr_carea' id='block_1_6' title="bbox 195 3548 1277 3818">
    <p class='ocr_par' dir='ltr' id='par_1_14' title="bbox 195 3548 1277 3766">
     <span class='ocr_line' id='line_1_70' title="bbox 196 3548 1277 3590; baseline -0.001 -5"><span class='ocrx_word' id='word_1_485' title='bbox 196 3554 235 3590; x_wconf 87' lang='grc' dir='ltr'>(ι)</span> <span class='ocrx_word' id='word_1_486' title='bbox 258 3549 349 3584; x_wconf 82' lang='lat' dir='ltr'><strong>idem</strong></span> <span class='ocrx_word' id='word_1_487' title='bbox 360 3549 474 3583; x_wconf 85' lang='lat' dir='ltr'><strong>eodem</strong></span> <span class='ocrx_word' id='word_1_488' title='bbox 484 3548 572 3583; x_wconf 86' lang='grc'>111110</span> <span class='ocrx_word' id='word_1_489' title='bbox 585 3549 647 3583; x_wconf 73' lang='grc' dir='ltr'><strong>ἀεὶ.</strong></span> <span class='ocrx_word' id='word_1_490' title='bbox 661 3548 712 3583; x_wconf 70' lang='grc' dir='ltr'><strong>Ρ*</strong></span> <span class='ocrx_word' id='word_1_491' title='bbox 778 3551 822 3589; x_wconf 86' lang='lat'><strong>(2)</strong></span> <span class='ocrx_word' id='word_1_492' title='bbox 845 3548 1054 3583; x_wconf 74' lang='lat' dir='ltr'><strong>mationem</strong></span> <span class='ocrx_word' id='word_1_493' title='bbox 1068 3551 1104 3584; x_wconf 76' lang='lat' dir='ltr'><em>F</em></span> <span class='ocrx_word' id='word_1_494' title='bbox 1153 3552 1195 3590; x_wconf 81' lang='grc'><strong>(3)</strong></span> <span class='ocrx_word' id='word_1_495' title='bbox 1221 3561 1277 3584; x_wconf 81' lang='lat' dir='ltr'><strong>ex-</strong></span> 
     </span>
     <span class='ocr_line' id='line_1_71' title="bbox 195 3593 1275 3637; baseline 0.002 -9"><span class='ocrx_word' id='word_1_496' title='bbox 195 3595 289 3629; x_wconf 79' lang='lat' dir='ltr'><strong>cutio</strong></span> <span class='ocrx_word' id='word_1_497' title='bbox 307 3595 344 3629; x_wconf 75' lang='lat' dir='ltr'><em>F</em></span> <span class='ocrx_word' id='word_1_498' title='bbox 443 3597 486 3637; x_wconf 76' lang='lat'><strong>(⁴)</strong></span> <span class='ocrx_word' id='word_1_499' title='bbox 510 3594 642 3628; x_wconf 83' lang='lat' dir='ltr'><strong>inimici</strong></span> <span class='ocrx_word' id='word_1_500' title='bbox 662 3595 724 3628; x_wconf 78' lang='lat' dir='ltr'><strong>del.</strong></span> <span class='ocrx_word' id='word_1_501' title='bbox 835 3596 878 3636; x_wconf 71' lang='grc'><strong>(0)</strong></span> <span class='ocrx_word' id='word_1_502' title='bbox 903 3593 1049 3637; x_wconf 80' lang='lat' dir='ltr'><strong>quidem]</strong></span> <span class='ocrx_word' id='word_1_503' title='bbox 1070 3595 1194 3629; x_wconf 84' lang='lat' dir='ltr'><strong>ibidem</strong></span> <span class='ocrx_word' id='word_1_504' title='bbox 1213 3608 1275 3630; x_wconf 69' lang='lat' dir='ltr'><strong>scr.</strong></span> 
     </span>
     <span class='ocr_line' id='line_1_72' title="bbox 197 3636 1274 3683; baseline 0.002 -10"><span class='ocrx_word' id='word_1_505' title='bbox 197 3643 241 3681; x_wconf 75' lang='grc' dir='ltr'>(θ)</span> <span class='ocrx_word' id='word_1_506' title='bbox 266 3640 326 3673; x_wconf 68' lang='lat' dir='ltr'><strong>alii</strong></span> <span class='ocrx_word' id='word_1_507' title='bbox 344 3652 403 3674; x_wconf 81' lang='lat' dir='ltr'><strong>om.</strong></span> <span class='ocrx_word' id='word_1_508' title='bbox 423 3640 459 3674; x_wconf 82' lang='lat' dir='ltr'><em>F</em></span> <span class='ocrx_word' id='word_1_509' title='bbox 565 3647 606 3678; x_wconf 78' lang='grc'>(7)</span> <span class='ocrx_word' id='word_1_510' title='bbox 632 3636 829 3683; x_wconf 75' lang='grc' dir='ltr'>συκάμινον</span> <span class='ocrx_word' id='word_1_511' title='bbox 848 3639 931 3673; x_wconf 79' lang='lat' dir='ltr'><strong>Hal.</strong></span> <span class='ocrx_word' id='word_1_512' title='bbox 1046 3642 1091 3680; x_wconf 80' lang='grc' dir='ltr'><strong>(Β)</strong></span> <span class='ocrx_word' id='word_1_513' title='bbox 1116 3651 1195 3674; x_wconf 76' lang='lat' dir='ltr'><strong>nam</strong></span> <span class='ocrx_word' id='word_1_514' title='bbox 1213 3642 1274 3675; x_wconf 65' lang='lat' dir='ltr'><strong>del„</strong></span> 
     </span>
     <span class='ocr_line' id='line_1_73' title="bbox 195 3684 1275 3728; baseline 0.001 -11"><span class='ocrx_word' id='word_1_515' title='bbox 195 3687 242 3725; x_wconf 75' lang='grc'>(9)</span> <span class='ocrx_word' id='word_1_516' title='bbox 266 3684 428 3728; x_wconf 68' lang='lat' dir='ltr'><strong>colligant</strong></span> <span class='ocrx_word' id='word_1_517' title='bbox 447 3685 644 3719; x_wconf 69' lang='lat' dir='ltr'><strong>Briesonius</strong></span> <span class='ocrx_word' id='word_1_518' title='bbox 757 3686 817 3726; x_wconf 87' lang='grc'>(10)</span> <span class='ocrx_word' id='word_1_519' title='bbox 841 3694 947 3727; x_wconf 61' lang='lat' dir='ltr'><strong>squae</strong></span> <span class='ocrx_word' id='word_1_520' title='bbox 967 3684 996 3719; x_wconf 87' lang='lat' dir='ltr'><strong><em>S</em></strong></span> <span class='ocrx_word' id='word_1_521' title='bbox 1106 3687 1163 3728; x_wconf 83' lang='lat' dir='ltr'><strong>(ii)</strong></span> <span class='ocrx_word' id='word_1_522' title='bbox 1187 3696 1275 3719; x_wconf 79' lang='lat' dir='ltr'><strong>com·</strong></span> 
     </span>
     <span class='ocr_line' id='line_1_74' title="bbox 195 3730 684 3766; baseline 0 -4"><span class='ocrx_word' id='word_1_523' title='bbox 195 3732 286 3762; x_wconf 82' lang='lat' dir='ltr'><strong>mata</strong></span> <span class='ocrx_word' id='word_1_524' title='bbox 301 3743 365 3763; x_wconf 66' lang='lat' dir='ltr'><strong>scr.</strong></span> <span class='ocrx_word' id='word_1_525' title='bbox 457 3732 515 3766; x_wconf 79' lang='lat'><strong>(¹2)</strong></span> <span class='ocrx_word' id='word_1_526' title='bbox 539 3732 630 3763; x_wconf 80' lang='lat' dir='ltr'><strong>metu</strong></span> <span class='ocrx_word' id='word_1_527' title='bbox 651 3730 684 3763; x_wconf 87' lang='lat' dir='ltr'><em>F</em></span> 
     </span>
    </p>

    <p class='ocr_par' dir='ltr' id='par_1_15' title="bbox 243 3774 1271 3818">
     <span class='ocr_line' id='line_1_75' title="bbox 243 3774 1271 3818; baseline -0.001 -11"><span class='ocrx_word' id='word_1_528' title='bbox 243 3776 302 3813; x_wconf 76' lang='grc'>(13)</span> <span class='ocrx_word' id='word_1_529' title='bbox 326 3774 487 3813; x_wconf 71' lang='lat' dir='ltr'><strong>Ed.1...s;</strong></span> <span class='ocrx_word' id='word_1_530' title='bbox 514 3776 592 3808; x_wconf 68' lang='lat' dir='ltr'><strong>Sat».</strong></span> <span class='ocrx_word' id='word_1_531' title='bbox 609 3783 697 3813; x_wconf 74' lang='lat' dir='ltr'><strong>o...9;</strong></span> <span class='ocrx_word' id='word_1_532' title='bbox 726 3775 983 3818; x_wconf 78' lang='lat' dir='ltr'><strong>1’‹1p.10.u.—</strong></span> <span class='ocrx_word' id='word_1_533' title='bbox 1008 3775 1271 3817; x_wconf 71' lang='grc' dir='ltr'>Βω.(50,10.--</span> 
     </span>
    </p>
   </div>
   <div class='ocr_carea' id='block_1_7' title="bbox 1265 150 1605 199">
    <p class='ocr_par' dir='ltr' id='par_1_16' title="bbox 1265 150 1605 199">
     <span class='ocr_line' id='line_1_76' title="bbox 1265 150 1605 199; baseline 0.003 -1"><span class='ocrx_word' id='word_1_534' title='bbox 1265 150 1351 198; x_wconf 75' lang='lat'><strong>786</strong></span> <span class='ocrx_word' id='word_1_535' title='bbox 1563 179 1605 199; x_wconf 27' lang='lat' dir='ltr'><strong>*x</strong></span> 
     </span>
    </p>
   </div>
   <div class='ocr_carea' id='block_1_8' title="bbox 1480 18 1564 114">
    <p class='ocr_par' dir='ltr' id='par_1_17' title="bbox 1480 18 1564 114">
     <span class='ocr_line' id='line_1_77' title="bbox 1480 18 1495 43; baseline 0 0"><span class='ocrx_word' id='word_1_536' title='bbox 1480 18 1495 43; x_wconf 48' lang='grc'><strong>1,</strong></span> 
     </span>
     <span class='ocr_line' id='line_1_78' title="bbox 1493 50 1564 114; baseline 0 0"><span class='ocrx_word' id='word_1_537' title='bbox 1493 50 1564 114; x_wconf 30' lang='grc' dir='ltr'><strong>ἰή</strong></span> 
     </span>
    </p>
   </div>
   <div class='ocr_carea' id='block_1_9' title="bbox 1848 167 2428 200">
    <p class='ocr_par' dir='ltr' id='par_1_18' title="bbox 1848 167 2428 200">
     <span class='ocr_line' id='line_1_79' title="bbox 1848 167 2428 200; baseline 0.003 -2"><span class='ocrx_word' id='word_1_538' title='bbox 1848 167 1910 198; x_wconf 75' lang='grc' dir='ltr'><strong>ΒΕ</strong></span> <span class='ocrx_word' id='word_1_539' title='bbox 1938 167 2198 200; x_wconf 69' lang='lat' dir='ltr'>SEPULCHRO</span> <span class='ocrx_word' id='word_1_540' title='bbox 2229 168 2428 200; x_wconf 79' lang='lat' dir='ltr'><strong>vioLATo</strong></span> 
     </span>
    </p>
   </div>
   <div class='ocr_carea' id='block_1_10' title="bbox 1387 216 1511 222">
    <p class='ocr_par' dir='ltr' id='par_1_19' title="bbox 1387 216 1511 222">
     <span class='ocr_line' id='line_1_80' title="bbox 1387 216 1511 222; baseline 0 0"><span class='ocrx_word' id='word_1_541' title='bbox 1387 216 1511 222; x_wconf 95' lang='lat' dir='ltr'><strong> </strong></span> 
     </span>
    </p>
   </div>
   <div class='ocr_carea' id='block_1_11' title="bbox 1341 275 2436 3040">
    <p class='ocr_par' dir='ltr' id='par_1_20' title="bbox 1344 275 2432 955">
     <span class='ocr_line' id='line_1_81' title="bbox 1344 275 2429 326; baseline 0.005 -13"><span class='ocrx_word' id='word_1_542' title='bbox 1344 286 1391 313; x_wconf 86' lang='lat' dir='ltr'><strong>ne</strong></span> <span class='ocrx_word' id='word_1_543' title='bbox 1415 275 1495 322; x_wconf 89' lang='lat' dir='ltr'><strong>quis</strong></span> <span class='ocrx_word' id='word_1_544' title='bbox 1519 286 1563 314; x_wconf 91' lang='grc'><strong>00</strong></span> <span class='ocrx_word' id='word_1_545' title='bbox 1585 276 1777 323; x_wconf 82' lang='lat' dir='ltr'><strong>inferatur,</strong></span> <span class='ocrx_word' id='word_1_546' title='bbox 1807 282 1848 315; x_wconf 92' lang='lat' dir='ltr'><strong>ut</strong></span> <span class='ocrx_word' id='word_1_547' title='bbox 1871 279 2046 325; x_wconf 84' lang='lat' dir='ltr'><strong>rescripto</strong></span> <span class='ocrx_word' id='word_1_548' title='bbox 2069 280 2294 326; x_wconf 87' lang='lat' dir='ltr'><strong>imperatoris</strong></span> <span class='ocrx_word' id='word_1_549' title='bbox 2317 282 2429 317; x_wconf 81' lang='lat' dir='ltr'><strong>Anto·</strong></span> 
     </span>
     <span class='ocr_line' id='line_1_82' title="bbox 1344 321 2429 379; baseline 0.005 -22"><span class='ocrx_word' id='word_1_550' title='bbox 1344 321 1421 357; x_wconf 89' lang='lat' dir='ltr'><strong>nini</strong></span> <span class='ocrx_word' id='word_1_551' title='bbox 1444 325 1608 375; x_wconf 77' lang='lat' dir='ltr'><strong>cavetur:</strong></span> <span class='ocrx_word' id='word_1_552' title='bbox 1640 324 1774 375; x_wconf 76' lang='lat' dir='ltr'><strong>servari</strong></span> <span class='ocrx_word' id='word_1_553' title='bbox 1796 325 1890 360; x_wconf 88' lang='lat' dir='ltr'><strong>enim</strong></span> <span class='ocrx_word' id='word_1_554' title='bbox 1913 326 2131 361; x_wconf 83' lang='lat' dir='ltr'><strong>voluntatem</strong></span> <span class='ocrx_word' id='word_1_555' title='bbox 2154 326 2231 362; x_wconf 91' lang='lat' dir='ltr'><strong>eius</strong></span> <span class='ocrx_word' id='word_1_556' title='bbox 2254 331 2429 379; x_wconf 83' lang='lat' dir='ltr'><strong>oportere.</strong></span> 
     </span>
     <span class='ocr_line' id='line_1_83' title="bbox 1344 370 2430 414; baseline 0.006 -13"><span class='ocrx_word' id='word_1_557' title='bbox 1344 376 1428 412; x_wconf 82' lang='lat' dir='ltr'><strong>ergo</strong></span> <span class='ocrx_word' id='word_1_558' title='bbox 1460 370 1498 402; x_wconf 89' lang='lat' dir='ltr'><strong>et</strong></span> <span class='ocrx_word' id='word_1_559' title='bbox 1528 378 1560 403; x_wconf 90' lang='lat' dir='ltr'><strong>si</strong></span> <span class='ocrx_word' id='word_1_560' title='bbox 1588 371 1699 411; x_wconf 86' lang='lat' dir='ltr'><strong>cavit,</strong></span> <span class='ocrx_word' id='word_1_561' title='bbox 1730 374 1771 404; x_wconf 89' lang='lat' dir='ltr'><strong>ut</strong></span> <span class='ocrx_word' id='word_1_562' title='bbox 1801 380 1893 405; x_wconf 90' lang='lat' dir='ltr'><strong>unus</strong></span> <span class='ocrx_word' id='word_1_563' title='bbox 1917 374 2057 406; x_wconf 89' lang='lat' dir='ltr'><strong>tantum</strong></span> <span class='ocrx_word' id='word_1_564' title='bbox 2080 371 2250 406; x_wconf 86' lang='lat' dir='ltr'><strong>heredum</strong></span> <span class='ocrx_word' id='word_1_565' title='bbox 2272 371 2430 414; x_wconf 82' lang='lat' dir='ltr'><strong>inferret,</strong></span> 
     </span>
     <span class='ocr_line' id='line_1_84' title="bbox 1345 412 2431 465; baseline 0.006 -19"><span class='ocrx_word' id='word_1_566' title='bbox 1345 414 1367 446; x_wconf 82' lang='lat'>4</span> <span class='ocrx_word' id='word_1_567' title='bbox 1414 412 1633 465; x_wconf 66' lang='lat' dir='ltr'><strong>servabitur,</strong></span> <span class='ocrx_word' id='word_1_568' title='bbox 1665 417 1706 448; x_wconf 94' lang='lat' dir='ltr'><strong>ut</strong></span> <span class='ocrx_word' id='word_1_569' title='bbox 1734 415 1832 450; x_wconf 90' lang='lat' dir='ltr'><strong>solus</strong></span> <span class='ocrx_word' id='word_1_570' title='bbox 1863 414 2002 451; x_wconf 87' lang='lat' dir='ltr'><strong>inferat.</strong></span> <span class='ocrx_word' id='word_1_571' title='bbox 2051 415 2134 451; x_wconf 85' lang='lat' dir='ltr'><strong>Non</strong></span> <span class='ocrx_word' id='word_1_572' title='bbox 2157 420 2353 461; x_wconf 85' lang='lat' dir='ltr'><strong>perpetuae</strong></span> <span class='ocrx_word' id='word_1_573' title='bbox 2375 426 2431 452; x_wconf 90' lang='lat' dir='ltr'><strong>se-</strong></span> 
     </span>
     <span class='ocr_line' id='line_1_85' title="bbox 1344 456 2430 508; baseline 0.006 -17"><span class='ocrx_word' id='word_1_574' title='bbox 1344 456 1512 508; x_wconf 77' lang='lat' dir='ltr'><strong>pulturae</strong></span> <span class='ocrx_word' id='word_1_575' title='bbox 1534 457 1668 493; x_wconf 90' lang='lat' dir='ltr'><strong>tradita</strong></span> <span class='ocrx_word' id='word_1_576' title='bbox 1691 468 1844 505; x_wconf 88' lang='lat' dir='ltr'><strong>corpora</strong></span> <span class='ocrx_word' id='word_1_577' title='bbox 1866 470 1974 505; x_wconf 91' lang='lat' dir='ltr'><strong>posse</strong></span> <span class='ocrx_word' id='word_1_578' title='bbox 1997 460 2186 496; x_wconf 83' lang='lat' dir='ltr'><strong>transferri</strong></span> <span class='ocrx_word' id='word_1_579' title='bbox 2217 461 2334 497; x_wconf 88' lang='lat' dir='ltr'><strong>edicto</strong></span> <span class='ocrx_word' id='word_1_580' title='bbox 2362 461 2430 497; x_wconf 89' lang='lat' dir='ltr'><strong>divi</strong></span> 
     </span>
     <span class='ocr_line' id='line_1_86' title="bbox 1346 501 2429 551; baseline 0.006 -15"><span class='ocrx_word' id='word_1_581' title='bbox 1346 503 1466 537; x_wconf 80' lang='lat' dir='ltr'><strong>Severi</strong></span> <span class='ocrx_word' id='word_1_582' title='bbox 1490 501 1702 546; x_wconf 87' lang='lat' dir='ltr'><strong>continetur,</strong></span> <span class='ocrx_word' id='word_1_583' title='bbox 1726 514 1797 549; x_wconf 89' lang='lat' dir='ltr'><strong>quo</strong></span> <span class='ocrx_word' id='word_1_584' title='bbox 1821 505 2023 548; x_wconf 89' lang='lat' dir='ltr'><strong>mandatur,</strong></span> <span class='ocrx_word' id='word_1_585' title='bbox 2052 515 2097 541; x_wconf 91' lang='lat' dir='ltr'><strong>ne</strong></span> <span class='ocrx_word' id='word_1_586' title='bbox 2120 516 2274 551; x_wconf 87' lang='lat' dir='ltr'><strong>corpora</strong></span> <span class='ocrx_word' id='word_1_587' title='bbox 2296 505 2429 542; x_wconf 85' lang='lat' dir='ltr'><strong>detine-</strong></span> 
     </span>
     <span class='ocr_line' id='line_1_87' title="bbox 1345 550 2431 617; baseline 0.006 -36"><span class='ocrx_word' id='word_1_588' title='bbox 1345 550 1471 582; x_wconf 90' lang='lat' dir='ltr'><strong>rentur</strong></span> <span class='ocrx_word' id='word_1_589' title='bbox 1500 552 1565 583; x_wconf 67' lang='grc'><strong>001</strong></span> <span class='ocrx_word' id='word_1_590' title='bbox 1596 554 1811 584; x_wconf 85' lang='lat' dir='ltr'><strong>vexarentur</strong></span> <span class='ocrx_word' id='word_1_591' title='bbox 1841 555 1905 585; x_wconf 91' lang='lat' dir='ltr'><strong>aut</strong></span> <span class='ocrx_word' id='word_1_592' title='bbox 1925 551 2210 617; x_wconf 83' lang='lat' dir='ltr'><strong>⁷prohiberentur</strong></span> <span class='ocrx_word' id='word_1_593' title='bbox 2241 561 2306 597; x_wconf 89' lang='lat' dir='ltr'><strong>per</strong></span> <span class='ocrx_word' id='word_1_594' title='bbox 2328 551 2431 587; x_wconf 88' lang='lat' dir='ltr'><strong>terri·</strong></span> 
     </span>
     <span class='ocr_line' id='line_1_88' title="bbox 1345 591 2432 644; baseline 0.004 -17"><span class='ocrx_word' id='word_1_595' title='bbox 1345 591 1455 644; x_wconf 41' lang='lat' dir='ltr'><strong>toria·</strong></span> <span class='ocrx_word' id='word_1_596' title='bbox 1471 592 1683 644; x_wconf 84' lang='lat' dir='ltr'><strong>oppidorum</strong></span> <span class='ocrx_word' id='word_1_597' title='bbox 1713 593 1922 630; x_wconf 84' lang='lat' dir='ltr'><strong>transferri¹</strong></span> <span class='ocrx_word' id='word_1_598' title='bbox 1942 622 1950 630; x_wconf 91' lang='lat'><strong>.</strong></span> <span class='ocrx_word' id='word_1_599' title='bbox 2003 596 2104 632; x_wconf 88' lang='lat' dir='ltr'><strong>divus</strong></span> <span class='ocrx_word' id='word_1_600' title='bbox 2136 600 2255 631; x_wconf 88' lang='lat' dir='ltr'><strong>tamen</strong></span> <span class='ocrx_word' id='word_1_601' title='bbox 2285 595 2432 632; x_wconf 86' lang='lat' dir='ltr'><strong>Marcus</strong></span> 
     </span>
     <span class='ocr_line' id='line_1_89' title="bbox 1345 638 2431 687; baseline 0.006 -16"><span class='ocrx_word' id='word_1_602' title='bbox 1345 642 1530 683; x_wconf 78' lang='lat' dir='ltr'><strong>rescripsit</strong></span> <span class='ocrx_word' id='word_1_603' title='bbox 1548 638 1685 673; x_wconf 92' lang='lat' dir='ltr'><strong>nullam</strong></span> <span class='ocrx_word' id='word_1_604' title='bbox 1703 649 1856 684; x_wconf 87' lang='lat' dir='ltr'><strong>poenam</strong></span> <span class='ocrx_word' id='word_1_605' title='bbox 1875 641 2047 677; x_wconf 88' lang='lat' dir='ltr'><strong>meruisse</strong></span> <span class='ocrx_word' id='word_1_606' title='bbox 2067 651 2139 683; x_wconf 91' lang='lat' dir='ltr'><strong>eos,</strong></span> <span class='ocrx_word' id='word_1_607' title='bbox 2164 641 2226 687; x_wconf 87' lang='lat' dir='ltr'><strong>qui</strong></span> <span class='ocrx_word' id='word_1_608' title='bbox 2246 651 2376 686; x_wconf 89' lang='lat' dir='ltr'><strong>corpus</strong></span> <span class='ocrx_word' id='word_1_609' title='bbox 2395 641 2431 676; x_wconf 85' lang='lat' dir='ltr'><strong>in</strong></span> 
     </span>
     <span class='ocr_line' id='line_1_90' title="bbox 1345 681 2431 735; baseline 0.005 -18"><span class='ocrx_word' id='word_1_610' title='bbox 1345 681 1655 735; x_wconf 69' lang='lat' dir='ltr'><strong>itineredefuncti</strong></span> <span class='ocrx_word' id='word_1_611' title='bbox 1678 694 1743 728; x_wconf 90' lang='lat' dir='ltr'><strong>per</strong></span> <span class='ocrx_word' id='word_1_612' title='bbox 1762 684 1858 720; x_wconf 89' lang='lat' dir='ltr'><strong>vicos</strong></span> <span class='ocrx_word' id='word_1_613' title='bbox 1876 687 1942 721; x_wconf 88' lang='lat' dir='ltr'><strong>aut</strong></span> <span class='ocrx_word' id='word_1_614' title='bbox 1958 685 2130 731; x_wconf 92' lang='lat' dir='ltr'><strong>oppidum</strong></span> <span class='ocrx_word' id='word_1_615' title='bbox 2149 691 2431 726; x_wconf 81' lang='lat' dir='ltr'><strong>transvexerunt.</strong></span> 
     </span>
     <span class='ocr_line' id='line_1_91' title="bbox 1347 727 2431 776; baseline 0.004 -14"><span class='ocrx_word' id='word_1_616' title='bbox 1347 736 1507 772; x_wconf 81' lang='lat' dir='ltr'><strong>quamvis</strong></span> <span class='ocrx_word' id='word_1_617' title='bbox 1529 728 1618 763; x_wconf 88' lang='lat' dir='ltr'><strong>talia</strong></span> <span class='ocrx_word' id='word_1_618' title='bbox 1640 727 1719 764; x_wconf 86' lang='lat' dir='ltr'><strong>fieri</strong></span> <span class='ocrx_word' id='word_1_619' title='bbox 1741 729 1818 765; x_wconf 91' lang='lat' dir='ltr'><strong>sine</strong></span> <span class='ocrx_word' id='word_1_620' title='bbox 1840 730 2016 775; x_wconf 84' lang='lat' dir='ltr'><strong>permissu</strong></span> <span class='ocrx_word' id='word_1_621' title='bbox 2041 742 2174 774; x_wconf 87' lang='lat' dir='ltr'><strong>eorum,</strong></span> <span class='ocrx_word' id='word_1_622' title='bbox 2199 731 2329 775; x_wconf 90' lang='lat' dir='ltr'><strong>quibus</strong></span> <span class='ocrx_word' id='word_1_623' title='bbox 2352 742 2431 776; x_wconf 89' lang='lat' dir='ltr'><strong>per-</strong></span> 
     </span>
     <span class='ocr_line' id='line_1_92' title="bbox 1347 772 2432 816; baseline 0.006 -10"><span class='ocrx_word' id='word_1_624' title='bbox 1347 775 1366 806; x_wconf 86' lang='lat'>5</span> <span class='ocrx_word' id='word_1_625' title='bbox 1415 772 1581 808; x_wconf 89' lang='lat' dir='ltr'><strong>mittendi</strong></span> <span class='ocrx_word' id='word_1_626' title='bbox 1601 772 1659 809; x_wconf 91' lang='lat' dir='ltr'><strong>ius</strong></span> <span class='ocrx_word' id='word_1_627' title='bbox 1684 777 1756 816; x_wconf 88' lang='lat' dir='ltr'><strong>est,</strong></span> <span class='ocrx_word' id='word_1_628' title='bbox 1783 785 1858 810; x_wconf 91' lang='lat' dir='ltr'><strong>non</strong></span> <span class='ocrx_word' id='word_1_629' title='bbox 1880 774 2044 812; x_wconf 90' lang='lat' dir='ltr'><strong>debeant.</strong></span> <span class='ocrx_word' id='word_1_630' title='bbox 2091 775 2203 813; x_wconf 87' lang='lat' dir='ltr'><strong>Divus</strong></span> <span class='ocrx_word' id='word_1_631' title='bbox 2226 775 2432 812; x_wconf 81' lang='lat' dir='ltr'><strong>Hadrianus</strong></span> 
     </span>
     <span class='ocr_line' id='line_1_93' title="bbox 1347 817 2431 866; baseline 0.005 -14"><span class='ocrx_word' id='word_1_632' title='bbox 1347 817 1522 862; x_wconf 89' lang='lat' dir='ltr'><strong>rescripto</strong></span> <span class='ocrx_word' id='word_1_633' title='bbox 1551 828 1704 863; x_wconf 92' lang='lat' dir='ltr'><strong>poenam</strong></span> <span class='ocrx_word' id='word_1_634' title='bbox 1737 820 1864 855; x_wconf 89' lang='lat' dir='ltr'><strong>statuit</strong></span> <span class='ocrx_word' id='word_1_635' title='bbox 1900 820 2135 866; x_wconf 76' lang='lat' dir='ltr'><strong>quadraginta</strong></span> <span class='ocrx_word' id='word_1_636' title='bbox 2171 831 2362 857; x_wconf 88' lang='lat' dir='ltr'><strong>aureorum</strong></span> <span class='ocrx_word' id='word_1_637' title='bbox 2397 821 2431 856; x_wconf 90' lang='lat' dir='ltr'><strong>in</strong></span> 
     </span>
     <span class='ocr_line' id='line_1_94' title="bbox 1348 863 2432 910; baseline 0.003 -13"><span class='ocrx_word' id='word_1_638' title='bbox 1348 872 1408 898; x_wconf 91' lang='lat' dir='ltr'><strong>eos</strong></span> <span class='ocrx_word' id='word_1_639' title='bbox 1431 863 1492 908; x_wconf 91' lang='lat' dir='ltr'><strong>qui</strong></span> <span class='ocrx_word' id='word_1_640' title='bbox 1510 863 1547 898; x_wconf 92' lang='lat' dir='ltr'><strong>in</strong></span> <span class='ocrx_word' id='word_1_641' title='bbox 1567 863 1710 899; x_wconf 86' lang='lat' dir='ltr'><strong>civitate</strong></span> <span class='ocrx_word' id='word_1_642' title='bbox 1729 874 1768 900; x_wconf 92' lang='lat' dir='ltr'><strong>se</strong></span> <span class='ocrx_word' id='word_1_643' title='bbox 1794 865 1916 907; x_wconf 89' lang='lat' dir='ltr'><strong>eliunt‚</strong></span> <span class='ocrx_word' id='word_1_644' title='bbox 1941 876 2048 910; x_wconf 91' lang='lat' dir='ltr'><strong>quam</strong></span> <span class='ocrx_word' id='word_1_645' title='bbox 2066 865 2155 902; x_wconf 91' lang='lat' dir='ltr'><strong>fisco</strong></span> <span class='ocrx_word' id='word_1_646' title='bbox 2174 865 2300 902; x_wconf 87' lang='lat' dir='ltr'><strong>inferri</strong></span> <span class='ocrx_word' id='word_1_647' title='bbox 2318 866 2432 909; x_wconf 82' lang='lat' dir='ltr'><strong>iussit,</strong></span> 
     </span>
     <span class='ocr_line' id='line_1_95' title="bbox 1347 907 2431 955; baseline 0.004 -13"><span class='ocrx_word' id='word_1_648' title='bbox 1347 912 1384 943; x_wconf 88' lang='lat' dir='ltr'><strong>et</strong></span> <span class='ocrx_word' id='word_1_649' title='bbox 1405 907 1444 943; x_wconf 89' lang='lat' dir='ltr'><strong>in</strong></span> <span class='ocrx_word' id='word_1_650' title='bbox 1467 908 1699 952; x_wconf 83' lang='lat' dir='ltr'><strong>magistratus</strong></span> <span class='ocrx_word' id='word_1_651' title='bbox 1722 919 1765 945; x_wconf 89' lang='lat' dir='ltr'><strong>ea</strong></span> <span class='ocrx_word' id='word_1_652' title='bbox 1790 911 1887 945; x_wconf 81' lang='lat' dir='ltr'><strong>em¹⁸</strong></span> <span class='ocrx_word' id='word_1_653' title='bbox 1910 911 1971 955; x_wconf 86' lang='lat' dir='ltr'><strong>qui</strong></span> <span class='ocrx_word' id='word_1_654' title='bbox 2020 911 2093 947; x_wconf 87' lang='lat' dir='ltr'><strong>assi</strong></span> <span class='ocrx_word' id='word_1_655' title='bbox 2115 916 2217 952; x_wconf 91' lang='lat' dir='ltr'><strong>sunt,</strong></span> <span class='ocrx_word' id='word_1_656' title='bbox 2249 915 2285 947; x_wconf 89' lang='lat' dir='ltr'><strong>et</strong></span> <span class='ocrx_word' id='word_1_657' title='bbox 2314 911 2431 947; x_wconf 91' lang='lat' dir='ltr'><strong>locum</strong></span> 
     </span>
    </p>

    <p class='ocr_par' dir='ltr' id='par_1_21' title="bbox 1346 953 2436 2266">
     <span class='ocr_line' id='line_1_96' title="bbox 1375 953 2432 1001; baseline 0.003 -13"><span class='ocrx_word' id='word_1_658' title='bbox 1375 953 1526 988; x_wconf 86' lang='lat' dir='ltr'><strong>ublicari</strong></span> <span class='ocrx_word' id='word_1_659' title='bbox 1549 953 1655 989; x_wconf 88' lang='lat' dir='ltr'><strong>iussit</strong></span> <span class='ocrx_word' id='word_1_660' title='bbox 1678 959 1714 990; x_wconf 93' lang='lat' dir='ltr'><strong>et</strong></span> <span class='ocrx_word' id='word_1_661' title='bbox 1738 965 1870 1000; x_wconf 88' lang='lat' dir='ltr'><strong>corpus</strong></span> <span class='ocrx_word' id='word_1_662' title='bbox 1894 959 1993 990; x_wconf 88' lang='lat' dir='ltr'><strong>trans</strong></span> <span class='ocrx_word' id='word_1_663' title='bbox 2007 955 2092 991; x_wconf 85' lang='lat' dir='ltr'><strong>&#39;erri.</strong></span> <span class='ocrx_word' id='word_1_664' title='bbox 2141 955 2226 1001; x_wconf 89' lang='lat' dir='ltr'><strong>quid</strong></span> <span class='ocrx_word' id='word_1_665' title='bbox 2248 958 2379 999; x_wconf 83' lang='lat' dir='ltr'><strong>tamen,</strong></span> <span class='ocrx_word' id='word_1_666' title='bbox 2403 957 2432 992; x_wconf 89' lang='grc'><strong>01</strong></span> 
     </span>
     <span class='ocr_line' id='line_1_97' title="bbox 1361 998 2433 1054; baseline 0.003 -21"><span class='ocrx_word' id='word_1_667' title='bbox 1361 1008 1406 1033; x_wconf 91' lang='lat' dir='ltr'><strong>ex</strong></span> <span class='ocrx_word' id='word_1_668' title='bbox 1434 998 1661 1051; x_wconf 80' lang='lat' dir='ltr'><strong>municipalis</strong></span> <span class='ocrx_word' id='word_1_669' title='bbox 1691 1000 1874 1044; x_wconf 87' lang='lat' dir='ltr'><strong>permittat</strong></span> <span class='ocrx_word' id='word_1_670' title='bbox 1903 1000 1942 1035; x_wconf 92' lang='lat' dir='ltr'><strong>in</strong></span> <span class='ocrx_word' id='word_1_671' title='bbox 1971 1001 2112 1036; x_wconf 83' lang='lat' dir='ltr'><strong>civitate</strong></span> <span class='ocrx_word' id='word_1_672' title='bbox 2139 1001 2306 1047; x_wconf 74' lang='lat' dir='ltr'><strong>sepeliri?</strong></span> <span class='ocrx_word' id='word_1_673' title='bbox 2351 1006 2433 1054; x_wconf 81' lang='lat' dir='ltr'><strong>post</strong></span> 
     </span>
     <span class='ocr_line' id='line_1_98' title="bbox 1347 1044 2430 1095; baseline 0.005 -18"><span class='ocrx_word' id='word_1_674' title='bbox 1347 1047 1523 1095; x_wconf 81' lang='lat' dir='ltr'><strong>rescripta</strong></span> <span class='ocrx_word' id='word_1_675' title='bbox 1545 1044 1761 1089; x_wconf 84' lang='lat' dir='ltr'><strong>principalia</strong></span> <span class='ocrx_word' id='word_1_676' title='bbox 1783 1055 1830 1080; x_wconf 92' lang='lat' dir='ltr'><strong>an</strong></span> <span class='ocrx_word' id='word_1_677' title='bbox 1854 1045 1900 1081; x_wconf 91' lang='lat' dir='ltr'><strong>ab</strong></span> <span class='ocrx_word' id='word_1_678' title='bbox 1924 1046 1993 1082; x_wconf 92' lang='grc' dir='ltr'><strong>11οο</strong></span> <span class='ocrx_word' id='word_1_679' title='bbox 2017 1046 2211 1083; x_wconf 89' lang='lat' dir='ltr'><strong>discessum</strong></span> <span class='ocrx_word' id='word_1_680' title='bbox 2241 1046 2306 1089; x_wconf 87' lang='lat' dir='ltr'><strong>sit,</strong></span> <span class='ocrx_word' id='word_1_681' title='bbox 2337 1045 2430 1082; x_wconf 84' lang='lat' dir='ltr'><strong>vide-</strong></span> 
     </span>
     <span class='ocr_line' id='line_1_99' title="bbox 1347 1088 2431 1137; baseline 0.004 -14"><span class='ocrx_word' id='word_1_682' title='bbox 1347 1088 1482 1130; x_wconf 90' lang='lat' dir='ltr'><strong>bimus,</strong></span> <span class='ocrx_word' id='word_1_683' title='bbox 1515 1088 1598 1134; x_wconf 85' lang='lat' dir='ltr'><strong>quia</strong></span> <span class='ocrx_word' id='word_1_684' title='bbox 1626 1090 1807 1134; x_wconf 85' lang='lat' dir='ltr'><strong>generalia</strong></span> <span class='ocrx_word' id='word_1_685' title='bbox 1836 1094 1920 1125; x_wconf 90' lang='lat' dir='ltr'><strong>sunt</strong></span> <span class='ocrx_word' id='word_1_686' title='bbox 1947 1091 2123 1136; x_wconf 89' lang='lat' dir='ltr'><strong>rescripta</strong></span> <span class='ocrx_word' id='word_1_687' title='bbox 2146 1096 2182 1127; x_wconf 92' lang='lat' dir='ltr'><strong>et</strong></span> <span class='ocrx_word' id='word_1_688' title='bbox 2206 1096 2348 1137; x_wconf 91' lang='lat' dir='ltr'><strong>oportet</strong></span> <span class='ocrx_word' id='word_1_689' title='bbox 2368 1091 2431 1126; x_wconf 91' lang='lat' dir='ltr'><strong>im·</strong></span> 
     </span>
     <span class='ocr_line' id='line_1_100' title="bbox 1347 1133 2432 1181; baseline 0.003 -13"><span class='ocrx_word' id='word_1_690' title='bbox 1347 1133 1496 1178; x_wconf 88' lang='lat' dir='ltr'><strong>perialia</strong></span> <span class='ocrx_word' id='word_1_691' title='bbox 1526 1138 1663 1170; x_wconf 87' lang='lat' dir='ltr'><strong>statuta</strong></span> <span class='ocrx_word' id='word_1_692' title='bbox 1692 1145 1795 1170; x_wconf 91' lang='lat' dir='ltr'><strong>suam</strong></span> <span class='ocrx_word' id='word_1_693' title='bbox 1823 1136 1894 1171; x_wconf 88' lang='lat' dir='ltr'><strong>vim</strong></span> <span class='ocrx_word' id='word_1_694' title='bbox 1925 1136 2085 1181; x_wconf 88' lang='lat' dir='ltr'><strong>optinere</strong></span> <span class='ocrx_word' id='word_1_695' title='bbox 2113 1141 2151 1173; x_wconf 88' lang='lat' dir='ltr'><strong>et</strong></span> <span class='ocrx_word' id='word_1_696' title='bbox 2173 1137 2209 1171; x_wconf 88' lang='lat' dir='ltr'><strong>iii</strong></span> <span class='ocrx_word' id='word_1_697' title='bbox 2233 1137 2330 1172; x_wconf 90' lang='lat' dir='ltr'><strong>omni</strong></span> <span class='ocrx_word' id='word_1_698' title='bbox 2352 1136 2432 1172; x_wconf 90' lang='lat' dir='ltr'><strong>loco</strong></span> 
     </span>
     <span class='ocr_line' id='line_1_101' title="bbox 1347 1179 2431 1226; baseline 0.002 -13"><span class='ocrx_word' id='word_1_699' title='bbox 1347 1183 1367 1213; x_wconf 83' lang='lat'><strong>6</strong></span> <span class='ocrx_word' id='word_1_700' title='bbox 1415 1179 1543 1214; x_wconf 86' lang='lat' dir='ltr'><strong>valere.</strong></span> <span class='ocrx_word' id='word_1_701' title='bbox 1601 1180 1639 1215; x_wconf 87' lang='lat' dir='ltr'><strong>Si</strong></span> <span class='ocrx_word' id='word_1_702' title='bbox 1669 1180 1748 1224; x_wconf 89' lang='lat' dir='ltr'><strong>quis</strong></span> <span class='ocrx_word' id='word_1_703' title='bbox 1780 1181 1818 1215; x_wconf 89' lang='lat' dir='ltr'><strong>iii</strong></span> <span class='ocrx_word' id='word_1_704' title='bbox 1847 1181 2039 1226; x_wconf 87' lang='lat' dir='ltr'><strong>sepulchro</strong></span> <span class='ocrx_word' id='word_1_705' title='bbox 2078 1181 2276 1217; x_wconf 88' lang='lat' dir='ltr'><strong>habitasset</strong></span> <span class='ocrx_word' id='word_1_706' title='bbox 2312 1181 2431 1217; x_wconf 86' lang='lat' dir='ltr'><strong>aedifi-</strong></span> 
     </span>
     <span class='ocr_line' id='line_1_102' title="bbox 1348 1223 2436 1272; baseline 0.003 -13"><span class='ocrx_word' id='word_1_707' title='bbox 1348 1223 1484 1259; x_wconf 90' lang='lat' dir='ltr'><strong>ciumve</strong></span> <span class='ocrx_word' id='word_1_708' title='bbox 1516 1224 1720 1269; x_wconf 89' lang='lat' dir='ltr'><strong>habuisset,</strong></span> <span class='ocrx_word' id='word_1_709' title='bbox 1759 1225 1793 1261; x_wconf 91' lang='lat' dir='ltr'><strong>ei</strong></span> <span class='ocrx_word' id='word_1_710' title='bbox 1827 1226 1889 1271; x_wconf 90' lang='lat' dir='ltr'><strong>qui</strong></span> <span class='ocrx_word' id='word_1_711' title='bbox 1918 1226 2003 1261; x_wconf 89' lang='lat' dir='ltr'><strong>velit</strong></span> <span class='ocrx_word' id='word_1_712' title='bbox 2031 1226 2159 1272; x_wconf 89' lang='lat' dir='ltr'><strong>agendi</strong></span> <span class='ocrx_word' id='word_1_713' title='bbox 2190 1230 2351 1272; x_wconf 82' lang='lat' dir='ltr'><strong>potestas</strong></span> <span class='ocrx_word' id='word_1_714' title='bbox 2380 1226 2436 1264; x_wconf 83' lang='lat' dir='ltr'><strong>fit.</strong></span> 
     </span>
     <span class='ocr_line' id='line_1_103' title="bbox 1350 1269 2434 1318; baseline 0.003 -14"><span class='ocrx_word' id='word_1_715' title='bbox 1350 1272 1367 1303; x_wconf 79' lang='grc' dir='ltr'><strong>’ῖ</strong></span> <span class='ocrx_word' id='word_1_716' title='bbox 1417 1269 1598 1306; x_wconf 90' lang='lat' dir='ltr'><strong>Adversus</strong></span> <span class='ocrx_word' id='word_1_717' title='bbox 1622 1280 1704 1312; x_wconf 89' lang='lat' dir='ltr'><strong>eos,</strong></span> <span class='ocrx_word' id='word_1_718' title='bbox 1729 1271 1790 1315; x_wconf 91' lang='lat' dir='ltr'><strong>qui</strong></span> <span class='ocrx_word' id='word_1_719' title='bbox 1815 1271 1990 1307; x_wconf 88' lang='lat' dir='ltr'><strong>cadavera</strong></span> <span class='ocrx_word' id='word_1_720' title='bbox 2013 1272 2187 1318; x_wconf 91' lang='lat' dir='ltr'><strong>spoliant,</strong></span> <span class='ocrx_word' id='word_1_721' title='bbox 2217 1271 2434 1317; x_wconf 66' lang='lat' dir='ltr'><strong>¹”praesides</strong></span> 
     </span>
     <span class='ocr_line' id='line_1_104' title="bbox 1347 1314 2432 1358; baseline 0.003 -8"><span class='ocrx_word' id='word_1_722' title='bbox 1347 1314 1503 1350; x_wconf 88' lang='lat' dir='ltr'><strong>severius</strong></span> <span class='ocrx_word' id='word_1_723' title='bbox 1534 1315 1767 1358; x_wconf 83' lang='lat' dir='ltr'><strong>intervenire,</strong></span> <span class='ocrx_word' id='word_1_724' title='bbox 1807 1316 1961 1352; x_wconf 86' lang='lat' dir='ltr'><strong>maxime</strong></span> <span class='ocrx_word' id='word_1_725' title='bbox 1996 1318 2028 1353; x_wconf 89' lang='lat' dir='ltr'><strong>si</strong></span> <span class='ocrx_word' id='word_1_726' title='bbox 2063 1327 2172 1353; x_wconf 88' lang='lat' dir='ltr'><strong>manu</strong></span> <span class='ocrx_word' id='word_1_727' title='bbox 2201 1321 2340 1352; x_wconf 87' lang='lat' dir='ltr'><strong>armata</strong></span> <span class='ocrx_word' id='word_1_728' title='bbox 2370 1316 2432 1352; x_wconf 89' lang='lat' dir='ltr'><strong>ad-</strong></span> 
     </span>
     <span class='ocr_line' id='line_1_105' title="bbox 1346 1360 2433 1412; baseline 0.002 -18"><span class='ocrx_word' id='word_1_729' title='bbox 1346 1360 1570 1412; x_wconf 70' lang='lat' dir='ltr'><strong>grediamur,</strong></span> <span class='ocrx_word' id='word_1_730' title='bbox 1605 1365 1662 1404; x_wconf 94' lang='lat' dir='ltr'><strong>ut,</strong></span> <span class='ocrx_word' id='word_1_731' title='bbox 1695 1361 1726 1397; x_wconf 91' lang='lat' dir='ltr'><strong>si</strong></span> <span class='ocrx_word' id='word_1_732' title='bbox 1749 1362 1879 1397; x_wconf 88' lang='lat' dir='ltr'><strong>armati</strong></span> <span class='ocrx_word' id='word_1_733' title='bbox 1902 1372 2001 1397; x_wconf 91' lang='lat' dir='ltr'><strong>more</strong></span> <span class='ocrx_word' id='word_1_734' title='bbox 2021 1363 2202 1398; x_wconf 89' lang='lat' dir='ltr'><strong>latronum</strong></span> <span class='ocrx_word' id='word_1_735' title='bbox 2229 1361 2267 1398; x_wconf 90' lang='lat' dir='ltr'><strong>id</strong></span> <span class='ocrx_word' id='word_1_736' title='bbox 2288 1362 2433 1407; x_wconf 86' lang='lat' dir='ltr'><strong>egerint,</strong></span> 
     </span>
     <span class='ocr_line' id='line_1_106' title="bbox 1347 1406 2433 1452; baseline 0.002 -12"><span class='ocrx_word' id='word_1_737' title='bbox 1347 1410 1455 1440; x_wconf 90' lang='lat' dir='ltr'><strong>etiam</strong></span> <span class='ocrx_word' id='word_1_738' title='bbox 1481 1406 1598 1450; x_wconf 86' lang='lat' dir='ltr'><strong>capite</strong></span> <span class='ocrx_word' id='word_1_739' title='bbox 1622 1407 1842 1451; x_wconf 86' lang='lat' dir='ltr'><strong>plectantur,</strong></span> <span class='ocrx_word' id='word_1_740' title='bbox 1876 1412 1916 1442; x_wconf 88' lang='lat' dir='ltr'><strong>ut</strong></span> <span class='ocrx_word' id='word_1_741' title='bbox 1940 1407 2040 1443; x_wconf 81' lang='lat' dir='ltr'><strong>divus</strong></span> <span class='ocrx_word' id='word_1_742' title='bbox 2065 1407 2216 1443; x_wconf 88' lang='lat' dir='ltr'><strong>Severus</strong></span> <span class='ocrx_word' id='word_1_743' title='bbox 2238 1407 2433 1452; x_wconf 90' lang='lat' dir='ltr'><strong>rescripsit,</strong></span> 
     </span>
     <span class='ocr_line' id='line_1_107' title="bbox 1347 1450 2436 1498; baseline 0.004 -13"><span class='ocrx_word' id='word_1_744' title='bbox 1347 1450 1378 1485; x_wconf 93' lang='lat' dir='ltr'><strong>si</strong></span> <span class='ocrx_word' id='word_1_745' title='bbox 1401 1450 1479 1486; x_wconf 91' lang='lat' dir='ltr'><strong>sine</strong></span> <span class='ocrx_word' id='word_1_746' title='bbox 1502 1452 1622 1495; x_wconf 92' lang='lat' dir='ltr'><strong>armis,</strong></span> <span class='ocrx_word' id='word_1_747' title='bbox 1648 1462 1761 1497; x_wconf 90' lang='lat' dir='ltr'><strong>usque</strong></span> <span class='ocrx_word' id='word_1_748' title='bbox 1786 1451 1832 1487; x_wconf 90' lang='lat' dir='ltr'><strong>ad</strong></span> <span class='ocrx_word' id='word_1_749' title='bbox 1882 1462 2008 1488; x_wconf 91' lang='lat' dir='ltr'><strong>oenam</strong></span> <span class='ocrx_word' id='word_1_750' title='bbox 2030 1452 2164 1488; x_wconf 87' lang='lat' dir='ltr'><strong>metalli</strong></span> <span class='ocrx_word' id='word_1_751' title='bbox 2182 1452 2436 1498; x_wconf 77' lang='lat' dir='ltr'><strong>procedunt20.</strong></span> 
     </span>
     <span class='ocr_line' id='line_1_108' title="bbox 1349 1495 2433 1542; baseline 0.003 -12"><span class='ocrx_word' id='word_1_752' title='bbox 1349 1497 1368 1530; x_wconf 89' lang='lat'>8</span> <span class='ocrx_word' id='word_1_753' title='bbox 1416 1495 1487 1540; x_wconf 76' lang='lat' dir='ltr'><strong>Qui</strong></span> <span class='ocrx_word' id='word_1_754' title='bbox 1519 1495 1563 1532; x_wconf 90' lang='lat' dir='ltr'><strong>de</strong></span> <span class='ocrx_word' id='word_1_755' title='bbox 1593 1497 1774 1542; x_wconf 89' lang='lat' dir='ltr'><strong>sepulchri</strong></span> <span class='ocrx_word' id='word_1_756' title='bbox 1802 1497 1858 1532; x_wconf 92' lang='lat' dir='ltr'><strong>vio</strong></span> <span class='ocrx_word' id='word_1_757' title='bbox 1874 1497 1925 1532; x_wconf 82' lang='lat' dir='ltr'><strong>ati</strong></span> <span class='ocrx_word' id='word_1_758' title='bbox 1954 1498 2095 1533; x_wconf 88' lang='lat' dir='ltr'><strong>actione</strong></span> <span class='ocrx_word' id='word_1_759' title='bbox 2117 1497 2295 1540; x_wconf 89' lang='lat' dir='ltr'><strong>iudicant,</strong></span> <span class='ocrx_word' id='word_1_760' title='bbox 2327 1497 2433 1534; x_wconf 90' lang='lat' dir='ltr'><strong>aesti-</strong></span> 
     </span>
     <span class='ocr_line' id='line_1_109' title="bbox 1347 1541 2434 1586; baseline 0.003 -11"><span class='ocrx_word' id='word_1_761' title='bbox 1347 1541 1514 1584; x_wconf 86' lang='lat' dir='ltr'><strong>mabunt,</strong></span> <span class='ocrx_word' id='word_1_762' title='bbox 1546 1545 1722 1586; x_wconf 87' lang='lat' dir='ltr'><strong>quatenus</strong></span> <span class='ocrx_word' id='word_1_763' title='bbox 1751 1542 1910 1586; x_wconf 90' lang='lat' dir='ltr'><strong>intersit,</strong></span> <span class='ocrx_word' id='word_1_764' title='bbox 1946 1543 2084 1579; x_wconf 86' lang='lat' dir='ltr'><strong>scilicet</strong></span> <span class='ocrx_word' id='word_1_765' title='bbox 2115 1553 2159 1578; x_wconf 87' lang='lat' dir='ltr'><strong>ex</strong></span> <span class='ocrx_word' id='word_1_766' title='bbox 2180 1542 2312 1578; x_wconf 87' lang='lat' dir='ltr'><strong>iniuria</strong></span> <span class='ocrx_word' id='word_1_767' title='bbox 2366 1552 2434 1578; x_wconf 85' lang='lat' dir='ltr'><strong>uae</strong></span> 
     </span>
     <span class='ocr_line' id='line_1_110' title="bbox 1347 1585 2433 1634; baseline 0.003 -13"><span class='ocrx_word' id='word_1_768' title='bbox 1347 1585 1447 1621; x_wconf 89' lang='lat' dir='ltr'><strong>facta</strong></span> <span class='ocrx_word' id='word_1_769' title='bbox 1477 1590 1549 1630; x_wconf 89' lang='lat' dir='ltr'><strong>est,</strong></span> <span class='ocrx_word' id='word_1_770' title='bbox 1584 1587 1669 1622; x_wconf 91' lang='lat' dir='ltr'><strong>item</strong></span> <span class='ocrx_word' id='word_1_771' title='bbox 1705 1597 1749 1622; x_wconf 91' lang='lat' dir='ltr'><strong>ex</strong></span> <span class='ocrx_word' id='word_1_772' title='bbox 1779 1588 1881 1623; x_wconf 89' lang='lat' dir='ltr'><strong>lucro</strong></span> <span class='ocrx_word' id='word_1_773' title='bbox 1912 1588 1988 1623; x_wconf 91' lang='lat' dir='ltr'><strong>eius</strong></span> <span class='ocrx_word' id='word_1_774' title='bbox 2020 1587 2081 1634; x_wconf 89' lang='lat' dir='ltr'><strong>qui</strong></span> <span class='ocrx_word' id='word_1_775' title='bbox 2110 1588 2269 1631; x_wconf 86' lang='lat' dir='ltr'><strong>violavit,</strong></span> <span class='ocrx_word' id='word_1_776' title='bbox 2304 1598 2346 1624; x_wconf 86' lang='lat' dir='ltr'><strong>ve</strong></span> <span class='ocrx_word' id='word_1_777' title='bbox 2390 1597 2433 1624; x_wconf 85' lang='lat' dir='ltr'><strong>ex</strong></span> 
     </span>
     <span class='ocr_line' id='line_1_111' title="bbox 1347 1630 2429 1677; baseline 0.002 -11"><span class='ocrx_word' id='word_1_778' title='bbox 1347 1630 1477 1667; x_wconf 86' lang='lat' dir='ltr'><strong>damno</strong></span> <span class='ocrx_word' id='word_1_779' title='bbox 1497 1632 1594 1676; x_wconf 92' lang='lat' dir='ltr'><strong>quod</strong></span> <span class='ocrx_word' id='word_1_780' title='bbox 1616 1632 1775 1677; x_wconf 85' lang='lat' dir='ltr'><strong>contigit,</strong></span> <span class='ocrx_word' id='word_1_781' title='bbox 1799 1633 1855 1668; x_wconf 89' lang='lat' dir='ltr'><strong>vel</strong></span> <span class='ocrx_word' id='word_1_782' title='bbox 1874 1643 1919 1669; x_wconf 92' lang='lat' dir='ltr'><strong>ex</strong></span> <span class='ocrx_word' id='word_1_783' title='bbox 1937 1634 2136 1669; x_wconf 87' lang='lat' dir='ltr'><strong>temeritate</strong></span> <span class='ocrx_word' id='word_1_784' title='bbox 2156 1633 2233 1669; x_wconf 88' lang='lat' dir='ltr'><strong>eius</strong></span> <span class='ocrx_word' id='word_1_785' title='bbox 2250 1633 2311 1677; x_wconf 86' lang='lat' dir='ltr'><strong>qui</strong></span> <span class='ocrx_word' id='word_1_786' title='bbox 2327 1633 2429 1669; x_wconf 74' lang='lat' dir='ltr'><strong>fecit:</strong></span> 
     </span>
     <span class='ocr_line' id='line_1_112' title="bbox 1347 1677 2432 1721; baseline 0.002 -10"><span class='ocrx_word' id='word_1_787' title='bbox 1347 1687 1542 1721; x_wconf 86' lang='lat' dir='ltr'><strong>numquam</strong></span> <span class='ocrx_word' id='word_1_788' title='bbox 1570 1681 1690 1712; x_wconf 89' lang='lat' dir='ltr'><strong>tamen</strong></span> <span class='ocrx_word' id='word_1_789' title='bbox 1713 1677 1860 1713; x_wconf 87' lang='lat' dir='ltr'><strong>minoris</strong></span> <span class='ocrx_word' id='word_1_790' title='bbox 1885 1677 2015 1714; x_wconf 89' lang='lat' dir='ltr'><strong>debent</strong></span> <span class='ocrx_word' id='word_1_791' title='bbox 2040 1678 2294 1720; x_wconf 86' lang='lat' dir='ltr'><strong>condemnare,</strong></span> <span class='ocrx_word' id='word_1_792' title='bbox 2351 1688 2432 1714; x_wconf 91' lang='lat' dir='ltr'><strong>uam</strong></span> 
     </span>
     <span class='ocr_line' id='line_1_113' title="bbox 1348 1722 2432 1768; baseline 0.004 -12"><span class='ocrx_word' id='word_1_793' title='bbox 1348 1725 1368 1756; x_wconf 87' lang='grc'><strong>9</strong></span> <span class='ocrx_word' id='word_1_794' title='bbox 1417 1722 1534 1757; x_wconf 93' lang='lat' dir='ltr'><strong>solent</strong></span> <span class='ocrx_word' id='word_1_795' title='bbox 1553 1727 1723 1758; x_wconf 87' lang='lat' dir='ltr'><strong>extraneo</strong></span> <span class='ocrx_word' id='word_1_796' title='bbox 1742 1727 1881 1768; x_wconf 85' lang='lat' dir='ltr'><strong>agente.</strong></span> <span class='ocrx_word' id='word_1_797' title='bbox 1917 1723 1955 1759; x_wconf 87' lang='lat' dir='ltr'><strong>Si</strong></span> <span class='ocrx_word' id='word_1_798' title='bbox 1974 1723 2022 1759; x_wconf 87' lang='lat' dir='ltr'><strong>ad</strong></span> <span class='ocrx_word' id='word_1_799' title='bbox 2037 1723 2159 1768; x_wconf 90' lang='lat' dir='ltr'><strong>plures</strong></span> <span class='ocrx_word' id='word_1_800' title='bbox 2177 1723 2234 1759; x_wconf 92' lang='lat' dir='ltr'><strong>ius</strong></span> <span class='ocrx_word' id='word_1_801' title='bbox 2255 1733 2318 1768; x_wconf 91' lang='lat' dir='ltr'><strong>sep</strong></span> <span class='ocrx_word' id='word_1_802' title='bbox 2359 1723 2432 1761; x_wconf 86' lang='lat' dir='ltr'><strong>chri</strong></span> 
     </span>
     <span class='ocr_line' id='line_1_114' title="bbox 1347 1766 2432 1813; baseline 0.004 -11"><span class='ocrx_word' id='word_1_803' title='bbox 1347 1766 1536 1812; x_wconf 89' lang='lat' dir='ltr'><strong>pertineat,</strong></span> <span class='ocrx_word' id='word_1_804' title='bbox 1561 1772 1683 1802; x_wconf 87' lang='lat' dir='ltr'><strong>utrum</strong></span> <span class='ocrx_word' id='word_1_805' title='bbox 1705 1768 1871 1804; x_wconf 91' lang='lat' dir='ltr'><strong>omnibus</strong></span> <span class='ocrx_word' id='word_1_806' title='bbox 1896 1768 2022 1804; x_wconf 80' lang='lat' dir='ltr'><strong>damus</strong></span> <span class='ocrx_word' id='word_1_807' title='bbox 2047 1768 2224 1804; x_wconf 89' lang='lat' dir='ltr'><strong>actionem</strong></span> <span class='ocrx_word' id='word_1_808' title='bbox 2247 1779 2295 1804; x_wconf 89' lang='lat' dir='ltr'><strong>an</strong></span> <span class='ocrx_word' id='word_1_809' title='bbox 2317 1767 2352 1804; x_wconf 89' lang='lat' dir='ltr'><strong>ei</strong></span> <span class='ocrx_word' id='word_1_810' title='bbox 2374 1769 2432 1813; x_wconf 79' lang='lat' dir='ltr'><strong>qui</strong></span> 
     </span>
     <span class='ocr_line' id='line_1_115' title="bbox 1348 1812 2434 1865; baseline 0.002 -18"><span class='ocrx_word' id='word_1_811' title='bbox 1348 1813 1563 1865; x_wconf 84' lang='lat' dir='ltr'><strong>occupavit?</strong></span> <span class='ocrx_word' id='word_1_812' title='bbox 1598 1812 1722 1848; x_wconf 89' lang='lat' dir='ltr'><strong>Labeo</strong></span> <span class='ocrx_word' id='word_1_813' title='bbox 1746 1813 1910 1849; x_wconf 91' lang='lat' dir='ltr'><strong>omnibus</strong></span> <span class='ocrx_word' id='word_1_814' title='bbox 1935 1813 2087 1850; x_wconf 88' lang='lat' dir='ltr'><strong>dandam</strong></span> <span class='ocrx_word' id='word_1_815' title='bbox 2111 1813 2197 1849; x_wconf 89' lang='lat' dir='ltr'><strong>dicit</strong></span> <span class='ocrx_word' id='word_1_816' title='bbox 2219 1817 2327 1856; x_wconf 89' lang='lat' dir='ltr'><strong>recte,</strong></span> <span class='ocrx_word' id='word_1_817' title='bbox 2352 1813 2434 1859; x_wconf 86' lang='lat' dir='ltr'><strong>quia</strong></span> 
     </span>
     <span class='ocr_line' id='line_1_116' title="bbox 1353 1857 2434 1904; baseline 0.002 -12"><span class='ocrx_word' id='word_1_818' title='bbox 1353 1860 1391 1892; x_wconf 87' lang='lat'><strong>10</strong></span> <span class='ocrx_word' id='word_1_819' title='bbox 1437 1868 1476 1892; x_wconf 90' lang='grc'><strong>111</strong></span> <span class='ocrx_word' id='word_1_820' title='bbox 1506 1858 1560 1901; x_wconf 88' lang='lat' dir='ltr'><strong>id,</strong></span> <span class='ocrx_word' id='word_1_821' title='bbox 1593 1857 1688 1903; x_wconf 89' lang='lat' dir='ltr'><strong>quod</strong></span> <span class='ocrx_word' id='word_1_822' title='bbox 1718 1858 1999 1904; x_wconf 89' lang='lat' dir='ltr'><strong>uniuscuiusque</strong></span> <span class='ocrx_word' id='word_1_823' title='bbox 2021 1859 2187 1901; x_wconf 88' lang='lat' dir='ltr'><strong>interest,</strong></span> <span class='ocrx_word' id='word_1_824' title='bbox 2219 1859 2349 1904; x_wconf 83' lang='lat' dir='ltr'><strong>agitur.</strong></span> <span class='ocrx_word' id='word_1_825' title='bbox 2396 1858 2434 1894; x_wconf 90' lang='lat' dir='ltr'><strong>Si</strong></span> 
     </span>
     <span class='ocr_line' id='line_1_117' title="bbox 1347 1902 2431 1949; baseline 0.002 -11"><span class='ocrx_word' id='word_1_826' title='bbox 1347 1902 1390 1944; x_wconf 88' lang='lat' dir='ltr'><strong>is,</strong></span> <span class='ocrx_word' id='word_1_827' title='bbox 1414 1902 1515 1939; x_wconf 85' lang='lat' dir='ltr'><strong>cuius</strong></span> <span class='ocrx_word' id='word_1_828' title='bbox 1540 1903 1706 1946; x_wconf 88' lang='lat' dir='ltr'><strong>interest,</strong></span> <span class='ocrx_word' id='word_1_829' title='bbox 1737 1903 1918 1949; x_wconf 86' lang='lat' dir='ltr'><strong>sepulchri</strong></span> <span class='ocrx_word' id='word_1_830' title='bbox 1940 1904 2063 1940; x_wconf 88' lang='lat' dir='ltr'><strong>violati</strong></span> <span class='ocrx_word' id='word_1_831' title='bbox 2130 1914 2191 1940; x_wconf 91' lang='lat' dir='ltr'><strong>ere</strong></span> <span class='ocrx_word' id='word_1_832' title='bbox 2213 1904 2343 1946; x_wconf 84' lang='lat' dir='ltr'><strong>nollet,</strong></span> <span class='ocrx_word' id='word_1_833' title='bbox 2367 1914 2431 1949; x_wconf 91' lang='lat' dir='ltr'><strong>po-</strong></span> 
     </span>
     <span class='ocr_line' id='line_1_118' title="bbox 1349 1948 2432 1994; baseline 0.002 -12"><span class='ocrx_word' id='word_1_834' title='bbox 1349 1951 1420 1983; x_wconf 89' lang='lat' dir='ltr'><strong>test</strong></span> <span class='ocrx_word' id='word_1_835' title='bbox 1442 1948 1662 1992; x_wconf 87' lang='lat' dir='ltr'><strong>paenitentia</strong></span> <span class='ocrx_word' id='word_1_836' title='bbox 1686 1953 1787 1991; x_wconf 83' lang='lat' dir='ltr'><strong>acta,</strong></span> <span class='ocrx_word' id='word_1_837' title='bbox 1812 1953 2003 1994; x_wconf 85' lang='lat' dir='ltr'><strong>antequam</strong></span> <span class='ocrx_word' id='word_1_838' title='bbox 2025 1949 2069 1985; x_wconf 91' lang='lat' dir='ltr'><strong>lis</strong></span> <span class='ocrx_word' id='word_1_839' title='bbox 2092 1959 2114 1984; x_wconf 87' lang='lat' dir='ltr'><strong>a</strong></span> <span class='ocrx_word' id='word_1_840' title='bbox 2162 1949 2233 1986; x_wconf 86' lang='lat' dir='ltr'><strong>alio</strong></span> <span class='ocrx_word' id='word_1_841' title='bbox 2257 1953 2432 1985; x_wconf 83' lang='lat' dir='ltr'><strong>conteste-</strong></span> 
     </span>
     <span class='ocr_line' id='line_1_119' title="bbox 1352 1993 2433 2039; baseline 0.003 -12"><span class='ocrx_word' id='word_1_842' title='bbox 1352 1996 1389 2027; x_wconf 84' lang='lat'><strong>11</strong></span> <span class='ocrx_word' id='word_1_843' title='bbox 1439 1997 1510 2036; x_wconf 88' lang='lat' dir='ltr'><strong>tur,</strong></span> <span class='ocrx_word' id='word_1_844' title='bbox 1535 1993 1654 2029; x_wconf 88' lang='lat' dir='ltr'><strong>dicere</strong></span> <span class='ocrx_word' id='word_1_845' title='bbox 1678 1993 1767 2029; x_wconf 88' lang='lat' dir='ltr'><strong>velle</strong></span> <span class='ocrx_word' id='word_1_846' title='bbox 1789 2004 1828 2029; x_wconf 92' lang='lat' dir='ltr'><strong>se</strong></span> <span class='ocrx_word' id='word_1_847' title='bbox 1852 2005 1957 2039; x_wconf 86' lang='lat' dir='ltr'><strong>agere</strong></span> <span class='ocrx_word' id='word_1_848' title='bbox 1980 1999 2016 2030; x_wconf 87' lang='lat' dir='ltr'><strong>et</strong></span> <span class='ocrx_word' id='word_1_849' title='bbox 2039 1994 2218 2030; x_wconf 88' lang='lat' dir='ltr'><strong>audietur.</strong></span> <span class='ocrx_word' id='word_1_850' title='bbox 2254 1994 2292 2030; x_wconf 90' lang='lat' dir='ltr'><strong>Si</strong></span> <span class='ocrx_word' id='word_1_851' title='bbox 2310 2004 2433 2031; x_wconf 85' lang='lat' dir='ltr'><strong>servus</strong></span> 
     </span>
     <span class='ocr_line' id='line_1_120' title="bbox 1347 2037 2433 2083; baseline 0.002 -10"><span class='ocrx_word' id='word_1_852' title='bbox 1347 2037 1385 2073; x_wconf 92' lang='lat' dir='ltr'><strong>in</strong></span> <span class='ocrx_word' id='word_1_853' title='bbox 1422 2039 1614 2083; x_wconf 88' lang='lat' dir='ltr'><strong>sepulchro</strong></span> <span class='ocrx_word' id='word_1_854' title='bbox 1651 2039 1790 2074; x_wconf 91' lang='lat' dir='ltr'><strong>habitat</strong></span> <span class='ocrx_word' id='word_1_855' title='bbox 1820 2039 1875 2075; x_wconf 91' lang='lat' dir='ltr'><strong>vel</strong></span> <span class='ocrx_word' id='word_1_856' title='bbox 1906 2039 2125 2082; x_wconf 83' lang='lat' dir='ltr'><strong>aedificavit,</strong></span> <span class='ocrx_word' id='word_1_857' title='bbox 2165 2039 2304 2075; x_wconf 85' lang='lat' dir='ltr'><strong>noxalis</strong></span> <span class='ocrx_word' id='word_1_858' title='bbox 2339 2039 2433 2075; x_wconf 89' lang='lat' dir='ltr'><strong>actio</strong></span> 
     </span>
     <span class='ocr_line' id='line_1_121' title="bbox 1349 2083 2431 2128; baseline 0.001 -10"><span class='ocrx_word' id='word_1_859' title='bbox 1349 2089 1468 2119; x_wconf 90' lang='lat' dir='ltr'><strong>cessat</strong></span> <span class='ocrx_word' id='word_1_860' title='bbox 1495 2087 1532 2119; x_wconf 89' lang='lat' dir='ltr'><strong>et</strong></span> <span class='ocrx_word' id='word_1_861' title='bbox 1561 2083 1599 2119; x_wconf 91' lang='lat' dir='ltr'><strong>in</strong></span> <span class='ocrx_word' id='word_1_862' title='bbox 1628 2094 1710 2119; x_wconf 91' lang='lat' dir='ltr'><strong>eum</strong></span> <span class='ocrx_word' id='word_1_863' title='bbox 1741 2089 1886 2128; x_wconf 90' lang='lat' dir='ltr'><strong>praetor</strong></span> <span class='ocrx_word' id='word_1_864' title='bbox 1917 2085 2010 2120; x_wconf 90' lang='lat' dir='ltr'><strong>hanc</strong></span> <span class='ocrx_word' id='word_1_865' title='bbox 2034 2085 2210 2120; x_wconf 90' lang='lat' dir='ltr'><strong>actionem</strong></span> <span class='ocrx_word' id='word_1_866' title='bbox 2258 2085 2431 2121; x_wconf 89' lang='lat' dir='ltr'><strong>ollicetur.</strong></span> 
     </span>
     <span class='ocr_line' id='line_1_122' title="bbox 1349 2128 2434 2172; baseline 0.002 -8"><span class='ocrx_word' id='word_1_867' title='bbox 1349 2128 1380 2164; x_wconf 87' lang='lat' dir='ltr'><strong>si</strong></span> <span class='ocrx_word' id='word_1_868' title='bbox 1403 2132 1523 2164; x_wconf 87' lang='lat' dir='ltr'><strong>tamen</strong></span> <span class='ocrx_word' id='word_1_869' title='bbox 1554 2139 1627 2164; x_wconf 89' lang='lat' dir='ltr'><strong>non</strong></span> <span class='ocrx_word' id='word_1_870' title='bbox 1654 2129 1811 2172; x_wconf 91' lang='lat' dir='ltr'><strong>habitet,</strong></span> <span class='ocrx_word' id='word_1_871' title='bbox 1850 2130 1914 2165; x_wconf 92' lang='lat' dir='ltr'><strong>sed</strong></span> <span class='ocrx_word' id='word_1_872' title='bbox 1943 2130 2193 2166; x_wconf 89' lang='lat' dir='ltr'><strong>domunculam</strong></span> <span class='ocrx_word' id='word_1_873' title='bbox 2221 2130 2236 2165; x_wconf 90' lang='lat' dir='ltr'><strong>i</strong></span> <span class='ocrx_word' id='word_1_874' title='bbox 2259 2130 2272 2165; x_wconf 95' lang='lat' dir='ltr'><strong>i</strong></span> <span class='ocrx_word' id='word_1_875' title='bbox 2301 2130 2434 2166; x_wconf 86' lang='lat' dir='ltr'><strong>habeat</strong></span> 
     </span>
     <span class='ocr_line' id='line_1_123' title="bbox 1348 2174 2434 2218; baseline 0 -8"><span class='ocrx_word' id='word_1_876' title='bbox 1348 2183 1482 2216; x_wconf 84' lang='lat' dir='ltr'><strong>servus,</strong></span> <span class='ocrx_word' id='word_1_877' title='bbox 1508 2174 1635 2210; x_wconf 88' lang='lat' dir='ltr'><strong>noxale</strong></span> <span class='ocrx_word' id='word_1_878' title='bbox 1658 2174 1826 2210; x_wconf 90' lang='lat' dir='ltr'><strong>iudicium</strong></span> <span class='ocrx_word' id='word_1_879' title='bbox 1845 2176 1914 2210; x_wconf 88' lang='lat' dir='ltr'><strong>erit</strong></span> <span class='ocrx_word' id='word_1_880' title='bbox 1932 2175 2098 2218; x_wconf 86' lang='lat' dir='ltr'><strong>dandum,</strong></span> <span class='ocrx_word' id='word_1_881' title='bbox 2124 2175 2155 2210; x_wconf 90' lang='lat' dir='ltr'><strong>si</strong></span> <span class='ocrx_word' id='word_1_882' title='bbox 2174 2174 2280 2211; x_wconf 92' lang='lat' dir='ltr'><strong>modo</strong></span> <span class='ocrx_word' id='word_1_883' title='bbox 2302 2175 2434 2211; x_wconf 89' lang='lat' dir='ltr'><strong>habere</strong></span> 
     </span>
     <span class='ocr_line' id='line_1_124' title="bbox 1352 2219 2280 2266; baseline 0.001 -13"><span class='ocrx_word' id='word_1_884' title='bbox 1352 2222 1391 2253; x_wconf 85' lang='lat'><strong>12</strong></span> <span class='ocrx_word' id='word_1_885' title='bbox 1439 2229 1546 2264; x_wconf 88' lang='lat' dir='ltr'><strong>posse</strong></span> <span class='ocrx_word' id='word_1_886' title='bbox 1568 2219 1717 2255; x_wconf 90' lang='lat' dir='ltr'><strong>videtur.</strong></span> <span class='ocrx_word' id='word_1_887' title='bbox 1764 2220 1864 2255; x_wconf 84' lang='lat' dir='ltr'><strong>Haec</strong></span> <span class='ocrx_word' id='word_1_888' title='bbox 1887 2220 1983 2256; x_wconf 91' lang='lat' dir='ltr'><strong>actio</strong></span> <span class='ocrx_word' id='word_1_889' title='bbox 2006 2220 2191 2266; x_wconf 88' lang='lat' dir='ltr'><strong>popularis</strong></span> <span class='ocrx_word' id='word_1_890' title='bbox 2214 2225 2280 2256; x_wconf 89' lang='lat' dir='ltr'><strong>est.</strong></span> 
     </span>
    </p>

    <p class='ocr_par' dir='ltr' id='par_1_22' title="bbox 1341 2262 2433 2491">
     <span class='ocr_line' id='line_1_125' title="bbox 1395 2262 2432 2312; baseline 0 -12"><span class='ocrx_word' id='word_1_891' title='bbox 1395 2262 1420 2300; x_wconf 85' lang='lat'>4</span> <span class='ocrx_word' id='word_1_892' title='bbox 1452 2264 1508 2299; x_wconf 80' lang='grc' dir='ltr'><strong>ΡΑ</strong></span> <span class='ocrx_word' id='word_1_893' title='bbox 1517 2274 1612 2299; x_wconf 72' lang='lat' dir='ltr'><em>ULUS</em></span> <span class='ocrx_word' id='word_1_894' title='bbox 1649 2265 1740 2300; x_wconf 81' lang='lat' dir='ltr'><strong>libro</strong></span> <span class='ocrx_word' id='word_1_895' title='bbox 1778 2266 1967 2300; x_wconf 81' lang='lat' dir='ltr'><strong>vicensimo</strong></span> <span class='ocrx_word' id='word_1_896' title='bbox 2003 2266 2155 2312; x_wconf 77' lang='lat' dir='ltr'><strong>septimo</strong></span> <span class='ocrx_word' id='word_1_897' title='bbox 2192 2266 2242 2301; x_wconf 75' lang='lat' dir='ltr'><strong>aa</strong></span> <span class='ocrx_word' id='word_1_898' title='bbox 2279 2265 2432 2302; x_wconf 79' lang='lat' dir='ltr'><strong>edictum</strong></span> 
     </span>
     <span class='ocr_line' id='line_1_126' title="bbox 1341 2309 2432 2356; baseline 0.002 -13"><span class='ocrx_word' id='word_1_899' title='bbox 1341 2310 1529 2355; x_wconf 78' lang='lat' dir='ltr'><strong>praetoris</strong></span> <span class='ocrx_word' id='word_1_900' title='bbox 1593 2310 1790 2355; x_wconf 88' lang='lat' dir='ltr'><strong>Sepulchra</strong></span> <span class='ocrx_word' id='word_1_901' title='bbox 1828 2309 1985 2346; x_wconf 89' lang='lat' dir='ltr'><strong>hostium</strong></span> <span class='ocrx_word' id='word_1_902' title='bbox 2019 2310 2184 2356; x_wconf 85' lang='lat' dir='ltr'><strong>religiosa</strong></span> <span class='ocrx_word' id='word_1_903' title='bbox 2219 2310 2321 2347; x_wconf 88' lang='lat' dir='ltr'><strong>nobis</strong></span> <span class='ocrx_word' id='word_1_904' title='bbox 2360 2320 2432 2346; x_wconf 90' lang='lat' dir='ltr'><strong>nou</strong></span> 
     </span>
     <span class='ocr_line' id='line_1_127' title="bbox 1348 2354 2433 2400; baseline 0.002 -12"><span class='ocrx_word' id='word_1_905' title='bbox 1348 2358 1451 2389; x_wconf 88' lang='lat' dir='ltr'><strong>sunt:</strong></span> <span class='ocrx_word' id='word_1_906' title='bbox 1490 2354 1642 2399; x_wconf 91' lang='lat' dir='ltr'><strong>ideoque</strong></span> <span class='ocrx_word' id='word_1_907' title='bbox 1676 2355 1815 2400; x_wconf 87' lang='lat' dir='ltr'><strong>lapides</strong></span> <span class='ocrx_word' id='word_1_908' title='bbox 1849 2355 1932 2391; x_wconf 89' lang='lat' dir='ltr'><strong>inde</strong></span> <span class='ocrx_word' id='word_1_909' title='bbox 1968 2356 2129 2392; x_wconf 85' lang='lat' dir='ltr'><strong>sublatos</strong></span> <span class='ocrx_word' id='word_1_910' title='bbox 2165 2356 2202 2391; x_wconf 93' lang='lat' dir='ltr'><strong>in</strong></span> <span class='ocrx_word' id='word_1_911' title='bbox 2242 2355 2433 2400; x_wconf 88' lang='lat' dir='ltr'><strong>quemlibet</strong></span> 
     </span>
     <span class='ocr_line' id='line_1_128' title="bbox 1348 2400 2431 2451; baseline 0.002 -17"><span class='ocrx_word' id='word_1_912' title='bbox 1348 2409 1452 2451; x_wconf 75' lang='lat' dir='ltr'><strong>usum</strong></span> <span class='ocrx_word' id='word_1_913' title='bbox 1481 2404 1688 2436; x_wconf 88' lang='lat' dir='ltr'><strong>convertere</strong></span> <span class='ocrx_word' id='word_1_914' title='bbox 1717 2411 1926 2445; x_wconf 87' lang='lat' dir='ltr'><strong>possumus:</strong></span> <span class='ocrx_word' id='word_1_915' title='bbox 1959 2402 2071 2436; x_wconf 65' lang='grc'><strong>1101121</strong></span> <span class='ocrx_word' id='word_1_916' title='bbox 2101 2401 2283 2447; x_wconf 86' lang='lat' dir='ltr'><strong>sepulchri</strong></span> <span class='ocrx_word' id='word_1_917' title='bbox 2311 2400 2431 2437; x_wconf 84' lang='lat' dir='ltr'><strong>violati</strong></span> 
     </span>
     <span class='ocr_line' id='line_1_129' title="bbox 1348 2445 1647 2491; baseline 0 -12"><span class='ocrx_word' id='word_1_918' title='bbox 1348 2448 1442 2480; x_wconf 88' lang='lat' dir='ltr'><strong>actio</strong></span> <span class='ocrx_word' id='word_1_919' title='bbox 1467 2445 1647 2491; x_wconf 89' lang='lat' dir='ltr'><strong>competit.</strong></span> 
     </span>
    </p>

    <p class='ocr_par' dir='ltr' id='par_1_23' title="bbox 1347 2488 2431 2759">
     <span class='ocr_line' id='line_1_130' title="bbox 1394 2488 2431 2527; baseline 0 -1"><span class='ocrx_word' id='word_1_920' title='bbox 1394 2488 1419 2526; x_wconf 84' lang='lat'>5</span> <span class='ocrx_word' id='word_1_921' title='bbox 1445 2488 1674 2525; x_wconf 71' lang='lat' dir='ltr'><strong>Poupomes</strong></span> <span class='ocrx_word' id='word_1_922' title='bbox 1699 2490 1790 2526; x_wconf 80' lang='lat' dir='ltr'><strong>libro</strong></span> <span class='ocrx_word' id='word_1_923' title='bbox 1818 2497 1923 2526; x_wconf 77' lang='lat' dir='ltr'><strong>sexto</strong></span> <span class='ocrx_word' id='word_1_924' title='bbox 1953 2502 2003 2526; x_wconf 72' lang='lat' dir='ltr'><strong>ea:</strong></span> <span class='ocrx_word' id='word_1_925' title='bbox 2027 2490 2172 2526; x_wconf 82' lang='lat' dir='ltr'><strong>Plautio</strong></span> <span class='ocrx_word' id='word_1_926' title='bbox 2219 2490 2361 2527; x_wconf 84' lang='lat' dir='ltr'><strong>Utimur</strong></span> <span class='ocrx_word' id='word_1_927' title='bbox 2389 2501 2431 2526; x_wconf 92' lang='lat' dir='ltr'><strong>eo</strong></span> 
     </span>
     <span class='ocr_line' id='line_1_131' title="bbox 1347 2534 2429 2580; baseline 0.001 -10"><span class='ocrx_word' id='word_1_928' title='bbox 1347 2535 1436 2578; x_wconf 85' lang='lat' dir='ltr'><strong>iure,</strong></span> <span class='ocrx_word' id='word_1_929' title='bbox 1461 2539 1502 2570; x_wconf 89' lang='lat' dir='ltr'><strong>ut</strong></span> <span class='ocrx_word' id='word_1_930' title='bbox 1525 2534 1676 2571; x_wconf 89' lang='lat' dir='ltr'><strong>dominis</strong></span> <span class='ocrx_word' id='word_1_931' title='bbox 1695 2535 1899 2577; x_wconf 89' lang='lat' dir='ltr'><strong>fundorum,</strong></span> <span class='ocrx_word' id='word_1_932' title='bbox 1922 2535 1961 2571; x_wconf 93' lang='lat' dir='ltr'><strong>in</strong></span> <span class='ocrx_word' id='word_1_933' title='bbox 1980 2535 2109 2580; x_wconf 91' lang='lat' dir='ltr'><strong>quibus</strong></span> <span class='ocrx_word' id='word_1_934' title='bbox 2126 2546 2165 2571; x_wconf 90' lang='lat' dir='ltr'><strong>se</strong></span> <span class='ocrx_word' id='word_1_935' title='bbox 2191 2535 2319 2571; x_wconf 84' lang='lat' dir='ltr'><strong>ulchra</strong></span> <span class='ocrx_word' id='word_1_936' title='bbox 2336 2535 2429 2571; x_wconf 87' lang='lat' dir='ltr'><strong>fece-</strong></span> 
     </span>
     <span class='ocr_line' id='line_1_132' title="bbox 1347 2579 2430 2626; baseline 0.002 -11"><span class='ocrx_word' id='word_1_937' title='bbox 1347 2580 1437 2624; x_wconf 89' lang='lat' dir='ltr'><strong>rint,</strong></span> <span class='ocrx_word' id='word_1_938' title='bbox 1471 2579 1578 2616; x_wconf 88' lang='lat' dir='ltr'><strong>etiam</strong></span> <span class='ocrx_word' id='word_1_939' title='bbox 1602 2585 1685 2626; x_wconf 92' lang='lat' dir='ltr'><strong>post</strong></span> <span class='ocrx_word' id='word_1_940' title='bbox 1702 2580 1867 2617; x_wconf 79' lang='lat' dir='ltr'><strong>venditos</strong></span> <span class='ocrx_word' id='word_1_941' title='bbox 1890 2580 2022 2617; x_wconf 86' lang='lat' dir='ltr'><strong>fundos</strong></span> <span class='ocrx_word' id='word_1_942' title='bbox 2045 2580 2162 2617; x_wconf 89' lang='lat' dir='ltr'><strong>adeun</strong></span> <span class='ocrx_word' id='word_1_943' title='bbox 2187 2591 2290 2616; x_wconf 87' lang='lat' dir='ltr'><strong>orum</strong></span> <span class='ocrx_word' id='word_1_944' title='bbox 2312 2581 2430 2626; x_wconf 88' lang='lat' dir='ltr'><strong>sepul·</strong></span> 
     </span>
     <span class='ocr_line' id='line_1_133' title="bbox 1349 2625 2430 2672; baseline 0.002 -12"><span class='ocrx_word' id='word_1_945' title='bbox 1349 2625 1516 2661; x_wconf 88' lang='lat' dir='ltr'><strong>chrorum</strong></span> <span class='ocrx_word' id='word_1_946' title='bbox 1547 2626 1594 2661; x_wconf 91' lang='lat' dir='ltr'><strong>sit</strong></span> <span class='ocrx_word' id='word_1_947' title='bbox 1623 2626 1691 2661; x_wconf 89' lang='lat' dir='ltr'><strong>ius.</strong></span> <span class='ocrx_word' id='word_1_948' title='bbox 1746 2625 1882 2671; x_wconf 85' lang='lat' dir='ltr'><strong>legibus</strong></span> <span class='ocrx_word' id='word_1_949' title='bbox 1911 2636 2065 2672; x_wconf 88' lang='lat' dir='ltr'><strong>namque</strong></span> <span class='ocrx_word' id='word_1_950' title='bbox 2091 2625 2318 2671; x_wconf 78' lang='lat' dir='ltr'><strong>praediorum</strong></span> <span class='ocrx_word' id='word_1_951' title='bbox 2347 2636 2430 2662; x_wconf 84' lang='lat' dir='ltr'><strong>ven-</strong></span> 
     </span>
     <span class='ocr_line' id='line_1_134' title="bbox 1349 2670 2431 2737; baseline 0.001 -31"><span class='ocrx_word' id='word_1_952' title='bbox 1349 2670 1548 2706; x_wconf 89' lang='lat' dir='ltr'><strong>dundorum</strong></span> <span class='ocrx_word' id='word_1_953' title='bbox 1572 2675 1734 2715; x_wconf 86' lang='lat' dir='ltr'><strong>cavetur,</strong></span> <span class='ocrx_word' id='word_1_954' title='bbox 1767 2675 1808 2706; x_wconf 95' lang='lat' dir='ltr'><strong>ut</strong></span> <span class='ocrx_word' id='word_1_955' title='bbox 1830 2671 1877 2707; x_wconf 88' lang='lat' dir='ltr'><strong>ad</strong></span> <span class='ocrx_word' id='word_1_956' title='bbox 1900 2671 2108 2717; x_wconf 89' lang='lat' dir='ltr'><strong>sepulchra,</strong></span> <span class='ocrx_word' id='word_1_957' title='bbox 2137 2681 2228 2737; x_wconf 57' lang='lat' dir='ltr'><strong>quae</strong></span> <span class='ocrx_word' id='word_1_958' title='bbox 2252 2672 2289 2706; x_wconf 94' lang='lat' dir='ltr'><strong>in</strong></span> <span class='ocrx_word' id='word_1_959' title='bbox 2310 2670 2431 2707; x_wconf 86' lang='lat' dir='ltr'><strong>fundis</strong></span> 
     </span>
     <span class='ocr_line' id='line_1_135' title="bbox 1348 2716 2429 2759; baseline 0 -8"><span class='ocrx_word' id='word_1_960' title='bbox 1348 2719 1442 2759; x_wconf 89' lang='lat' dir='ltr'><strong>sunt,</strong></span> <span class='ocrx_word' id='word_1_961' title='bbox 1466 2716 1551 2751; x_wconf 92' lang='lat' dir='ltr'><strong>item</strong></span> <span class='ocrx_word' id='word_1_962' title='bbox 1575 2716 1650 2752; x_wconf 91' lang='lat' dir='ltr'><strong>eius</strong></span> <span class='ocrx_word' id='word_1_963' title='bbox 1658 2717 1690 2738; x_wconf 74' lang='lat'><strong>²2</strong></span> <span class='ocrx_word' id='word_1_964' title='bbox 1712 2716 1829 2752; x_wconf 78' lang='lat' dir='ltr'><strong>aditus</strong></span> <span class='ocrx_word' id='word_1_965' title='bbox 1847 2716 2001 2752; x_wconf 88' lang='lat' dir='ltr'><strong>ambitus</strong></span> <span class='ocrx_word' id='word_1_966' title='bbox 2018 2716 2136 2752; x_wconf 88' lang='lat' dir='ltr'><strong>funeri</strong></span> <span class='ocrx_word' id='word_1_967' title='bbox 2162 2717 2177 2738; x_wconf 81' lang='lat'><strong>³</strong></span> <span class='ocrx_word' id='word_1_968' title='bbox 2200 2716 2354 2752; x_wconf 89' lang='lat' dir='ltr'><strong>faciendi</strong></span> <span class='ocrx_word' id='word_1_969' title='bbox 2373 2716 2429 2752; x_wconf 87' lang='lat' dir='ltr'><strong>sit.</strong></span> 
     </span>
    </p>

    <p class='ocr_par' dir='ltr' id='par_1_24' title="bbox 1347 2758 2431 3040">
     <span class='ocr_line' id='line_1_136' title="bbox 1395 2758 2431 2808; baseline -0.001 -11"><span class='ocrx_word' id='word_1_970' title='bbox 1395 2758 1419 2798; x_wconf 83' lang='grc'>6</span> <span class='ocrx_word' id='word_1_971' title='bbox 1452 2760 1645 2796; x_wconf 72' lang='lat' dir='ltr'><em>IULIANUS</em></span> <span class='ocrx_word' id='word_1_972' title='bbox 1678 2761 1768 2797; x_wconf 82' lang='lat' dir='ltr'><strong>libro</strong></span> <span class='ocrx_word' id='word_1_973' title='bbox 1800 2761 1936 2797; x_wconf 81' lang='lat' dir='ltr'><strong>decimo</strong></span> <span class='ocrx_word' id='word_1_974' title='bbox 1971 2762 2192 2808; x_wconf 64' lang='lat' dir='ltr'><strong>digestorum</strong></span> <span class='ocrx_word' id='word_1_975' title='bbox 2245 2761 2431 2807; x_wconf 89' lang='lat' dir='ltr'><strong>Sepulchri</strong></span> 
     </span>
     <span class='ocr_line' id='line_1_137' title="bbox 1347 2805 2429 2852; baseline 0.001 -11"><span class='ocrx_word' id='word_1_976' title='bbox 1347 2805 1471 2842; x_wconf 85' lang='lat' dir='ltr'><strong>violati</strong></span> <span class='ocrx_word' id='word_1_977' title='bbox 1499 2806 1593 2842; x_wconf 87' lang='lat' dir='ltr'><strong>actio</strong></span> <span class='ocrx_word' id='word_1_978' title='bbox 1622 2806 1661 2842; x_wconf 90' lang='lat' dir='ltr'><strong>in</strong></span> <span class='ocrx_word' id='word_1_979' title='bbox 1688 2806 1810 2852; x_wconf 86' lang='lat' dir='ltr'><strong>primis</strong></span> <span class='ocrx_word' id='word_1_980' title='bbox 1835 2806 1941 2842; x_wconf 88' lang='lat' dir='ltr'><strong>datur</strong></span> <span class='ocrx_word' id='word_1_981' title='bbox 1964 2807 2012 2848; x_wconf 88' lang='lat' dir='ltr'><strong>ei,</strong></span> <span class='ocrx_word' id='word_1_982' title='bbox 2044 2806 2091 2842; x_wconf 82' lang='lat' dir='ltr'><strong>ad</strong></span> <span class='ocrx_word' id='word_1_983' title='bbox 2114 2816 2219 2852; x_wconf 89' lang='lat' dir='ltr'><strong>quem</strong></span> <span class='ocrx_word' id='word_1_984' title='bbox 2241 2817 2298 2842; x_wconf 90' lang='lat' dir='ltr'><strong>res</strong></span> <span class='ocrx_word' id='word_1_985' title='bbox 2321 2807 2429 2851; x_wconf 88' lang='lat' dir='ltr'><strong>perti·</strong></span> 
     </span>
     <span class='ocr_line' id='line_1_138' title="bbox 1348 2850 2429 2897; baseline 0.001 -11"><span class='ocrx_word' id='word_1_986' title='bbox 1348 2856 1420 2886; x_wconf 88' lang='lat' dir='ltr'><strong>net.</strong></span> <span class='ocrx_word' id='word_1_987' title='bbox 1459 2862 1530 2896; x_wconf 88' lang='lat' dir='ltr'><strong>quo</strong></span> <span class='ocrx_word' id='word_1_988' title='bbox 1556 2856 1719 2887; x_wconf 89' lang='lat' dir='ltr'><strong>cessante</strong></span> <span class='ocrx_word' id='word_1_989' title='bbox 1743 2852 1774 2887; x_wconf 92' lang='lat' dir='ltr'><strong>si</strong></span> <span class='ocrx_word' id='word_1_990' title='bbox 1797 2851 1887 2887; x_wconf 86' lang='lat' dir='ltr'><strong>alius</strong></span> <span class='ocrx_word' id='word_1_991' title='bbox 1911 2852 2032 2897; x_wconf 79' lang='lat' dir='ltr'><strong>egerit,</strong></span> <span class='ocrx_word' id='word_1_992' title='bbox 2081 2851 2216 2887; x_wconf 88' lang='lat' dir='ltr'><strong>uamvis</strong></span> <span class='ocrx_word' id='word_1_993' title='bbox 2239 2851 2292 2887; x_wconf 90' lang='lat' dir='ltr'><strong>rei</strong></span> <span class='ocrx_word' id='word_1_994' title='bbox 2314 2850 2429 2896; x_wconf 90' lang='lat' dir='ltr'><strong>publi-</strong></span> 
     </span>
     <span class='ocr_line' id='line_1_139' title="bbox 1349 2896 2429 2941; baseline 0 -10"><span class='ocrx_word' id='word_1_995' title='bbox 1349 2907 1414 2932; x_wconf 90' lang='lat' dir='ltr'><strong>cae</strong></span> <span class='ocrx_word' id='word_1_996' title='bbox 1444 2907 1555 2932; x_wconf 89' lang='lat' dir='ltr'><strong>causa</strong></span> <span class='ocrx_word' id='word_1_997' title='bbox 1586 2896 1717 2932; x_wconf 88' lang='lat' dir='ltr'><strong>afuerit</strong></span> <span class='ocrx_word' id='word_1_998' title='bbox 1748 2896 1927 2940; x_wconf 90' lang='lat' dir='ltr'><strong>dominus,</strong></span> <span class='ocrx_word' id='word_1_999' title='bbox 1959 2907 2032 2932; x_wconf 91' lang='lat' dir='ltr'><strong>non</strong></span> <span class='ocrx_word' id='word_1_1000' title='bbox 2086 2896 2204 2932; x_wconf 89' lang='lat' dir='ltr'><strong>ebebit</strong></span> <span class='ocrx_word' id='word_1_1001' title='bbox 2226 2907 2271 2932; x_wconf 86' lang='lat' dir='ltr'><strong>ex</strong></span> <span class='ocrx_word' id='word_1_1002' title='bbox 2292 2897 2429 2941; x_wconf 83' lang='lat' dir='ltr'><strong>integro</strong></span> 
     </span>
     <span class='ocr_line' id='line_1_140' title="bbox 1349 2941 2428 2987; baseline 0.001 -11"><span class='ocrx_word' id='word_1_1003' title='bbox 1349 2941 1519 2977; x_wconf 87' lang='lat' dir='ltr'><strong>adversus</strong></span> <span class='ocrx_word' id='word_1_1004' title='bbox 1537 2952 1628 2985; x_wconf 90' lang='lat' dir='ltr'><strong>eum,</strong></span> <span class='ocrx_word' id='word_1_1005' title='bbox 1653 2942 1712 2987; x_wconf 88' lang='lat' dir='ltr'><strong>qui</strong></span> <span class='ocrx_word' id='word_1_1006' title='bbox 1730 2941 1802 2977; x_wconf 91' lang='lat' dir='ltr'><strong>litis</strong></span> <span class='ocrx_word' id='word_1_1007' title='bbox 1821 2941 2102 2977; x_wconf 87' lang='lat' dir='ltr'><strong>aestimationem</strong></span> <span class='ocrx_word' id='word_1_1008' title='bbox 2121 2941 2315 2984; x_wconf 89' lang='lat' dir='ltr'><strong>sustulerit,</strong></span> <span class='ocrx_word' id='word_1_1009' title='bbox 2339 2941 2428 2977; x_wconf 82' lang='lat' dir='ltr'><strong>dari.</strong></span> 
     </span>
     <span class='ocr_line' id='line_1_141' title="bbox 1348 2986 2430 3040; baseline 0 -18"><span class='ocrx_word' id='word_1_1010' title='bbox 1348 2997 1414 3022; x_wconf 90' lang='lat' dir='ltr'><strong>nec</strong></span> <span class='ocrx_word' id='word_1_1011' title='bbox 1437 2992 1558 3040; x_wconf 84' lang='lat' dir='ltr'><strong>potest</strong></span> <span class='ocrx_word' id='word_1_1012' title='bbox 1580 2986 1691 3022; x_wconf 91' lang='lat' dir='ltr'><strong>videri</strong></span> <span class='ocrx_word' id='word_1_1013' title='bbox 1714 2987 1869 3022; x_wconf 90' lang='lat' dir='ltr'><strong>deterior</strong></span> <span class='ocrx_word' id='word_1_1014' title='bbox 1892 2987 1968 3022; x_wconf 88' lang='lat' dir='ltr'><strong>fieri</strong></span> <span class='ocrx_word' id='word_1_1015' title='bbox 1993 2986 2154 3023; x_wconf 89' lang='lat' dir='ltr'><strong>condicio</strong></span> <span class='ocrx_word' id='word_1_1016' title='bbox 2178 2987 2272 3030; x_wconf 89' lang='lat' dir='ltr'><strong>eius,</strong></span> <span class='ocrx_word' id='word_1_1017' title='bbox 2321 2986 2357 3022; x_wconf 90' lang='lat' dir='ltr'><strong>ui</strong></span> <span class='ocrx_word' id='word_1_1018' title='bbox 2379 2987 2430 3022; x_wconf 88' lang='lat' dir='ltr'><strong>rei</strong></span> 
     </span>
    </p>
   </div>
   <div class='ocr_carea' id='block_1_12' title="bbox 1363 3031 2429 3166">
    <p class='ocr_par' dir='ltr' id='par_1_25' title="bbox 1363 3031 2429 3166">
     <span class='ocr_line' id='line_1_142' title="bbox 1374 3031 2428 3075; baseline -0.001 -8"><span class='ocrx_word' id='word_1_1019' title='bbox 1374 3032 1514 3067; x_wconf 90' lang='lat' dir='ltr'><strong>ubhcae</strong></span> <span class='ocrx_word' id='word_1_1020' title='bbox 1545 3041 1656 3068; x_wconf 88' lang='lat' dir='ltr'><strong>causa</strong></span> <span class='ocrx_word' id='word_1_1021' title='bbox 1685 3031 1793 3075; x_wconf 84' lang='lat' dir='ltr'><strong>afuit,</strong></span> <span class='ocrx_word' id='word_1_1022' title='bbox 1826 3042 1907 3067; x_wconf 90' lang='lat' dir='ltr'><strong>cum</strong></span> <span class='ocrx_word' id='word_1_1023' title='bbox 1937 3032 2025 3068; x_wconf 87' lang='lat' dir='ltr'><strong>haec</strong></span> <span class='ocrx_word' id='word_1_1024' title='bbox 2055 3032 2148 3068; x_wconf 86' lang='lat' dir='ltr'><strong>actio</strong></span> <span class='ocrx_word' id='word_1_1025' title='bbox 2179 3042 2251 3067; x_wconf 90' lang='lat' dir='ltr'><strong>non</strong></span> <span class='ocrx_word' id='word_1_1026' title='bbox 2355 3042 2428 3067; x_wconf 91' lang='lat' dir='ltr'><strong>rem</strong></span> 
     </span>
     <span class='ocr_line' id='line_1_143' title="bbox 1363 3076 2427 3122; baseline -0.001 -10"><span class='ocrx_word' id='word_1_1027' title='bbox 1363 3077 1558 3113; x_wconf 89' lang='lat' dir='ltr'><strong>amiliarem</strong></span> <span class='ocrx_word' id='word_1_1028' title='bbox 1582 3076 1756 3119; x_wconf 88' lang='lat' dir='ltr'><strong>eiusdem,</strong></span> <span class='ocrx_word' id='word_1_1029' title='bbox 1787 3076 1935 3122; x_wconf 77' lang='lat' dir='ltr'><strong>²⁴magis</strong></span> <span class='ocrx_word' id='word_1_1030' title='bbox 1963 3077 2009 3112; x_wconf 90' lang='lat' dir='ltr'><strong>ad</strong></span> <span class='ocrx_word' id='word_1_1031' title='bbox 2041 3077 2211 3113; x_wconf 86' lang='lat' dir='ltr'><strong>ultionem</strong></span> <span class='ocrx_word' id='word_1_1032' title='bbox 2267 3077 2427 3112; x_wconf 84' lang='lat' dir='ltr'><strong>ertineat.</strong></span> 
     </span>
     <span class='ocr_line' id='line_1_144' title="bbox 1395 3120 2429 3166; baseline -0.003 -7"><span class='ocrx_word' id='word_1_1033' title='bbox 1395 3120 1418 3159; x_wconf 85' lang='lat'><strong>7</strong></span> <span class='ocrx_word' id='word_1_1034' title='bbox 1445 3121 1682 3158; x_wconf 60' lang='lat' dir='ltr'><strong>Mane-unns</strong></span> <span class='ocrx_word' id='word_1_1035' title='bbox 1702 3122 1793 3157; x_wconf 76' lang='lat' dir='ltr'><strong>libro</strong></span> <span class='ocrx_word' id='word_1_1036' title='bbox 1815 3123 1919 3158; x_wconf 83' lang='lat' dir='ltr'><strong>tertio</strong></span> <span class='ocrx_word' id='word_1_1037' title='bbox 1939 3122 2199 3157; x_wconf 77' lang='lat' dir='ltr'><strong>institutionum</strong></span> <span class='ocrx_word' id='word_1_1038' title='bbox 2257 3121 2429 3166; x_wconf 87' lang='lat' dir='ltr'><strong>&#39;epulchri</strong></span> 
     </span>
    </p>
   </div>
   <div class='ocr_carea' id='block_1_13' title="bbox 1345 3166 2429 3484">
    <p class='ocr_par' dir='ltr' id='par_1_26' title="bbox 1346 3166 2427 3293">
     <span class='ocr_line' id='line_1_145' title="bbox 1348 3166 2425 3212; baseline 0 -10"><span class='ocrx_word' id='word_1_1039' title='bbox 1348 3166 1557 3203; x_wconf 89' lang='lat' dir='ltr'><strong>deteriorem</strong></span> <span class='ocrx_word' id='word_1_1040' title='bbox 1577 3166 1821 3203; x_wconf 89' lang='lat' dir='ltr'><strong>condicionem</strong></span> <span class='ocrx_word' id='word_1_1041' title='bbox 1838 3167 1916 3202; x_wconf 86' lang='lat' dir='ltr'><strong>fieri</strong></span> <span class='ocrx_word' id='word_1_1042' title='bbox 1934 3166 2151 3212; x_wconf 90' lang='lat' dir='ltr'><strong>prohibitum</strong></span> <span class='ocrx_word' id='word_1_1043' title='bbox 2167 3169 2240 3202; x_wconf 89' lang='lat' dir='ltr'><strong>est:</strong></span> <span class='ocrx_word' id='word_1_1044' title='bbox 2265 3166 2329 3202; x_wconf 89' lang='lat' dir='ltr'><strong>sed</strong></span> <span class='ocrx_word' id='word_1_1045' title='bbox 2350 3177 2425 3202; x_wconf 88' lang='lat' dir='ltr'><strong>cor-</strong></span> 
     </span>
     <span class='ocr_line' id='line_1_146' title="bbox 1346 3211 2427 3293; baseline -0.001 -46"><span class='ocrx_word' id='word_1_1046' title='bbox 1346 3215 1503 3293; x_wconf 44' lang='lat' dir='ltr'><strong>¹raupttsunlii</strong></span> <span class='ocrx_word' id='word_1_1047' title='bbox 1517 3216 1561 3292; x_wconf 79' lang='lat' dir='ltr'><strong>ett</strong></span> <span class='ocrx_word' id='word_1_1048' title='bbox 1574 3211 1715 3291; x_wconf 73' lang='lat' dir='ltr'><strong>¹²²¹&#39;fi⁸¹²m</strong></span> <span class='ocrx_word' id='word_1_1049' title='bbox 1738 3216 2004 3248; x_wconf 89' lang='lat' dir='ltr'><strong>monumentum</strong></span> <span class='ocrx_word' id='word_1_1050' title='bbox 2023 3211 2232 3258; x_wconf 88' lang='lat' dir='ltr'><strong>corporibus</strong></span> <span class='ocrx_word' id='word_1_1051' title='bbox 2252 3221 2326 3247; x_wconf 91' lang='lat' dir='ltr'><strong>non</strong></span> <span class='ocrx_word' id='word_1_1052' title='bbox 2343 3221 2427 3247; x_wconf 83' lang='lat' dir='ltr'><strong>con·</strong></span> 
     </span>
    </p>

    <p class='ocr_par' dir='ltr' id='par_1_27' title="bbox 1387 3267 1742 3293">
     <span class='ocr_line' id='line_1_147' title="bbox 1387 3267 1742 3293; baseline -0.003 0"><span class='ocrx_word' id='word_1_1053' title='bbox 1387 3268 1406 3293; x_wconf 95' lang='grc'><strong>0</strong></span> <span class='ocrx_word' id='word_1_1054' title='bbox 1503 3267 1544 3293; x_wconf 91' lang='lat' dir='ltr'><strong>ce</strong></span> <span class='ocrx_word' id='word_1_1055' title='bbox 1582 3267 1623 3293; x_wconf 89' lang='lat' dir='ltr'><strong>re</strong></span> <span class='ocrx_word' id='word_1_1056' title='bbox 1650 3267 1742 3293; x_wconf 89' lang='lat' dir='ltr'><strong>cere.</strong></span> 
     </span>
    </p>

    <p class='ocr_par' dir='ltr' id='par_1_28' title="bbox 1345 3301 2429 3484">
     <span class='ocr_line' id='line_1_148' title="bbox 1393 3301 2426 3349; baseline -0.002 -10"><span class='ocrx_word' id='word_1_1057' title='bbox 1393 3301 1418 3340; x_wconf 88' lang='lat'>8</span> <span class='ocrx_word' id='word_1_1058' title='bbox 1442 3301 1584 3338; x_wconf 54' lang='lat' dir='ltr'><strong>Macen</strong></span> <span class='ocrx_word' id='word_1_1059' title='bbox 1613 3302 1703 3338; x_wconf 75' lang='lat' dir='ltr'><strong>libro</strong></span> <span class='ocrx_word' id='word_1_1060' title='bbox 1720 3303 1844 3349; x_wconf 64' lang='lat' dir='ltr'><strong>primo</strong></span> <span class='ocrx_word' id='word_1_1061' title='bbox 1896 3302 2093 3338; x_wconf 78' lang='lat' dir='ltr'><strong>ublicorum</strong></span> <span class='ocrx_word' id='word_1_1062' title='bbox 2140 3301 2186 3337; x_wconf 86' lang='lat' dir='ltr'><strong>Se</strong></span> <span class='ocrx_word' id='word_1_1063' title='bbox 2212 3301 2326 3337; x_wconf 90' lang='lat' dir='ltr'><strong>ulchri</strong></span> <span class='ocrx_word' id='word_1_1064' title='bbox 2353 3301 2426 3337; x_wconf 80' lang='lat' dir='ltr'><strong>vio-</strong></span> 
     </span>
     <span class='ocr_line' id='line_1_149' title="bbox 1345 3312 2428 3400; baseline -0.001 -17"><span class='ocrx_word' id='word_1_1065' title='bbox 1345 3346 1411 3383; x_wconf 85' lang='lat' dir='ltr'><strong>lati</strong></span> <span class='ocrx_word' id='word_1_1066' title='bbox 1434 3347 1567 3383; x_wconf 89' lang='lat' dir='ltr'><strong>crimen</strong></span> <span class='ocrx_word' id='word_1_1067' title='bbox 1590 3351 1711 3400; x_wconf 79' lang='lat' dir='ltr'><strong>potest</strong></span> <span class='ocrx_word' id='word_1_1068' title='bbox 1734 3347 1804 3383; x_wconf 90' lang='lat' dir='ltr'><strong>dici</strong></span> <span class='ocrx_word' id='word_1_1069' title='bbox 1827 3313 1909 3383; x_wconf 67' lang='lat' dir='ltr'><strong>adpl</strong></span> <span class='ocrx_word' id='word_1_1070' title='bbox 1952 3356 2008 3382; x_wconf 88' lang='lat' dir='ltr'><strong>em</strong></span> <span class='ocrx_word' id='word_1_1071' title='bbox 2025 3345 2152 3381; x_wconf 84' lang='lat' dir='ltr'><strong>Iuliam</strong></span> <span class='ocrx_word' id='word_1_1072' title='bbox 2171 3312 2216 3382; x_wconf 57' lang='lat' dir='ltr'><strong>‹ss</strong></span> <span class='ocrx_word' id='word_1_1073' title='bbox 2232 3345 2428 3400; x_wconf 71' lang='lat' dir='ltr'><strong>vipublica</strong></span> 
     </span>
     <span class='ocr_line' id='line_1_150' title="bbox 1345 3391 2429 3438; baseline -0.001 -10"><span class='ocrx_word' id='word_1_1074' title='bbox 1345 3391 1524 3438; x_wconf 87' lang='lat' dir='ltr'><strong>pertinere</strong></span> <span class='ocrx_word' id='word_1_1075' title='bbox 1548 3402 1593 3427; x_wconf 84' lang='lat' dir='ltr'><strong>ex</strong></span> <span class='ocrx_word' id='word_1_1076' title='bbox 1614 3392 1678 3427; x_wconf 89' lang='lat' dir='ltr'><strong>illa</strong></span> <span class='ocrx_word' id='word_1_1077' title='bbox 1692 3396 1807 3437; x_wconf 87' lang='lat' dir='ltr'><strong>parte,</strong></span> <span class='ocrx_word' id='word_1_1078' title='bbox 1832 3402 1904 3438; x_wconf 85' lang='lat' dir='ltr'><strong>qua</strong></span> <span class='ocrx_word' id='word_1_1079' title='bbox 1945 3401 1965 3427; x_wconf 89' lang='lat' dir='ltr'><strong>e</strong></span> <span class='ocrx_word' id='word_1_1080' title='bbox 1984 3401 2026 3427; x_wconf 91' lang='lat' dir='ltr'><strong>eo</strong></span> <span class='ocrx_word' id='word_1_1081' title='bbox 2047 3395 2204 3434; x_wconf 85' lang='lat' dir='ltr'><strong>cavetur,</strong></span> <span class='ocrx_word' id='word_1_1082' title='bbox 2227 3402 2290 3436; x_wconf 91' lang='lat' dir='ltr'><strong>qui</strong></span> <span class='ocrx_word' id='word_1_1083' title='bbox 2304 3392 2429 3427; x_wconf 80' lang='lat' dir='ltr'><strong>fecerit</strong></span> 
     </span>
     <span class='ocr_line' id='line_1_151' title="bbox 1345 3436 2428 3484; baseline -0.002 -10"><span class='ocrx_word' id='word_1_1084' title='bbox 1345 3437 1450 3484; x_wconf 87' lang='lat' dir='ltr'><strong>quid,</strong></span> <span class='ocrx_word' id='word_1_1085' title='bbox 1474 3447 1545 3483; x_wconf 88' lang='lat' dir='ltr'><strong>quo</strong></span> <span class='ocrx_word' id='word_1_1086' title='bbox 1568 3437 1686 3473; x_wconf 86' lang='lat' dir='ltr'><strong>minus</strong></span> <span class='ocrx_word' id='word_1_1087' title='bbox 1710 3437 1838 3484; x_wconf 85' lang='lat' dir='ltr'><strong>aliquis</strong></span> <span class='ocrx_word' id='word_1_1088' title='bbox 1860 3437 2046 3473; x_wconf 87' lang='lat' dir='ltr'><strong>funeretur</strong></span> <span class='ocrx_word' id='word_1_1089' title='bbox 2068 3436 2318 3483; x_wconf 73' lang='lat' dir='ltr'><strong>sepeliatur-ve:</strong></span> <span class='ocrx_word' id='word_1_1090' title='bbox 2344 3436 2428 3483; x_wconf 89' lang='lat' dir='ltr'><strong>quia</strong></span> 
     </span>
    </p>
   </div>
   <div class='ocr_carea' id='block_1_14' title="bbox 1343 3551 1658 3808">
    <p class='ocr_par' dir='ltr' id='par_1_29' title="bbox 1343 3551 1658 3808">
     <span class='ocr_line' id='line_1_152' title="bbox 1350 3551 1588 3594; baseline 0 -9"><span class='ocrx_word' id='word_1_1091' title='bbox 1350 3551 1399 3594; x_wconf 85' lang='lat' dir='ltr'><strong>Cs-</strong></span> <span class='ocrx_word' id='word_1_1092' title='bbox 1419 3551 1495 3584; x_wconf 82' lang='lat' dir='ltr'><strong>Cod.</strong></span> <span class='ocrx_word' id='word_1_1093' title='bbox 1510 3551 1542 3592; x_wconf 82' lang='lat'><strong>9,</strong></span> <span class='ocrx_word' id='word_1_1094' title='bbox 1556 3558 1588 3585; x_wconf 72' lang='grc' dir='ltr'><strong>ιθ</strong></span> 
     </span>
     <span class='ocr_line' id='line_1_153' title="bbox 1346 3595 1528 3638; baseline 0 -10"><span class='ocrx_word' id='word_1_1095' title='bbox 1346 3595 1435 3638; x_wconf 84' lang='grc' dir='ltr'>(10οᾶ</span> <span class='ocrx_word' id='word_1_1096' title='bbox 1447 3596 1528 3629; x_wconf 76' lang='lat' dir='ltr'><strong>Hal.</strong></span> 
     </span>
     <span class='ocr_line' id='line_1_154' title="bbox 1345 3640 1468 3684; baseline -0.008 -10"><span class='ocrx_word' id='word_1_1097' title='bbox 1345 3640 1468 3684; x_wconf 81' lang='lat' dir='ltr'><strong>oppida</strong></span> 
     </span>
     <span class='ocr_line' id='line_1_155' title="bbox 1346 3684 1658 3727; baseline 0 -7"><span class='ocrx_word' id='word_1_1098' title='bbox 1346 3690 1406 3727; x_wconf 86' lang='grc'>(10)</span> <span class='ocrx_word' id='word_1_1099' title='bbox 1430 3684 1568 3718; x_wconf 77' lang='lat' dir='ltr'><strong>eandem</strong></span> <span class='ocrx_word' id='word_1_1100' title='bbox 1581 3687 1658 3720; x_wconf 75' lang='lat' dir='ltr'><strong>dete.</strong></span> 
     </span>
     <span class='ocr_line' id='line_1_156' title="bbox 1345 3731 1577 3771; baseline -0.009 -6"><span class='ocrx_word' id='word_1_1101' title='bbox 1345 3732 1404 3771; x_wconf 80' lang='lat'><strong>(21)</strong></span> <span class='ocrx_word' id='word_1_1102' title='bbox 1429 3740 1490 3763; x_wconf 81' lang='lat' dir='ltr'><strong>neo</strong></span> <span class='ocrx_word' id='word_1_1103' title='bbox 1502 3731 1577 3764; x_wconf 78' lang='lat' dir='ltr'><strong>deu.</strong></span> 
     </span>
     <span class='ocr_line' id='line_1_157' title="bbox 1343 3775 1497 3808; baseline 0 0"><span class='ocrx_word' id='word_1_1104' title='bbox 1343 3775 1497 3808; x_wconf 76' lang='grc'>0001111011</span> 
     </span>
    </p>
   </div>
   <div class='ocr_carea' id='block_1_15' title="bbox 1614 3550 2204 3638">
    <p class='ocr_par' dir='ltr' id='par_1_30' title="bbox 1614 3550 2204 3638">
     <span class='ocr_line' id='line_1_158' title="bbox 1695 3550 2143 3593; baseline -0.007 -7"><span class='ocrx_word' id='word_1_1105' title='bbox 1695 3555 1753 3592; x_wconf 80' lang='lat' dir='ltr'><strong>(u)</strong></span> <span class='ocrx_word' id='word_1_1106' title='bbox 1777 3552 1826 3585; x_wconf 73' lang='lat' dir='ltr'><strong>sic</strong></span> <span class='ocrx_word' id='word_1_1107' title='bbox 1844 3550 1891 3593; x_wconf 91' lang='lat' dir='ltr'><strong>B,</strong></span> <span class='ocrx_word' id='word_1_1108' title='bbox 1910 3550 2091 3583; x_wconf 70' lang='lat' dir='ltr'><strong>usuariam</strong></span> <span class='ocrx_word' id='word_1_1109' title='bbox 2109 3550 2143 3584; x_wconf 77' lang='lat' dir='ltr'><em>F</em></span> 
     </span>
     <span class='ocr_line' id='line_1_159' title="bbox 1614 3595 2204 3638; baseline -0.002 -8"><span class='ocrx_word' id='word_1_1110' title='bbox 1614 3599 1674 3637; x_wconf 82' lang='grc'>(10)</span> <span class='ocrx_word' id='word_1_1111' title='bbox 1699 3595 1857 3638; x_wconf 82' lang='lat' dir='ltr'><strong>eiusdem]</strong></span> <span class='ocrx_word' id='word_1_1112' title='bbox 1871 3595 2015 3628; x_wconf 86' lang='lat' dir='ltr'><strong>edictum</strong></span> <span class='ocrx_word' id='word_1_1113' title='bbox 2028 3596 2204 3629; x_wconf 59' lang='lat' dir='ltr'><strong>dur-nand</strong></span> 
     </span>
    </p>
   </div>
   <div class='ocr_carea' id='block_1_16' title="bbox 1497 3551 2427 3818">
    <p class='ocr_par' dir='ltr' id='par_1_31' title="bbox 1497 3551 2427 3818">
     <span class='ocr_line' id='line_1_160' title="bbox 2242 3551 2424 3593; baseline -0.011 -8"><span class='ocrx_word' id='word_1_1114' title='bbox 2242 3551 2303 3593; x_wconf 72' lang='lat'><strong>(1⁶)</strong></span> <span class='ocrx_word' id='word_1_1115' title='bbox 2326 3561 2424 3593; x_wconf 85' lang='lat' dir='ltr'><strong>quam</strong></span> 
     </span>
     <span class='ocr_line' id='line_1_161' title="bbox 2285 3599 2427 3639; baseline 0.021 -3"><span class='ocrx_word' id='word_1_1116' title='bbox 2285 3599 2343 3637; x_wconf 76' lang='lat'><strong>(1⁸1)</strong></span> <span class='ocrx_word' id='word_1_1117' title='bbox 2366 3605 2427 3639; x_wconf 70' lang='lat'><strong>90¹¹</strong></span> 
     </span>
     <span class='ocr_line' id='line_1_162' title="bbox 1497 3640 2427 3675; baseline 0.001 -2"><span class='ocrx_word' id='word_1_1118' title='bbox 1497 3640 1586 3673; x_wconf 88' lang='lat' dir='ltr'><strong>enim</strong></span> <span class='ocrx_word' id='word_1_1119' title='bbox 1617 3651 1686 3675; x_wconf 90' lang='lat' dir='ltr'><strong>non</strong></span> <span class='ocrx_word' id='word_1_1120' title='bbox 1714 3641 1836 3675; x_wconf 87' lang='lat' dir='ltr'><strong>debent</strong></span> <span class='ocrx_word' id='word_1_1121' title='bbox 1857 3640 2031 3673; x_wconf 82' lang='lat' dir='ltr'><strong>transferri</strong></span> <span class='ocrx_word' id='word_1_1122' title='bbox 2060 3641 2219 3674; x_wconf 73' lang='lat' dir='ltr'><strong>similiave</strong></span> <span class='ocrx_word' id='word_1_1123' title='bbox 2242 3642 2427 3675; x_wconf 71' lang='lat' dir='ltr'><strong>exciderunt</strong></span> 
     </span>
     <span class='ocr_line' id='line_1_163' title="bbox 1728 3684 2423 3729; baseline -0.003 -8"><span class='ocrx_word' id='word_1_1124' title='bbox 1728 3688 1788 3728; x_wconf 78' lang='lat'><strong>(1⁹)</strong></span> <span class='ocrx_word' id='word_1_1125' title='bbox 1812 3685 1920 3718; x_wconf 86' lang='lat' dir='ltr'><strong>solent</strong></span> <span class='ocrx_word' id='word_1_1126' title='bbox 1932 3686 1992 3718; x_wconf 74' lang='lat' dir='ltr'><strong>ins.</strong></span> <span class='ocrx_word' id='word_1_1127' title='bbox 2069 3687 2132 3726; x_wconf 84' lang='lat'><strong>(20)</strong></span> <span class='ocrx_word' id='word_1_1128' title='bbox 2155 3684 2338 3729; x_wconf 81' lang='lat' dir='ltr'><strong>procedant</strong></span> <span class='ocrx_word' id='word_1_1129' title='bbox 2348 3686 2423 3719; x_wconf 75' lang='lat' dir='ltr'><strong>dou.</strong></span> 
     </span>
     <span class='ocr_line' id='line_1_164' title="bbox 1660 3730 2424 3774; baseline -0.003 -9"><span class='ocrx_word' id='word_1_1130' title='bbox 1660 3732 1725 3773; x_wconf 76' lang='lat'><em>(22)</em></span> <span class='ocrx_word' id='word_1_1131' title='bbox 1747 3731 1827 3764; x_wconf 88' lang='lat' dir='ltr'><strong>item</strong></span> <span class='ocrx_word' id='word_1_1132' title='bbox 1841 3730 1923 3773; x_wconf 84' lang='lat' dir='ltr'><strong>eius]</strong></span> <span class='ocrx_word' id='word_1_1133' title='bbox 1935 3730 2004 3762; x_wconf 88' lang='lat' dir='ltr'><strong>itus</strong></span> <span class='ocrx_word' id='word_1_1134' title='bbox 2019 3730 2191 3764; x_wconf 66' lang='lat' dir='ltr'><strong>For-nevius</strong></span> <span class='ocrx_word' id='word_1_1135' title='bbox 2275 3734 2337 3771; x_wconf 73' lang='grc'>(28)</span> <span class='ocrx_word' id='word_1_1136' title='bbox 2352 3731 2424 3774; x_wconf 76' lang='lat' dir='ltr'><strong>suit</strong></span> 
     </span>
     <span class='ocr_line' id='line_1_165' title="bbox 1590 3776 1894 3818; baseline -0.003 -8"><span class='ocrx_word' id='word_1_1137' title='bbox 1590 3779 1652 3818; x_wconf 78' lang='lat'><strong>(2⁴)</strong></span> <span class='ocrx_word' id='word_1_1138' title='bbox 1676 3776 1733 3810; x_wconf 80' lang='lat' dir='ltr'><strong>sed</strong></span> <span class='ocrx_word' id='word_1_1139' title='bbox 1746 3778 1804 3810; x_wconf 71' lang='lat' dir='ltr'><strong>ins.</strong></span> <span class='ocrx_word' id='word_1_1140' title='bbox 1819 3777 1894 3810; x_wconf 77' lang='lat' dir='ltr'><strong>dete.</strong></span> 
     </span>
    </p>
   </div>
  </div>
 </body>
</html>
