<?xml version="1.0" encoding="UTF-8"?>
<!DOCTYPE html PUBLIC "-//W3C//DTD XHTML 1.0 Transitional//EN"
    "http://www.w3.org/TR/xhtml1/DTD/xhtml1-transitional.dtd">
<html xmlns="http://www.w3.org/1999/xhtml" xml:lang="en" lang="en">
 <head>
  <title>
</title>
<meta http-equiv="Content-Type" content="text/html;charset=utf-8" />
  <meta name='ocr-system' content='tesseract 3.04.00' />
  <meta name='ocr-capabilities' content='ocr_page ocr_carea ocr_par ocr_line ocrx_word'/>
</head>
<body>
  <div class='ocr_page' id='page_1' title='image "./corpusjuriscivil01krueuoft_0883.png"; bbox 0 0 2528 3918; ppageno 0'>
   <div class='ocr_carea' id='block_1_1' title="bbox 0 0 35 1367">
    <p class='ocr_par' dir='ltr' id='par_1_1' title="bbox 0 0 35 1367">
     <span class='ocr_line' id='line_1_1' title="bbox 0 0 35 1367; baseline 0 0"><span class='ocrx_word' id='word_1_1' title='bbox 0 0 35 1367; x_wconf 95' lang='lat' dir='ltr'><strong> </strong></span> 
     </span>
    </p>
   </div>
   <div class='ocr_carea' id='block_1_2' title="bbox 142 176 389 210">
    <p class='ocr_par' dir='ltr' id='par_1_2' title="bbox 142 176 389 210">
     <span class='ocr_line' id='line_1_2' title="bbox 142 176 389 210; baseline -0.004 0"><span class='ocrx_word' id='word_1_2' title='bbox 142 178 202 210; x_wconf 72' lang='lat' dir='ltr'><strong>DE</strong></span> <span class='ocrx_word' id='word_1_3' title='bbox 230 176 389 210; x_wconf 75' lang='lat' dir='ltr'><strong>mmm</strong></span> 
     </span>
    </p>
   </div>
   <div class='ocr_carea' id='block_1_3' title="bbox 138 284 1227 3535">
    <p class='ocr_par' dir='ltr' id='par_1_3' title="bbox 142 284 1226 504">
     <span class='ocr_line' id='line_1_3' title="bbox 142 284 1226 332; baseline -0.004 -8"><span class='ocrx_word' id='word_1_4' title='bbox 142 287 215 324; x_wconf 87' lang='lat' dir='ltr'><strong>dici</strong></span> <span class='ocrx_word' id='word_1_5' title='bbox 267 287 521 330; x_wconf 82' lang='lat' dir='ltr'><strong>ossessionem‚</strong></span> <span class='ocrx_word' id='word_1_6' title='bbox 554 284 849 332; x_wconf 80' lang='lat' dir='ltr'><strong>quemadmodum</strong></span> <span class='ocrx_word' id='word_1_7' title='bbox 873 287 1009 331; x_wconf 89' lang='lat' dir='ltr'><strong>potest,</strong></span> <span class='ocrx_word' id='word_1_8' title='bbox 1042 296 1082 322; x_wconf 88' lang='lat' dir='ltr'><strong>re</strong></span> <span class='ocrx_word' id='word_1_9' title='bbox 1104 286 1226 322; x_wconf 82' lang='lat' dir='ltr'><strong>mobili</strong></span> 
     </span>
     <span class='ocr_line' id='line_1_4' title="bbox 143 330 1226 378; baseline -0.004 -9"><span class='ocrx_word' id='word_1_10' title='bbox 143 336 163 369; x_wconf 86' lang='lat'><strong>2</strong></span> <span class='ocrx_word' id='word_1_11' title='bbox 209 343 252 369; x_wconf 84' lang='lat' dir='ltr'><strong>su</strong></span> <span class='ocrx_word' id='word_1_12' title='bbox 277 336 391 378; x_wconf 88' lang='lat' dir='ltr'><strong>repta.</strong></span> <span class='ocrx_word' id='word_1_13' title='bbox 437 333 589 374; x_wconf 87' lang='lat' dir='ltr'><strong>Eorum,</strong></span> <span class='ocrx_word' id='word_1_14' title='bbox 622 341 714 376; x_wconf 89' lang='lat' dir='ltr'><strong>quae</strong></span> <span class='ocrx_word' id='word_1_15' title='bbox 744 331 787 366; x_wconf 90' lang='lat' dir='ltr'><strong>de</strong></span> <span class='ocrx_word' id='word_1_16' title='bbox 815 330 927 366; x_wconf 82' lang='lat' dir='ltr'><strong>fundo</strong></span> <span class='ocrx_word' id='word_1_17' title='bbox 959 331 1153 374; x_wconf 89' lang='lat' dir='ltr'><strong>tolluntur,</strong></span> <span class='ocrx_word' id='word_1_18' title='bbox 1186 334 1226 366; x_wconf 92' lang='lat' dir='ltr'><strong>ut</strong></span> 
     </span>
     <span class='ocr_line' id='line_1_5' title="bbox 142 376 1224 424; baseline -0.002 -11"><span class='ocrx_word' id='word_1_19' title='bbox 142 381 230 424; x_wconf 81' lang='lat' dir='ltr'><strong>puta</strong></span> <span class='ocrx_word' id='word_1_20' title='bbox 252 378 420 414; x_wconf 87' lang='lat' dir='ltr'><strong>arborum</strong></span> <span class='ocrx_word' id='word_1_21' title='bbox 443 377 498 413; x_wconf 90' lang='lat' dir='ltr'><strong>vel</strong></span> <span class='ocrx_word' id='word_1_22' title='bbox 521 376 678 422; x_wconf 89' lang='lat' dir='ltr'><strong>lapidum</strong></span> <span class='ocrx_word' id='word_1_23' title='bbox 702 377 756 412; x_wconf 90' lang='lat' dir='ltr'><strong>vel</strong></span> <span class='ocrx_word' id='word_1_24' title='bbox 780 376 937 411; x_wconf 80' lang='lat' dir='ltr'>harenae</span> <span class='ocrx_word' id='word_1_25' title='bbox 953 376 1008 412; x_wconf 91' lang='lat' dir='ltr'><strong>vel</strong></span> <span class='ocrx_word' id='word_1_26' title='bbox 1032 376 1224 418; x_wconf 89' lang='lat' dir='ltr'><strong>fructuum,</strong></span> 
     </span>
     <span class='ocr_line' id='line_1_6' title="bbox 142 421 1225 468; baseline -0.001 -10"><span class='ocrx_word' id='word_1_27' title='bbox 142 433 231 468; x_wconf 88' lang='lat' dir='ltr'><strong>quos</strong></span> <span class='ocrx_word' id='word_1_28' title='bbox 255 423 334 468; x_wconf 88' lang='lat' dir='ltr'><strong>quis</strong></span> <span class='ocrx_word' id='word_1_29' title='bbox 357 422 520 458; x_wconf 82' lang='lat' dir='ltr'><strong>furandi¹</strong></span> <span class='ocrx_word' id='word_1_30' title='bbox 553 422 669 457; x_wconf 85' lang='lat' dir='ltr'><strong>animo</strong></span> <span class='ocrx_word' id='word_1_31' title='bbox 696 422 888 467; x_wconf 80' lang='lat' dir='ltr'>decerpsit,</span> <span class='ocrx_word' id='word_1_32' title='bbox 921 421 1007 456; x_wconf 89' lang='lat' dir='ltr'><strong>furti</strong></span> <span class='ocrx_word' id='word_1_33' title='bbox 1039 422 1095 467; x_wconf 82' lang='lat' dir='ltr'><strong>agi</strong></span> <span class='ocrx_word' id='word_1_34' title='bbox 1119 431 1225 467; x_wconf 89' lang='lat' dir='ltr'><strong>posse</strong></span> 
     </span>
     <span class='ocr_line' id='line_1_7' title="bbox 142 467 528 504; baseline -0.008 0"><span class='ocrx_word' id='word_1_35' title='bbox 142 467 240 504; x_wconf 90' lang='lat' dir='ltr'><strong>nulla</strong></span> <span class='ocrx_word' id='word_1_36' title='bbox 264 468 439 504; x_wconf 80' lang='lat' dir='ltr'><strong>dubitatio</strong></span> <span class='ocrx_word' id='word_1_37' title='bbox 464 471 528 503; x_wconf 89' lang='lat' dir='ltr'><strong>est.</strong></span> 
     </span>
    </p>

    <p class='ocr_par' dir='ltr' id='par_1_4' title="bbox 140 510 1226 873">
     <span class='ocr_line' id='line_1_8' title="bbox 188 510 1225 556; baseline -0.002 -7"><span class='ocrx_word' id='word_1_38' title='bbox 188 510 242 550; x_wconf 85' lang='lat'><strong>26</strong></span> <span class='ocrx_word' id='word_1_39' title='bbox 274 512 433 548; x_wconf 58' lang='lat' dir='ltr'><strong>Panos</strong></span> <span class='ocrx_word' id='word_1_40' title='bbox 470 512 561 548; x_wconf 82' lang='lat' dir='ltr'><strong>libro</strong></span> <span class='ocrx_word' id='word_1_41' title='bbox 599 523 695 547; x_wconf 81' lang='lat' dir='ltr'><strong>nono</strong></span> <span class='ocrx_word' id='word_1_42' title='bbox 737 513 786 548; x_wconf 83' lang='lat' dir='ltr'><strong>ad</strong></span> <span class='ocrx_word' id='word_1_43' title='bbox 825 513 997 548; x_wconf 73' lang='lat' dir='ltr'><strong>Sabinum</strong></span> <span class='ocrx_word' id='word_1_44' title='bbox 1060 511 1097 548; x_wconf 89' lang='lat' dir='ltr'><strong>Si</strong></span> <span class='ocrx_word' id='word_1_45' title='bbox 1139 521 1225 556; x_wconf 90' lang='lat' dir='ltr'><strong>apes</strong></span> 
     </span>
     <span class='ocr_line' id='line_1_9' title="bbox 141 557 1224 603; baseline -0.003 -9"><span class='ocrx_word' id='word_1_46' title='bbox 141 558 239 594; x_wconf 85' lang='lat' dir='ltr'><strong>ferae</strong></span> <span class='ocrx_word' id='word_1_47' title='bbox 261 557 299 593; x_wconf 92' lang='lat' dir='ltr'><strong>in</strong></span> <span class='ocrx_word' id='word_1_48' title='bbox 323 558 451 593; x_wconf 88' lang='lat' dir='ltr'><strong>arbore</strong></span> <span class='ocrx_word' id='word_1_49' title='bbox 473 557 575 592; x_wconf 85' lang='lat' dir='ltr'><strong>fundi</strong></span> <span class='ocrx_word' id='word_1_50' title='bbox 598 557 651 592; x_wconf 90' lang='lat' dir='ltr'><strong>tui</strong></span> <span class='ocrx_word' id='word_1_51' title='bbox 676 559 786 603; x_wconf 80' lang='lat' dir='ltr'><strong>apes²</strong></span> <span class='ocrx_word' id='word_1_52' title='bbox 808 557 974 600; x_wconf 87' lang='lat' dir='ltr'><strong>fecerint,</strong></span> <span class='ocrx_word' id='word_1_53' title='bbox 1006 557 1037 593; x_wconf 92' lang='lat' dir='ltr'><strong>si</strong></span> <span class='ocrx_word' id='word_1_54' title='bbox 1061 557 1140 602; x_wconf 89' lang='lat' dir='ltr'><strong>quis</strong></span> <span class='ocrx_word' id='word_1_55' title='bbox 1164 566 1224 592; x_wconf 87' lang='lat' dir='ltr'><strong>eas</strong></span> 
     </span>
     <span class='ocr_line' id='line_1_10' title="bbox 141 601 1226 646; baseline -0.002 -8"><span class='ocrx_word' id='word_1_56' title='bbox 141 603 197 639; x_wconf 88' lang='lat' dir='ltr'><strong>vel</strong></span> <span class='ocrx_word' id='word_1_57' title='bbox 220 602 339 638; x_wconf 86' lang='lat' dir='ltr'><strong>favum</strong></span> <span class='ocrx_word' id='word_1_58' title='bbox 363 602 561 644; x_wconf 78' lang='lat' dir='ltr'><strong>abstulerit,</strong></span> <span class='ocrx_word' id='word_1_59' title='bbox 587 613 667 637; x_wconf 91' lang='lat' dir='ltr'><strong>eum</strong></span> <span class='ocrx_word' id='word_1_60' title='bbox 691 614 763 639; x_wconf 89' lang='lat' dir='ltr'><strong>non</strong></span> <span class='ocrx_word' id='word_1_61' title='bbox 786 603 899 638; x_wconf 90' lang='lat' dir='ltr'><strong>teneri</strong></span> <span class='ocrx_word' id='word_1_62' title='bbox 923 602 987 638; x_wconf 91' lang='lat' dir='ltr'><strong>tibi</strong></span> <span class='ocrx_word' id='word_1_63' title='bbox 1010 602 1117 645; x_wconf 86' lang='lat' dir='ltr'><strong>furti,</strong></span> <span class='ocrx_word' id='word_1_64' title='bbox 1143 601 1226 646; x_wconf 89' lang='lat' dir='ltr'><strong>quia</strong></span> 
     </span>
     <span class='ocr_line' id='line_1_11' title="bbox 142 647 1226 694; baseline -0.002 -11"><span class='ocrx_word' id='word_1_65' title='bbox 142 658 213 684; x_wconf 92' lang='lat' dir='ltr'><strong>non</strong></span> <span class='ocrx_word' id='word_1_66' title='bbox 250 647 383 683; x_wconf 86' lang='lat' dir='ltr'><strong>fuerint</strong></span> <span class='ocrx_word' id='word_1_67' title='bbox 416 650 519 683; x_wconf 86' lang='lat' dir='ltr'><strong>tuae:</strong></span> <span class='ocrx_word' id='word_1_68' title='bbox 559 658 690 692; x_wconf 83' lang='lat' dir='ltr'><strong>easque</strong></span> <span class='ocrx_word' id='word_1_69' title='bbox 727 652 868 684; x_wconf 89' lang='lat' dir='ltr'><strong>constat</strong></span> <span class='ocrx_word' id='word_1_70' title='bbox 906 651 1093 694; x_wconf 86' lang='lat' dir='ltr'><strong>captarum</strong></span> <span class='ocrx_word' id='word_1_71' title='bbox 1129 650 1226 682; x_wconf 88' lang='lat' dir='ltr'><strong>terra</strong></span> 
     </span>
     <span class='ocr_line' id='line_1_12' title="bbox 145 692 1224 735; baseline -0.002 -7"><span class='ocrx_word' id='word_1_72' title='bbox 145 697 158 727; x_wconf 87' lang='lat'>1</span> <span class='ocrx_word' id='word_1_73' title='bbox 209 693 300 728; x_wconf 88' lang='lat' dir='ltr'><strong>mari</strong></span> <span class='ocrx_word' id='word_1_74' title='bbox 324 693 422 728; x_wconf 86' lang='lat' dir='ltr'><strong>caelo</strong></span> <span class='ocrx_word' id='word_1_75' title='bbox 453 703 599 728; x_wconf 90' lang='lat' dir='ltr'><strong>numero</strong></span> <span class='ocrx_word' id='word_1_76' title='bbox 625 703 712 728; x_wconf 85' lang='lat' dir='ltr'><strong>esse.</strong></span> <span class='ocrx_word' id='word_1_77' title='bbox 760 694 850 729; x_wconf 84' lang='lat' dir='ltr'><strong>Item</strong></span> <span class='ocrx_word' id='word_1_78' title='bbox 881 696 1024 730; x_wconf 88' lang='lat' dir='ltr'><strong>constat</strong></span> <span class='ocrx_word' id='word_1_79' title='bbox 1047 692 1224 735; x_wconf 90' lang='lat' dir='ltr'><strong>colonum,</strong></span> 
     </span>
     <span class='ocr_line' id='line_1_13' title="bbox 141 738 1224 791; baseline -0.001 -18"><span class='ocrx_word' id='word_1_80' title='bbox 141 738 202 791; x_wconf 72' lang='lat' dir='ltr'><strong>qui</strong></span> <span class='ocrx_word' id='word_1_81' title='bbox 225 738 375 774; x_wconf 87' lang='lat' dir='ltr'><strong>nummis</strong></span> <span class='ocrx_word' id='word_1_82' title='bbox 400 738 511 781; x_wconf 87' lang='lat' dir='ltr'><strong>colat,</strong></span> <span class='ocrx_word' id='word_1_83' title='bbox 536 749 616 773; x_wconf 88' lang='lat' dir='ltr'><strong>cum</strong></span> <span class='ocrx_word' id='word_1_84' title='bbox 640 749 699 782; x_wconf 89' lang='lat' dir='ltr'><strong>eo,</strong></span> <span class='ocrx_word' id='word_1_85' title='bbox 732 739 792 783; x_wconf 91' lang='lat' dir='ltr'><strong>qui</strong></span> <span class='ocrx_word' id='word_1_86' title='bbox 815 738 953 773; x_wconf 89' lang='lat' dir='ltr'><strong>fructus</strong></span> <span class='ocrx_word' id='word_1_87' title='bbox 977 741 1115 774; x_wconf 86' lang='lat' dir='ltr'><strong>stantes</strong></span> <span class='ocrx_word' id='word_1_88' title='bbox 1139 738 1224 773; x_wconf 92' lang='lat' dir='ltr'><strong>sub-</strong></span> 
     </span>
     <span class='ocr_line' id='line_1_14' title="bbox 140 782 1225 829; baseline -0.002 -10"><span class='ocrx_word' id='word_1_89' title='bbox 140 782 308 828; x_wconf 83' lang='lat' dir='ltr'><strong>ripuerit,</strong></span> <span class='ocrx_word' id='word_1_90' title='bbox 339 786 502 819; x_wconf 87' lang='lat' dir='ltr'><strong>acturum</strong></span> <span class='ocrx_word' id='word_1_91' title='bbox 526 783 629 826; x_wconf 89' lang='lat' dir='ltr'><strong>furti,</strong></span> <span class='ocrx_word' id='word_1_92' title='bbox 661 783 763 829; x_wconf 91' lang='lat' dir='ltr'><strong>quia,</strong></span> <span class='ocrx_word' id='word_1_93' title='bbox 796 788 836 819; x_wconf 90' lang='lat' dir='ltr'><strong>ut</strong></span> <span class='ocrx_word' id='word_1_94' title='bbox 858 783 1012 829; x_wconf 91' lang='lat' dir='ltr'><strong>primum</strong></span> <span class='ocrx_word' id='word_1_95' title='bbox 1035 783 1225 828; x_wconf 71' lang='lat' dir='ltr'><strong>decerptus</strong></span> 
     </span>
     <span class='ocr_line' id='line_1_15' title="bbox 141 828 659 873; baseline 0 -10"><span class='ocrx_word' id='word_1_96' title='bbox 141 831 247 870; x_wconf 89' lang='lat' dir='ltr'><strong>esset,</strong></span> <span class='ocrx_word' id='word_1_97' title='bbox 272 828 348 864; x_wconf 88' lang='lat' dir='ltr'><strong>eius</strong></span> <span class='ocrx_word' id='word_1_98' title='bbox 372 838 449 864; x_wconf 89' lang='lat' dir='ltr'><strong>esse</strong></span> <span class='ocrx_word' id='word_1_99' title='bbox 473 828 659 873; x_wconf 89' lang='lat' dir='ltr'><strong>coepisset.</strong></span> 
     </span>
    </p>

    <p class='ocr_par' dir='ltr' id='par_1_5' title="bbox 138 870 1227 2273">
     <span class='ocr_line' id='line_1_16' title="bbox 187 870 1225 920; baseline -0.003 -10"><span class='ocrx_word' id='word_1_100' title='bbox 187 870 240 910; x_wconf 88' lang='lat'><strong>27</strong></span> <span class='ocrx_word' id='word_1_101' title='bbox 272 873 466 909; x_wconf 57' lang='lat' dir='ltr'><strong>Uapmros</strong></span> <span class='ocrx_word' id='word_1_102' title='bbox 494 873 584 910; x_wconf 78' lang='lat' dir='ltr'><strong>libro</strong></span> <span class='ocrx_word' id='word_1_103' title='bbox 609 873 911 919; x_wconf 72' lang='lat' dir='ltr'><strong>quadraqensimo</strong></span> <span class='ocrx_word' id='word_1_104' title='bbox 942 874 1061 920; x_wconf 76' lang='lat' dir='ltr'><strong>primo</strong></span> <span class='ocrx_word' id='word_1_105' title='bbox 1086 873 1135 908; x_wconf 81' lang='lat' dir='ltr'><strong>ad</strong></span> <span class='ocrx_word' id='word_1_106' title='bbox 1158 872 1225 908; x_wconf 85' lang='lat' dir='ltr'><strong>Sa-</strong></span> 
     </span>
     <span class='ocr_line' id='line_1_17' title="bbox 142 917 1224 962; baseline 0 -9"><span class='ocrx_word' id='word_1_107' title='bbox 142 917 262 954; x_wconf 79' lang='lat' dir='ltr'><strong>binum</strong></span> <span class='ocrx_word' id='word_1_108' title='bbox 296 917 366 962; x_wconf 82' lang='lat' dir='ltr'><strong>Qui</strong></span> <span class='ocrx_word' id='word_1_109' title='bbox 388 919 529 954; x_wconf 89' lang='lat' dir='ltr'><strong>tabulas</strong></span> <span class='ocrx_word' id='word_1_110' title='bbox 553 919 609 954; x_wconf 86' lang='lat' dir='ltr'><strong>vel</strong></span> <span class='ocrx_word' id='word_1_111' title='bbox 633 918 816 954; x_wconf 79' lang='lat' dir='ltr'><strong>cautiones</strong></span> <span class='ocrx_word' id='word_1_112' title='bbox 840 921 990 961; x_wconf 79' lang='lat' dir='ltr'><strong>amovet,</strong></span> <span class='ocrx_word' id='word_1_113' title='bbox 1015 918 1103 953; x_wconf 88' lang='lat' dir='ltr'><strong>furti</strong></span> <span class='ocrx_word' id='word_1_114' title='bbox 1126 921 1224 953; x_wconf 90' lang='lat' dir='ltr'><strong>tene-</strong></span> 
     </span>
     <span class='ocr_line' id='line_1_18' title="bbox 140 964 1224 1009; baseline -0.001 -11"><span class='ocrx_word' id='word_1_115' title='bbox 140 966 201 998; x_wconf 91' lang='lat' dir='ltr'><strong>tur</strong></span> <span class='ocrx_word' id='word_1_116' title='bbox 231 974 304 999; x_wconf 92' lang='lat' dir='ltr'><strong>non</strong></span> <span class='ocrx_word' id='word_1_117' title='bbox 340 966 479 998; x_wconf 82' lang='lat' dir='ltr'><strong>tantum</strong></span> <span class='ocrx_word' id='word_1_118' title='bbox 516 964 620 1009; x_wconf 90' lang='lat' dir='ltr'><strong>pretii</strong></span> <span class='ocrx_word' id='word_1_119' title='bbox 656 964 815 1009; x_wconf 90' lang='lat' dir='ltr'><strong>ipsarum</strong></span> <span class='ocrx_word' id='word_1_120' title='bbox 846 964 1066 1006; x_wconf 89' lang='lat' dir='ltr'><strong>tabularum,</strong></span> <span class='ocrx_word' id='word_1_121' title='bbox 1103 973 1224 998; x_wconf 90' lang='lat' dir='ltr'><strong>verum</strong></span> 
     </span>
     <span class='ocr_line' id='line_1_19' title="bbox 143 1007 1226 1053; baseline 0 -10"><span class='ocrx_word' id='word_1_122' title='bbox 143 1008 217 1043; x_wconf 86' lang='lat' dir='ltr'><strong>eius</strong></span> <span class='ocrx_word' id='word_1_123' title='bbox 243 1007 338 1052; x_wconf 92' lang='lat' dir='ltr'><strong>quod</strong></span> <span class='ocrx_word' id='word_1_124' title='bbox 361 1008 537 1044; x_wconf 79' lang='lat' dir='ltr'><strong>interfuit:</strong></span> <span class='ocrx_word' id='word_1_125' title='bbox 572 1009 667 1053; x_wconf 91' lang='lat' dir='ltr'><strong>quod</strong></span> <span class='ocrx_word' id='word_1_126' title='bbox 690 1008 736 1045; x_wconf 84' lang='lat' dir='ltr'><strong>ad</strong></span> <span class='ocrx_word' id='word_1_127' title='bbox 767 1008 1048 1044; x_wconf 80' lang='lat' dir='ltr'><strong>aestimationem</strong></span> <span class='ocrx_word' id='word_1_128' title='bbox 1072 1008 1226 1044; x_wconf 89' lang='lat' dir='ltr'><strong>refertur</strong></span> 
     </span>
     <span class='ocr_line' id='line_1_20' title="bbox 141 1052 1225 1107; baseline 0 -19"><span class='ocrx_word' id='word_1_129' title='bbox 141 1052 218 1089; x_wconf 84' lang='lat' dir='ltr'><strong>eius</strong></span> <span class='ocrx_word' id='word_1_130' title='bbox 243 1063 411 1096; x_wconf 75' lang='lat' dir='ltr'><strong>summae,</strong></span> <span class='ocrx_word' id='word_1_131' title='bbox 436 1064 527 1107; x_wconf 85' lang='lat' dir='ltr'><strong>quae</strong></span> <span class='ocrx_word' id='word_1_132' title='bbox 550 1053 586 1088; x_wconf 91' lang='lat' dir='ltr'><strong>in</strong></span> <span class='ocrx_word' id='word_1_133' title='bbox 610 1054 666 1089; x_wconf 90' lang='lat' dir='ltr'><strong>his</strong></span> <span class='ocrx_word' id='word_1_134' title='bbox 690 1054 823 1089; x_wconf 87' lang='lat' dir='ltr'><strong>tabulis</strong></span> <span class='ocrx_word' id='word_1_135' title='bbox 849 1055 1062 1097; x_wconf 82' lang='lat' dir='ltr'><strong>continetur,</strong></span> <span class='ocrx_word' id='word_1_136' title='bbox 1088 1053 1225 1089; x_wconf 88' lang='lat' dir='ltr'><strong>scilicet</strong></span> 
     </span>
     <span class='ocr_line' id='line_1_21' title="bbox 141 1097 1223 1144; baseline 0 -11"><span class='ocrx_word' id='word_1_137' title='bbox 141 1097 172 1133; x_wconf 83' lang='lat' dir='ltr'><strong>si</strong></span> <span class='ocrx_word' id='word_1_138' title='bbox 195 1099 287 1133; x_wconf 90' lang='lat' dir='ltr'><strong>tanti</strong></span> <span class='ocrx_word' id='word_1_139' title='bbox 310 1098 488 1143; x_wconf 87' lang='lat' dir='ltr'><strong>interfuit,</strong></span> <span class='ocrx_word' id='word_1_140' title='bbox 520 1102 560 1133; x_wconf 90' lang='lat' dir='ltr'><strong>ut</strong></span> <span class='ocrx_word' id='word_1_141' title='bbox 587 1103 676 1144; x_wconf 89' lang='lat' dir='ltr'><strong>puta</strong></span> <span class='ocrx_word' id='word_1_142' title='bbox 706 1099 735 1134; x_wconf 92' lang='lat' dir='ltr'><strong>si</strong></span> <span class='ocrx_word' id='word_1_143' title='bbox 767 1099 931 1144; x_wconf 87' lang='lat' dir='ltr'><strong>chirogra</strong></span> <span class='ocrx_word' id='word_1_144' title='bbox 957 1100 1004 1134; x_wconf 90' lang='lat' dir='ltr'><strong>ha</strong></span> <span class='ocrx_word' id='word_1_145' title='bbox 1035 1109 1223 1134; x_wconf 87' lang='lat' dir='ltr'><strong>aureorum</strong></span> 
     </span>
     <span class='ocr_line' id='line_1_22' title="bbox 142 1142 1222 1189; baseline -0.001 -11"><span class='ocrx_word' id='word_1_146' title='bbox 142 1142 263 1179; x_wconf 90' lang='lat' dir='ltr'><strong>decem</strong></span> <span class='ocrx_word' id='word_1_147' title='bbox 300 1143 471 1179; x_wconf 76' lang='lat' dir='ltr'><strong>tabulae³</strong></span> <span class='ocrx_word' id='word_1_148' title='bbox 512 1144 662 1187; x_wconf 87' lang='lat' dir='ltr'><strong>fuerint,</strong></span> <span class='ocrx_word' id='word_1_149' title='bbox 711 1144 883 1179; x_wconf 74' lang='lat' dir='ltr'><strong>⁴dicimus</strong></span> <span class='ocrx_word' id='word_1_150' title='bbox 955 1155 997 1180; x_wconf 93' lang='lat' dir='ltr'><strong>oc</strong></span> <span class='ocrx_word' id='word_1_151' title='bbox 1037 1144 1222 1189; x_wconf 88' lang='lat' dir='ltr'><strong>duplicari.</strong></span> 
     </span>
     <span class='ocr_line' id='line_1_23' title="bbox 141 1188 1224 1234; baseline 0.001 -12"><span class='ocrx_word' id='word_1_152' title='bbox 141 1188 237 1233; x_wconf 90' lang='lat' dir='ltr'><strong>quod</strong></span> <span class='ocrx_word' id='word_1_153' title='bbox 260 1188 291 1224; x_wconf 87' lang='lat' dir='ltr'><strong>si</strong></span> <span class='ocrx_word' id='word_1_154' title='bbox 314 1188 383 1223; x_wconf 90' lang='lat' dir='ltr'><strong>iam</strong></span> <span class='ocrx_word' id='word_1_155' title='bbox 408 1193 510 1225; x_wconf 88' lang='lat' dir='ltr'><strong>erant</strong></span> <span class='ocrx_word' id='word_1_156' title='bbox 532 1189 674 1233; x_wconf 88' lang='lat' dir='ltr'><strong>inanes,</strong></span> <span class='ocrx_word' id='word_1_157' title='bbox 708 1190 790 1233; x_wconf 88' lang='lat' dir='ltr'><strong>quia</strong></span> <span class='ocrx_word' id='word_1_158' title='bbox 813 1189 970 1225; x_wconf 86' lang='lat' dir='ltr'><strong>solutum</strong></span> <span class='ocrx_word' id='word_1_159' title='bbox 998 1189 1224 1234; x_wconf 87' lang='lat' dir='ltr'><strong>proponeba-</strong></span> 
     </span>
     <span class='ocr_line' id='line_1_24' title="bbox 140 1233 1224 1280; baseline 0.001 -12"><span class='ocrx_word' id='word_1_160' title='bbox 140 1236 210 1275; x_wconf 89' lang='lat' dir='ltr'><strong>tur,</strong></span> <span class='ocrx_word' id='word_1_161' title='bbox 235 1234 405 1278; x_wconf 88' lang='lat' dir='ltr'><strong>numquid</strong></span> <span class='ocrx_word' id='word_1_162' title='bbox 433 1234 594 1279; x_wconf 88' lang='lat' dir='ltr'><strong>ipsarum</strong></span> <span class='ocrx_word' id='word_1_163' title='bbox 630 1238 769 1269; x_wconf 89' lang='lat' dir='ltr'><strong>tantum</strong></span> <span class='ocrx_word' id='word_1_164' title='bbox 799 1235 1002 1270; x_wconf 88' lang='lat' dir='ltr'><strong>tabularum</strong></span> <span class='ocrx_word' id='word_1_165' title='bbox 1036 1234 1143 1280; x_wconf 88' lang='lat' dir='ltr'><strong>pretii</strong></span> <span class='ocrx_word' id='word_1_166' title='bbox 1173 1233 1224 1269; x_wconf 87' lang='lat' dir='ltr'><strong>vi-</strong></span> 
     </span>
     <span class='ocr_line' id='line_1_25' title="bbox 140 1277 1226 1324; baseline 0.001 -12"><span class='ocrx_word' id='word_1_167' title='bbox 140 1277 268 1313; x_wconf 88' lang='lat' dir='ltr'><strong>deatur</strong></span> <span class='ocrx_word' id='word_1_168' title='bbox 291 1288 370 1314; x_wconf 89' lang='lat' dir='ltr'><strong>esse</strong></span> <span class='ocrx_word' id='word_1_169' title='bbox 394 1279 593 1315; x_wconf 83' lang='lat' dir='ltr'><strong>aestimatio</strong></span> <span class='ocrx_word' id='word_1_170' title='bbox 617 1279 806 1315; x_wconf 85' lang='lat' dir='ltr'><strong>facienda?</strong></span> <span class='ocrx_word' id='word_1_171' title='bbox 840 1279 924 1324; x_wconf 90' lang='lat' dir='ltr'><strong>quid</strong></span> <span class='ocrx_word' id='word_1_172' title='bbox 948 1279 1041 1315; x_wconf 92' lang='lat' dir='ltr'><strong>enim</strong></span> <span class='ocrx_word' id='word_1_173' title='bbox 1063 1278 1226 1315; x_wconf 86' lang='lat' dir='ltr'><strong>interfuit</strong></span> 
     </span>
     <span class='ocr_line' id='line_1_26' title="bbox 139 1322 1225 1370; baseline 0.002 -12"><span class='ocrx_word' id='word_1_174' title='bbox 139 1322 269 1359; x_wconf 82' lang='lat' dir='ltr'><strong>huius?</strong></span> <span class='ocrx_word' id='word_1_175' title='bbox 293 1323 355 1359; x_wconf 89' lang='lat' dir='ltr'><strong>sed</strong></span> <span class='ocrx_word' id='word_1_176' title='bbox 378 1327 498 1369; x_wconf 89' lang='lat' dir='ltr'><strong>potest</strong></span> <span class='ocrx_word' id='word_1_177' title='bbox 521 1324 602 1367; x_wconf 89' lang='lat' dir='ltr'><strong>diei,</strong></span> <span class='ocrx_word' id='word_1_178' title='bbox 627 1324 710 1370; x_wconf 92' lang='lat' dir='ltr'><strong>quia</strong></span> <span class='ocrx_word' id='word_1_179' title='bbox 734 1335 999 1370; x_wconf 90' lang='lat' dir='ltr'><strong>nonnumquam</strong></span> <span class='ocrx_word' id='word_1_180' title='bbox 1023 1324 1225 1360; x_wconf 79' lang='lat' dir='ltr'><strong>debitores⁵</strong></span> 
     </span>
     <span class='ocr_line' id='line_1_27' title="bbox 139 1368 1223 1415; baseline 0.001 -12"><span class='ocrx_word' id='word_1_181' title='bbox 139 1368 281 1404; x_wconf 76' lang='lat' dir='ltr'><strong>tabulas</strong></span> <span class='ocrx_word' id='word_1_182' title='bbox 306 1368 375 1404; x_wconf 86' lang='lat' dir='ltr'><strong>sibi</strong></span> <span class='ocrx_word' id='word_1_183' title='bbox 396 1369 537 1404; x_wconf 90' lang='lat' dir='ltr'><strong>restitui</strong></span> <span class='ocrx_word' id='word_1_184' title='bbox 560 1373 703 1414; x_wconf 88' lang='lat' dir='ltr'><strong>petant,</strong></span> <span class='ocrx_word' id='word_1_185' title='bbox 736 1369 841 1415; x_wconf 79' lang='lat' dir='ltr'><strong>quia⁶</strong></span> <span class='ocrx_word' id='word_1_186' title='bbox 872 1370 1138 1414; x_wconf 73' lang='lat' dir='ltr'><strong>nonnumquam</strong></span> <span class='ocrx_word' id='word_1_187' title='bbox 1164 1380 1223 1404; x_wconf 88' lang='lat' dir='ltr'><strong>ca-</strong></span> 
     </span>
     <span class='ocr_line' id='line_1_28' title="bbox 139 1413 1224 1459; baseline 0.002 -11"><span class='ocrx_word' id='word_1_188' title='bbox 139 1413 359 1448; x_wconf 88' lang='lat' dir='ltr'><strong>lumniantur</strong></span> <span class='ocrx_word' id='word_1_189' title='bbox 382 1413 582 1450; x_wconf 88' lang='lat' dir='ltr'><strong>debitores⁷</strong></span> <span class='ocrx_word' id='word_1_190' title='bbox 605 1415 707 1459; x_wconf 83' lang='lat' dir='ltr'><strong>quasi</strong></span> <span class='ocrx_word' id='word_1_191' title='bbox 730 1415 887 1451; x_wconf 90' lang='lat' dir='ltr'><strong>indebito</strong></span> <span class='ocrx_word' id='word_1_192' title='bbox 913 1415 1041 1458; x_wconf 91' lang='lat' dir='ltr'><strong>soluto,</strong></span> <span class='ocrx_word' id='word_1_193' title='bbox 1074 1415 1119 1450; x_wconf 88' lang='lat' dir='ltr'><strong>ab</strong></span> <span class='ocrx_word' id='word_1_194' title='bbox 1144 1415 1224 1450; x_wconf 86' lang='lat' dir='ltr'><strong>his⁸</strong></span> 
     </span>
     <span class='ocr_line' id='line_1_29' title="bbox 139 1459 1223 1503; baseline 0 -9"><span class='ocrx_word' id='word_1_195' title='bbox 139 1460 311 1495; x_wconf 82' lang='lat' dir='ltr'><strong>interesse</strong></span> <span class='ocrx_word' id='word_1_196' title='bbox 343 1459 530 1495; x_wconf 87' lang='lat' dir='ltr'><strong>creditoris</strong></span> <span class='ocrx_word' id='word_1_197' title='bbox 560 1460 704 1495; x_wconf 82' lang='lat' dir='ltr'><strong>tabulas</strong></span> <span class='ocrx_word' id='word_1_198' title='bbox 742 1460 893 1503; x_wconf 90' lang='lat' dir='ltr'><strong>habere,</strong></span> <span class='ocrx_word' id='word_1_199' title='bbox 935 1471 979 1495; x_wconf 91' lang='lat' dir='ltr'><strong>ne</strong></span> <span class='ocrx_word' id='word_1_200' title='bbox 1015 1460 1107 1496; x_wconf 87' lang='lat' dir='ltr'><strong>forte</strong></span> <span class='ocrx_word' id='word_1_201' title='bbox 1139 1470 1223 1495; x_wconf 93' lang='lat' dir='ltr'><strong>con-</strong></span> 
     </span>
     <span class='ocr_line' id='line_1_30' title="bbox 138 1504 1223 1550; baseline 0.001 -12"><span class='ocrx_word' id='word_1_202' title='bbox 138 1504 347 1540; x_wconf 84' lang='lat' dir='ltr'><strong>troversiam</strong></span> <span class='ocrx_word' id='word_1_203' title='bbox 376 1514 485 1550; x_wconf 91' lang='lat' dir='ltr'><strong>super</strong></span> <span class='ocrx_word' id='word_1_204' title='bbox 516 1515 559 1540; x_wconf 89' lang='lat' dir='ltr'><strong>ea</strong></span> <span class='ocrx_word' id='word_1_205' title='bbox 587 1515 626 1540; x_wconf 90' lang='lat' dir='ltr'><strong>re</strong></span> <span class='ocrx_word' id='word_1_206' title='bbox 658 1505 827 1550; x_wconf 88' lang='lat' dir='ltr'><strong>patiatur.</strong></span> <span class='ocrx_word' id='word_1_207' title='bbox 875 1508 911 1541; x_wconf 92' lang='lat' dir='ltr'><strong>et</strong></span> <span class='ocrx_word' id='word_1_208' title='bbox 938 1505 1148 1550; x_wconf 85' lang='lat' dir='ltr'><strong>generaliter</strong></span> <span class='ocrx_word' id='word_1_209' title='bbox 1172 1504 1223 1540; x_wconf 90' lang='lat' dir='ltr'><strong>di-</strong></span> 
     </span>
     <span class='ocr_line' id='line_1_31' title="bbox 143 1548 1225 1595; baseline 0.002 -12"><span class='ocrx_word' id='word_1_210' title='bbox 143 1551 158 1583; x_wconf 93' lang='lat'>1</span> <span class='ocrx_word' id='word_1_211' title='bbox 209 1548 360 1585; x_wconf 90' lang='lat' dir='ltr'><strong>cendum</strong></span> <span class='ocrx_word' id='word_1_212' title='bbox 391 1553 447 1586; x_wconf 88' lang='lat' dir='ltr'><strong>est</strong></span> <span class='ocrx_word' id='word_1_213' title='bbox 474 1549 537 1585; x_wconf 80' lang='lat' dir='ltr'><strong>in⁹</strong></span> <span class='ocrx_word' id='word_1_214' title='bbox 566 1549 604 1585; x_wconf 91' lang='lat' dir='ltr'><strong>id</strong></span> <span class='ocrx_word' id='word_1_215' title='bbox 634 1550 729 1595; x_wconf 88' lang='lat' dir='ltr'><strong>quod</strong></span> <span class='ocrx_word' id='word_1_216' title='bbox 759 1551 907 1586; x_wconf 89' lang='lat' dir='ltr'><strong>interest</strong></span> <span class='ocrx_word' id='word_1_217' title='bbox 938 1550 1090 1595; x_wconf 85' lang='lat' dir='ltr'><strong>duplari.</strong></span> <span class='ocrx_word' id='word_1_218' title='bbox 1137 1550 1225 1585; x_wconf 90' lang='lat' dir='ltr'><strong>Inde</strong></span> 
     </span>
     <span class='ocr_line' id='line_1_32' title="bbox 139 1594 1225 1641; baseline 0 -12"><span class='ocrx_word' id='word_1_219' title='bbox 139 1597 260 1639; x_wconf 86' lang='lat' dir='ltr'><strong>potest</strong></span> <span class='ocrx_word' id='word_1_220' title='bbox 282 1594 421 1639; x_wconf 88' lang='lat' dir='ltr'><strong>quaeri,</strong></span> <span class='ocrx_word' id='word_1_221' title='bbox 455 1594 486 1630; x_wconf 91' lang='lat' dir='ltr'><strong>si</strong></span> <span class='ocrx_word' id='word_1_222' title='bbox 509 1595 606 1640; x_wconf 88' lang='lat' dir='ltr'><strong>quis,</strong></span> <span class='ocrx_word' id='word_1_223' title='bbox 641 1606 721 1630; x_wconf 92' lang='lat' dir='ltr'><strong>cum</strong></span> <span class='ocrx_word' id='word_1_224' title='bbox 753 1595 841 1630; x_wconf 89' lang='lat' dir='ltr'><strong>alias</strong></span> <span class='ocrx_word' id='word_1_225' title='bbox 872 1596 1103 1641; x_wconf 88' lang='lat' dir='ltr'><strong>probationes</strong></span> <span class='ocrx_word' id='word_1_226' title='bbox 1127 1605 1225 1630; x_wconf 92' lang='lat' dir='ltr'><strong>men-</strong></span> 
     </span>
     <span class='ocr_line' id='line_1_33' title="bbox 140 1639 1224 1686; baseline 0.001 -12"><span class='ocrx_word' id='word_1_227' title='bbox 140 1648 273 1683; x_wconf 84' lang='lat' dir='ltr'><strong>saeque</strong></span> <span class='ocrx_word' id='word_1_228' title='bbox 313 1639 527 1685; x_wconf 86' lang='lat' dir='ltr'><strong>scripturam</strong></span> <span class='ocrx_word' id='word_1_229' title='bbox 563 1640 713 1676; x_wconf 89' lang='lat' dir='ltr'><strong>haberet</strong></span> <span class='ocrx_word' id='word_1_230' title='bbox 723 1642 767 1683; x_wconf 92' lang='lat'><strong>¹⁰,</strong></span> <span class='ocrx_word' id='word_1_231' title='bbox 813 1641 979 1686; x_wconf 88' lang='lat' dir='ltr'><strong>chirogra</strong></span> <span class='ocrx_word' id='word_1_232' title='bbox 1003 1640 1042 1676; x_wconf 91' lang='lat' dir='ltr'><strong>hi</strong></span> <span class='ocrx_word' id='word_1_233' title='bbox 1088 1639 1224 1675; x_wconf 88' lang='lat' dir='ltr'><strong>furtum</strong></span> 
     </span>
     <span class='ocr_line' id='line_1_34' title="bbox 139 1685 1225 1731; baseline 0.001 -12"><span class='ocrx_word' id='word_1_234' title='bbox 139 1692 266 1728; x_wconf 85' lang='lat' dir='ltr'><strong>passus</strong></span> <span class='ocrx_word' id='word_1_235' title='bbox 290 1685 354 1728; x_wconf 89' lang='lat' dir='ltr'><strong>sit,</strong></span> <span class='ocrx_word' id='word_1_236' title='bbox 386 1695 433 1720; x_wconf 83' lang='lat' dir='ltr'><strong>an</strong></span> <span class='ocrx_word' id='word_1_237' title='bbox 456 1685 635 1721; x_wconf 86' lang='lat' dir='ltr'><strong>aestimari</strong></span> <span class='ocrx_word' id='word_1_238' title='bbox 659 1685 767 1730; x_wconf 90' lang='lat' dir='ltr'><strong>duplo</strong></span> <span class='ocrx_word' id='word_1_239' title='bbox 793 1686 980 1731; x_wconf 81' lang='lat' dir='ltr'><strong>chirograp</strong></span> <span class='ocrx_word' id='word_1_240' title='bbox 1008 1686 1020 1720; x_wconf 91' lang='lat' dir='ltr'><strong>i</strong></span> <span class='ocrx_word' id='word_1_241' title='bbox 1044 1685 1225 1731; x_wconf 87' lang='lat' dir='ltr'><strong>quantitas</strong></span> 
     </span>
     <span class='ocr_line' id='line_1_35' title="bbox 140 1728 1224 1776; baseline 0.002 -12"><span class='ocrx_word' id='word_1_242' title='bbox 140 1728 278 1765; x_wconf 85' lang='lat' dir='ltr'><strong>debeat.</strong></span> <span class='ocrx_word' id='word_1_243' title='bbox 325 1733 362 1766; x_wconf 93' lang='lat' dir='ltr'><strong>et</strong></span> <span class='ocrx_word' id='word_1_244' title='bbox 384 1730 555 1775; x_wconf 87' lang='lat' dir='ltr'><strong>numquid</strong></span> <span class='ocrx_word' id='word_1_245' title='bbox 577 1741 660 1774; x_wconf 92' lang='lat' dir='ltr'><strong>non,</strong></span> <span class='ocrx_word' id='word_1_246' title='bbox 686 1731 789 1776; x_wconf 88' lang='lat' dir='ltr'><strong>quasi</strong></span> <span class='ocrx_word' id='word_1_247' title='bbox 813 1730 900 1766; x_wconf 90' lang='lat' dir='ltr'><strong>nihil</strong></span> <span class='ocrx_word' id='word_1_248' title='bbox 923 1731 1088 1767; x_wconf 80' lang='lat' dir='ltr'><strong>intersit?</strong></span> <span class='ocrx_word' id='word_1_249' title='bbox 1113 1741 1224 1776; x_wconf 87' lang='lat' dir='ltr'><strong>quan-</strong></span> 
     </span>
     <span class='ocr_line' id='line_1_36' title="bbox 138 1774 1224 1821; baseline 0.003 -13"><span class='ocrx_word' id='word_1_250' title='bbox 138 1777 216 1809; x_wconf 91' lang='lat' dir='ltr'><strong>tum</strong></span> <span class='ocrx_word' id='word_1_251' title='bbox 239 1774 331 1809; x_wconf 91' lang='lat' dir='ltr'><strong>enim</strong></span> <span class='ocrx_word' id='word_1_252' title='bbox 355 1775 520 1819; x_wconf 90' lang='lat' dir='ltr'><strong>interest,</strong></span> <span class='ocrx_word' id='word_1_253' title='bbox 552 1786 631 1811; x_wconf 89' lang='lat' dir='ltr'><strong>cum</strong></span> <span class='ocrx_word' id='word_1_254' title='bbox 654 1776 769 1821; x_wconf 83' lang='lat' dir='ltr'><strong>possit</strong></span> <span class='ocrx_word' id='word_1_255' title='bbox 793 1775 951 1811; x_wconf 88' lang='lat' dir='ltr'><strong>debitum</strong></span> <span class='ocrx_word' id='word_1_256' title='bbox 975 1776 1118 1811; x_wconf 86' lang='lat' dir='ltr'><strong>aliunde</strong></span> <span class='ocrx_word' id='word_1_257' title='bbox 1141 1786 1224 1821; x_wconf 89' lang='lat' dir='ltr'><strong>pro-</strong></span> 
     </span>
     <span class='ocr_line' id='line_1_37' title="bbox 139 1819 1225 1865; baseline 0.001 -11"><span class='ocrx_word' id='word_1_258' title='bbox 139 1819 249 1855; x_wconf 79' lang='lat' dir='ltr'><strong>bare?</strong></span> <span class='ocrx_word' id='word_1_259' title='bbox 273 1819 568 1865; x_wconf 87' lang='lat' dir='ltr'><strong>quemadmodum</strong></span> <span class='ocrx_word' id='word_1_260' title='bbox 586 1821 616 1856; x_wconf 92' lang='lat' dir='ltr'><strong>si</strong></span> <span class='ocrx_word' id='word_1_261' title='bbox 635 1820 672 1855; x_wconf 90' lang='lat' dir='ltr'><strong>in</strong></span> <span class='ocrx_word' id='word_1_262' title='bbox 690 1821 782 1856; x_wconf 90' lang='lat' dir='ltr'><strong>binis</strong></span> <span class='ocrx_word' id='word_1_263' title='bbox 799 1821 933 1857; x_wconf 86' lang='lat' dir='ltr'><strong>tabulis</strong></span> <span class='ocrx_word' id='word_1_264' title='bbox 953 1821 1225 1856; x_wconf 86' lang='lat' dir='ltr'><strong>instrumentum</strong></span> 
     </span>
     <span class='ocr_line' id='line_1_38' title="bbox 139 1864 1225 1911; baseline 0.002 -12"><span class='ocrx_word' id='word_1_265' title='bbox 139 1864 310 1910; x_wconf 90' lang='lat' dir='ltr'><strong>scriptum</strong></span> <span class='ocrx_word' id='word_1_266' title='bbox 335 1865 395 1900; x_wconf 88' lang='lat' dir='ltr'><strong>sit:</strong></span> <span class='ocrx_word' id='word_1_267' title='bbox 418 1876 501 1900; x_wconf 89' lang='lat' dir='ltr'><strong>nam</strong></span> <span class='ocrx_word' id='word_1_268' title='bbox 525 1866 611 1900; x_wconf 89' lang='lat' dir='ltr'><strong>nihil</strong></span> <span class='ocrx_word' id='word_1_269' title='bbox 634 1865 774 1901; x_wconf 88' lang='lat' dir='ltr'><strong>videtur</strong></span> <span class='ocrx_word' id='word_1_270' title='bbox 796 1865 1008 1911; x_wconf 84' lang='lat' dir='ltr'><strong>deperdere,</strong></span> <span class='ocrx_word' id='word_1_271' title='bbox 1034 1866 1063 1902; x_wconf 90' lang='lat' dir='ltr'><strong>si</strong></span> <span class='ocrx_word' id='word_1_272' title='bbox 1078 1867 1101 1887; x_wconf 86' lang='lat'><strong>¹¹</strong></span> <span class='ocrx_word' id='word_1_273' title='bbox 1127 1866 1225 1901; x_wconf 87' lang='lat' dir='ltr'><strong>futu-</strong></span> 
     </span>
     <span class='ocr_line' id='line_1_39' title="bbox 140 1910 1224 1956; baseline 0.001 -10"><span class='ocrx_word' id='word_1_274' title='bbox 140 1920 218 1946; x_wconf 89' lang='lat' dir='ltr'><strong>rum</strong></span> <span class='ocrx_word' id='word_1_275' title='bbox 243 1913 314 1953; x_wconf 91' lang='lat' dir='ltr'><strong>est,</strong></span> <span class='ocrx_word' id='word_1_276' title='bbox 348 1914 388 1945; x_wconf 88' lang='lat' dir='ltr'><strong>ut</strong></span> <span class='ocrx_word' id='word_1_277' title='bbox 411 1910 481 1946; x_wconf 89' lang='lat' dir='ltr'><strong>alio</strong></span> <span class='ocrx_word' id='word_1_278' title='bbox 507 1910 744 1956; x_wconf 85' lang='lat' dir='ltr'><strong>chirographo</strong></span> <span class='ocrx_word' id='word_1_279' title='bbox 767 1911 864 1946; x_wconf 89' lang='lat' dir='ltr'><strong>salvo</strong></span> <span class='ocrx_word' id='word_1_280' title='bbox 895 1912 1054 1947; x_wconf 88' lang='lat' dir='ltr'><strong>securior</strong></span> <span class='ocrx_word' id='word_1_281' title='bbox 1077 1911 1125 1947; x_wconf 91' lang='lat' dir='ltr'><strong>sit</strong></span> <span class='ocrx_word' id='word_1_282' title='bbox 1149 1921 1224 1947; x_wconf 89' lang='lat' dir='ltr'><strong>cre-</strong></span> 
     </span>
     <span class='ocr_line' id='line_1_40' title="bbox 141 1954 1227 2009; baseline 0.003 -20"><span class='ocrx_word' id='word_1_283' title='bbox 141 1957 160 1989; x_wconf 91' lang='lat'>2</span> <span class='ocrx_word' id='word_1_284' title='bbox 207 1954 310 1990; x_wconf 92' lang='lat' dir='ltr'><strong>ditor.</strong></span> <span class='ocrx_word' id='word_1_285' title='bbox 358 1956 509 2000; x_wconf 88' lang='lat' dir='ltr'><strong>Apocha</strong></span> <span class='ocrx_word' id='word_1_286' title='bbox 541 1966 680 2001; x_wconf 89' lang='lat' dir='ltr'><strong>quoque</strong></span> <span class='ocrx_word' id='word_1_287' title='bbox 705 1956 735 1991; x_wconf 90' lang='lat' dir='ltr'><strong>si</strong></span> <span class='ocrx_word' id='word_1_288' title='bbox 759 1955 868 1992; x_wconf 86' lang='lat' dir='ltr'><strong>fuerit</strong></span> <span class='ocrx_word' id='word_1_289' title='bbox 890 1957 1078 2009; x_wconf 87' lang='lat' dir='ltr'><strong>subrepta,</strong></span> <span class='ocrx_word' id='word_1_290' title='bbox 1114 1967 1156 1992; x_wconf 88' lang='lat' dir='ltr'><strong>ae</strong></span> <span class='ocrx_word' id='word_1_291' title='bbox 1181 1966 1227 1992; x_wconf 90' lang='lat' dir='ltr'><strong>ue</strong></span> 
     </span>
     <span class='ocr_line' id='line_1_41' title="bbox 140 1999 1224 2054; baseline 0.003 -20"><span class='ocrx_word' id='word_1_292' title='bbox 140 1999 327 2035; x_wconf 89' lang='lat' dir='ltr'><strong>dicendum</strong></span> <span class='ocrx_word' id='word_1_293' title='bbox 359 2005 414 2036; x_wconf 89' lang='lat' dir='ltr'><strong>est</strong></span> <span class='ocrx_word' id='word_1_294' title='bbox 441 2000 530 2035; x_wconf 85' lang='lat' dir='ltr'><strong>furti</strong></span> <span class='ocrx_word' id='word_1_295' title='bbox 561 2002 737 2036; x_wconf 87' lang='lat' dir='ltr'><strong>actionem</strong></span> <span class='ocrx_word' id='word_1_296' title='bbox 760 2001 797 2036; x_wconf 92' lang='lat' dir='ltr'><strong>in</strong></span> <span class='ocrx_word' id='word_1_297' title='bbox 820 2001 856 2036; x_wconf 89' lang='lat' dir='ltr'><strong>id</strong></span> <span class='ocrx_word' id='word_1_298' title='bbox 881 2001 977 2054; x_wconf 86' lang='lat' dir='ltr'><strong>quod</strong></span> <span class='ocrx_word' id='word_1_299' title='bbox 1000 2006 1149 2038; x_wconf 90' lang='lat' dir='ltr'><strong>interest</strong></span> <span class='ocrx_word' id='word_1_300' title='bbox 1186 2012 1224 2037; x_wconf 97' lang='lat' dir='ltr'><strong>o-</strong></span> 
     </span>
     <span class='ocr_line' id='line_1_42' title="bbox 140 2045 1226 2089; baseline 0.001 -9"><span class='ocrx_word' id='word_1_301' title='bbox 140 2054 219 2080; x_wconf 90' lang='lat' dir='ltr'><strong>cum</strong></span> <span class='ocrx_word' id='word_1_302' title='bbox 242 2045 393 2081; x_wconf 85' lang='lat' dir='ltr'><strong>habere:</strong></span> <span class='ocrx_word' id='word_1_303' title='bbox 419 2046 482 2081; x_wconf 88' lang='lat' dir='ltr'><strong>sed</strong></span> <span class='ocrx_word' id='word_1_304' title='bbox 505 2046 591 2080; x_wconf 89' lang='lat' dir='ltr'><strong>nihil</strong></span> <span class='ocrx_word' id='word_1_305' title='bbox 615 2046 699 2080; x_wconf 88' lang='lat' dir='ltr'><strong>mihi</strong></span> <span class='ocrx_word' id='word_1_306' title='bbox 723 2046 862 2082; x_wconf 88' lang='lat' dir='ltr'><strong>videtur</strong></span> <span class='ocrx_word' id='word_1_307' title='bbox 886 2050 1075 2089; x_wconf 85' lang='lat' dir='ltr'><strong>interesse,</strong></span> <span class='ocrx_word' id='word_1_308' title='bbox 1101 2048 1131 2083; x_wconf 90' lang='lat' dir='ltr'><strong>si</strong></span> <span class='ocrx_word' id='word_1_309' title='bbox 1155 2047 1226 2082; x_wconf 91' lang='lat' dir='ltr'><strong>sint</strong></span> 
     </span>
     <span class='ocr_line' id='line_1_43' title="bbox 141 2090 1226 2137; baseline 0.003 -13"><span class='ocrx_word' id='word_1_310' title='bbox 141 2093 159 2124; x_wconf 89' lang='lat'><strong>3</strong></span> <span class='ocrx_word' id='word_1_311' title='bbox 208 2093 244 2125; x_wconf 89' lang='lat' dir='ltr'><strong>et</strong></span> <span class='ocrx_word' id='word_1_312' title='bbox 263 2090 354 2127; x_wconf 87' lang='lat' dir='ltr'><strong>aliae</strong></span> <span class='ocrx_word' id='word_1_313' title='bbox 373 2091 603 2136; x_wconf 86' lang='lat' dir='ltr'><strong>probationes</strong></span> <span class='ocrx_word' id='word_1_314' title='bbox 625 2091 763 2127; x_wconf 88' lang='lat' dir='ltr'><strong>solutae</strong></span> <span class='ocrx_word' id='word_1_315' title='bbox 783 2092 969 2136; x_wconf 90' lang='lat' dir='ltr'><strong>pecuniae.</strong></span> <span class='ocrx_word' id='word_1_316' title='bbox 1007 2092 1078 2127; x_wconf 89' lang='lat' dir='ltr'><strong>Sed</strong></span> <span class='ocrx_word' id='word_1_317' title='bbox 1096 2092 1127 2128; x_wconf 90' lang='lat' dir='ltr'><strong>si</strong></span> <span class='ocrx_word' id='word_1_318' title='bbox 1148 2092 1226 2137; x_wconf 91' lang='lat' dir='ltr'><strong>quis</strong></span> 
     </span>
     <span class='ocr_line' id='line_1_44' title="bbox 139 2136 1225 2180; baseline 0.002 -10"><span class='ocrx_word' id='word_1_319' title='bbox 139 2145 211 2170; x_wconf 89' lang='lat' dir='ltr'><strong>non</strong></span> <span class='ocrx_word' id='word_1_320' title='bbox 235 2136 368 2171; x_wconf 87' lang='lat' dir='ltr'><strong>amovit</strong></span> <span class='ocrx_word' id='word_1_321' title='bbox 389 2136 592 2171; x_wconf 91' lang='lat' dir='ltr'><strong>huiusmodi</strong></span> <span class='ocrx_word' id='word_1_322' title='bbox 616 2136 871 2179; x_wconf 88' lang='lat' dir='ltr'><strong>instrumenta,</strong></span> <span class='ocrx_word' id='word_1_323' title='bbox 904 2137 967 2173; x_wconf 89' lang='lat' dir='ltr'><strong>sed</strong></span> <span class='ocrx_word' id='word_1_324' title='bbox 997 2137 1225 2180; x_wconf 76' lang='lat' dir='ltr'><strong>interlevit12,</strong></span> 
     </span>
     <span class='ocr_line' id='line_1_45' title="bbox 139 2180 1225 2226; baseline 0.002 -11"><span class='ocrx_word' id='word_1_325' title='bbox 139 2190 211 2215; x_wconf 89' lang='lat' dir='ltr'><strong>non</strong></span> <span class='ocrx_word' id='word_1_326' title='bbox 241 2183 380 2216; x_wconf 85' lang='lat' dir='ltr'><strong>tantum</strong></span> <span class='ocrx_word' id='word_1_327' title='bbox 411 2180 501 2216; x_wconf 87' lang='lat' dir='ltr'><strong>furti</strong></span> <span class='ocrx_word' id='word_1_328' title='bbox 531 2181 623 2217; x_wconf 89' lang='lat' dir='ltr'><strong>actio</strong></span> <span class='ocrx_word' id='word_1_329' title='bbox 654 2181 772 2217; x_wconf 90' lang='lat' dir='ltr'><strong>locum</strong></span> <span class='ocrx_word' id='word_1_330' title='bbox 801 2182 926 2226; x_wconf 87' lang='lat' dir='ltr'><strong>habet,</strong></span> <span class='ocrx_word' id='word_1_331' title='bbox 966 2192 1089 2218; x_wconf 91' lang='lat' dir='ltr'><strong>verum</strong></span> <span class='ocrx_word' id='word_1_332' title='bbox 1120 2182 1225 2218; x_wconf 91' lang='lat' dir='ltr'><strong>etiam</strong></span> 
     </span>
     <span class='ocr_line' id='line_1_46' title="bbox 139 2225 1146 2273; baseline 0.002 -12"><span class='ocrx_word' id='word_1_333' title='bbox 139 2225 226 2270; x_wconf 79' lang='lat' dir='ltr'><strong>legis</strong></span> <span class='ocrx_word' id='word_1_334' title='bbox 250 2226 284 2261; x_wconf 89' lang='lat' dir='ltr'>A</span> <span class='ocrx_word' id='word_1_335' title='bbox 309 2226 433 2262; x_wconf 91' lang='lat' dir='ltr'><strong>uiliae:</strong></span> <span class='ocrx_word' id='word_1_336' title='bbox 459 2237 541 2261; x_wconf 88' lang='lat' dir='ltr'><strong>nam</strong></span> <span class='ocrx_word' id='word_1_337' title='bbox 565 2226 706 2271; x_wconf 89' lang='lat' dir='ltr'><strong>rupisse</strong></span> <span class='ocrx_word' id='word_1_338' title='bbox 729 2226 869 2262; x_wconf 87' lang='lat' dir='ltr'><strong>videtur</strong></span> <span class='ocrx_word' id='word_1_339' title='bbox 892 2227 953 2273; x_wconf 90' lang='lat' dir='ltr'><strong>qui</strong></span> <span class='ocrx_word' id='word_1_340' title='bbox 977 2227 1146 2273; x_wconf 85' lang='lat' dir='ltr'><strong>corrupit.</strong></span> 
     </span>
    </p>

    <p class='ocr_par' dir='ltr' id='par_1_6' title="bbox 139 2237 1227 2451">
     <span class='ocr_line' id='line_1_47' title="bbox 186 2237 1226 2309; baseline 0.001 -2"><span class='ocrx_word' id='word_1_341' title='bbox 186 2267 239 2308; x_wconf 88' lang='lat'><strong>28</strong></span> <span class='ocrx_word' id='word_1_342' title='bbox 266 2237 424 2307; x_wconf 55' lang='lat' dir='ltr'><strong>J‘lews</strong></span> <span class='ocrx_word' id='word_1_343' title='bbox 453 2271 544 2308; x_wconf 84' lang='lat' dir='ltr'><strong>libro</strong></span> <span class='ocrx_word' id='word_1_344' title='bbox 574 2282 670 2307; x_wconf 81' lang='lat' dir='ltr'><strong>nono</strong></span> <span class='ocrx_word' id='word_1_345' title='bbox 694 2271 744 2307; x_wconf 79' lang='lat' dir='ltr'><strong>ad</strong></span> <span class='ocrx_word' id='word_1_346' title='bbox 771 2271 945 2308; x_wconf 79' lang='lat' dir='ltr'><strong>Sabinum</strong></span> <span class='ocrx_word' id='word_1_347' title='bbox 993 2272 1063 2308; x_wconf 86' lang='lat' dir='ltr'><strong>Sed</strong></span> <span class='ocrx_word' id='word_1_348' title='bbox 1086 2273 1117 2309; x_wconf 92' lang='lat' dir='ltr'><strong>si</strong></span> <span class='ocrx_word' id='word_1_349' title='bbox 1141 2273 1226 2309; x_wconf 88' lang='lat' dir='ltr'><strong>sub-</strong></span> 
     </span>
     <span class='ocr_line' id='line_1_48' title="bbox 139 2316 1225 2370; baseline 0.003 -20"><span class='ocrx_word' id='word_1_350' title='bbox 139 2316 259 2360; x_wconf 88' lang='lat' dir='ltr'><strong>ripuit,</strong></span> <span class='ocrx_word' id='word_1_351' title='bbox 283 2317 490 2370; x_wconf 83' lang='lat' dir='ltr'><strong>priusquam</strong></span> <span class='ocrx_word' id='word_1_352' title='bbox 515 2316 632 2352; x_wconf 88' lang='lat' dir='ltr'><strong>deleat</strong></span> <span class='ocrx_word' id='word_1_353' title='bbox 645 2317 682 2360; x_wconf 81' lang='lat'><strong>¹³,</strong></span> <span class='ocrx_word' id='word_1_354' title='bbox 707 2320 808 2352; x_wconf 89' lang='lat' dir='ltr'><strong>tanto</strong></span> <span class='ocrx_word' id='word_1_355' title='bbox 832 2321 990 2360; x_wconf 90' lang='lat' dir='ltr'><strong>tenetur,</strong></span> <span class='ocrx_word' id='word_1_356' title='bbox 1015 2318 1139 2363; x_wconf 88' lang='lat' dir='ltr'><strong>quanti</strong></span> <span class='ocrx_word' id='word_1_357' title='bbox 1163 2318 1225 2353; x_wconf 89' lang='lat' dir='ltr'><strong>do-</strong></span> 
     </span>
     <span class='ocr_line' id='line_1_49' title="bbox 140 2361 1227 2407; baseline 0.003 -12"><span class='ocrx_word' id='word_1_358' title='bbox 140 2361 226 2395; x_wconf 90' lang='lat' dir='ltr'><strong>mini</strong></span> <span class='ocrx_word' id='word_1_359' title='bbox 255 2361 418 2397; x_wconf 78' lang='lat' dir='ltr'><strong>interfuit</strong></span> <span class='ocrx_word' id='word_1_360' title='bbox 448 2372 520 2398; x_wconf 89' lang='lat' dir='ltr'><strong>non</strong></span> <span class='ocrx_word' id='word_1_361' title='bbox 555 2361 711 2407; x_wconf 88' lang='lat' dir='ltr'><strong>subripi:</strong></span> <span class='ocrx_word' id='word_1_362' title='bbox 751 2361 900 2398; x_wconf 88' lang='lat' dir='ltr'><strong>delendo</strong></span> <span class='ocrx_word' id='word_1_363' title='bbox 939 2363 1031 2398; x_wconf 89' lang='lat' dir='ltr'><strong>enim</strong></span> <span class='ocrx_word' id='word_1_364' title='bbox 1063 2363 1152 2398; x_wconf 89' lang='lat' dir='ltr'><strong>nihil</strong></span> <span class='ocrx_word' id='word_1_365' title='bbox 1181 2363 1227 2398; x_wconf 88' lang='lat' dir='ltr'><strong>ad</strong></span> 
     </span>
     <span class='ocr_line' id='line_1_50' title="bbox 139 2407 434 2451; baseline 0.003 -10"><span class='ocrx_word' id='word_1_366' title='bbox 139 2416 292 2451; x_wconf 89' lang='lat' dir='ltr'><strong>poenam</strong></span> <span class='ocrx_word' id='word_1_367' title='bbox 315 2407 434 2442; x_wconf 89' lang='lat' dir='ltr'><strong>adicit.</strong></span> 
     </span>
    </p>

    <p class='ocr_par' dir='ltr' id='par_1_7' title="bbox 140 2448 1226 2588">
     <span class='ocr_line' id='line_1_51' title="bbox 186 2448 1226 2500; baseline 0.001 -12"><span class='ocrx_word' id='word_1_368' title='bbox 186 2448 240 2489; x_wconf 83' lang='lat'><strong>29</strong></span> <span class='ocrx_word' id='word_1_369' title='bbox 271 2451 465 2487; x_wconf 71' lang='lat' dir='ltr'><em>ULPJANUS</em></span> <span class='ocrx_word' id='word_1_370' title='bbox 493 2452 582 2488; x_wconf 81' lang='lat' dir='ltr'><strong>libro</strong></span> <span class='ocrx_word' id='word_1_371' title='bbox 612 2452 915 2499; x_wconf 75' lang='lat' dir='ltr'><strong>quadraqensimo</strong></span> <span class='ocrx_word' id='word_1_372' title='bbox 942 2454 1064 2500; x_wconf 80' lang='lat' dir='ltr'><strong>primo</strong></span> <span class='ocrx_word' id='word_1_373' title='bbox 1088 2453 1138 2489; x_wconf 86' lang='lat' dir='ltr'><strong>ad</strong></span> <span class='ocrx_word' id='word_1_374' title='bbox 1160 2453 1226 2489; x_wconf 85' lang='lat' dir='ltr'><strong>Sa-</strong></span> 
     </span>
     <span class='ocr_line' id='line_1_52' title="bbox 141 2496 1224 2544; baseline 0.003 -13"><span class='ocrx_word' id='word_1_375' title='bbox 141 2496 261 2531; x_wconf 77' lang='lat' dir='ltr'><strong>binum</strong></span> <span class='ocrx_word' id='word_1_376' title='bbox 306 2497 385 2532; x_wconf 87' lang='lat' dir='ltr'><strong>Hoc</strong></span> <span class='ocrx_word' id='word_1_377' title='bbox 415 2497 565 2542; x_wconf 89' lang='lat' dir='ltr'><strong>amplius</strong></span> <span class='ocrx_word' id='word_1_378' title='bbox 596 2502 634 2533; x_wconf 90' lang='lat' dir='ltr'><strong>et</strong></span> <span class='ocrx_word' id='word_1_379' title='bbox 664 2497 710 2532; x_wconf 89' lang='lat' dir='ltr'><strong>ad</strong></span> <span class='ocrx_word' id='word_1_380' title='bbox 742 2497 979 2533; x_wconf 85' lang='lat' dir='ltr'><strong>exhibendum</strong></span> <span class='ocrx_word' id='word_1_381' title='bbox 1003 2499 1059 2543; x_wconf 86' lang='lat' dir='ltr'><strong>agi</strong></span> <span class='ocrx_word' id='word_1_382' title='bbox 1088 2501 1224 2544; x_wconf 90' lang='lat' dir='ltr'><strong>potest:</strong></span> 
     </span>
     <span class='ocr_line' id='line_1_53' title="bbox 140 2541 1007 2588; baseline 0.002 -12"><span class='ocrx_word' id='word_1_383' title='bbox 140 2544 177 2577; x_wconf 92' lang='lat' dir='ltr'><strong>et</strong></span> <span class='ocrx_word' id='word_1_384' title='bbox 198 2541 386 2577; x_wconf 88' lang='lat' dir='ltr'><strong>interdicto</strong></span> <span class='ocrx_word' id='word_1_385' title='bbox 435 2553 562 2578; x_wconf 90' lang='lat' dir='ltr'><strong>uorum</strong></span> <span class='ocrx_word' id='word_1_386' title='bbox 585 2542 760 2578; x_wconf 89' lang='lat' dir='ltr'><strong>bonorum</strong></span> <span class='ocrx_word' id='word_1_387' title='bbox 784 2543 840 2587; x_wconf 86' lang='lat' dir='ltr'><strong>agi</strong></span> <span class='ocrx_word' id='word_1_388' title='bbox 863 2543 1007 2588; x_wconf 89' lang='lat' dir='ltr'><strong>poterit,</strong></span> 
     </span>
    </p>

    <p class='ocr_par' dir='ltr' id='par_1_8' title="bbox 140 2582 1226 2668">
     <span class='ocr_line' id='line_1_54' title="bbox 187 2582 1226 2625; baseline 0.001 -1"><span class='ocrx_word' id='word_1_389' title='bbox 187 2582 241 2624; x_wconf 85' lang='lat'><strong>30</strong></span> <span class='ocrx_word' id='word_1_390' title='bbox 266 2586 370 2622; x_wconf 76' lang='lat' dir='ltr'><em>IDEM</em></span> <span class='ocrx_word' id='word_1_391' title='bbox 399 2587 427 2622; x_wconf 88' lang='lat' dir='ltr'><strong>li</strong></span> <span class='ocrx_word' id='word_1_392' title='bbox 448 2599 490 2623; x_wconf 87' lang='lat' dir='ltr'><strong>ro</strong></span> <span class='ocrx_word' id='word_1_393' title='bbox 513 2598 609 2623; x_wconf 79' lang='lat' dir='ltr'><strong>nono</strong></span> <span class='ocrx_word' id='word_1_394' title='bbox 641 2588 690 2623; x_wconf 84' lang='lat' dir='ltr'><strong>ad</strong></span> <span class='ocrx_word' id='word_1_395' title='bbox 712 2587 887 2624; x_wconf 76' lang='lat' dir='ltr'><strong>Sabinum</strong></span> <span class='ocrx_word' id='word_1_396' title='bbox 934 2588 965 2623; x_wconf 92' lang='lat' dir='ltr'><strong>si</strong></span> <span class='ocrx_word' id='word_1_397' title='bbox 988 2588 1226 2625; x_wconf 86' lang='lat' dir='ltr'><strong>hereditariae</strong></span> 
     </span>
     <span class='ocr_line' id='line_1_55' title="bbox 140 2631 552 2668; baseline 0.002 -2"><span class='ocrx_word' id='word_1_398' title='bbox 140 2631 285 2667; x_wconf 88' lang='lat' dir='ltr'><strong>tabulae</strong></span> <span class='ocrx_word' id='word_1_399' title='bbox 310 2632 447 2668; x_wconf 90' lang='lat' dir='ltr'><strong>deletae</strong></span> <span class='ocrx_word' id='word_1_400' title='bbox 470 2631 552 2667; x_wconf 92' lang='lat' dir='ltr'><strong>sint.</strong></span> 
     </span>
    </p>

    <p class='ocr_par' dir='ltr' id='par_1_9' title="bbox 141 2673 1227 2993">
     <span class='ocr_line' id='line_1_56' title="bbox 187 2673 1227 2732; baseline 0 -18"><span class='ocrx_word' id='word_1_401' title='bbox 187 2673 238 2714; x_wconf 88' lang='lat'><strong>31</strong></span> <span class='ocrx_word' id='word_1_402' title='bbox 280 2675 509 2713; x_wconf 60' lang='lat' dir='ltr'><strong>Ummssws²⁴</strong></span> <span class='ocrx_word' id='word_1_403' title='bbox 546 2677 637 2713; x_wconf 84' lang='lat' dir='ltr'><strong>libro</strong></span> <span class='ocrx_word' id='word_1_404' title='bbox 677 2677 981 2730; x_wconf 70' lang='lat' dir='ltr'><strong>quadraqcnsimo</strong></span> <span class='ocrx_word' id='word_1_405' title='bbox 1013 2679 1137 2732; x_wconf 74' lang='lat' dir='ltr'><strong>primo</strong></span> <span class='ocrx_word' id='word_1_406' title='bbox 1177 2679 1227 2715; x_wconf 81' lang='lat' dir='ltr'><strong>ad</strong></span> 
     </span>
     <span class='ocr_line' id='line_1_57' title="bbox 142 2720 1223 2776; baseline 0.003 -20"><span class='ocrx_word' id='word_1_407' title='bbox 142 2720 315 2757; x_wconf 82' lang='lat' dir='ltr'><strong>Sabinum</strong></span> <span class='ocrx_word' id='word_1_408' title='bbox 362 2721 433 2757; x_wconf 89' lang='lat' dir='ltr'><strong>Sed</strong></span> <span class='ocrx_word' id='word_1_409' title='bbox 463 2725 499 2757; x_wconf 85' lang='lat' dir='ltr'><strong>et</strong></span> <span class='ocrx_word' id='word_1_410' title='bbox 529 2722 560 2757; x_wconf 93' lang='lat' dir='ltr'><strong>si</strong></span> <span class='ocrx_word' id='word_1_411' title='bbox 589 2722 776 2767; x_wconf 78' lang='lat' dir='ltr'><strong>imaginem</strong></span> <span class='ocrx_word' id='word_1_412' title='bbox 808 2723 886 2776; x_wconf 87' lang='lat' dir='ltr'><strong>quis</strong></span> <span class='ocrx_word' id='word_1_413' title='bbox 918 2723 973 2759; x_wconf 93' lang='lat' dir='ltr'><strong>vel</strong></span> <span class='ocrx_word' id='word_1_414' title='bbox 1003 2724 1132 2759; x_wconf 89' lang='lat' dir='ltr'><strong>librum</strong></span> <span class='ocrx_word' id='word_1_415' title='bbox 1163 2724 1223 2759; x_wconf 89' lang='lat' dir='ltr'><strong>de-</strong></span> 
     </span>
     <span class='ocr_line' id='line_1_58' title="bbox 142 2766 1223 2813; baseline 0.003 -11"><span class='ocrx_word' id='word_1_416' title='bbox 142 2766 283 2808; x_wconf 88' lang='lat' dir='ltr'><strong>leverit,</strong></span> <span class='ocrx_word' id='word_1_417' title='bbox 316 2770 352 2802; x_wconf 91' lang='lat' dir='ltr'><strong>et</strong></span> <span class='ocrx_word' id='word_1_418' title='bbox 374 2767 433 2802; x_wconf 90' lang='lat' dir='ltr'><strong>hic</strong></span> <span class='ocrx_word' id='word_1_419' title='bbox 456 2770 598 2802; x_wconf 91' lang='lat' dir='ltr'><strong>tenetur</strong></span> <span class='ocrx_word' id='word_1_420' title='bbox 621 2767 749 2803; x_wconf 90' lang='lat' dir='ltr'><strong>damno</strong></span> <span class='ocrx_word' id='word_1_421' title='bbox 773 2767 942 2812; x_wconf 87' lang='lat' dir='ltr'><strong>iniuriae,</strong></span> <span class='ocrx_word' id='word_1_422' title='bbox 975 2769 1078 2813; x_wconf 90' lang='lat' dir='ltr'><strong>quasi</strong></span> <span class='ocrx_word' id='word_1_423' title='bbox 1101 2779 1223 2805; x_wconf 89' lang='lat' dir='ltr'><strong>corru-</strong></span> 
     </span>
     <span class='ocr_line' id='line_1_59' title="bbox 145 2811 1224 2860; baseline 0.004 -14"><span class='ocrx_word' id='word_1_424' title='bbox 145 2814 158 2846; x_wconf 92' lang='lat'>1</span> <span class='ocrx_word' id='word_1_425' title='bbox 208 2811 312 2857; x_wconf 87' lang='lat' dir='ltr'><strong>perit.</strong></span> <span class='ocrx_word' id='word_1_426' title='bbox 338 2811 375 2846; x_wconf 91' lang='lat' dir='ltr'><strong>Si</strong></span> <span class='ocrx_word' id='word_1_427' title='bbox 394 2811 472 2857; x_wconf 90' lang='lat' dir='ltr'><strong>quis</strong></span> <span class='ocrx_word' id='word_1_428' title='bbox 489 2812 631 2848; x_wconf 87' lang='lat' dir='ltr'><strong>tabulas</strong></span> <span class='ocrx_word' id='word_1_429' title='bbox 650 2813 968 2848; x_wconf 89' lang='lat' dir='ltr'><strong>instrumentorum</strong></span> <span class='ocrx_word' id='word_1_430' title='bbox 988 2814 1040 2849; x_wconf 89' lang='lat' dir='ltr'><strong>rei</strong></span> <span class='ocrx_word' id='word_1_431' title='bbox 1058 2814 1224 2860; x_wconf 90' lang='lat' dir='ltr'><strong>publicae</strong></span> 
     </span>
     <span class='ocr_line' id='line_1_60' title="bbox 142 2855 1222 2903; baseline 0.004 -13"><span class='ocrx_word' id='word_1_432' title='bbox 142 2855 324 2901; x_wconf 89' lang='lat' dir='ltr'><strong>municipii</strong></span> <span class='ocrx_word' id='word_1_433' title='bbox 361 2856 511 2893; x_wconf 89' lang='lat' dir='ltr'><strong>alicuius</strong></span> <span class='ocrx_word' id='word_1_434' title='bbox 549 2860 613 2892; x_wconf 89' lang='lat' dir='ltr'><strong>aut</strong></span> <span class='ocrx_word' id='word_1_435' title='bbox 643 2857 862 2903; x_wconf 89' lang='lat' dir='ltr'><strong>subripuerit</strong></span> <span class='ocrx_word' id='word_1_436' title='bbox 899 2862 962 2894; x_wconf 89' lang='lat' dir='ltr'><strong>aut</strong></span> <span class='ocrx_word' id='word_1_437' title='bbox 998 2859 1222 2902; x_wconf 87' lang='lat' dir='ltr'><strong>interleverit,</strong></span> 
     </span>
     <span class='ocr_line' id='line_1_61' title="bbox 141 2901 1224 2948; baseline 0.003 -11"><span class='ocrx_word' id='word_1_438' title='bbox 141 2901 263 2937; x_wconf 89' lang='lat' dir='ltr'><strong>Labeo</strong></span> <span class='ocrx_word' id='word_1_439' title='bbox 294 2901 346 2936; x_wconf 86' lang='lat' dir='ltr'><strong>ait</strong></span> <span class='ocrx_word' id='word_1_440' title='bbox 375 2901 463 2937; x_wconf 89' lang='lat' dir='ltr'><strong>furti</strong></span> <span class='ocrx_word' id='word_1_441' title='bbox 494 2912 574 2937; x_wconf 92' lang='lat' dir='ltr'><strong>eum</strong></span> <span class='ocrx_word' id='word_1_442' title='bbox 604 2903 733 2938; x_wconf 89' lang='lat' dir='ltr'><strong>teneri:</strong></span> <span class='ocrx_word' id='word_1_443' title='bbox 774 2903 936 2948; x_wconf 88' lang='lat' dir='ltr'><strong>idemque</strong></span> <span class='ocrx_word' id='word_1_444' title='bbox 968 2904 1092 2939; x_wconf 87' lang='lat' dir='ltr'><strong>scribit</strong></span> <span class='ocrx_word' id='word_1_445' title='bbox 1121 2908 1156 2940; x_wconf 89' lang='lat' dir='ltr'><strong>et</strong></span> <span class='ocrx_word' id='word_1_446' title='bbox 1180 2906 1224 2941; x_wconf 91' lang='lat' dir='ltr'><strong>de</strong></span> 
     </span>
     <span class='ocr_line' id='line_1_62' title="bbox 142 2946 982 2993; baseline 0.004 -12"><span class='ocrx_word' id='word_1_447' title='bbox 142 2946 269 2982; x_wconf 85' lang='lat' dir='ltr'><strong>ceteris</strong></span> <span class='ocrx_word' id='word_1_448' title='bbox 293 2947 401 2982; x_wconf 89' lang='lat' dir='ltr'><strong>rebus</strong></span> <span class='ocrx_word' id='word_1_449' title='bbox 424 2947 576 2991; x_wconf 91' lang='lat' dir='ltr'><strong>publicis</strong></span> <span class='ocrx_word' id='word_1_450' title='bbox 600 2947 714 2993; x_wconf 90' lang='lat' dir='ltr'><strong>deque</strong></span> <span class='ocrx_word' id='word_1_451' title='bbox 739 2948 982 2984; x_wconf 87' lang='lat' dir='ltr'><strong>societatibus.</strong></span> 
     </span>
    </p>

    <p class='ocr_par' dir='ltr' id='par_1_10' title="bbox 140 2989 1225 3535">
     <span class='ocr_line' id='line_1_63' title="bbox 188 2989 1223 3038; baseline 0.002 -10"><span class='ocrx_word' id='word_1_452' title='bbox 188 2989 241 3028; x_wconf 85' lang='lat'><strong>32</strong></span> <span class='ocrx_word' id='word_1_453' title='bbox 265 2991 425 3027; x_wconf 61' lang='lat' dir='ltr'><strong>Patmos</strong></span> <span class='ocrx_word' id='word_1_454' title='bbox 453 2992 543 3027; x_wconf 83' lang='lat' dir='ltr'><strong>libro</strong></span> <span class='ocrx_word' id='word_1_455' title='bbox 574 3003 669 3028; x_wconf 83' lang='lat' dir='ltr'><strong>nono</strong></span> <span class='ocrx_word' id='word_1_456' title='bbox 702 2993 751 3028; x_wconf 84' lang='lat' dir='ltr'><strong>ad</strong></span> <span class='ocrx_word' id='word_1_457' title='bbox 773 2992 947 3029; x_wconf 80' lang='lat' dir='ltr'><strong>Sabinum</strong></span> <span class='ocrx_word' id='word_1_458' title='bbox 995 2993 1145 3038; x_wconf 80' lang='lat' dir='ltr'><strong>Quidam</strong></span> <span class='ocrx_word' id='word_1_459' title='bbox 1169 2998 1223 3030; x_wconf 90' lang='lat' dir='ltr'><strong>ta-</strong></span> 
     </span>
     <span class='ocr_line' id='line_1_64' title="bbox 140 3036 1224 3075; baseline 0.004 -4"><span class='ocrx_word' id='word_1_460' title='bbox 140 3036 305 3071; x_wconf 88' lang='lat' dir='ltr'><strong>bularum</strong></span> <span class='ocrx_word' id='word_1_461' title='bbox 336 3036 521 3071; x_wconf 85' lang='lat' dir='ltr'><strong>dumtaxat</strong></span> <span class='ocrx_word' id='word_1_462' title='bbox 544 3037 823 3073; x_wconf 88' lang='lat' dir='ltr'><strong>aestimationem</strong></span> <span class='ocrx_word' id='word_1_463' title='bbox 853 3038 1054 3074; x_wconf 86' lang='lat' dir='ltr'><strong>faciendam</strong></span> <span class='ocrx_word' id='word_1_464' title='bbox 1077 3040 1114 3074; x_wconf 92' lang='lat' dir='ltr'><strong>in</strong></span> <span class='ocrx_word' id='word_1_465' title='bbox 1137 3040 1224 3075; x_wconf 86' lang='lat' dir='ltr'><strong>furti</strong></span> 
     </span>
     <span class='ocr_line' id='line_1_65' title="bbox 141 3081 1224 3129; baseline 0.004 -13"><span class='ocrx_word' id='word_1_466' title='bbox 141 3081 282 3117; x_wconf 88' lang='lat' dir='ltr'><strong>actione</strong></span> <span class='ocrx_word' id='word_1_467' title='bbox 301 3081 513 3124; x_wconf 90' lang='lat' dir='ltr'><strong>existimant,</strong></span> <span class='ocrx_word' id='word_1_468' title='bbox 539 3081 671 3126; x_wconf 82' lang='lat' dir='ltr'><strong>quia¹⁵‚</strong></span> <span class='ocrx_word' id='word_1_469' title='bbox 695 3083 726 3118; x_wconf 90' lang='lat' dir='ltr'><strong>si</strong></span> <span class='ocrx_word' id='word_1_470' title='bbox 749 3082 868 3125; x_wconf 88' lang='lat' dir='ltr'><strong>iudici,</strong></span> <span class='ocrx_word' id='word_1_471' title='bbox 893 3083 990 3129; x_wconf 86' lang='lat' dir='ltr'><strong>apud</strong></span> <span class='ocrx_word' id='word_1_472' title='bbox 1014 3095 1116 3129; x_wconf 92' lang='lat' dir='ltr'><strong>quem</strong></span> <span class='ocrx_word' id='word_1_473' title='bbox 1138 3085 1224 3120; x_wconf 88' lang='lat' dir='ltr'><strong>furti</strong></span> 
     </span>
     <span class='ocr_line' id='line_1_66' title="bbox 141 3126 1223 3175; baseline 0.005 -14"><span class='ocrx_word' id='word_1_474' title='bbox 141 3129 279 3170; x_wconf 87' lang='lat' dir='ltr'><strong>agatur,</strong></span> <span class='ocrx_word' id='word_1_475' title='bbox 303 3126 417 3172; x_wconf 88' lang='lat' dir='ltr'><strong>possit</strong></span> <span class='ocrx_word' id='word_1_476' title='bbox 464 3127 597 3171; x_wconf 90' lang='lat' dir='ltr'><strong>robari,</strong></span> <span class='ocrx_word' id='word_1_477' title='bbox 645 3132 793 3163; x_wconf 89' lang='lat' dir='ltr'><strong>uantum</strong></span> <span class='ocrx_word' id='word_1_478' title='bbox 813 3128 971 3164; x_wconf 91' lang='lat' dir='ltr'><strong>debitum</strong></span> <span class='ocrx_word' id='word_1_479' title='bbox 994 3128 1114 3172; x_wconf 89' lang='lat' dir='ltr'><strong>fuerit,</strong></span> <span class='ocrx_word' id='word_1_480' title='bbox 1139 3141 1223 3175; x_wconf 89' lang='lat' dir='ltr'><strong>pos-</strong></span> 
     </span>
     <span class='ocr_line' id='line_1_67' title="bbox 141 3138 1224 3220; baseline 0.004 -14"><span class='ocrx_word' id='word_1_481' title='bbox 141 3171 188 3206; x_wconf 89' lang='lat' dir='ltr'><strong>sit</strong></span> <span class='ocrx_word' id='word_1_482' title='bbox 216 3171 322 3207; x_wconf 89' lang='lat' dir='ltr'><strong>etiam</strong></span> <span class='ocrx_word' id='word_1_483' title='bbox 352 3138 462 3217; x_wconf 83' lang='lat' dir='ltr'><strong>apudp</strong></span> <span class='ocrx_word' id='word_1_484' title='bbox 479 3182 560 3207; x_wconf 92' lang='lat' dir='ltr'><strong>eum</strong></span> <span class='ocrx_word' id='word_1_485' title='bbox 591 3172 627 3206; x_wconf 92' lang='lat' dir='ltr'><strong>iu</strong></span> <span class='ocrx_word' id='word_1_486' title='bbox 654 3172 744 3208; x_wconf 89' lang='lat' dir='ltr'><strong>icem</strong></span> <span class='ocrx_word' id='word_1_487' title='bbox 766 3173 890 3208; x_wconf 89' lang='lat' dir='ltr'><strong>eadem</strong></span> <span class='ocrx_word' id='word_1_488' title='bbox 920 3175 1092 3219; x_wconf 89' lang='lat' dir='ltr'><strong>probare,</strong></span> <span class='ocrx_word' id='word_1_489' title='bbox 1128 3175 1224 3220; x_wconf 90' lang='lat' dir='ltr'><strong>apud</strong></span> 
     </span>
     <span class='ocr_line' id='line_1_68' title="bbox 142 3217 1222 3265; baseline 0.004 -14"><span class='ocrx_word' id='word_1_490' title='bbox 142 3226 246 3261; x_wconf 90' lang='lat' dir='ltr'><strong>quem</strong></span> <span class='ocrx_word' id='word_1_491' title='bbox 268 3217 455 3262; x_wconf 90' lang='lat' dir='ltr'><strong>pecuniam</strong></span> <span class='ocrx_word' id='word_1_492' title='bbox 479 3220 597 3262; x_wconf 88' lang='lat' dir='ltr'><strong>petat:</strong></span> <span class='ocrx_word' id='word_1_493' title='bbox 631 3217 662 3252; x_wconf 91' lang='lat' dir='ltr'><strong>si</strong></span> <span class='ocrx_word' id='word_1_494' title='bbox 691 3228 774 3253; x_wconf 90' lang='lat' dir='ltr'><strong>vero</strong></span> <span class='ocrx_word' id='word_1_495' title='bbox 797 3218 833 3253; x_wconf 91' lang='lat' dir='ltr'><strong>in</strong></span> <span class='ocrx_word' id='word_1_496' title='bbox 865 3218 952 3253; x_wconf 87' lang='lat' dir='ltr'><strong>furti</strong></span> <span class='ocrx_word' id='word_1_497' title='bbox 983 3219 1115 3255; x_wconf 90' lang='lat' dir='ltr'><strong>iudicio</strong></span> <span class='ocrx_word' id='word_1_498' title='bbox 1139 3231 1222 3265; x_wconf 91' lang='lat' dir='ltr'><strong>pro-</strong></span> 
     </span>
     <span class='ocr_line' id='line_1_69' title="bbox 141 3261 1222 3315; baseline 0.004 -19"><span class='ocrx_word' id='word_1_499' title='bbox 141 3261 228 3296; x_wconf 89' lang='lat' dir='ltr'><strong>bare</strong></span> <span class='ocrx_word' id='word_1_500' title='bbox 256 3272 338 3314; x_wconf 34' lang='lat' dir='ltr'><strong>‘no-n</strong></span> <span class='ocrx_word' id='word_1_501' title='bbox 375 3266 513 3315; x_wconf 67' lang='lat' dir='ltr'><strong>potest,</strong></span> <span class='ocrx_word' id='word_1_502' title='bbox 553 3272 598 3296; x_wconf 90' lang='lat' dir='ltr'><strong>ne</strong></span> <span class='ocrx_word' id='word_1_503' title='bbox 633 3261 722 3297; x_wconf 91' lang='lat' dir='ltr'><strong>illud</strong></span> <span class='ocrx_word' id='word_1_504' title='bbox 751 3262 891 3307; x_wconf 90' lang='lat' dir='ltr'><strong>quidem</strong></span> <span class='ocrx_word' id='word_1_505' title='bbox 955 3274 1034 3300; x_wconf 91' lang='lat' dir='ltr'><strong>osse</strong></span> <span class='ocrx_word' id='word_1_506' title='bbox 1074 3265 1222 3308; x_wconf 90' lang='lat' dir='ltr'><strong>ostendi,</strong></span> 
     </span>
     <span class='ocr_line' id='line_1_70' title="bbox 141 3307 1224 3400; baseline 0.005 -14"><span class='ocrx_word' id='word_1_507' title='bbox 141 3309 562 3387; x_wconf 56' lang='grc' dir='ltr'><strong>ἓέιῗῶἓεῖἶῖἐΐὲῗὶἓέθ</strong></span> <span class='ocrx_word' id='word_1_508' title='bbox 586 3307 908 3394; x_wconf 44' lang='lat' dir='ltr'><strong>{taetitia</strong></span> <span class='ocrx_word' id='word_1_509' title='bbox 927 3312 1074 3399; x_wconf 54' lang='grc' dir='ltr'><strong>ρῖῗὲἒ,</strong></span> <span class='ocrx_word' id='word_1_510' title='bbox 1088 3309 1224 3400; x_wconf 45' lang='grc' dir='ltr'><strong>ἰξιῖἓῗέἒ</strong></span> 
     </span>
     <span class='ocr_line' id='line_1_71' title="bbox 145 3395 1223 3440; baseline 0.006 -10"><span class='ocrx_word' id='word_1_511' title='bbox 145 3399 159 3430; x_wconf 87' lang='grc'><strong>1</strong></span> <span class='ocrx_word' id='word_1_512' title='bbox 193 3406 276 3433; x_wconf 66' lang='lat' dir='ltr'><strong>‚sua</strong></span> <span class='ocrx_word' id='word_1_513' title='bbox 297 3395 511 3440; x_wconf 86' lang='lat' dir='ltr'><strong>interfuerit,</strong></span> <span class='ocrx_word' id='word_1_514' title='bbox 536 3397 566 3432; x_wconf 92' lang='lat' dir='ltr'><strong>si</strong></span> <span class='ocrx_word' id='word_1_515' title='bbox 589 3397 732 3432; x_wconf 86' lang='lat' dir='ltr'><strong>tabulas</strong></span> <span class='ocrx_word' id='word_1_516' title='bbox 755 3401 908 3434; x_wconf 89' lang='lat' dir='ltr'><strong>nanctus</strong></span> <span class='ocrx_word' id='word_1_517' title='bbox 932 3409 1004 3435; x_wconf 93' lang='lat' dir='ltr'><strong>non</strong></span> <span class='ocrx_word' id='word_1_518' title='bbox 1028 3404 1133 3435; x_wconf 89' lang='lat' dir='ltr'><strong>esset.</strong></span> <span class='ocrx_word' id='word_1_519' title='bbox 1170 3400 1223 3436; x_wconf 90' lang='lat' dir='ltr'><strong>De</strong></span> 
     </span>
     <span class='ocr_line' id='line_1_72' title="bbox 141 3440 1225 3494; baseline 0.005 -18"><span class='ocrx_word' id='word_1_520' title='bbox 141 3440 219 3485; x_wconf 84' lang='lat' dir='ltr'><strong>lege</strong></span> <span class='ocrx_word' id='word_1_521' title='bbox 237 3441 382 3494; x_wconf 86' lang='lat' dir='ltr'><strong>Aquilia</strong></span> <span class='ocrx_word' id='word_1_522' title='bbox 399 3442 513 3477; x_wconf 90' lang='lat' dir='ltr'><strong>maior</strong></span> <span class='ocrx_word' id='word_1_523' title='bbox 532 3442 692 3487; x_wconf 87' lang='lat' dir='ltr'><strong>quaestio</strong></span> <span class='ocrx_word' id='word_1_524' title='bbox 711 3445 776 3485; x_wconf 91' lang='lat' dir='ltr'><strong>est,</strong></span> <span class='ocrx_word' id='word_1_525' title='bbox 798 3443 1090 3488; x_wconf 88' lang='lat' dir='ltr'><strong>quemadmodum</strong></span> <span class='ocrx_word' id='word_1_526' title='bbox 1109 3445 1225 3491; x_wconf 88' lang='lat' dir='ltr'><strong>possit</strong></span> 
     </span>
     <span class='ocr_line' id='line_1_73' title="bbox 141 3485 1223 3535; baseline 0.004 -14"><span class='ocrx_word' id='word_1_527' title='bbox 141 3485 304 3530; x_wconf 87' lang='lat' dir='ltr'><strong>probari,</strong></span> <span class='ocrx_word' id='word_1_528' title='bbox 344 3487 467 3531; x_wconf 89' lang='lat' dir='ltr'><strong>quanti</strong></span> <span class='ocrx_word' id='word_1_529' title='bbox 498 3487 573 3523; x_wconf 91' lang='lat' dir='ltr'><strong>eius</strong></span> <span class='ocrx_word' id='word_1_530' title='bbox 605 3487 761 3523; x_wconf 89' lang='lat' dir='ltr'><strong>intersit:</strong></span> <span class='ocrx_word' id='word_1_531' title='bbox 799 3498 883 3523; x_wconf 88' lang='lat' dir='ltr'><strong>nam</strong></span> <span class='ocrx_word' id='word_1_532' title='bbox 914 3489 944 3525; x_wconf 90' lang='lat' dir='ltr'><strong>si</strong></span> <span class='ocrx_word' id='word_1_533' title='bbox 981 3493 1101 3535; x_wconf 88' lang='lat' dir='ltr'><strong>potest</strong></span> <span class='ocrx_word' id='word_1_534' title='bbox 1135 3490 1223 3525; x_wconf 86' lang='lat' dir='ltr'><strong>alias</strong></span> 
     </span>
    </p>
   </div>
   <div class='ocr_carea' id='block_1_4' title="bbox 141 3599 779 3819">
    <p class='ocr_par' dir='ltr' id='par_1_11' title="bbox 141 3599 779 3819">
     <span class='ocr_line' id='line_1_74' title="bbox 141 3599 779 3641; baseline 0 -8"><span class='ocrx_word' id='word_1_535' title='bbox 141 3600 182 3641; x_wconf 87' lang='lat'><strong>(1)</strong></span> <span class='ocrx_word' id='word_1_536' title='bbox 206 3599 341 3632; x_wconf 84' lang='lat' dir='ltr'><strong>furandi</strong></span> <span class='ocrx_word' id='word_1_537' title='bbox 354 3601 390 3634; x_wconf 90' lang='lat' dir='ltr'><strong><em>B</em></strong></span> <span class='ocrx_word' id='word_1_538' title='bbox 403 3600 535 3641; x_wconf 80' lang='lat' dir='ltr'><strong>Latine,</strong></span> <span class='ocrx_word' id='word_1_539' title='bbox 555 3601 733 3634; x_wconf 85' lang='lat' dir='ltr'><strong>fraudandi</strong></span> <span class='ocrx_word' id='word_1_540' title='bbox 745 3602 779 3633; x_wconf 82' lang='lat' dir='ltr'><em>F</em></span> 
     </span>
     <span class='ocr_line' id='line_1_75' title="bbox 143 3643 585 3687; baseline 0.002 -9"><span class='ocrx_word' id='word_1_541' title='bbox 143 3645 184 3686; x_wconf 87' lang='grc'><strong>(3)</strong></span> <span class='ocrx_word' id='word_1_542' title='bbox 208 3643 353 3687; x_wconf 84' lang='lat' dir='ltr'><strong>tabulae]</strong></span> <span class='ocrx_word' id='word_1_543' title='bbox 373 3644 504 3678; x_wconf 85' lang='lat' dir='ltr'><strong>sublata</strong></span> <span class='ocrx_word' id='word_1_544' title='bbox 522 3658 585 3679; x_wconf 78' lang='lat' dir='ltr'><strong>scr.</strong></span> 
     </span>
     <span class='ocr_line' id='line_1_76' title="bbox 141 3688 601 3732; baseline 0.009 -12"><span class='ocrx_word' id='word_1_545' title='bbox 141 3688 224 3721; x_wconf 77' lang='lat' dir='ltr'><strong>toris</strong></span> <span class='ocrx_word' id='word_1_546' title='bbox 245 3689 280 3722; x_wconf 87' lang='lat' dir='ltr'><em>F</em></span> <span class='ocrx_word' id='word_1_547' title='bbox 369 3691 414 3732; x_wconf 82' lang='grc'><strong>(6)</strong></span> <span class='ocrx_word' id='word_1_548' title='bbox 439 3690 518 3732; x_wconf 83' lang='lat' dir='ltr'><strong>quia</strong></span> <span class='ocrx_word' id='word_1_549' title='bbox 539 3692 601 3724; x_wconf 83' lang='lat' dir='ltr'><strong>del.</strong></span> 
     </span>
     <span class='ocr_line' id='line_1_77' title="bbox 142 3733 413 3775; baseline 0.007 -10"><span class='ocrx_word' id='word_1_550' title='bbox 142 3733 205 3775; x_wconf 82' lang='lat' dir='ltr'><strong>his]</strong></span> <span class='ocrx_word' id='word_1_551' title='bbox 224 3733 333 3766; x_wconf 88' lang='lat' dir='ltr'><strong>adhuc</strong></span> <span class='ocrx_word' id='word_1_552' title='bbox 352 3747 413 3767; x_wconf 76' lang='lat' dir='ltr'><strong>scr.</strong></span> 
     </span>
     <span class='ocr_line' id='line_1_78' title="bbox 142 3778 423 3819; baseline 0.004 -7"><span class='ocrx_word' id='word_1_553' title='bbox 142 3780 197 3819; x_wconf 85' lang='grc'><strong>(11)</strong></span> <span class='ocrx_word' id='word_1_554' title='bbox 221 3778 262 3816; x_wconf 77' lang='lat' dir='ltr'><strong>sil</strong></span> <span class='ocrx_word' id='word_1_555' title='bbox 275 3779 342 3812; x_wconf 74' lang='lat' dir='ltr'><strong>‘etsi</strong></span> <span class='ocrx_word' id='word_1_556' title='bbox 361 3791 423 3813; x_wconf 73' lang='lat' dir='ltr'><strong>scr.</strong></span> 
     </span>
    </p>
   </div>
   <div class='ocr_carea' id='block_1_5' title="bbox 519 3602 1224 3823">
    <p class='ocr_par' dir='ltr' id='par_1_12' title="bbox 519 3602 1224 3823">
     <span class='ocr_line' id='line_1_79' title="bbox 852 3602 1224 3655; baseline -0.102 -9"><span class='ocrx_word' id='word_1_557' title='bbox 852 3648 860 3655; x_wconf 62' lang='lat'>‚</span> <span class='ocrx_word' id='word_1_558' title='bbox 880 3603 923 3643; x_wconf 83' lang='grc'><strong>(2)</strong></span> <span class='ocrx_word' id='word_1_559' title='bbox 948 3602 1039 3636; x_wconf 68' lang='lat' dir='ltr'><strong>favos</strong></span> <span class='ocrx_word' id='word_1_560' title='bbox 1051 3603 1224 3655; x_wconf 52' lang='lat' dir='ltr'><em>Schultz-ny</em></span> 
     </span>
     <span class='ocr_line' id='line_1_80' title="bbox 589 3647 1223 3743; baseline -0.103 -4"><span class='ocrx_word' id='word_1_561' title='bbox 589 3736 597 3743; x_wconf 85' lang='grc'><strong>,</strong></span> <span class='ocrx_word' id='word_1_562' title='bbox 680 3647 1013 3732; x_wconf 42' lang='grc' dir='ltr'><strong>(ἶζῆῗὲῗῆῖἓζᾲῗθι</strong></span> <span class='ocrx_word' id='word_1_563' title='bbox 1065 3649 1107 3690; x_wconf 80' lang='lat'><strong>(⁵)</strong></span> <span class='ocrx_word' id='word_1_564' title='bbox 1133 3648 1223 3682; x_wconf 80' lang='lat' dir='ltr'><strong>deb1-</strong></span> 
     </span>
     <span class='ocr_line' id='line_1_81' title="bbox 519 3736 838 3823; baseline -0.063 0"><span class='ocrx_word' id='word_1_565' title='bbox 519 3736 838 3823; x_wconf 46' lang='lat' dir='ltr'><strong>(532)111int{g‡lee(g1ti,F</strong></span> 
     </span>
    </p>
   </div>
   <div class='ocr_carea' id='block_1_6' title="bbox 906 3737 1224 3779">
    <p class='ocr_par' dir='ltr' id='par_1_13' title="bbox 906 3737 1224 3779">
     <span class='ocr_line' id='line_1_82' title="bbox 906 3737 1224 3779; baseline 0.003 -8"><span class='ocrx_word' id='word_1_566' title='bbox 906 3738 968 3779; x_wconf 86' lang='lat'><strong>(10)</strong></span> <span class='ocrx_word' id='word_1_567' title='bbox 993 3737 1153 3772; x_wconf 84' lang='lat' dir='ltr'><strong>haberent</strong></span> <span class='ocrx_word' id='word_1_568' title='bbox 1174 3738 1224 3772; x_wconf 55' lang='grc' dir='ltr'><strong>ΡΩ</strong></span> 
     </span>
    </p>
   </div>
   <div class='ocr_carea' id='block_1_7' title="bbox 1206 158 1314 207">
    <p class='ocr_par' dir='ltr' id='par_1_14' title="bbox 1206 158 1314 207">
     <span class='ocr_line' id='line_1_83' title="bbox 1206 158 1314 207; baseline 0 0"><span class='ocrx_word' id='word_1_569' title='bbox 1206 158 1294 207; x_wconf 81' lang='grc'><strong>’767</strong></span> <span class='ocrx_word' id='word_1_570' title='bbox 1307 159 1314 169; x_wconf 89' lang='grc'><em>“</em></span> 
     </span>
    </p>
   </div>
   <div class='ocr_carea' id='block_1_8' title="bbox 1114 3690 1964 3736">
    <p class='ocr_par' dir='ltr' id='par_1_15' title="bbox 1114 3690 1964 3736">
     <span class='ocr_line' id='line_1_84' title="bbox 1114 3690 1964 3736; baseline -0.002 -8"><span class='ocrx_word' id='word_1_571' title='bbox 1114 3694 1158 3734; x_wconf 87' lang='grc'><strong>(8)</strong></span> <span class='ocrx_word' id='word_1_572' title='bbox 1182 3693 1224 3726; x_wconf 85' lang='lat' dir='ltr'><strong>ab</strong></span> <span class='ocrx_word' id='word_1_573' title='bbox 1293 3694 1535 3728; x_wconf 82' lang='lat' dir='ltr'><strong>communisent</strong></span> <span class='ocrx_word' id='word_1_574' title='bbox 1554 3694 1617 3736; x_wconf 60' lang='grc' dir='ltr'><strong>ΙΝ,</strong></span> <span class='ocrx_word' id='word_1_575' title='bbox 1638 3692 1893 3726; x_wconf 83' lang='lat' dir='ltr'><strong>communiisent</strong></span> <span class='ocrx_word' id='word_1_576' title='bbox 1913 3690 1964 3726; x_wconf 79' lang='lat' dir='ltr'><strong>F⁶</strong></span> 
     </span>
    </p>
   </div>
   <div class='ocr_carea' id='block_1_9' title="bbox 941 3783 1478 3826">
    <p class='ocr_par' dir='ltr' id='par_1_16' title="bbox 941 3783 1478 3826">
     <span class='ocr_line' id='line_1_85' title="bbox 941 3783 1478 3826; baseline 0.002 -10"><span class='ocrx_word' id='word_1_577' title='bbox 941 3783 1001 3826; x_wconf 81' lang='grc'><strong>(13)</strong></span> <span class='ocrx_word' id='word_1_578' title='bbox 1025 3783 1142 3817; x_wconf 84' lang='lat' dir='ltr'><strong>debeat</strong></span> <span class='ocrx_word' id='word_1_579' title='bbox 1162 3783 1223 3826; x_wconf 82' lang='lat' dir='ltr'><strong>F¹‚</strong></span> <span class='ocrx_word' id='word_1_580' title='bbox 1292 3784 1400 3826; x_wconf 78' lang='lat' dir='ltr'><strong>potest</strong></span> <span class='ocrx_word' id='word_1_581' title='bbox 1416 3797 1478 3818; x_wconf 83' lang='lat' dir='ltr'><strong>scr.</strong></span> 
     </span>
    </p>
   </div>
   <div class='ocr_carea' id='block_1_10' title="bbox 2070 171 2377 216">
    <p class='ocr_par' dir='ltr' id='par_1_17' title="bbox 2070 171 2377 216">
     <span class='ocr_line' id='line_1_86' title="bbox 2070 171 2377 216; baseline 0 -2"><span class='ocrx_word' id='word_1_582' title='bbox 2070 171 2320 216; x_wconf 89' lang='lat' dir='ltr'>XXXXVII</span> <span class='ocrx_word' id='word_1_583' title='bbox 2351 176 2377 214; x_wconf 90' lang='lat'>2</span> 
     </span>
    </p>
   </div>
   <div class='ocr_carea' id='block_1_11' title="bbox 1291 286 2383 3536">
    <p class='ocr_par' dir='ltr' id='par_1_18' title="bbox 1293 286 2379 693">
     <span class='ocr_line' id='line_1_87' title="bbox 1294 286 2379 341; baseline 0.012 -21"><span class='ocrx_word' id='word_1_584' title='bbox 1294 286 1466 338; x_wconf 74' lang='lat' dir='ltr'><strong>probare,</strong></span> <span class='ocrx_word' id='word_1_585' title='bbox 1501 296 1573 322; x_wconf 87' lang='lat' dir='ltr'><strong>non</strong></span> <span class='ocrx_word' id='word_1_586' title='bbox 1596 286 1732 332; x_wconf 88' lang='lat' dir='ltr'><strong>patitur</strong></span> <span class='ocrx_word' id='word_1_587' title='bbox 1764 288 1942 326; x_wconf 88' lang='lat' dir='ltr'><strong>damnum.</strong></span> <span class='ocrx_word' id='word_1_588' title='bbox 1991 293 2075 338; x_wconf 83' lang='lat' dir='ltr'><strong>quid</strong></span> <span class='ocrx_word' id='word_1_589' title='bbox 2098 305 2199 341; x_wconf 88' lang='lat' dir='ltr'><strong>ergo,</strong></span> <span class='ocrx_word' id='word_1_590' title='bbox 2233 296 2262 332; x_wconf 90' lang='lat' dir='ltr'><strong>si</strong></span> <span class='ocrx_word' id='word_1_591' title='bbox 2287 296 2379 332; x_wconf 86' lang='lat' dir='ltr'><strong>forto</strong></span> 
     </span>
     <span class='ocr_line' id='line_1_88' title="bbox 1293 332 2378 376; baseline 0.011 -11"><span class='ocrx_word' id='word_1_592' title='bbox 1293 342 1482 376; x_wconf 87' lang='lat' dir='ltr'><strong>pecuniam</strong></span> <span class='ocrx_word' id='word_1_593' title='bbox 1514 332 1581 367; x_wconf 90' lang='lat' dir='ltr'><strong>sub</strong></span> <span class='ocrx_word' id='word_1_594' title='bbox 1606 333 1810 369; x_wconf 90' lang='lat' dir='ltr'><strong>condicione</strong></span> <span class='ocrx_word' id='word_1_595' title='bbox 1835 336 1984 372; x_wconf 85' lang='lat' dir='ltr'><strong>credidit</strong></span> <span class='ocrx_word' id='word_1_596' title='bbox 2007 342 2043 374; x_wconf 89' lang='lat' dir='ltr'><strong>et</strong></span> <span class='ocrx_word' id='word_1_597' title='bbox 2072 339 2210 376; x_wconf 87' lang='lat' dir='ltr'><strong>interim</strong></span> <span class='ocrx_word' id='word_1_598' title='bbox 2233 341 2378 376; x_wconf 90' lang='lat' dir='ltr'><strong>testium</strong></span> 
     </span>
     <span class='ocr_line' id='line_1_89' title="bbox 1295 375 2378 429; baseline 0.012 -19"><span class='ocrx_word' id='word_1_599' title='bbox 1295 375 1326 410; x_wconf 84' lang='lat' dir='ltr'><strong>ei</strong></span> <span class='ocrx_word' id='word_1_600' title='bbox 1358 376 1462 421; x_wconf 89' lang='lat' dir='ltr'><strong>copia</strong></span> <span class='ocrx_word' id='word_1_601' title='bbox 1490 377 1594 420; x_wconf 78' lang='lat' dir='ltr'><strong>est¹⁶,</strong></span> <span class='ocrx_word' id='word_1_602' title='bbox 1626 378 1826 414; x_wconf 89' lang='lat' dir='ltr'><strong>testimonio</strong></span> <span class='ocrx_word' id='word_1_603' title='bbox 1860 392 2007 425; x_wconf 88' lang='lat' dir='ltr'><strong>quorum</strong></span> <span class='ocrx_word' id='word_1_604' title='bbox 2039 386 2283 429; x_wconf 86' lang='lat' dir='ltr'><strong>probationem</strong></span> <span class='ocrx_word' id='word_1_605' title='bbox 2313 387 2378 422; x_wconf 86' lang='lat' dir='ltr'><strong>ha-</strong></span> 
     </span>
     <span class='ocr_line' id='line_1_90' title="bbox 1295 421 2379 469; baseline 0.012 -14"><span class='ocrx_word' id='word_1_606' title='bbox 1295 421 1395 464; x_wconf 85' lang='lat' dir='ltr'><strong>beat,</strong></span> <span class='ocrx_word' id='word_1_607' title='bbox 1437 422 1498 467; x_wconf 92' lang='lat' dir='ltr'><strong>qui</strong></span> <span class='ocrx_word' id='word_1_608' title='bbox 1537 425 1688 467; x_wconf 87' lang='lat' dir='ltr'><strong>possunt</strong></span> <span class='ocrx_word' id='word_1_609' title='bbox 1718 424 1806 458; x_wconf 86' lang='lat' dir='ltr'><strong>mori</strong></span> <span class='ocrx_word' id='word_1_610' title='bbox 1838 427 2013 469; x_wconf 87' lang='lat' dir='ltr'><strong>pendente</strong></span> <span class='ocrx_word' id='word_1_611' title='bbox 2037 430 2269 466; x_wconf 81' lang='lat' dir='ltr'><strong>condicione?</strong></span> <span class='ocrx_word' id='word_1_612' title='bbox 2316 435 2379 467; x_wconf 83' lang='lat' dir='ltr'><strong>aut</strong></span> 
     </span>
     <span class='ocr_line' id='line_1_91' title="bbox 1294 468 2377 520; baseline 0.011 -19"><span class='ocrx_word' id='word_1_613' title='bbox 1294 470 1382 511; x_wconf 89' lang='lat' dir='ltr'><strong>puta</strong></span> <span class='ocrx_word' id='word_1_614' title='bbox 1400 477 1456 502; x_wconf 89' lang='lat' dir='ltr'><strong>me</strong></span> <span class='ocrx_word' id='word_1_615' title='bbox 1475 468 1606 513; x_wconf 90' lang='lat' dir='ltr'><strong>petisse</strong></span> <span class='ocrx_word' id='word_1_616' title='bbox 1625 468 1796 503; x_wconf 87' lang='lat' dir='ltr'><strong>creditum</strong></span> <span class='ocrx_word' id='word_1_617' title='bbox 1816 474 1859 513; x_wconf 89' lang='lat' dir='ltr'><strong>et,</strong></span> <span class='ocrx_word' id='word_1_618' title='bbox 1886 472 1967 515; x_wconf 86' lang='lat' dir='ltr'><strong>quia</strong></span> <span class='ocrx_word' id='word_1_619' title='bbox 1986 477 2093 510; x_wconf 88' lang='lat' dir='ltr'><strong>testes</strong></span> <span class='ocrx_word' id='word_1_620' title='bbox 2114 479 2149 510; x_wconf 91' lang='lat' dir='ltr'><strong>et</strong></span> <span class='ocrx_word' id='word_1_621' title='bbox 2169 476 2377 520; x_wconf 74' lang='lat' dir='ltr'><strong>signatores,</strong></span> 
     </span>
     <span class='ocr_line' id='line_1_92' title="bbox 1295 512 2375 564; baseline 0.01 -18"><span class='ocrx_word' id='word_1_622' title='bbox 1295 512 1352 556; x_wconf 90' lang='lat' dir='ltr'><strong>qui</strong></span> <span class='ocrx_word' id='word_1_623' title='bbox 1387 522 1461 547; x_wconf 89' lang='lat' dir='ltr'><strong>rem</strong></span> <span class='ocrx_word' id='word_1_624' title='bbox 1491 512 2017 558; x_wconf 79' lang='lat' dir='ltr'><strong>meminissent¹⁷‚.praesentes</strong></span> <span class='ocrx_word' id='word_1_625' title='bbox 2049 530 2120 554; x_wconf 91' lang='lat' dir='ltr'><strong>non</strong></span> <span class='ocrx_word' id='word_1_626' title='bbox 2154 521 2321 557; x_wconf 88' lang='lat' dir='ltr'><strong>haberem</strong></span> <span class='ocrx_word' id='word_1_627' title='bbox 2336 523 2375 564; x_wconf 81' lang='lat'><strong>¹⁸,</strong></span> 
     </span>
     <span class='ocr_line' id='line_1_93' title="bbox 1294 557 2377 611; baseline 0.01 -20"><span class='ocrx_word' id='word_1_628' title='bbox 1294 557 1424 592; x_wconf 90' lang='lat' dir='ltr'><strong>vietum</strong></span> <span class='ocrx_word' id='word_1_629' title='bbox 1448 568 1522 592; x_wconf 90' lang='lat' dir='ltr'><strong>rem</strong></span> <span class='ocrx_word' id='word_1_630' title='bbox 1546 557 1743 593; x_wconf 87' lang='lat' dir='ltr'><strong>amississe:</strong></span> <span class='ocrx_word' id='word_1_631' title='bbox 1784 570 1879 594; x_wconf 89' lang='lat' dir='ltr'><strong>nunc</strong></span> <span class='ocrx_word' id='word_1_632' title='bbox 1913 572 2015 604; x_wconf 88' lang='lat' dir='ltr'><strong>vero,</strong></span> <span class='ocrx_word' id='word_1_633' title='bbox 2049 575 2128 599; x_wconf 91' lang='lat' dir='ltr'><strong>cum</strong></span> <span class='ocrx_word' id='word_1_634' title='bbox 2152 565 2239 600; x_wconf 91' lang='lat' dir='ltr'><strong>furti</strong></span> <span class='ocrx_word' id='word_1_635' title='bbox 2263 577 2377 611; x_wconf 87' lang='lat' dir='ltr'><strong>agam,</strong></span> 
     </span>
     <span class='ocr_line' id='line_1_94' title="bbox 1294 604 2376 656; baseline 0.011 -20"><span class='ocrx_word' id='word_1_636' title='bbox 1294 612 1414 637; x_wconf 90' lang='lat' dir='ltr'><strong>eorum</strong></span> <span class='ocrx_word' id='word_1_637' title='bbox 1438 604 1608 638; x_wconf 87' lang='lat' dir='ltr'><strong>memoria</strong></span> <span class='ocrx_word' id='word_1_638' title='bbox 1640 606 1675 638; x_wconf 87' lang='lat' dir='ltr'><strong>et</strong></span> <span class='ocrx_word' id='word_1_639' title='bbox 1704 604 1907 649; x_wconf 86' lang='lat' dir='ltr'><strong>praesentia</strong></span> <span class='ocrx_word' id='word_1_640' title='bbox 1931 606 1977 641; x_wconf 85' lang='lat' dir='ltr'><strong>ad</strong></span> <span class='ocrx_word' id='word_1_641' title='bbox 2006 608 2110 644; x_wconf 90' lang='lat' dir='ltr'><strong>fidem</strong></span> <span class='ocrx_word' id='word_1_642' title='bbox 2134 611 2291 647; x_wconf 85' lang='lat' dir='ltr'><strong>creditae</strong></span> <span class='ocrx_word' id='word_1_643' title='bbox 2314 622 2376 656; x_wconf 86' lang='lat' dir='ltr'><strong>pe-</strong></span> 
     </span>
     <span class='ocr_line' id='line_1_95' title="bbox 1296 647 1680 693; baseline 0.005 -12"><span class='ocrx_word' id='word_1_644' title='bbox 1296 647 1422 682; x_wconf 89' lang='lat' dir='ltr'><strong>cuniae</strong></span> <span class='ocrx_word' id='word_1_645' title='bbox 1447 648 1499 682; x_wconf 89' lang='lat' dir='ltr'><strong>uti</strong></span> <span class='ocrx_word' id='word_1_646' title='bbox 1523 658 1680 693; x_wconf 89' lang='lat' dir='ltr'><strong>possum.</strong></span> 
     </span>
    </p>

    <p class='ocr_par' dir='ltr' id='par_1_19' title="bbox 1293 689 2378 862">
     <span class='ocr_line' id='line_1_96' title="bbox 1340 689 2378 745; baseline 0.008 -16"><span class='ocrx_word' id='word_1_647' title='bbox 1340 689 1392 729; x_wconf 87' lang='lat'><strong>33</strong></span> <span class='ocrx_word' id='word_1_648' title='bbox 1426 692 1620 728; x_wconf 76' lang='lat' dir='ltr'><em>ULPIANUS</em></span> <span class='ocrx_word' id='word_1_649' title='bbox 1649 693 1740 730; x_wconf 78' lang='lat' dir='ltr'><strong>libro</strong></span> <span class='ocrx_word' id='word_1_650' title='bbox 1765 694 2066 741; x_wconf 67' lang='lat' dir='ltr'><strong>quadraycnsz‘mo</strong></span> <span class='ocrx_word' id='word_1_651' title='bbox 2092 701 2216 745; x_wconf 74' lang='lat' dir='ltr'><strong>primo</strong></span> <span class='ocrx_word' id='word_1_652' title='bbox 2240 701 2289 735; x_wconf 85' lang='lat' dir='ltr'><strong>ad</strong></span> <span class='ocrx_word' id='word_1_653' title='bbox 2312 701 2378 737; x_wconf 83' lang='lat' dir='ltr'><strong>Sa-</strong></span> 
     </span>
     <span class='ocr_line' id='line_1_97' title="bbox 1295 737 2376 791; baseline 0.009 -19"><span class='ocrx_word' id='word_1_654' title='bbox 1295 737 1415 773; x_wconf 81' lang='lat' dir='ltr'><strong>binum</strong></span> <span class='ocrx_word' id='word_1_655' title='bbox 1462 738 1578 774; x_wconf 89' lang='lat' dir='ltr'><strong>Tutor</strong></span> <span class='ocrx_word' id='word_1_656' title='bbox 1609 738 1952 775; x_wconf 89' lang='lat' dir='ltr'><strong>administrationem</strong></span> <span class='ocrx_word' id='word_1_657' title='bbox 1984 743 2124 786; x_wconf 88' lang='lat' dir='ltr'><strong>quidem</strong></span> <span class='ocrx_word' id='word_1_658' title='bbox 2161 756 2278 780; x_wconf 88' lang='lat' dir='ltr'><strong>rerum</strong></span> <span class='ocrx_word' id='word_1_659' title='bbox 2311 757 2376 791; x_wconf 89' lang='lat' dir='ltr'><strong>pu-</strong></span> 
     </span>
     <span class='ocr_line' id='line_1_98' title="bbox 1293 781 2378 862; baseline 0.009 -45"><span class='ocrx_word' id='word_1_660' title='bbox 1293 781 1474 862; x_wconf 56' lang='lat' dir='ltr'><strong>gillarium</strong></span> <span class='ocrx_word' id='word_1_661' title='bbox 1497 784 1622 827; x_wconf 90' lang='lat' dir='ltr'><strong>habet,</strong></span> <span class='ocrx_word' id='word_1_662' title='bbox 1655 784 1781 820; x_wconf 91' lang='lat' dir='ltr'><strong>interci</strong></span> <span class='ocrx_word' id='word_1_663' title='bbox 1808 785 1902 820; x_wconf 89' lang='lat' dir='ltr'><strong>iendi</strong></span> <span class='ocrx_word' id='word_1_664' title='bbox 1926 790 2042 822; x_wconf 88' lang='lat' dir='ltr'><strong>autem</strong></span> <span class='ocrx_word' id='word_1_665' title='bbox 2067 792 2225 832; x_wconf 85' lang='lat' dir='ltr'><strong>potestas</strong></span> <span class='ocrx_word' id='word_1_666' title='bbox 2250 790 2282 826; x_wconf 90' lang='lat' dir='ltr'><strong>ei</strong></span> <span class='ocrx_word' id='word_1_667' title='bbox 2306 801 2378 826; x_wconf 87' lang='lat' dir='ltr'><strong>non</strong></span> 
     </span>
    </p>

    <p class='ocr_par' dir='ltr' id='par_1_20' title="bbox 1293 828 2379 1055">
     <span class='ocr_line' id='line_1_99' title="bbox 1319 828 2377 879; baseline 0.009 -17"><span class='ocrx_word' id='word_1_668' title='bbox 1319 831 1418 863; x_wconf 86' lang='lat' dir='ltr'><strong>atur:</strong></span> <span class='ocrx_word' id='word_1_669' title='bbox 1453 831 1488 863; x_wconf 90' lang='lat' dir='ltr'><strong>et</strong></span> <span class='ocrx_word' id='word_1_670' title='bbox 1518 828 1596 864; x_wconf 90' lang='lat' dir='ltr'><strong>ideo</strong></span> <span class='ocrx_word' id='word_1_671' title='bbox 1621 829 1652 865; x_wconf 93' lang='lat' dir='ltr'><strong>si</strong></span> <span class='ocrx_word' id='word_1_672' title='bbox 1676 829 1759 874; x_wconf 91' lang='lat' dir='ltr'><strong>quid</strong></span> <span class='ocrx_word' id='word_1_673' title='bbox 1799 830 1926 865; x_wconf 83' lang='lat' dir='ltr'><strong>urandi</strong></span> <span class='ocrx_word' id='word_1_674' title='bbox 1951 832 2066 868; x_wconf 91' lang='lat' dir='ltr'><strong>animo</strong></span> <span class='ocrx_word' id='word_1_675' title='bbox 2092 835 2277 879; x_wconf 82' lang='lat' dir='ltr'><strong>amoverit,</strong></span> <span class='ocrx_word' id='word_1_676' title='bbox 2302 835 2377 871; x_wconf 88' lang='lat' dir='ltr'><strong>fur-</strong></span> 
     </span>
     <span class='ocr_line' id='line_1_100' title="bbox 1293 873 2379 920; baseline 0.008 -13"><span class='ocrx_word' id='word_1_677' title='bbox 1293 876 1369 907; x_wconf 92' lang='lat' dir='ltr'><strong>tum</strong></span> <span class='ocrx_word' id='word_1_678' title='bbox 1389 873 1478 908; x_wconf 89' lang='lat' dir='ltr'><strong>facit</strong></span> <span class='ocrx_word' id='word_1_679' title='bbox 1497 883 1563 909; x_wconf 91' lang='lat' dir='ltr'><strong>nec</strong></span> <span class='ocrx_word' id='word_1_680' title='bbox 1586 875 1738 920; x_wconf 89' lang='lat' dir='ltr'><strong>usucapi</strong></span> <span class='ocrx_word' id='word_1_681' title='bbox 1757 885 1815 910; x_wconf 90' lang='lat' dir='ltr'><strong>res</strong></span> <span class='ocrx_word' id='word_1_682' title='bbox 1834 879 1964 920; x_wconf 89' lang='lat' dir='ltr'><strong>potest.</strong></span> <span class='ocrx_word' id='word_1_683' title='bbox 1999 878 2060 912; x_wconf 90' lang='lat' dir='ltr'><strong>sed</strong></span> <span class='ocrx_word' id='word_1_684' title='bbox 2080 882 2116 913; x_wconf 88' lang='lat' dir='ltr'><strong>et</strong></span> <span class='ocrx_word' id='word_1_685' title='bbox 2134 879 2220 914; x_wconf 86' lang='lat' dir='ltr'><strong>furti</strong></span> <span class='ocrx_word' id='word_1_686' title='bbox 2240 880 2379 916; x_wconf 90' lang='lat' dir='ltr'><strong>actione</strong></span> 
     </span>
     <span class='ocr_line' id='line_1_101' title="bbox 1293 919 2379 970; baseline 0.009 -18"><span class='ocrx_word' id='word_1_687' title='bbox 1293 921 1445 961; x_wconf 90' lang='lat' dir='ltr'><strong>tenetur,</strong></span> <span class='ocrx_word' id='word_1_688' title='bbox 1473 919 1630 963; x_wconf 87' lang='lat' dir='ltr'><strong>quamvis</strong></span> <span class='ocrx_word' id='word_1_689' title='bbox 1657 922 1692 955; x_wconf 91' lang='lat' dir='ltr'><strong>et</strong></span> <span class='ocrx_word' id='word_1_690' title='bbox 1715 920 1849 956; x_wconf 87' lang='lat' dir='ltr'><strong>tutelae</strong></span> <span class='ocrx_word' id='word_1_691' title='bbox 1874 922 1929 965; x_wconf 88' lang='lat' dir='ltr'><strong>agi</strong></span> <span class='ocrx_word' id='word_1_692' title='bbox 1954 932 2034 956; x_wconf 91' lang='lat' dir='ltr'><strong>cum</strong></span> <span class='ocrx_word' id='word_1_693' title='bbox 2058 933 2098 958; x_wconf 92' lang='lat' dir='ltr'><strong>eo</strong></span> <span class='ocrx_word' id='word_1_694' title='bbox 2123 925 2247 968; x_wconf 87' lang='lat' dir='ltr'><strong>possit.</strong></span> <span class='ocrx_word' id='word_1_695' title='bbox 2284 926 2379 970; x_wconf 87' lang='lat' dir='ltr'><strong>quod</strong></span> 
     </span>
     <span class='ocr_line' id='line_1_102' title="bbox 1293 962 2361 1010; baseline 0.008 -13"><span class='ocrx_word' id='word_1_696' title='bbox 1293 962 1330 998; x_wconf 91' lang='lat' dir='ltr'><strong>in</strong></span> <span class='ocrx_word' id='word_1_697' title='bbox 1353 966 1473 999; x_wconf 87' lang='lat' dir='ltr'><strong>tutore</strong></span> <span class='ocrx_word' id='word_1_698' title='bbox 1497 964 1670 1010; x_wconf 89' lang='lat' dir='ltr'><strong>scriptum</strong></span> <span class='ocrx_word' id='word_1_699' title='bbox 1693 968 1758 1009; x_wconf 87' lang='lat' dir='ltr'><strong>est,</strong></span> <span class='ocrx_word' id='word_1_700' title='bbox 1782 965 1874 1000; x_wconf 89' lang='lat' dir='ltr'><strong>idem</strong></span> <span class='ocrx_word' id='word_1_701' title='bbox 1899 966 1966 1001; x_wconf 90' lang='lat' dir='ltr'><strong>erit</strong></span> <span class='ocrx_word' id='word_1_702' title='bbox 1988 970 2024 1002; x_wconf 88' lang='lat' dir='ltr'><strong>et</strong></span> <span class='ocrx_word' id='word_1_703' title='bbox 2046 967 2083 1002; x_wconf 92' lang='lat' dir='ltr'><strong>in</strong></span> <span class='ocrx_word' id='word_1_704' title='bbox 2108 974 2271 1006; x_wconf 89' lang='lat' dir='ltr'><strong>curatore</strong></span> <span class='ocrx_word' id='word_1_705' title='bbox 2291 970 2361 1006; x_wconf 88' lang='lat' dir='ltr'><strong>adu</strong></span> 
     </span>
     <span class='ocr_line' id='line_1_103' title="bbox 1293 1008 1940 1055; baseline 0.005 -12"><span class='ocrx_word' id='word_1_706' title='bbox 1293 1008 1458 1044; x_wconf 89' lang='lat' dir='ltr'><strong>lescentis</strong></span> <span class='ocrx_word' id='word_1_707' title='bbox 1483 1010 1680 1055; x_wconf 89' lang='lat' dir='ltr'><strong>ceterisque</strong></span> <span class='ocrx_word' id='word_1_708' title='bbox 1704 1011 1940 1046; x_wconf 87' lang='lat' dir='ltr'><strong>curatoribus.</strong></span> 
     </span>
    </p>

    <p class='ocr_par' dir='ltr' id='par_1_21' title="bbox 1294 1051 2379 1271">
     <span class='ocr_line' id='line_1_104' title="bbox 1341 1051 2379 1105; baseline 0.004 -14"><span class='ocrx_word' id='word_1_709' title='bbox 1341 1051 1394 1091; x_wconf 85' lang='grc'><strong>34</strong></span> <span class='ocrx_word' id='word_1_710' title='bbox 1421 1054 1579 1091; x_wconf 64' lang='grc' dir='ltr'><em>ΡΑυῡυδ</em></span> <span class='ocrx_word' id='word_1_711' title='bbox 1600 1056 1691 1091; x_wconf 83' lang='lat' dir='ltr'><strong>libro</strong></span> <span class='ocrx_word' id='word_1_712' title='bbox 1715 1066 1812 1091; x_wconf 79' lang='lat' dir='ltr'><strong>nono</strong></span> <span class='ocrx_word' id='word_1_713' title='bbox 1836 1056 1885 1091; x_wconf 83' lang='lat' dir='ltr'><strong>ad</strong></span> <span class='ocrx_word' id='word_1_714' title='bbox 1909 1056 2082 1092; x_wconf 78' lang='lat' dir='ltr'><strong>Sabinum</strong></span> <span class='ocrx_word' id='word_1_715' title='bbox 2117 1059 2169 1101; x_wconf 91' lang='lat' dir='ltr'><strong>Is,</strong></span> <span class='ocrx_word' id='word_1_716' title='bbox 2195 1060 2253 1103; x_wconf 90' lang='lat' dir='ltr'><strong>qui</strong></span> <span class='ocrx_word' id='word_1_717' title='bbox 2278 1070 2379 1105; x_wconf 92' lang='lat' dir='ltr'><strong>opem</strong></span> 
     </span>
     <span class='ocr_line' id='line_1_105' title="bbox 1295 1098 2379 1150; baseline 0.006 -17"><span class='ocrx_word' id='word_1_718' title='bbox 1295 1098 1431 1134; x_wconf 90' lang='lat' dir='ltr'><strong>furtum</strong></span> <span class='ocrx_word' id='word_1_719' title='bbox 1450 1099 1595 1135; x_wconf 87' lang='lat' dir='ltr'><strong>facienti</strong></span> <span class='ocrx_word' id='word_1_720' title='bbox 1615 1100 1697 1143; x_wconf 87' lang='lat' dir='ltr'><strong>fert,</strong></span> <span class='ocrx_word' id='word_1_721' title='bbox 1722 1111 1916 1146; x_wconf 89' lang='lat' dir='ltr'><strong>numquam</strong></span> <span class='ocrx_word' id='word_1_722' title='bbox 1935 1102 2143 1139; x_wconf 87' lang='lat' dir='ltr'><strong>manifestus</strong></span> <span class='ocrx_word' id='word_1_723' title='bbox 2166 1109 2234 1139; x_wconf 89' lang='lat' dir='ltr'><strong>est:</strong></span> <span class='ocrx_word' id='word_1_724' title='bbox 2261 1105 2379 1150; x_wconf 87' lang='lat' dir='ltr'><strong>itaque</strong></span> 
     </span>
     <span class='ocr_line' id='line_1_106' title="bbox 1294 1144 2379 1191; baseline 0.005 -12"><span class='ocrx_word' id='word_1_725' title='bbox 1294 1144 1434 1186; x_wconf 87' lang='lat' dir='ltr'><strong>accidit,</strong></span> <span class='ocrx_word' id='word_1_726' title='bbox 1459 1149 1500 1179; x_wconf 91' lang='lat' dir='ltr'><strong>ut</strong></span> <span class='ocrx_word' id='word_1_727' title='bbox 1518 1145 1549 1180; x_wconf 90' lang='lat' dir='ltr'><strong>is</strong></span> <span class='ocrx_word' id='word_1_728' title='bbox 1568 1146 1719 1190; x_wconf 89' lang='lat' dir='ltr'><strong>quidem,</strong></span> <span class='ocrx_word' id='word_1_729' title='bbox 1746 1147 1806 1191; x_wconf 90' lang='lat' dir='ltr'><strong>qui</strong></span> <span class='ocrx_word' id='word_1_730' title='bbox 1828 1157 1929 1191; x_wconf 89' lang='lat' dir='ltr'><strong>opem</strong></span> <span class='ocrx_word' id='word_1_731' title='bbox 1954 1148 2046 1191; x_wconf 88' lang='lat' dir='ltr'><strong>tulit,</strong></span> <span class='ocrx_word' id='word_1_732' title='bbox 2071 1147 2157 1183; x_wconf 86' lang='lat' dir='ltr'><strong>furti</strong></span> <span class='ocrx_word' id='word_1_733' title='bbox 2182 1159 2246 1184; x_wconf 88' lang='lat' dir='ltr'><strong>nec</strong></span> <span class='ocrx_word' id='word_1_734' title='bbox 2270 1150 2379 1184; x_wconf 90' lang='lat' dir='ltr'><strong>mani-</strong></span> 
     </span>
     <span class='ocr_line' id='line_1_107' title="bbox 1294 1189 2379 1237; baseline 0.005 -13"><span class='ocrx_word' id='word_1_735' title='bbox 1294 1189 1387 1232; x_wconf 86' lang='lat' dir='ltr'><strong>festi,</strong></span> <span class='ocrx_word' id='word_1_736' title='bbox 1412 1190 1442 1224; x_wconf 93' lang='lat' dir='ltr'><strong>is</strong></span> <span class='ocrx_word' id='word_1_737' title='bbox 1467 1194 1598 1233; x_wconf 87' lang='lat' dir='ltr'><strong>autem,</strong></span> <span class='ocrx_word' id='word_1_738' title='bbox 1624 1191 1683 1236; x_wconf 90' lang='lat' dir='ltr'><strong>qui</strong></span> <span class='ocrx_word' id='word_1_739' title='bbox 1709 1191 1950 1237; x_wconf 87' lang='lat' dir='ltr'><strong>deprehensus</strong></span> <span class='ocrx_word' id='word_1_740' title='bbox 1976 1196 2039 1237; x_wconf 89' lang='lat' dir='ltr'><strong>est,</strong></span> <span class='ocrx_word' id='word_1_741' title='bbox 2067 1194 2112 1228; x_wconf 94' lang='lat' dir='ltr'><strong>ob</strong></span> <span class='ocrx_word' id='word_1_742' title='bbox 2137 1194 2282 1229; x_wconf 87' lang='lat' dir='ltr'><strong>eandem</strong></span> <span class='ocrx_word' id='word_1_743' title='bbox 2306 1204 2379 1230; x_wconf 91' lang='lat' dir='ltr'><strong>rem</strong></span> 
     </span>
     <span class='ocr_line' id='line_1_108' title="bbox 1294 1234 1673 1271; baseline 0.005 -2"><span class='ocrx_word' id='word_1_744' title='bbox 1294 1234 1474 1270; x_wconf 86' lang='lat' dir='ltr'><strong>manifesti</strong></span> <span class='ocrx_word' id='word_1_745' title='bbox 1497 1239 1673 1271; x_wconf 89' lang='lat' dir='ltr'><strong>teneatur.</strong></span> 
     </span>
    </p>

    <p class='ocr_par' dir='ltr' id='par_1_22' title="bbox 1293 1277 2383 1638">
     <span class='ocr_line' id='line_1_109' title="bbox 1340 1277 2382 1319; baseline 0.002 -2"><span class='ocrx_word' id='word_1_746' title='bbox 1340 1277 1393 1317; x_wconf 87' lang='lat'><strong>35</strong></span> <span class='ocrx_word' id='word_1_747' title='bbox 1418 1279 1647 1317; x_wconf 71' lang='lat' dir='ltr'><em>POMPONIUS</em></span> <span class='ocrx_word' id='word_1_748' title='bbox 1668 1281 1758 1316; x_wconf 78' lang='lat' dir='ltr'><strong>libro</strong></span> <span class='ocrx_word' id='word_1_749' title='bbox 1783 1292 1879 1317; x_wconf 83' lang='lat' dir='ltr'><strong>nono</strong></span> <span class='ocrx_word' id='word_1_750' title='bbox 1903 1283 2040 1319; x_wconf 75' lang='lat' dir='ltr'><strong>decimo</strong></span> <span class='ocrx_word' id='word_1_751' title='bbox 2065 1284 2114 1318; x_wconf 81' lang='lat' dir='ltr'><strong>acl</strong></span> <span class='ocrx_word' id='word_1_752' title='bbox 2137 1283 2309 1319; x_wconf 77' lang='lat' dir='ltr'><strong>Sabinum</strong></span> <span class='ocrx_word' id='word_1_753' title='bbox 2345 1285 2382 1319; x_wconf 86' lang='lat' dir='ltr'><strong>Si</strong></span> 
     </span>
     <span class='ocr_line' id='line_1_110' title="bbox 1295 1326 2381 1372; baseline 0.004 -11"><span class='ocrx_word' id='word_1_754' title='bbox 1295 1326 1373 1370; x_wconf 89' lang='lat' dir='ltr'><strong>quis</strong></span> <span class='ocrx_word' id='word_1_755' title='bbox 1397 1326 1648 1370; x_wconf 89' lang='lat' dir='ltr'><strong>perferendum</strong></span> <span class='ocrx_word' id='word_1_756' title='bbox 1679 1327 1859 1371; x_wconf 87' lang='lat' dir='ltr'><strong>acceperit</strong></span> <span class='ocrx_word' id='word_1_757' title='bbox 1890 1331 1927 1363; x_wconf 88' lang='lat' dir='ltr'><strong>et</strong></span> <span class='ocrx_word' id='word_1_758' title='bbox 1949 1328 2070 1364; x_wconf 90' lang='lat' dir='ltr'><strong>scierit</strong></span> <span class='ocrx_word' id='word_1_759' title='bbox 2100 1328 2268 1364; x_wconf 86' lang='lat' dir='ltr'><strong>furtivum</strong></span> <span class='ocrx_word' id='word_1_760' title='bbox 2292 1339 2381 1372; x_wconf 87' lang='lat' dir='ltr'><strong>esse,</strong></span> 
     </span>
     <span class='ocr_line' id='line_1_111' title="bbox 1295 1371 2382 1418; baseline 0.004 -12"><span class='ocrx_word' id='word_1_761' title='bbox 1295 1374 1452 1414; x_wconf 88' lang='lat' dir='ltr'><strong>constat,</strong></span> <span class='ocrx_word' id='word_1_762' title='bbox 1490 1371 1520 1408; x_wconf 92' lang='lat' dir='ltr'><strong>si</strong></span> <span class='ocrx_word' id='word_1_763' title='bbox 1560 1372 1862 1417; x_wconf 89' lang='lat' dir='ltr'><strong>deprehendatur,</strong></span> <span class='ocrx_word' id='word_1_764' title='bbox 1901 1373 2019 1418; x_wconf 91' lang='lat' dir='ltr'><strong>ipsum</strong></span> <span class='ocrx_word' id='word_1_765' title='bbox 2048 1374 2236 1409; x_wconf 85' lang='lat' dir='ltr'><strong>dumtaxat</strong></span> <span class='ocrx_word' id='word_1_766' title='bbox 2266 1373 2382 1410; x_wconf 87' lang='lat' dir='ltr'><strong>furem</strong></span> 
     </span>
     <span class='ocr_line' id='line_1_112' title="bbox 1293 1415 2383 1464; baseline 0.004 -14"><span class='ocrx_word' id='word_1_767' title='bbox 1293 1415 1518 1453; x_wconf 88' lang='lat' dir='ltr'><strong>manifestum</strong></span> <span class='ocrx_word' id='word_1_768' title='bbox 1544 1427 1639 1460; x_wconf 90' lang='lat' dir='ltr'><strong>esse,</strong></span> <span class='ocrx_word' id='word_1_769' title='bbox 1669 1417 1701 1452; x_wconf 91' lang='lat' dir='ltr'><strong>si</strong></span> <span class='ocrx_word' id='word_1_770' title='bbox 1723 1417 1909 1462; x_wconf 88' lang='lat' dir='ltr'><strong>nescierit,</strong></span> <span class='ocrx_word' id='word_1_771' title='bbox 1935 1422 2118 1463; x_wconf 89' lang='lat' dir='ltr'><strong>neutrum,</strong></span> <span class='ocrx_word' id='word_1_772' title='bbox 2151 1420 2268 1462; x_wconf 90' lang='lat' dir='ltr'><strong>hunc,</strong></span> <span class='ocrx_word' id='word_1_773' title='bbox 2301 1420 2383 1464; x_wconf 89' lang='lat' dir='ltr'><strong>quia</strong></span> 
     </span>
     <span class='ocr_line' id='line_1_113' title="bbox 1298 1461 2382 1509; baseline 0.004 -14"><span class='ocrx_word' id='word_1_774' title='bbox 1298 1464 1311 1495; x_wconf 88' lang='lat'>1</span> <span class='ocrx_word' id='word_1_775' title='bbox 1361 1461 1421 1496; x_wconf 89' lang='lat' dir='ltr'><strong>fur</strong></span> <span class='ocrx_word' id='word_1_776' title='bbox 1444 1473 1515 1498; x_wconf 89' lang='lat' dir='ltr'><strong>non</strong></span> <span class='ocrx_word' id='word_1_777' title='bbox 1541 1463 1597 1505; x_wconf 90' lang='lat' dir='ltr'><strong>sit,</strong></span> <span class='ocrx_word' id='word_1_778' title='bbox 1622 1461 1747 1504; x_wconf 90' lang='lat' dir='ltr'><strong>furem,</strong></span> <span class='ocrx_word' id='word_1_779' title='bbox 1773 1462 1857 1507; x_wconf 85' lang='lat' dir='ltr'><strong>quia</strong></span> <span class='ocrx_word' id='word_1_780' title='bbox 1881 1463 2122 1509; x_wconf 89' lang='lat' dir='ltr'><strong>deprehensus</strong></span> <span class='ocrx_word' id='word_1_781' title='bbox 2146 1475 2219 1500; x_wconf 87' lang='lat' dir='ltr'><strong>non</strong></span> <span class='ocrx_word' id='word_1_782' title='bbox 2243 1465 2300 1501; x_wconf 91' lang='lat' dir='ltr'><strong>sit.</strong></span> <span class='ocrx_word' id='word_1_783' title='bbox 2345 1465 2382 1500; x_wconf 91' lang='lat' dir='ltr'><strong>Si</strong></span> 
     </span>
     <span class='ocr_line' id='line_1_114' title="bbox 1293 1507 2381 1553; baseline 0.003 -11"><span class='ocrx_word' id='word_1_784' title='bbox 1293 1517 1387 1542; x_wconf 90' lang='lat' dir='ltr'><strong>unus</strong></span> <span class='ocrx_word' id='word_1_785' title='bbox 1412 1518 1536 1543; x_wconf 87' lang='lat' dir='ltr'><strong>servus</strong></span> <span class='ocrx_word' id='word_1_786' title='bbox 1560 1511 1644 1543; x_wconf 88' lang='lat' dir='ltr'><strong>tuus</strong></span> <span class='ocrx_word' id='word_1_787' title='bbox 1668 1507 1848 1543; x_wconf 88' lang='lat' dir='ltr'><strong>hausisset</strong></span> <span class='ocrx_word' id='word_1_788' title='bbox 1871 1512 1907 1543; x_wconf 93' lang='lat' dir='ltr'><strong>et</strong></span> <span class='ocrx_word' id='word_1_789' title='bbox 1930 1509 2154 1553; x_wconf 88' lang='lat' dir='ltr'><strong>abstulisset,</strong></span> <span class='ocrx_word' id='word_1_790' title='bbox 2179 1510 2270 1545; x_wconf 88' lang='lat' dir='ltr'><strong>alter</strong></span> <span class='ocrx_word' id='word_1_791' title='bbox 2291 1510 2381 1545; x_wconf 89' lang='lat' dir='ltr'><strong>liau-</strong></span> 
     </span>
     <span class='ocr_line' id='line_1_115' title="bbox 1293 1551 2381 1598; baseline 0.003 -12"><span class='ocrx_word' id='word_1_792' title='bbox 1293 1551 1417 1587; x_wconf 91' lang='lat' dir='ltr'><strong>riendo</strong></span> <span class='ocrx_word' id='word_1_793' title='bbox 1442 1553 1685 1598; x_wconf 88' lang='lat' dir='ltr'><strong>deprehensus</strong></span> <span class='ocrx_word' id='word_1_794' title='bbox 1711 1556 1823 1595; x_wconf 86' lang='lat' dir='ltr'><strong>esset,</strong></span> <span class='ocrx_word' id='word_1_795' title='bbox 1854 1554 1983 1598; x_wconf 92' lang='lat' dir='ltr'><strong>prioris</strong></span> <span class='ocrx_word' id='word_1_796' title='bbox 2014 1555 2155 1591; x_wconf 90' lang='lat' dir='ltr'><strong>nomine</strong></span> <span class='ocrx_word' id='word_1_797' title='bbox 2179 1566 2245 1591; x_wconf 90' lang='lat' dir='ltr'><strong>nec</strong></span> <span class='ocrx_word' id='word_1_798' title='bbox 2269 1554 2381 1590; x_wconf 83' lang='lat' dir='ltr'><strong>mani-</strong></span> 
     </span>
     <span class='ocr_line' id='line_1_116' title="bbox 1294 1596 1974 1638; baseline 0.006 -7"><span class='ocrx_word' id='word_1_799' title='bbox 1294 1596 1387 1638; x_wconf 88' lang='lat' dir='ltr'><strong>festi,</strong></span> <span class='ocrx_word' id='word_1_800' title='bbox 1412 1598 1559 1633; x_wconf 89' lang='lat' dir='ltr'><strong>alterius</strong></span> <span class='ocrx_word' id='word_1_801' title='bbox 1583 1597 1762 1634; x_wconf 85' lang='lat' dir='ltr'><strong>manifesti</strong></span> <span class='ocrx_word' id='word_1_802' title='bbox 1785 1599 1974 1635; x_wconf 89' lang='lat' dir='ltr'><strong>teneberis.</strong></span> 
     </span>
    </p>

    <p class='ocr_par' dir='ltr' id='par_1_23' title="bbox 1294 1639 2381 2185">
     <span class='ocr_line' id='line_1_117' title="bbox 1341 1639 2381 1692; baseline 0.001 -12"><span class='ocrx_word' id='word_1_803' title='bbox 1341 1639 1394 1680; x_wconf 84' lang='lat'><strong>36</strong></span> <span class='ocrx_word' id='word_1_804' title='bbox 1426 1642 1622 1679; x_wconf 73' lang='lat' dir='ltr'><em>ULPIANUS</em></span> <span class='ocrx_word' id='word_1_805' title='bbox 1649 1643 1740 1679; x_wconf 77' lang='lat' dir='ltr'><strong>libro</strong></span> <span class='ocrx_word' id='word_1_806' title='bbox 1765 1644 2071 1690; x_wconf 75' lang='lat' dir='ltr'><strong>quadraqense’mo</strong></span> <span class='ocrx_word' id='word_1_807' title='bbox 2096 1646 2220 1692; x_wconf 77' lang='lat' dir='ltr'><strong>primo</strong></span> <span class='ocrx_word' id='word_1_808' title='bbox 2244 1646 2295 1681; x_wconf 87' lang='lat' dir='ltr'><strong>ad</strong></span> <span class='ocrx_word' id='word_1_809' title='bbox 2315 1645 2381 1681; x_wconf 85' lang='lat' dir='ltr'><strong>Sa-</strong></span> 
     </span>
     <span class='ocr_line' id='line_1_118' title="bbox 1295 1687 2379 1735; baseline 0.003 -12"><span class='ocrx_word' id='word_1_810' title='bbox 1295 1687 1415 1723; x_wconf 75' lang='lat' dir='ltr'><strong>binum</strong></span> <span class='ocrx_word' id='word_1_811' title='bbox 1450 1687 1520 1731; x_wconf 76' lang='lat' dir='ltr'><strong>Qui</strong></span> <span class='ocrx_word' id='word_1_812' title='bbox 1543 1699 1644 1724; x_wconf 89' lang='lat' dir='ltr'><strong>servo</strong></span> <span class='ocrx_word' id='word_1_813' title='bbox 1668 1689 1867 1733; x_wconf 89' lang='lat' dir='ltr'><strong>persuasit,</strong></span> <span class='ocrx_word' id='word_1_814' title='bbox 1891 1693 1932 1724; x_wconf 90' lang='lat' dir='ltr'><strong>ut</strong></span> <span class='ocrx_word' id='word_1_815' title='bbox 1954 1689 2104 1735; x_wconf 81' lang='lat' dir='ltr'><strong>fugeret,</strong></span> <span class='ocrx_word' id='word_1_816' title='bbox 2129 1690 2188 1726; x_wconf 88' lang='lat' dir='ltr'><strong>fur</strong></span> <span class='ocrx_word' id='word_1_817' title='bbox 2211 1702 2284 1726; x_wconf 91' lang='lat' dir='ltr'><strong>non</strong></span> <span class='ocrx_word' id='word_1_818' title='bbox 2308 1695 2379 1726; x_wconf 88' lang='lat' dir='ltr'><strong>est:</strong></span> 
     </span>
     <span class='ocr_line' id='line_1_119' title="bbox 1295 1733 2380 1779; baseline 0.004 -11"><span class='ocrx_word' id='word_1_819' title='bbox 1295 1742 1361 1768; x_wconf 89' lang='lat' dir='ltr'><strong>nec</strong></span> <span class='ocrx_word' id='word_1_820' title='bbox 1386 1733 1478 1769; x_wconf 92' lang='lat' dir='ltr'><strong>enim</strong></span> <span class='ocrx_word' id='word_1_821' title='bbox 1511 1733 1571 1779; x_wconf 90' lang='lat' dir='ltr'><strong>qui</strong></span> <span class='ocrx_word' id='word_1_822' title='bbox 1595 1733 1703 1769; x_wconf 89' lang='lat' dir='ltr'><strong>alicui</strong></span> <span class='ocrx_word' id='word_1_823' title='bbox 1733 1733 1866 1768; x_wconf 88' lang='lat' dir='ltr'><strong>malum</strong></span> <span class='ocrx_word' id='word_1_824' title='bbox 1891 1735 2077 1770; x_wconf 91' lang='lat' dir='ltr'><strong>consilium</strong></span> <span class='ocrx_word' id='word_1_825' title='bbox 2101 1734 2214 1779; x_wconf 89' lang='lat' dir='ltr'><strong>dedit,</strong></span> <span class='ocrx_word' id='word_1_826' title='bbox 2246 1736 2380 1772; x_wconf 82' lang='lat' dir='ltr'><strong>furtum</strong></span> 
     </span>
     <span class='ocr_line' id='line_1_120' title="bbox 1294 1776 2381 1826; baseline 0.005 -14"><span class='ocrx_word' id='word_1_827' title='bbox 1294 1776 1400 1821; x_wconf 88' lang='lat' dir='ltr'><strong>facit,</strong></span> <span class='ocrx_word' id='word_1_828' title='bbox 1432 1789 1504 1814; x_wconf 92' lang='lat' dir='ltr'><strong>non</strong></span> <span class='ocrx_word' id='word_1_829' title='bbox 1528 1779 1639 1823; x_wconf 83' lang='lat' dir='ltr'><strong>magis</strong></span> <span class='ocrx_word' id='word_1_830' title='bbox 1665 1789 1772 1824; x_wconf 88' lang='lat' dir='ltr'><strong>quam</strong></span> <span class='ocrx_word' id='word_1_831' title='bbox 1796 1779 1825 1814; x_wconf 89' lang='lat' dir='ltr'><strong>si</strong></span> <span class='ocrx_word' id='word_1_832' title='bbox 1849 1780 1882 1815; x_wconf 92' lang='lat' dir='ltr'><strong>ei</strong></span> <span class='ocrx_word' id='word_1_833' title='bbox 1913 1781 2106 1825; x_wconf 88' lang='lat' dir='ltr'><strong>persuasit,</strong></span> <span class='ocrx_word' id='word_1_834' title='bbox 2137 1785 2178 1816; x_wconf 93' lang='lat' dir='ltr'><strong>ut</strong></span> <span class='ocrx_word' id='word_1_835' title='bbox 2210 1792 2248 1817; x_wconf 90' lang='lat' dir='ltr'><strong>se</strong></span> <span class='ocrx_word' id='word_1_836' title='bbox 2277 1792 2381 1826; x_wconf 89' lang='lat' dir='ltr'><strong>prae-</strong></span> 
     </span>
     <span class='ocr_line' id='line_1_121' title="bbox 1296 1822 2379 1868; baseline 0.004 -10"><span class='ocrx_word' id='word_1_837' title='bbox 1296 1822 1420 1868; x_wconf 88' lang='lat' dir='ltr'><strong>cipitet</strong></span> <span class='ocrx_word' id='word_1_838' title='bbox 1438 1827 1501 1858; x_wconf 89' lang='lat' dir='ltr'><strong>aut</strong></span> <span class='ocrx_word' id='word_1_839' title='bbox 1519 1834 1646 1859; x_wconf 89' lang='lat' dir='ltr'><strong>manus</strong></span> <span class='ocrx_word' id='word_1_840' title='bbox 1666 1823 1735 1860; x_wconf 89' lang='lat' dir='ltr'><strong>sibi</strong></span> <span class='ocrx_word' id='word_1_841' title='bbox 1753 1823 1957 1860; x_wconf 86' lang='lat' dir='ltr'><strong>inferret¹⁹:</strong></span> <span class='ocrx_word' id='word_1_842' title='bbox 1982 1826 2071 1861; x_wconf 88' lang='lat' dir='ltr'><strong>haec</strong></span> <span class='ocrx_word' id='word_1_843' title='bbox 2091 1827 2182 1861; x_wconf 90' lang='lat' dir='ltr'><strong>enim</strong></span> <span class='ocrx_word' id='word_1_844' title='bbox 2203 1827 2290 1862; x_wconf 85' lang='lat' dir='ltr'><strong>furti</strong></span> <span class='ocrx_word' id='word_1_845' title='bbox 2310 1838 2379 1862; x_wconf 89' lang='lat' dir='ltr'><strong>non</strong></span> 
     </span>
     <span class='ocr_line' id='line_1_122' title="bbox 1296 1868 2380 1917; baseline 0.003 -14"><span class='ocrx_word' id='word_1_846' title='bbox 1296 1868 1488 1904; x_wconf 88' lang='lat' dir='ltr'><strong>admittunt</strong></span> <span class='ocrx_word' id='word_1_847' title='bbox 1517 1869 1705 1904; x_wconf 89' lang='lat' dir='ltr'><strong>actionem.</strong></span> <span class='ocrx_word' id='word_1_848' title='bbox 1755 1869 1818 1905; x_wconf 87' lang='lat' dir='ltr'><strong>sed</strong></span> <span class='ocrx_word' id='word_1_849' title='bbox 1849 1869 1881 1905; x_wconf 91' lang='lat' dir='ltr'><strong>si</strong></span> <span class='ocrx_word' id='word_1_850' title='bbox 1911 1870 2001 1906; x_wconf 88' lang='lat' dir='ltr'><strong>alius</strong></span> <span class='ocrx_word' id='word_1_851' title='bbox 2026 1871 2058 1906; x_wconf 92' lang='lat' dir='ltr'><strong>ei</strong></span> <span class='ocrx_word' id='word_1_852' title='bbox 2090 1871 2210 1916; x_wconf 88' lang='lat' dir='ltr'><strong>fugam</strong></span> <span class='ocrx_word' id='word_1_853' title='bbox 2233 1882 2380 1917; x_wconf 88' lang='lat' dir='ltr'><strong>persua-</strong></span> 
     </span>
     <span class='ocr_line' id='line_1_123' title="bbox 1296 1914 2380 1962; baseline 0.004 -14"><span class='ocrx_word' id='word_1_854' title='bbox 1296 1914 1400 1957; x_wconf 87' lang='lat' dir='ltr'><strong>serit,</strong></span> <span class='ocrx_word' id='word_1_855' title='bbox 1432 1918 1474 1949; x_wconf 90' lang='lat' dir='ltr'><strong>ut</strong></span> <span class='ocrx_word' id='word_1_856' title='bbox 1505 1915 1550 1950; x_wconf 87' lang='lat' dir='ltr'><strong>ab</strong></span> <span class='ocrx_word' id='word_1_857' title='bbox 1575 1914 1645 1950; x_wconf 89' lang='lat' dir='ltr'><strong>alio</strong></span> <span class='ocrx_word' id='word_1_858' title='bbox 1678 1914 1913 1959; x_wconf 76' lang='lat' dir='ltr'><strong>subrIpiatur,</strong></span> <span class='ocrx_word' id='word_1_859' title='bbox 1946 1915 2034 1951; x_wconf 86' lang='lat' dir='ltr'><strong>furti</strong></span> <span class='ocrx_word' id='word_1_860' title='bbox 2058 1917 2237 1952; x_wconf 87' lang='lat' dir='ltr'><strong>tenebitur</strong></span> <span class='ocrx_word' id='word_1_861' title='bbox 2264 1917 2295 1952; x_wconf 89' lang='lat' dir='ltr'><strong>is</strong></span> <span class='ocrx_word' id='word_1_862' title='bbox 2321 1917 2380 1962; x_wconf 91' lang='lat' dir='ltr'><strong>qui</strong></span> 
     </span>
     <span class='ocr_line' id='line_1_124' title="bbox 1295 1959 2380 2004; baseline 0.002 -10"><span class='ocrx_word' id='word_1_863' title='bbox 1295 1959 1488 2004; x_wconf 86' lang='lat' dir='ltr'><strong>persuasit,</strong></span> <span class='ocrx_word' id='word_1_864' title='bbox 1515 1959 1618 2004; x_wconf 88' lang='lat' dir='ltr'><strong>quasi</strong></span> <span class='ocrx_word' id='word_1_865' title='bbox 1643 1969 1710 2004; x_wconf 88' lang='lat' dir='ltr'><strong>ope</strong></span> <span class='ocrx_word' id='word_1_866' title='bbox 1734 1960 1881 1995; x_wconf 89' lang='lat' dir='ltr'><strong>consilio</strong></span> <span class='ocrx_word' id='word_1_867' title='bbox 1906 1961 1982 1996; x_wconf 85' lang='lat' dir='ltr'><strong>eius</strong></span> <span class='ocrx_word' id='word_1_868' title='bbox 2005 1960 2141 1997; x_wconf 88' lang='lat' dir='ltr'><strong>furtum</strong></span> <span class='ocrx_word' id='word_1_869' title='bbox 2165 1962 2299 1998; x_wconf 85' lang='lat' dir='ltr'><strong>factum</strong></span> <span class='ocrx_word' id='word_1_870' title='bbox 2323 1962 2380 1998; x_wconf 85' lang='lat' dir='ltr'><strong>sit.</strong></span> 
     </span>
     <span class='ocr_line' id='line_1_125' title="bbox 1295 2004 2380 2052; baseline 0.004 -13"><span class='ocrx_word' id='word_1_871' title='bbox 1295 2004 1375 2049; x_wconf 90' lang='lat' dir='ltr'><strong>plus</strong></span> <span class='ocrx_word' id='word_1_872' title='bbox 1398 2004 1617 2049; x_wconf 87' lang='lat' dir='ltr'><strong>Pomponius</strong></span> <span class='ocrx_word' id='word_1_873' title='bbox 1642 2004 1785 2049; x_wconf 89' lang='lat' dir='ltr'><strong>scripsit</strong></span> <span class='ocrx_word' id='word_1_874' title='bbox 1808 2015 1899 2047; x_wconf 89' lang='lat' dir='ltr'><strong>eum,</strong></span> <span class='ocrx_word' id='word_1_875' title='bbox 1925 2005 1986 2051; x_wconf 91' lang='lat' dir='ltr'><strong>qui</strong></span> <span class='ocrx_word' id='word_1_876' title='bbox 2008 2007 2196 2052; x_wconf 90' lang='lat' dir='ltr'><strong>persuasit,</strong></span> <span class='ocrx_word' id='word_1_877' title='bbox 2223 2007 2380 2052; x_wconf 84' lang='lat' dir='ltr'><strong>quamvis</strong></span> 
     </span>
     <span class='ocr_line' id='line_1_126' title="bbox 1295 2049 2381 2105; baseline 0.004 -21"><span class='ocrx_word' id='word_1_878' title='bbox 1295 2049 1436 2084; x_wconf 87' lang='lat' dir='ltr'><strong>interim</strong></span> <span class='ocrx_word' id='word_1_879' title='bbox 1467 2049 1554 2085; x_wconf 86' lang='lat' dir='ltr'><strong>furti</strong></span> <span class='ocrx_word' id='word_1_880' title='bbox 1589 2060 1662 2085; x_wconf 92' lang='lat' dir='ltr'><strong>non</strong></span> <span class='ocrx_word' id='word_1_881' title='bbox 1699 2053 1899 2093; x_wconf 89' lang='lat' dir='ltr'><strong>teneretur,</strong></span> <span class='ocrx_word' id='word_1_882' title='bbox 1943 2054 2028 2087; x_wconf 92' lang='lat' dir='ltr'><strong>tunc</strong></span> <span class='ocrx_word' id='word_1_883' title='bbox 2068 2055 2186 2088; x_wconf 90' lang='lat' dir='ltr'><strong>tamen</strong></span> <span class='ocrx_word' id='word_1_884' title='bbox 2225 2052 2381 2105; x_wconf 84' lang='lat' dir='ltr'><strong>incipere</strong></span> 
     </span>
     <span class='ocr_line' id='line_1_127' title="bbox 1295 2094 2379 2143; baseline 0.004 -14"><span class='ocrx_word' id='word_1_885' title='bbox 1295 2094 1426 2137; x_wconf 87' lang='lat' dir='ltr'><strong>teneri,</strong></span> <span class='ocrx_word' id='word_1_886' title='bbox 1452 2105 1532 2130; x_wconf 92' lang='lat' dir='ltr'><strong>cum</strong></span> <span class='ocrx_word' id='word_1_887' title='bbox 1557 2095 1635 2140; x_wconf 90' lang='lat' dir='ltr'><strong>quis</strong></span> <span class='ocrx_word' id='word_1_888' title='bbox 1659 2094 1798 2140; x_wconf 86' lang='lat' dir='ltr'><strong>fugitivi</strong></span> <span class='ocrx_word' id='word_1_889' title='bbox 1821 2095 1879 2131; x_wconf 87' lang='lat' dir='ltr'><strong>fur</strong></span> <span class='ocrx_word' id='word_1_890' title='bbox 1903 2105 1981 2132; x_wconf 88' lang='lat' dir='ltr'><strong>esse</strong></span> <span class='ocrx_word' id='word_1_891' title='bbox 2006 2098 2181 2143; x_wconf 89' lang='lat' dir='ltr'><strong>coeperit,</strong></span> <span class='ocrx_word' id='word_1_892' title='bbox 2206 2108 2307 2143; x_wconf 80' lang='lat' dir='ltr'><strong>quasi</strong></span> <span class='ocrx_word' id='word_1_893' title='bbox 2330 2098 2379 2133; x_wconf 90' lang='lat' dir='ltr'><strong>vi-</strong></span> 
     </span>
     <span class='ocr_line' id='line_1_128' title="bbox 1299 2139 2379 2185; baseline 0.004 -11"><span class='ocrx_word' id='word_1_894' title='bbox 1299 2143 1312 2174; x_wconf 88' lang='lat'>1</span> <span class='ocrx_word' id='word_1_895' title='bbox 1364 2139 1491 2175; x_wconf 87' lang='lat' dir='ltr'><strong>deatur</strong></span> <span class='ocrx_word' id='word_1_896' title='bbox 1522 2150 1589 2185; x_wconf 90' lang='lat' dir='ltr'><strong>ope</strong></span> <span class='ocrx_word' id='word_1_897' title='bbox 1622 2140 1770 2176; x_wconf 91' lang='lat' dir='ltr'><strong>consilio</strong></span> <span class='ocrx_word' id='word_1_898' title='bbox 1812 2141 1887 2176; x_wconf 89' lang='lat' dir='ltr'><strong>eius</strong></span> <span class='ocrx_word' id='word_1_899' title='bbox 1925 2140 2060 2177; x_wconf 90' lang='lat' dir='ltr'><strong>furtum</strong></span> <span class='ocrx_word' id='word_1_900' title='bbox 2091 2142 2237 2178; x_wconf 85' lang='lat' dir='ltr'><strong>factum.</strong></span> <span class='ocrx_word' id='word_1_901' title='bbox 2290 2142 2379 2178; x_wconf 86' lang='lat' dir='ltr'><strong>Item</strong></span> 
     </span>
    </p>

    <p class='ocr_par' dir='ltr' id='par_1_24' title="bbox 1293 2184 2381 2818">
     <span class='ocr_line' id='line_1_129' title="bbox 1321 2184 2381 2235; baseline 0.002 -15"><span class='ocrx_word' id='word_1_902' title='bbox 1321 2184 1432 2220; x_wconf 88' lang='lat' dir='ltr'><strong>lacuit</strong></span> <span class='ocrx_word' id='word_1_903' title='bbox 1456 2196 1553 2229; x_wconf 88' lang='lat' dir='ltr'><strong>eum,</strong></span> <span class='ocrx_word' id='word_1_904' title='bbox 1585 2185 1645 2229; x_wconf 90' lang='lat' dir='ltr'><strong>qui</strong></span> <span class='ocrx_word' id='word_1_905' title='bbox 1668 2185 1742 2221; x_wconf 89' lang='lat' dir='ltr'><strong>filio</strong></span> <span class='ocrx_word' id='word_1_906' title='bbox 1768 2186 1824 2222; x_wconf 91' lang='lat' dir='ltr'><strong>vel</strong></span> <span class='ocrx_word' id='word_1_907' title='bbox 1847 2196 1950 2222; x_wconf 85' lang='lat' dir='ltr'><strong>servo</strong></span> <span class='ocrx_word' id='word_1_908' title='bbox 1974 2187 2027 2223; x_wconf 89' lang='lat' dir='ltr'><strong>vel</strong></span> <span class='ocrx_word' id='word_1_909' title='bbox 2057 2188 2161 2235; x_wconf 51' lang='lat' dir='ltr'><strong>unori</strong></span> <span class='ocrx_word' id='word_1_910' title='bbox 2187 2199 2289 2233; x_wconf 89' lang='lat' dir='ltr'><strong>opem</strong></span> <span class='ocrx_word' id='word_1_911' title='bbox 2312 2187 2381 2222; x_wconf 87' lang='lat' dir='ltr'><strong>fert</strong></span> 
     </span>
     <span class='ocr_line' id='line_1_130' title="bbox 1311 2230 2380 2279; baseline 0.002 -15"><span class='ocrx_word' id='word_1_912' title='bbox 1311 2233 1430 2265; x_wconf 91' lang='lat' dir='ltr'><strong>urtum</strong></span> <span class='ocrx_word' id='word_1_913' title='bbox 1462 2230 1695 2273; x_wconf 90' lang='lat' dir='ltr'><strong>facientibus,</strong></span> <span class='ocrx_word' id='word_1_914' title='bbox 1725 2230 1814 2266; x_wconf 90' lang='lat' dir='ltr'><strong>furti</strong></span> <span class='ocrx_word' id='word_1_915' title='bbox 1837 2231 1967 2272; x_wconf 88' lang='lat' dir='ltr'><strong>teneri,</strong></span> <span class='ocrx_word' id='word_1_916' title='bbox 2007 2234 2166 2277; x_wconf 89' lang='lat' dir='ltr'><strong>quamvis</strong></span> <span class='ocrx_word' id='word_1_917' title='bbox 2195 2233 2264 2279; x_wconf 90' lang='lat' dir='ltr'><strong>ipsi</strong></span> <span class='ocrx_word' id='word_1_918' title='bbox 2295 2232 2380 2268; x_wconf 88' lang='lat' dir='ltr'><strong>furti</strong></span> 
     </span>
     <span class='ocr_line' id='line_1_131' title="bbox 1297 2275 2378 2324; baseline 0.002 -14"><span class='ocrx_word' id='word_1_919' title='bbox 1297 2277 1316 2310; x_wconf 87' lang='lat'>2</span> <span class='ocrx_word' id='word_1_920' title='bbox 1364 2275 1505 2311; x_wconf 90' lang='lat' dir='ltr'><strong>actione</strong></span> <span class='ocrx_word' id='word_1_921' title='bbox 1536 2286 1607 2311; x_wconf 92' lang='lat' dir='ltr'><strong>non</strong></span> <span class='ocrx_word' id='word_1_922' title='bbox 1641 2276 1908 2313; x_wconf 89' lang='lat' dir='ltr'><strong>conveniantur.</strong></span> <span class='ocrx_word' id='word_1_923' title='bbox 1954 2276 2051 2313; x_wconf 89' lang='lat' dir='ltr'><strong>Idem</strong></span> <span class='ocrx_word' id='word_1_924' title='bbox 2077 2279 2294 2324; x_wconf 90' lang='lat' dir='ltr'><strong>Pomponius</strong></span> <span class='ocrx_word' id='word_1_925' title='bbox 2319 2278 2378 2320; x_wconf 91' lang='lat' dir='ltr'><strong>ait,</strong></span> 
     </span>
     <span class='ocr_line' id='line_1_132' title="bbox 1296 2320 2379 2368; baseline 0.001 -12"><span class='ocrx_word' id='word_1_926' title='bbox 1296 2320 1325 2356; x_wconf 90' lang='lat' dir='ltr'><strong>si</strong></span> <span class='ocrx_word' id='word_1_927' title='bbox 1351 2331 1431 2355; x_wconf 90' lang='lat' dir='ltr'><strong>cum</strong></span> <span class='ocrx_word' id='word_1_928' title='bbox 1455 2321 1562 2356; x_wconf 90' lang='lat' dir='ltr'><strong>rebus</strong></span> <span class='ocrx_word' id='word_1_929' title='bbox 1587 2320 1766 2365; x_wconf 85' lang='lat' dir='ltr'><strong>aufugerit</strong></span> <span class='ocrx_word' id='word_1_930' title='bbox 1788 2321 1976 2366; x_wconf 87' lang='lat' dir='ltr'><strong>fugitivus,</strong></span> <span class='ocrx_word' id='word_1_931' title='bbox 2000 2333 2107 2368; x_wconf 91' lang='lat' dir='ltr'><strong>posse</strong></span> <span class='ocrx_word' id='word_1_932' title='bbox 2130 2323 2218 2358; x_wconf 88' lang='lat' dir='ltr'><strong>furti</strong></span> <span class='ocrx_word' id='word_1_933' title='bbox 2242 2323 2379 2358; x_wconf 91' lang='lat' dir='ltr'><strong>actione</strong></span> 
     </span>
     <span class='ocr_line' id='line_1_133' title="bbox 1296 2365 2379 2422; baseline 0.002 -22"><span class='ocrx_word' id='word_1_934' title='bbox 1296 2365 1564 2401; x_wconf 87' lang='lat' dir='ltr'><strong>sollicitatorem</strong></span> <span class='ocrx_word' id='word_1_935' title='bbox 1597 2366 1777 2401; x_wconf 90' lang='lat' dir='ltr'><strong>conveniri</strong></span> <span class='ocrx_word' id='word_1_936' title='bbox 1815 2377 1933 2402; x_wconf 89' lang='lat' dir='ltr'><strong>rerum</strong></span> <span class='ocrx_word' id='word_1_937' title='bbox 1965 2369 2123 2411; x_wconf 90' lang='lat' dir='ltr'><strong>nomine,</strong></span> <span class='ocrx_word' id='word_1_938' title='bbox 2164 2368 2247 2422; x_wconf 88' lang='lat' dir='ltr'><strong>quia</strong></span> <span class='ocrx_word' id='word_1_939' title='bbox 2277 2378 2379 2413; x_wconf 91' lang='lat' dir='ltr'><strong>opem</strong></span> 
     </span>
     <span class='ocr_line' id='line_1_134' title="bbox 1296 2410 2378 2458; baseline 0 -12"><span class='ocrx_word' id='word_1_940' title='bbox 1296 2410 1484 2446; x_wconf 91' lang='lat' dir='ltr'><strong>consilium</strong></span> <span class='ocrx_word' id='word_1_941' title='bbox 1509 2410 1765 2447; x_wconf 89' lang='lat' dir='ltr'><strong>contrectatori</strong></span> <span class='ocrx_word' id='word_1_942' title='bbox 1788 2411 1880 2446; x_wconf 90' lang='lat' dir='ltr'><strong>tulit.</strong></span> <span class='ocrx_word' id='word_1_943' title='bbox 1918 2412 2012 2457; x_wconf 91' lang='lat' dir='ltr'><strong>quod</strong></span> <span class='ocrx_word' id='word_1_944' title='bbox 2037 2417 2071 2449; x_wconf 84' lang='lat' dir='ltr'><strong>et</strong></span> <span class='ocrx_word' id='word_1_945' title='bbox 2096 2414 2248 2449; x_wconf 89' lang='lat' dir='ltr'><strong>Sabinus</strong></span> <span class='ocrx_word' id='word_1_946' title='bbox 2273 2413 2378 2458; x_wconf 86' lang='lat' dir='ltr'><strong>signi-</strong></span> 
     </span>
     <span class='ocr_line' id='line_1_135' title="bbox 1297 2455 2380 2503; baseline 0.001 -12"><span class='ocrx_word' id='word_1_947' title='bbox 1297 2459 1315 2491; x_wconf 91' lang='lat'><strong>3</strong></span> <span class='ocrx_word' id='word_1_948' title='bbox 1362 2455 1461 2491; x_wconf 90' lang='lat' dir='ltr'><strong>ficat.</strong></span> <span class='ocrx_word' id='word_1_949' title='bbox 1510 2456 1548 2491; x_wconf 93' lang='lat' dir='ltr'><strong>Si</strong></span> <span class='ocrx_word' id='word_1_950' title='bbox 1579 2456 1649 2492; x_wconf 88' lang='lat' dir='ltr'><strong>duo</strong></span> <span class='ocrx_word' id='word_1_951' title='bbox 1674 2456 1766 2492; x_wconf 90' lang='lat' dir='ltr'><strong>servi</strong></span> <span class='ocrx_word' id='word_1_952' title='bbox 1796 2457 2037 2501; x_wconf 13' lang='lat' dir='ltr'><strong>invicemtsibi</strong></span> <span class='ocrx_word' id='word_1_953' title='bbox 2067 2462 2322 2503; x_wconf 89' lang='lat' dir='ltr'><strong>persuaserunt</strong></span> <span class='ocrx_word' id='word_1_954' title='bbox 2345 2462 2380 2493; x_wconf 91' lang='lat' dir='ltr'><strong>et</strong></span> 
     </span>
     <span class='ocr_line' id='line_1_136' title="bbox 1295 2501 2376 2546; baseline 0.004 -11"><span class='ocrx_word' id='word_1_955' title='bbox 1295 2501 1399 2537; x_wconf 91' lang='lat' dir='ltr'><strong>ambo</strong></span> <span class='ocrx_word' id='word_1_956' title='bbox 1431 2501 1534 2537; x_wconf 91' lang='lat' dir='ltr'><strong>simul</strong></span> <span class='ocrx_word' id='word_1_957' title='bbox 1565 2501 1797 2546; x_wconf 86' lang='lat' dir='ltr'><strong>aufugerunt,</strong></span> <span class='ocrx_word' id='word_1_958' title='bbox 1835 2502 1928 2538; x_wconf 89' lang='lat' dir='ltr'><strong>alter</strong></span> <span class='ocrx_word' id='word_1_959' title='bbox 1958 2502 2105 2540; x_wconf 85' lang='lat' dir='ltr'><strong>alterius</strong></span> <span class='ocrx_word' id='word_1_960' title='bbox 2135 2504 2194 2539; x_wconf 88' lang='lat' dir='ltr'><strong>fur</strong></span> <span class='ocrx_word' id='word_1_961' title='bbox 2217 2514 2288 2539; x_wconf 92' lang='lat' dir='ltr'><strong>non</strong></span> <span class='ocrx_word' id='word_1_962' title='bbox 2313 2507 2376 2539; x_wconf 88' lang='lat' dir='ltr'><strong>est.</strong></span> 
     </span>
     <span class='ocr_line' id='line_1_137' title="bbox 1296 2546 2377 2594; baseline 0.002 -14"><span class='ocrx_word' id='word_1_963' title='bbox 1296 2546 1381 2590; x_wconf 90' lang='lat' dir='ltr'><strong>quid</strong></span> <span class='ocrx_word' id='word_1_964' title='bbox 1405 2556 1507 2591; x_wconf 87' lang='lat' dir='ltr'><strong>ergo,</strong></span> <span class='ocrx_word' id='word_1_965' title='bbox 1533 2546 1564 2582; x_wconf 90' lang='lat' dir='ltr'><strong>si</strong></span> <span class='ocrx_word' id='word_1_966' title='bbox 1587 2546 1736 2582; x_wconf 87' lang='lat' dir='ltr'><strong>invicem</strong></span> <span class='ocrx_word' id='word_1_967' title='bbox 1760 2557 1798 2582; x_wconf 91' lang='lat' dir='ltr'><strong>se</strong></span> <span class='ocrx_word' id='word_1_968' title='bbox 1823 2547 2053 2584; x_wconf 84' lang='lat' dir='ltr'><strong>celaverunt?</strong></span> <span class='ocrx_word' id='word_1_969' title='bbox 2098 2549 2176 2584; x_wconf 90' lang='lat' dir='ltr'><strong>fieri</strong></span> <span class='ocrx_word' id='word_1_970' title='bbox 2200 2549 2291 2584; x_wconf 89' lang='lat' dir='ltr'><strong>enim</strong></span> <span class='ocrx_word' id='word_1_971' title='bbox 2314 2559 2377 2594; x_wconf 92' lang='lat' dir='ltr'><strong>po-</strong></span> 
     </span>
     <span class='ocr_line' id='line_1_138' title="bbox 1293 2590 2379 2638; baseline 0.001 -12"><span class='ocrx_word' id='word_1_972' title='bbox 1293 2591 1414 2633; x_wconf 80' lang='lat' dir='ltr'><strong>test20,</strong></span> <span class='ocrx_word' id='word_1_973' title='bbox 1447 2594 1487 2626; x_wconf 90' lang='lat' dir='ltr'><strong>ut</strong></span> <span class='ocrx_word' id='word_1_974' title='bbox 1508 2591 1657 2628; x_wconf 90' lang='lat' dir='ltr'><strong>invicem</strong></span> <span class='ocrx_word' id='word_1_975' title='bbox 1680 2590 1778 2627; x_wconf 89' lang='lat' dir='ltr'><strong>fures</strong></span> <span class='ocrx_word' id='word_1_976' title='bbox 1803 2592 1885 2628; x_wconf 90' lang='lat' dir='ltr'><strong>sint.</strong></span> <span class='ocrx_word' id='word_1_977' title='bbox 1933 2595 1970 2628; x_wconf 93' lang='lat' dir='ltr'><strong>et</strong></span> <span class='ocrx_word' id='word_1_978' title='bbox 1992 2597 2112 2638; x_wconf 88' lang='lat' dir='ltr'><strong>potest</strong></span> <span class='ocrx_word' id='word_1_979' title='bbox 2136 2594 2204 2629; x_wconf 90' lang='lat' dir='ltr'><strong>dici</strong></span> <span class='ocrx_word' id='word_1_980' title='bbox 2229 2594 2379 2628; x_wconf 80' lang='lat' dir='ltr'><strong>alterum</strong></span> 
     </span>
     <span class='ocr_line' id='line_1_139' title="bbox 1294 2635 2378 2683; baseline 0.001 -12"><span class='ocrx_word' id='word_1_981' title='bbox 1294 2635 1442 2672; x_wconf 79' lang='lat' dir='ltr'><strong>alterius</strong></span> <span class='ocrx_word' id='word_1_982' title='bbox 1465 2635 1580 2672; x_wconf 89' lang='lat' dir='ltr'><strong>furem</strong></span> <span class='ocrx_word' id='word_1_983' title='bbox 1604 2646 1700 2679; x_wconf 87' lang='lat' dir='ltr'><strong>esse,</strong></span> <span class='ocrx_word' id='word_1_984' title='bbox 1731 2637 2042 2682; x_wconf 88' lang='lat' dir='ltr'><strong>quemadmodum,</strong></span> <span class='ocrx_word' id='word_1_985' title='bbox 2075 2639 2105 2674; x_wconf 92' lang='lat' dir='ltr'><strong>si</strong></span> <span class='ocrx_word' id='word_1_986' title='bbox 2137 2639 2197 2674; x_wconf 87' lang='lat' dir='ltr'><strong>alii</strong></span> <span class='ocrx_word' id='word_1_987' title='bbox 2221 2638 2378 2683; x_wconf 86' lang='lat' dir='ltr'><strong>singulos</strong></span> 
     </span>
     <span class='ocr_line' id='line_1_140' title="bbox 1294 2681 2378 2728; baseline 0.001 -12"><span class='ocrx_word' id='word_1_988' title='bbox 1294 2681 1564 2726; x_wconf 88' lang='lat' dir='ltr'><strong>subripuissent,</strong></span> <span class='ocrx_word' id='word_1_989' title='bbox 1588 2685 1805 2726; x_wconf 90' lang='lat' dir='ltr'><strong>tenerentur,</strong></span> <span class='ocrx_word' id='word_1_990' title='bbox 1831 2682 1932 2728; x_wconf 89' lang='lat' dir='ltr'><strong>quasi</strong></span> <span class='ocrx_word' id='word_1_991' title='bbox 1955 2683 2046 2719; x_wconf 89' lang='lat' dir='ltr'><strong>alter</strong></span> <span class='ocrx_word' id='word_1_992' title='bbox 2070 2684 2214 2720; x_wconf 85' lang='lat' dir='ltr'><strong>alterius</strong></span> <span class='ocrx_word' id='word_1_993' title='bbox 2239 2684 2378 2719; x_wconf 91' lang='lat' dir='ltr'><strong>nomine</strong></span> 
     </span>
     <span class='ocr_line' id='line_1_141' title="bbox 1294 2727 2377 2774; baseline 0.002 -13"><span class='ocrx_word' id='word_1_994' title='bbox 1294 2736 1396 2771; x_wconf 90' lang='lat' dir='ltr'><strong>opem</strong></span> <span class='ocrx_word' id='word_1_995' title='bbox 1425 2727 1620 2763; x_wconf 82' lang='lat' dir='ltr'><strong>tulisset2¹:</strong></span> <span class='ocrx_word' id='word_1_996' title='bbox 1664 2727 1961 2771; x_wconf 86' lang='lat' dir='ltr'><strong>quemadmodum</strong></span> <span class='ocrx_word' id='word_1_997' title='bbox 1993 2739 2113 2764; x_wconf 92' lang='lat' dir='ltr'><strong>rerum</strong></span> <span class='ocrx_word' id='word_1_998' title='bbox 2145 2739 2286 2774; x_wconf 89' lang='lat' dir='ltr'><strong>quoque</strong></span> <span class='ocrx_word' id='word_1_999' title='bbox 2314 2739 2377 2763; x_wconf 90' lang='lat' dir='ltr'><strong>no·</strong></span> 
     </span>
     <span class='ocr_line' id='line_1_142' title="bbox 1293 2771 2076 2818; baseline 0.004 -12"><span class='ocrx_word' id='word_1_1000' title='bbox 1293 2771 1386 2806; x_wconf 91' lang='lat' dir='ltr'><strong>mine</strong></span> <span class='ocrx_word' id='word_1_1001' title='bbox 1408 2772 1523 2807; x_wconf 88' lang='lat' dir='ltr'><strong>teneri</strong></span> <span class='ocrx_word' id='word_1_1002' title='bbox 1546 2782 1607 2808; x_wconf 88' lang='lat' dir='ltr'><strong>eos</strong></span> <span class='ocrx_word' id='word_1_1003' title='bbox 1632 2771 1719 2806; x_wconf 87' lang='lat' dir='ltr'><strong>furti</strong></span> <span class='ocrx_word' id='word_1_1004' title='bbox 1743 2772 1896 2809; x_wconf 89' lang='lat' dir='ltr'><strong>Sabinus</strong></span> <span class='ocrx_word' id='word_1_1005' title='bbox 1922 2773 2076 2818; x_wconf 86' lang='lat' dir='ltr'><strong>scripsit.</strong></span> 
     </span>
    </p>

    <p class='ocr_par' dir='ltr' id='par_1_25' title="bbox 1291 2814 2378 2997">
     <span class='ocr_line' id='line_1_143' title="bbox 1340 2814 2377 2855; baseline -0.003 -1"><span class='ocrx_word' id='word_1_1006' title='bbox 1340 2814 1394 2854; x_wconf 87' lang='lat'><strong>37</strong></span> <span class='ocrx_word' id='word_1_1007' title='bbox 1428 2816 1657 2852; x_wconf 72' lang='lat' dir='ltr'><strong>Pomoivms</strong></span> <span class='ocrx_word' id='word_1_1008' title='bbox 1690 2817 1780 2853; x_wconf 82' lang='lat' dir='ltr'><strong>libro</strong></span> <span class='ocrx_word' id='word_1_1009' title='bbox 1821 2828 1916 2853; x_wconf 82' lang='lat' dir='ltr'><strong>nono</strong></span> <span class='ocrx_word' id='word_1_1010' title='bbox 1958 2819 2093 2855; x_wconf 77' lang='lat' dir='ltr'><strong>decimo</strong></span> <span class='ocrx_word' id='word_1_1011' title='bbox 2125 2819 2174 2854; x_wconf 84' lang='lat' dir='ltr'><strong>ad</strong></span> <span class='ocrx_word' id='word_1_1012' title='bbox 2205 2817 2377 2854; x_wconf 74' lang='lat' dir='ltr'><strong>Sabinum</strong></span> 
     </span>
     <span class='ocr_line' id='line_1_144' title="bbox 1294 2862 2378 2907; baseline 0 -11"><span class='ocrx_word' id='word_1_1013' title='bbox 1294 2862 1331 2897; x_wconf 91' lang='lat' dir='ltr'><strong>Si</strong></span> <span class='ocrx_word' id='word_1_1014' title='bbox 1362 2872 1536 2906; x_wconf 89' lang='lat' dir='ltr'><strong>pavonem</strong></span> <span class='ocrx_word' id='word_1_1015' title='bbox 1567 2872 1685 2897; x_wconf 91' lang='lat' dir='ltr'><strong>meum</strong></span> <span class='ocrx_word' id='word_1_1016' title='bbox 1713 2866 1957 2907; x_wconf 88' lang='lat' dir='ltr'><strong>mansuetum,</strong></span> <span class='ocrx_word' id='word_1_1017' title='bbox 1989 2874 2068 2898; x_wconf 91' lang='lat' dir='ltr'><strong>cum</strong></span> <span class='ocrx_word' id='word_1_1018' title='bbox 2100 2863 2142 2899; x_wconf 91' lang='lat' dir='ltr'><strong>de</strong></span> <span class='ocrx_word' id='word_1_1019' title='bbox 2173 2864 2276 2898; x_wconf 92' lang='lat' dir='ltr'><strong>domo</strong></span> <span class='ocrx_word' id='word_1_1020' title='bbox 2300 2872 2378 2896; x_wconf 88' lang='lat' dir='ltr'><strong>mea</strong></span> 
     </span>
     <span class='ocr_line' id='line_1_145' title="bbox 1294 2906 2377 2960; baseline -0.001 -19"><span class='ocrx_word' id='word_1_1021' title='bbox 1294 2906 1485 2960; x_wconf 77' lang='lat' dir='ltr'><strong>effugisset,</strong></span> <span class='ocrx_word' id='word_1_1022' title='bbox 1510 2910 1719 2952; x_wconf 89' lang='lat' dir='ltr'><strong>persecutus</strong></span> <span class='ocrx_word' id='word_1_1023' title='bbox 1740 2907 1799 2950; x_wconf 90' lang='lat' dir='ltr'><strong>sis,</strong></span> <span class='ocrx_word' id='word_1_1024' title='bbox 1826 2907 1944 2952; x_wconf 88' lang='lat' dir='ltr'><strong>quoad</strong></span> <span class='ocrx_word' id='word_1_1025' title='bbox 1961 2908 1991 2943; x_wconf 90' lang='lat' dir='ltr'><strong>is</strong></span> <span class='ocrx_word' id='word_1_1026' title='bbox 2009 2909 2111 2953; x_wconf 90' lang='lat' dir='ltr'><strong>perit,</strong></span> <span class='ocrx_word' id='word_1_1027' title='bbox 2138 2919 2240 2952; x_wconf 87' lang='lat' dir='ltr'><strong>agere</strong></span> <span class='ocrx_word' id='word_1_1028' title='bbox 2260 2911 2377 2942; x_wconf 88' lang='lat' dir='ltr'><strong>tecum</strong></span> 
     </span>
     <span class='ocr_line' id='line_1_146' title="bbox 1291 2952 2272 2997; baseline 0 -11"><span class='ocrx_word' id='word_1_1029' title='bbox 1291 2952 1378 2987; x_wconf 88' lang='lat' dir='ltr'><strong>furti</strong></span> <span class='ocrx_word' id='word_1_1030' title='bbox 1403 2952 1454 2987; x_wconf 90' lang='lat' dir='ltr'><strong>ita</strong></span> <span class='ocrx_word' id='word_1_1031' title='bbox 1476 2956 1612 2997; x_wconf 89' lang='lat' dir='ltr'><strong>potero,</strong></span> <span class='ocrx_word' id='word_1_1032' title='bbox 1639 2952 1669 2987; x_wconf 91' lang='lat' dir='ltr'><strong>si</strong></span> <span class='ocrx_word' id='word_1_1033' title='bbox 1693 2952 1821 2996; x_wconf 89' lang='lat' dir='ltr'><strong>aliquis</strong></span> <span class='ocrx_word' id='word_1_1034' title='bbox 1845 2963 1926 2988; x_wconf 91' lang='lat' dir='ltr'><strong>eum</strong></span> <span class='ocrx_word' id='word_1_1035' title='bbox 1949 2952 2081 2989; x_wconf 89' lang='lat' dir='ltr'><strong>habere</strong></span> <span class='ocrx_word' id='word_1_1036' title='bbox 2106 2953 2272 2996; x_wconf 88' lang='lat' dir='ltr'><strong>coeperit.</strong></span> 
     </span>
    </p>

    <p class='ocr_par' dir='ltr' id='par_1_26' title="bbox 1291 2993 2376 3176">
     <span class='ocr_line' id='line_1_147' title="bbox 1339 2993 2376 3035; baseline -0.004 -1"><span class='ocrx_word' id='word_1_1037' title='bbox 1339 2993 1391 3035; x_wconf 87' lang='lat'><strong>38</strong></span> <span class='ocrx_word' id='word_1_1038' title='bbox 1426 2996 1584 3032; x_wconf 75' lang='lat' dir='ltr'><strong><em>PAULUS</em></strong></span> <span class='ocrx_word' id='word_1_1039' title='bbox 1619 2997 1710 3033; x_wconf 80' lang='lat' dir='ltr'><strong>libro</strong></span> <span class='ocrx_word' id='word_1_1040' title='bbox 1736 3007 1835 3032; x_wconf 61' lang='lat' dir='ltr'><strong>&gt;nono</strong></span> <span class='ocrx_word' id='word_1_1041' title='bbox 1867 2997 1917 3032; x_wconf 83' lang='lat' dir='ltr'><strong>ad</strong></span> <span class='ocrx_word' id='word_1_1042' title='bbox 1944 2997 2115 3033; x_wconf 78' lang='lat' dir='ltr'><strong>Sabinum</strong></span> <span class='ocrx_word' id='word_1_1043' title='bbox 2169 2997 2285 3032; x_wconf 91' lang='lat' dir='ltr'><strong>Mater</strong></span> <span class='ocrx_word' id='word_1_1044' title='bbox 2313 2995 2376 3030; x_wconf 91' lang='lat' dir='ltr'><strong>filii</strong></span> 
     </span>
     <span class='ocr_line' id='line_1_148' title="bbox 1295 3042 2376 3087; baseline -0.003 -10"><span class='ocrx_word' id='word_1_1045' title='bbox 1295 3045 1309 3077; x_wconf 88' lang='lat'>1</span> <span class='ocrx_word' id='word_1_1046' title='bbox 1361 3042 1520 3087; x_wconf 86' lang='lat' dir='ltr'><strong>subrepti</strong></span> <span class='ocrx_word' id='word_1_1047' title='bbox 1557 3042 1645 3077; x_wconf 88' lang='lat' dir='ltr'><strong>furti</strong></span> <span class='ocrx_word' id='word_1_1048' title='bbox 1682 3042 1859 3078; x_wconf 89' lang='lat' dir='ltr'><strong>actionem</strong></span> <span class='ocrx_word' id='word_1_1049' title='bbox 1890 3053 1963 3078; x_wconf 77' lang='lat' dir='ltr'><strong>non</strong></span> <span class='ocrx_word' id='word_1_1050' title='bbox 1991 3043 2110 3078; x_wconf 89' lang='lat' dir='ltr'><strong>habet.</strong></span> <span class='ocrx_word' id='word_1_1051' title='bbox 2166 3042 2376 3076; x_wconf 89' lang='lat' dir='ltr'><strong>Liberarum</strong></span> 
     </span>
     <span class='ocr_line' id='line_1_149' title="bbox 1291 3086 2374 3132; baseline -0.001 -11"><span class='ocrx_word' id='word_1_1052' title='bbox 1291 3097 1525 3132; x_wconf 89' lang='lat' dir='ltr'><strong>personarum</strong></span> <span class='ocrx_word' id='word_1_1053' title='bbox 1557 3087 1715 3130; x_wconf 90' lang='lat' dir='ltr'><strong>nomine,</strong></span> <span class='ocrx_word' id='word_1_1054' title='bbox 1748 3087 1832 3122; x_wconf 90' lang='lat' dir='ltr'><strong>licet</strong></span> <span class='ocrx_word' id='word_1_1055' title='bbox 1861 3086 1948 3123; x_wconf 89' lang='lat' dir='ltr'><strong>furti</strong></span> <span class='ocrx_word' id='word_1_1056' title='bbox 1980 3088 2073 3123; x_wconf 89' lang='lat' dir='ltr'><strong>actio</strong></span> <span class='ocrx_word' id='word_1_1057' title='bbox 2098 3087 2162 3130; x_wconf 91' lang='lat' dir='ltr'><strong>sit,</strong></span> <span class='ocrx_word' id='word_1_1058' title='bbox 2198 3086 2374 3121; x_wconf 90' lang='lat' dir='ltr'><strong>condictio</strong></span> 
     </span>
     <span class='ocr_line' id='line_1_150' title="bbox 1291 3135 1696 3176; baseline 0.002 -10"><span class='ocrx_word' id='word_1_1059' title='bbox 1291 3136 1412 3167; x_wconf 90' lang='lat' dir='ltr'><strong>tamen</strong></span> <span class='ocrx_word' id='word_1_1060' title='bbox 1435 3142 1611 3176; x_wconf 89' lang='lat' dir='ltr'><strong>nusquam</strong></span> <span class='ocrx_word' id='word_1_1061' title='bbox 1632 3135 1696 3167; x_wconf 90' lang='lat' dir='ltr'><strong>est.</strong></span> 
     </span>
    </p>

    <p class='ocr_par' dir='ltr' id='par_1_27' title="bbox 1291 3172 2374 3536">
     <span class='ocr_line' id='line_1_151' title="bbox 1338 3172 2373 3227; baseline -0.005 -13"><span class='ocrx_word' id='word_1_1062' title='bbox 1338 3174 1392 3214; x_wconf 87' lang='lat'><strong>39</strong></span> <span class='ocrx_word' id='word_1_1063' title='bbox 1424 3175 1619 3212; x_wconf 64' lang='lat' dir='ltr'><strong>Uzmiws</strong></span> <span class='ocrx_word' id='word_1_1064' title='bbox 1646 3177 1737 3214; x_wconf 84' lang='lat' dir='ltr'><strong>libro</strong></span> <span class='ocrx_word' id='word_1_1065' title='bbox 1762 3178 2064 3224; x_wconf 67' lang='lat' dir='ltr'><strong>quadrayensz‘mo</strong></span> <span class='ocrx_word' id='word_1_1066' title='bbox 2095 3177 2212 3222; x_wconf 80' lang='lat' dir='ltr'><strong>primo</strong></span> <span class='ocrx_word' id='word_1_1067' title='bbox 2238 3174 2289 3227; x_wconf 60' lang='lat' dir='ltr'><strong>ac(</strong></span> <span class='ocrx_word' id='word_1_1068' title='bbox 2309 3172 2373 3210; x_wconf 88' lang='lat' dir='ltr'><strong>Sa-</strong></span> 
     </span>
     <span class='ocr_line' id='line_1_152' title="bbox 1293 3219 2373 3264; baseline -0.003 -8"><span class='ocrx_word' id='word_1_1069' title='bbox 1293 3222 1413 3257; x_wconf 79' lang='lat' dir='ltr'><strong>binum</strong></span> <span class='ocrx_word' id='word_1_1070' title='bbox 1458 3221 1592 3257; x_wconf 90' lang='lat' dir='ltr'><strong>Verum</strong></span> <span class='ocrx_word' id='word_1_1071' title='bbox 1624 3225 1698 3264; x_wconf 88' lang='lat' dir='ltr'><strong>est,</strong></span> <span class='ocrx_word' id='word_1_1072' title='bbox 1731 3222 1761 3258; x_wconf 90' lang='lat' dir='ltr'><strong>si</strong></span> <span class='ocrx_word' id='word_1_1073' title='bbox 1783 3223 2005 3258; x_wconf 89' lang='lat' dir='ltr'><strong>meretricem</strong></span> <span class='ocrx_word' id='word_1_1074' title='bbox 2038 3221 2187 3256; x_wconf 91' lang='lat' dir='ltr'><strong>alienam</strong></span> <span class='ocrx_word' id='word_1_1075' title='bbox 2211 3219 2373 3254; x_wconf 89' lang='lat' dir='ltr'><strong>ancillam</strong></span> 
     </span>
     <span class='ocr_line' id='line_1_153' title="bbox 1291 3264 2374 3312; baseline -0.003 -11"><span class='ocrx_word' id='word_1_1076' title='bbox 1291 3266 1412 3312; x_wconf 86' lang='lat' dir='ltr'><strong>rapuit</strong></span> <span class='ocrx_word' id='word_1_1077' title='bbox 1442 3266 1518 3310; x_wconf 90' lang='lat' dir='ltr'><strong>quis</strong></span> <span class='ocrx_word' id='word_1_1078' title='bbox 1549 3266 1603 3301; x_wconf 86' lang='lat' dir='ltr'><strong>vel</strong></span> <span class='ocrx_word' id='word_1_1079' title='bbox 1628 3267 1773 3310; x_wconf 90' lang='lat' dir='ltr'><strong>celavit,</strong></span> <span class='ocrx_word' id='word_1_1080' title='bbox 1805 3267 1940 3302; x_wconf 86' lang='lat' dir='ltr'><strong>furtum</strong></span> <span class='ocrx_word' id='word_1_1081' title='bbox 1964 3277 2035 3301; x_wconf 89' lang='lat' dir='ltr'><strong>non</strong></span> <span class='ocrx_word' id='word_1_1082' title='bbox 2059 3276 2152 3301; x_wconf 89' lang='lat' dir='ltr'><strong>esse:</strong></span> <span class='ocrx_word' id='word_1_1083' title='bbox 2188 3275 2253 3299; x_wconf 89' lang='lat' dir='ltr'><strong>nec</strong></span> <span class='ocrx_word' id='word_1_1084' title='bbox 2283 3264 2374 3299; x_wconf 86' lang='lat' dir='ltr'><strong>enim</strong></span> 
     </span>
     <span class='ocr_line' id='line_1_154' title="bbox 1291 3310 2373 3362; baseline -0.003 -16"><span class='ocrx_word' id='word_1_1085' title='bbox 1291 3311 1428 3346; x_wconf 81' lang='lat' dir='ltr'><strong>factum</strong></span> <span class='ocrx_word' id='word_1_1086' title='bbox 1452 3312 1651 3356; x_wconf 87' lang='lat' dir='ltr'><strong>quaeritur,</strong></span> <span class='ocrx_word' id='word_1_1087' title='bbox 1684 3312 1746 3348; x_wconf 89' lang='lat' dir='ltr'><strong>sed</strong></span> <span class='ocrx_word' id='word_1_1088' title='bbox 1771 3322 1880 3347; x_wconf 91' lang='lat' dir='ltr'><strong>causa</strong></span> <span class='ocrx_word' id='word_1_1089' title='bbox 1913 3310 2083 3346; x_wconf 84' lang='lat' dir='ltr'><strong>faciendi:</strong></span> <span class='ocrx_word' id='word_1_1090' title='bbox 2123 3320 2232 3362; x_wconf 76' lang='lat' dir='ltr'><strong>causa</strong></span> <span class='ocrx_word' id='word_1_1091' title='bbox 2257 3312 2373 3343; x_wconf 91' lang='lat' dir='ltr'><strong>autem</strong></span> 
     </span>
     <span class='ocr_line' id='line_1_155' title="bbox 1292 3355 2374 3399; baseline -0.002 -9"><span class='ocrx_word' id='word_1_1092' title='bbox 1292 3355 1446 3391; x_wconf 90' lang='lat' dir='ltr'><strong>faciendi</strong></span> <span class='ocrx_word' id='word_1_1093' title='bbox 1469 3355 1578 3392; x_wconf 90' lang='lat' dir='ltr'><strong>libido</strong></span> <span class='ocrx_word' id='word_1_1094' title='bbox 1602 3356 1686 3399; x_wconf 90' lang='lat' dir='ltr'><strong>fuit,</strong></span> <span class='ocrx_word' id='word_1_1095' title='bbox 1712 3368 1784 3392; x_wconf 92' lang='lat' dir='ltr'><strong>non</strong></span> <span class='ocrx_word' id='word_1_1096' title='bbox 1807 3357 1952 3392; x_wconf 87' lang='lat' dir='ltr'><strong>furtum.</strong></span> <span class='ocrx_word' id='word_1_1097' title='bbox 1990 3359 2025 3390; x_wconf 91' lang='lat' dir='ltr'><strong>et</strong></span> <span class='ocrx_word' id='word_1_1098' title='bbox 2047 3355 2127 3390; x_wconf 90' lang='lat' dir='ltr'><strong>ideo</strong></span> <span class='ocrx_word' id='word_1_1099' title='bbox 2152 3358 2256 3389; x_wconf 89' lang='lat' dir='ltr'><strong>etiam</strong></span> <span class='ocrx_word' id='word_1_1100' title='bbox 2281 3364 2374 3395; x_wconf 92' lang='lat' dir='ltr'><strong>eum,</strong></span> 
     </span>
     <span class='ocr_line' id='line_1_156' title="bbox 1293 3397 2372 3450; baseline -0.001 -15"><span class='ocrx_word' id='word_1_1101' title='bbox 1293 3400 1353 3446; x_wconf 91' lang='lat' dir='ltr'><strong>qui</strong></span> <span class='ocrx_word' id='word_1_1102' title='bbox 1375 3400 1471 3436; x_wconf 85' lang='lat' dir='ltr'><strong>fores</strong></span> <span class='ocrx_word' id='word_1_1103' title='bbox 1495 3402 1691 3438; x_wconf 89' lang='lat' dir='ltr'><strong>meretricis</strong></span> <span class='ocrx_word' id='word_1_1104' title='bbox 1721 3401 1857 3446; x_wconf 84' lang='lat' dir='ltr'><strong>effregit</strong></span> <span class='ocrx_word' id='word_1_1105' title='bbox 1880 3399 2034 3435; x_wconf 90' lang='lat' dir='ltr'><strong>libidinis</strong></span> <span class='ocrx_word' id='word_1_1106' title='bbox 2059 3409 2185 3440; x_wconf 90' lang='lat' dir='ltr'><strong>causa,</strong></span> <span class='ocrx_word' id='word_1_1107' title='bbox 2217 3403 2252 3450; x_wconf 76' lang='lat' dir='ltr'><strong>et</strong></span> <span class='ocrx_word' id='word_1_1108' title='bbox 2275 3397 2372 3434; x_wconf 90' lang='lat' dir='ltr'><strong>fures</strong></span> 
     </span>
     <span class='ocr_line' id='line_1_157' title="bbox 1291 3443 2374 3490; baseline -0.002 -10"><span class='ocrx_word' id='word_1_1109' title='bbox 1291 3456 1365 3481; x_wconf 92' lang='lat' dir='ltr'><strong>non</strong></span> <span class='ocrx_word' id='word_1_1110' title='bbox 1388 3446 1433 3481; x_wconf 89' lang='lat' dir='ltr'><strong>ab</strong></span> <span class='ocrx_word' id='word_1_1111' title='bbox 1458 3455 1501 3481; x_wconf 88' lang='lat' dir='ltr'><strong>eo</strong></span> <span class='ocrx_word' id='word_1_1112' title='bbox 1523 3446 1679 3490; x_wconf 85' lang='lat' dir='ltr'><strong>inducti,</strong></span> <span class='ocrx_word' id='word_1_1113' title='bbox 1712 3446 1774 3483; x_wconf 91' lang='lat' dir='ltr'><strong>sed</strong></span> <span class='ocrx_word' id='word_1_1114' title='bbox 1807 3446 1893 3481; x_wconf 87' lang='lat' dir='ltr'><strong>alias</strong></span> <span class='ocrx_word' id='word_1_1115' title='bbox 1925 3444 2075 3489; x_wconf 88' lang='lat' dir='ltr'><strong>ingressi</strong></span> <span class='ocrx_word' id='word_1_1116' title='bbox 2099 3443 2292 3478; x_wconf 88' lang='lat' dir='ltr'><strong>meretricis</strong></span> <span class='ocrx_word' id='word_1_1117' title='bbox 2315 3453 2374 3478; x_wconf 83' lang='lat' dir='ltr'><strong>res</strong></span> 
     </span>
     <span class='ocr_line' id='line_1_158' title="bbox 1293 3487 2373 3536; baseline -0.004 -10"><span class='ocrx_word' id='word_1_1118' title='bbox 1293 3494 1518 3536; x_wconf 81' lang='lat' dir='ltr'><strong>egesserunt,</strong></span> <span class='ocrx_word' id='word_1_1119' title='bbox 1554 3491 1643 3527; x_wconf 89' lang='lat' dir='ltr'><strong>furti</strong></span> <span class='ocrx_word' id='word_1_1120' title='bbox 1678 3502 1749 3528; x_wconf 92' lang='lat' dir='ltr'><strong>non</strong></span> <span class='ocrx_word' id='word_1_1121' title='bbox 1780 3490 1904 3526; x_wconf 90' lang='lat' dir='ltr'><strong>teneri.</strong></span> <span class='ocrx_word' id='word_1_1122' title='bbox 1955 3499 2000 3524; x_wconf 88' lang='lat' dir='ltr'><strong>an</strong></span> <span class='ocrx_word' id='word_1_1123' title='bbox 2031 3492 2150 3524; x_wconf 91' lang='lat' dir='ltr'><strong>tamen</strong></span> <span class='ocrx_word' id='word_1_1124' title='bbox 2181 3488 2236 3523; x_wconf 90' lang='lat' dir='ltr'><strong>vel</strong></span> <span class='ocrx_word' id='word_1_1125' title='bbox 2259 3487 2373 3523; x_wconf 81' lang='lat' dir='ltr'><strong>Fabia</strong></span> 
     </span>
    </p>
   </div>
   <div class='ocr_carea' id='block_1_12' title="bbox 1294 3602 1489 3646">
    <p class='ocr_par' dir='ltr' id='par_1_28' title="bbox 1294 3602 1489 3646">
     <span class='ocr_line' id='line_1_159' title="bbox 1294 3602 1489 3646; baseline 0.005 -10"><span class='ocrx_word' id='word_1_1126' title='bbox 1294 3602 1424 3646; x_wconf 86' lang='lat' dir='ltr'><strong>delegat</strong></span> <span class='ocrx_word' id='word_1_1127' title='bbox 1435 3605 1469 3637; x_wconf 83' lang='lat' dir='ltr'><em>F</em></span> <span class='ocrx_word' id='word_1_1128' title='bbox 1474 3603 1489 3625; x_wconf 84' lang='lat'>²</span> 
     </span>
    </p>
   </div>
   <div class='ocr_carea' id='block_1_13' title="bbox 1294 3603 1899 3692">
    <p class='ocr_par' dir='ltr' id='par_1_29' title="bbox 1294 3603 1899 3692">
     <span class='ocr_line' id='line_1_160' title="bbox 1569 3603 1804 3647; baseline -0.017 -8"><span class='ocrx_word' id='word_1_1129' title='bbox 1569 3606 1628 3647; x_wconf 79' lang='lat'><strong>(14)</strong></span> <span class='ocrx_word' id='word_1_1130' title='bbox 1652 3604 1738 3637; x_wconf 83' lang='lat' dir='ltr'><strong>idem</strong></span> <span class='ocrx_word' id='word_1_1131' title='bbox 1751 3603 1804 3635; x_wconf 82' lang='lat' dir='ltr'><strong>F²</strong></span> 
     </span>
     <span class='ocr_line' id='line_1_161' title="bbox 1294 3647 1899 3692; baseline -0.003 -10"><span class='ocrx_word' id='word_1_1132' title='bbox 1294 3648 1325 3682; x_wconf 79' lang='lat' dir='ltr'><strong>ei</strong></span> <span class='ocrx_word' id='word_1_1133' title='bbox 1342 3649 1436 3692; x_wconf 79' lang='lat' dir='ltr'><strong>copia</strong></span> <span class='ocrx_word' id='word_1_1134' title='bbox 1454 3651 1502 3682; x_wconf 77' lang='lat' dir='ltr'><strong>est</strong></span> <span class='ocrx_word' id='word_1_1135' title='bbox 1519 3663 1577 3683; x_wconf 86' lang='lat' dir='ltr'><strong>om.</strong></span> <span class='ocrx_word' id='word_1_1136' title='bbox 1593 3650 1630 3689; x_wconf 68' lang='lat' dir='ltr'><strong>F}</strong></span> <span class='ocrx_word' id='word_1_1137' title='bbox 1650 3650 1770 3682; x_wconf 79' lang='lat' dir='ltr'><strong>addidi</strong></span> <span class='ocrx_word' id='word_1_1138' title='bbox 1783 3660 1844 3681; x_wconf 87' lang='lat' dir='ltr'><strong>sec.</strong></span> <span class='ocrx_word' id='word_1_1139' title='bbox 1862 3647 1899 3680; x_wconf 88' lang='lat' dir='ltr'><em>B</em></span> 
     </span>
    </p>
   </div>
   <div class='ocr_carea' id='block_1_14' title="bbox 1677 3602 2374 3779">
    <p class='ocr_par' dir='ltr' id='par_1_30' title="bbox 1881 3602 2374 3687">
     <span class='ocr_line' id='line_1_162' title="bbox 1881 3602 2373 3644; baseline -0.004 -8"><span class='ocrx_word' id='word_1_1140' title='bbox 1881 3604 1939 3644; x_wconf 83' lang='lat'><strong>(¹5)</strong></span> <span class='ocrx_word' id='word_1_1141' title='bbox 1965 3602 2076 3644; x_wconf 89' lang='lat' dir='ltr'><strong>quaF</strong></span> <span class='ocrx_word' id='word_1_1142' title='bbox 2156 3603 2215 3642; x_wconf 84' lang='grc'><strong>(16)</strong></span> <span class='ocrx_word' id='word_1_1143' title='bbox 2240 3602 2373 3634; x_wconf 82' lang='lat' dir='ltr'><strong>testium</strong></span> 
     </span>
     <span class='ocr_line' id='line_1_163' title="bbox 1990 3646 2374 3687; baseline -0.003 -7"><span class='ocrx_word' id='word_1_1144' title='bbox 1990 3649 2046 3686; x_wconf 82' lang='lat'>(17)</span> <span class='ocrx_word' id='word_1_1145' title='bbox 2070 3646 2295 3679; x_wconf 77' lang='lat' dir='ltr'><strong>meminiisent</strong></span> <span class='ocrx_word' id='word_1_1146' title='bbox 2310 3646 2374 3687; x_wconf 59' lang='grc' dir='ltr'><strong>ΙΝ,</strong></span> 
     </span>
    </p>

    <p class='ocr_par' dir='ltr' id='par_1_31' title="bbox 1677 3691 2374 3779">
     <span class='ocr_line' id='line_1_164' title="bbox 2096 3691 2374 3733; baseline -0.004 -8"><span class='ocrx_word' id='word_1_1147' title='bbox 2096 3693 2154 3733; x_wconf 83' lang='grc'><strong>(18)</strong></span> <span class='ocrx_word' id='word_1_1148' title='bbox 2179 3691 2300 3724; x_wconf 87' lang='lat' dir='ltr'><strong>habere</strong></span> <span class='ocrx_word' id='word_1_1149' title='bbox 2321 3692 2374 3724; x_wconf 82' lang='lat' dir='ltr'><strong>F²</strong></span> 
     </span>
     <span class='ocr_line' id='line_1_165' title="bbox 1677 3735 2374 3779; baseline -0.003 -7"><span class='ocrx_word' id='word_1_1150' title='bbox 1677 3739 1742 3779; x_wconf 80' lang='lat'><strong>(20)</strong></span> <span class='ocrx_word' id='word_1_1151' title='bbox 1765 3737 1795 3770; x_wconf 79' lang='lat' dir='ltr'><strong>si</strong></span> <span class='ocrx_word' id='word_1_1152' title='bbox 1812 3737 1955 3770; x_wconf 82' lang='lat' dir='ltr'><strong>invicem</strong></span> <span class='ocrx_word' id='word_1_1153' title='bbox 1976 3747 2009 3770; x_wconf 84' lang='lat' dir='ltr'><strong>se</strong></span> <span class='ocrx_word' id='word_1_1154' title='bbox 2029 3735 2239 3779; x_wconf 87' lang='lat' dir='ltr'><strong>celaverunt,</strong></span> <span class='ocrx_word' id='word_1_1155' title='bbox 2259 3736 2374 3770; x_wconf 81' lang='lat' dir='ltr'><strong>fierine</strong></span> 
     </span>
    </p>
   </div>
   <div class='ocr_carea' id='block_1_15' title="bbox 1573 3782 1860 3826">
    <p class='ocr_par' dir='ltr' id='par_1_32' title="bbox 1573 3782 1860 3826">
     <span class='ocr_line' id='line_1_166' title="bbox 1573 3782 1860 3826; baseline -0.01 -8"><span class='ocrx_word' id='word_1_1156' title='bbox 1573 3785 1631 3826; x_wconf 80' lang='lat'>(21)</span> <span class='ocrx_word' id='word_1_1157' title='bbox 1657 3782 1810 3816; x_wconf 77' lang='lat' dir='ltr'><strong>tulissent</strong></span> <span class='ocrx_word' id='word_1_1158' title='bbox 1825 3782 1860 3815; x_wconf 79' lang='lat' dir='ltr'><em>F</em></span> 
     </span>
    </p>
   </div>
   <div class='ocr_carea' id='block_1_16' title="bbox 1294 3738 1552 3779">
    <p class='ocr_par' dir='ltr' id='par_1_33' title="bbox 1294 3738 1552 3779">
     <span class='ocr_line' id='line_1_167' title="bbox 1294 3738 1552 3779; baseline 0.004 -7"><span class='ocrx_word' id='word_1_1159' title='bbox 1294 3739 1353 3779; x_wconf 83' lang='grc'><strong>(19)</strong></span> <span class='ocrx_word' id='word_1_1160' title='bbox 1378 3738 1500 3773; x_wconf 82' lang='lat' dir='ltr'><strong>inferet</strong></span> <span class='ocrx_word' id='word_1_1161' title='bbox 1518 3738 1552 3772; x_wconf 84' lang='lat' dir='ltr'><strong>F·</strong></span> 
     </span>
    </p>
   </div>
  </div>
 </body>
</html>
